4134 6208
179 305 268 367 10
1566 307 1769 365 LIBER
1799 307 2074 368 PRIMUS.

177 436 269 484 tum
287 433 554 498 operatum
587 424 744 479 estin
771 439 852 479 me
875 435 1071 480 onlnem
1106 425 1581 497 concupiscentiam.
1621 424 1761 495 Quid

179 528 250 574 est
279 519 426 573 enim
453 517 622 585 aliud,
655 527 921 588 operatum
965 528 1038 572 est
1077 518 1132 571 in
1155 533 1235 571 me
1269 533 1470 572 omnem
1521 519 1766 589 concupi-

179 612 442 677 scentiam;
470 609 704 682 quamid
730 609 872 682 quod
895 610 968 665 ibi
985 619 1090 677 est,
1113 620 1168 665 ut
1188 611 1469 666 abundaret
1485 611 1765 666 delictum?

181 703 297 759 Vide
327 717 550 774 quoque
593 715 774 758 utrum
823 712 1083 759 consonet
1133 704 1295 758 etiam
1346 704 1433 758 illa
1464 706 1760 770 sententia,

181 803 226 848 Il
242 796 328 863 ﬁat
351 810 510 864 supra
537 794 748 848 modum
778 803 1012 864 peccator
1030 806 1115 847 aut
1141 804 1401 864 peccatum
1415 812 1512 865 per
1537 795 1759 848 vitanda-

183 898 290 943 tum.
345 886 462 941 Hoc
513 897 598 941 est
623 888 790 950 enim,
839 897 894 940 ut
924 889 1013 955 ﬁat
1037 901 1193 957 supra
1219 888 1426 940 modum
1469 899 1765 956 peccatum;

143 1043 149 1054 ι
183 979 304 1053 quod
336 988 440 1045 est,
472 990 529 1034 at
545 981 828 1033 abundaret
861 981 1121 1033 delictum.
1178 978 1234 1034 Si
1267 981 1426 1050 igitur
1470 979 1767 1034 ostenderi-

145 1057 150 1067 ’
181 1089 285 1131 mus
308 1075 514 1128 bonum
547 1087 672 1127 esse
713 1072 1054 1138 mandatum,
1086 1073 1232 1127 unde
1275 1073 1560 1127 occasione
1609 1087 1765 1126 acce-

181 1179 257 1237 pta
283 1175 567 1236 peceatum
598 1175 878 1235 operatum
907 1175 990 1218 est
1010 1172 1227 1219 ciuilem
1245 1164 1762 1234 concupiscentiam,

182 1266 230 1313 ut
252 1260 402 1312 lieret
423 1271 590 1326 snpra
612 1255 853 1319 modum;
878 1256 1037 1308 simul
1059 1255 1411 1309 ostendemus
1427 1254 1618 1308 bonam
1636 1268 1766 1308 esse

182 1349 357 1420 legem,
409 1359 534 1420 qua:
563 1347 905 1403 sublati-arti
956 1354 1012 1399 ut
1043 1345 1347 1401 abundaret
1385 1344 1663 1410 delictum,
1711 1341 1765 1396 id

181 1451 268 1508 est,
310 1450 370 1494 at
413 1448 736 1510 operaretur
800 1447 1073 1508 peceatum
1112 1451 1328 1492 omnem
1377 1435 1762 1506 concupiscen-

184 1535 311 1598 tiam,
344 1541 404 1588 et
439 1533 596 1587 lieret
621 1546 781 1601 supra
805 1531 1045 1585 modum.
1079 1530 1314 1584 Audiam
1342 1543 1469 1600 ergo
1513 1528 1763 1583 eumdem

183 1625 472 1694 apostolum
502 1623 786 1686 dicentem,
818 1622 952 1688 Quid
985 1637 1102 1691 ergo
1146 1621 1407 1675 dicemus?
1434 1620 1542 1674 Lex
1572 1635 1762 1690 pecea-

187 1724 272 1768 tum
299 1725 371 1769 est
391 1716 419 1768 ἵ
446 1715 609 1768 Absit.
643 1714 776 1777 Hoc,
812 1713 1078 1784 inquiunt,
1109 1712 1178 1766 de
1201 1713 1318 1783 lege
1337 1712 1534 1766 Christi
1562 1710 1762 1765 dictum

186 1819 275 1872 est;
303 1808 411 1863 hoc
438 1816 544 1871 (εει,
575 1807 644 1861 de
687 1806 1028 1876 lege‘gratize.
1072 1804 1454 1874 Respondeant
1487 1804 1668 1872 itaque
1696 1802 1764 1858 de

187 1917 268 1970 qua
293 1900 591 1969 intelligant
637 1897 768 1951 illud
820 1896 962 1966 quod
1014 1896 1255 1966 sequitur
1286 1913 1297 1946 :
1333 1895 1441 1948 Sed
1467 1911 1557 1964 ego
1590 1907 1766 1964 pecca-

189 2001 275 2044 ιιιιι
297 2009 396 2045 non
418 1990 655 2060 cognovi,
687 1988 784 2042 nisi
809 2001 901 2059 per
927 1988 1101 2058 legem.
1136 1984 1275 2038 Nam
1301 1985 1758 2054 concupiscentiam

186 2083 461 2146 nesciebam,
513 2082 618 2134 nisi
660 2081 742 2133 lea:
789 2077 992 2142 diceret,
1021 2076 1142 2131 Non
1197 2077 1536 2146 concupisces.
1594 2077 1762 2129 Occa-

185 2176 305 2228 sione
323 2187 491 2226 autem
521 2183 753 2238 accepta,
779 2181 1036 2239 peccatum
1065 2185 1155 2240 per
1181 2175 1477 2221 ntanttatum
1503 2175 1764 2236 operatum

184 2275 244 2319 est
265 2267 312 2318 in
336 2282 416 2318 me
435 2279 637 2318 onlnem
665 2262 1143 2326 concupiscentiam.
1175 2261 1314 2315 Ecce
1343 2260 1626 2314 verborum
1648 2259 1759 2327 ipsa

184 2360 434 2413 centonio
446 2359 580 2412 satis
598 2353 878 2411 indicatde
892 2367 994 2423 qua
1009 2354 1125 2423 lege
1136 2353 1352 2420 dixerit,
1372 2354 1479 2406 Lex
1505 2359 1764 2420 peccatum

180 2453 276 2506 est!
297 2453 456 2506 Absit.
494 2451 572 2506 De
599 2450 692 2504 illa
718 2449 946 2515 scilicet,
975 2463 1070 2517 per
1098 2447 1250 2516 cujus
1275 2446 1582 2500 mandatum
1602 2457 1760 2498 occa-

181 2546 250 2599 sio
279 2545 368 2599 luit
398 2553 646 2615 peccato,
679 2552 734 2596 ut
762 2551 1076 2612 operaretur
1119 2547 1335 2595 omnem
1371 2538 1762 2607 concupiscen-

179 2639 308 2692 tiam.
337 2639 411 2693 De
439 2639 528 2691 illa
557 2649 684 2706 ergo
726 2651 848 2706 qua:
882 2633 1196 2688 subintrarit
1241 2644 1300 2685 ut
1341 2631 1638 2685 abundaret
1668 2628 1763 2682 de-

178 2729 363 2796 lictum,
400 2743 566 2799 quam
618 2735 806 2796 putant
851 2724 927 2780 illi
955 2725 1170 2779 malum.
1197 2723 1302 2779 Sed
1330 2722 1452 2793 quid
1502 2723 1756 2792 apertius,

176 2835 320 2891 quam
353 2821 406 2874 id
439 2819 581 2889 quod
607 2819 768 2890 paulo
793 2828 916 2887 post
945 2817 1037 2881 ait,
1071 2815 1251 2885 Itaque
1283 2814 1363 2868 lea:
1399 2815 1600 2884 quidem
1639 2824 1760 2866 san-

177 2923 264 2977 cta,
285 2923 332 2966 et
364 2913 664 2965 mandatum
691 2921 946 2976 sanctum,
979 2919 1024 2963 et
1057 2913 1274 2979 justum,
1299 2917 1342 2961 et
1375 2907 1606 2961 bonum?
1648 2906 1760 2961 Hoc

176 3019 347 3058 rursus
375 3001 560 3058 dicunt
588 3017 694 3056 non
744 3001 809 3056 de
837 3002 927 3055 illa
955 2999 1072 3069 lege
1097 3017 1216 3071 qua:
1238 2999 1439 3055 inducis
1488 2999 1611 3053 data
1653 3006 1754 3065 est,

175 3098 258 3152 sed
288 3098 356 3152 de
385 3097 675 3167 Erangclio
702 3096 904 3150 dictum
938 3105 1037 3149 est.
1079 3093 1490 3149 Manichmorum
1513 3101 1593 3147 est
1615 3092 1756 3147 enim

175 3198 271 3242 tam
301 3189 646 3243 inerrabiliter
672 3203 814 3242 cmca
845 3187 944 3241 ista
976 3186 1319 3258 perversitas.
1349 3183 1463 3238 Non
1489 3183 1631 3238 enim
1679 3190 1760 3236 at-

173 3279 387 3333 tendunt
417 3279 558 3349 quod
603 3277 1001 3347 apertissimum
1043 3290 1096 3332 et
1125 3273 1615 3329 manifestissimum
1669 3287 1757 3326 se-

173 3371 362 3440 quitur,
391 3369 544 3436 Quod
568 3385 685 3440 ergo
712 3368 896 3422 bonum
924 3378 1016 3432 est,
1059 3367 1184 3421 mihi
1215 3369 1404 3436 factum
1458 3374 1529 3419 est
1578 3364 1758 3417 mors?

171 3463 322 3515 Absit.
371 3461 477 3518 Sed
505 3469 788 3532 peccatum,
839 3471 893 3514 ut
920 3469 1162 3532 appareat
1214 3468 1489 3528 peccatum,
1539 3469 1626 3530 per
1670 3457 1756 3510 bo-

170 3572 280 3608 num
324 3555 452 3608 mihi
476 3565 740 3625 apemtum
772 3563 844 3608 est
873 3564 1103 3619 mortem,
1130 3563 1196 3623 (ut
1223 3553 1312 3622 ﬁat
1361 3565 1516 3622 supra
1550 3551 1754 3605 modum

168 3656 393 3718 peccator
440 3655 525 3700 aut
575 3655 840 3717 peccatum
876 3661 962 3716 per
1000 3643 1295 3698 mandatam
1333 3644 1479 3696 :hoc
1507 3652 1606 3706 est,
1660 3655 1755 3710 per

168 3740 466 3803 mandatum
493 3750 762 3804 sanctum,
791 3748 844 3793 ct
873 3737 1094 3808 justum,
1144 3747 1198 3792 et
1229 3737 1447 3801 bonum;
1494 3735 1636 3806 quod
1669 3743 1752 3789 ta-

164 3849 280 3887 men
313 3834 633 3888 subintravit
664 3841 724 3886 ut
772 3831 1066 3887 abundaret
1097 3837 1393 3902 peccatum,
1419 3831 1518 3886 huc
1563 3838 1665 3896 eSt,
1695 3837 1754 3884 ut

168 3923 308 3978 ﬁeret
337 3939 496 3994 supra
530 3925 770 3979 modum.

231 4014 319 4069 Π.
351 4017 462 4069 Cur
482 4031 610 4086 ergo
640 4015 948 4068 ministratio
975 4015 1151 4066 mortis
1177 4013 1393 4079 dicitur,
1428 4012 1472 4066 si
1503 4016 1638 4066 bona
1669 4017 1752 4066 est

160 4108 277 4164 lex?
306 4110 448 4176 Quia
478 4121 728 4178 peccatum
759 4116 814 4160 ut
840 4116 1083 4178 appareat
1111 4116 1392 4176 peccatum,
1437 4121 1526 4175 per
1567 4106 1750 4157 bonum

157 4201 280 4254 mihi
306 4212 570 4270 operatum
598 4211 672 4254 est
709 4208 940 4252 mortem.
963 4197 1072 4252 Nec
1115 4187 1343 4264 mireris,
1388 4211 1507 4250 cum
1537 4195 1602 4249 de
1637 4195 1750 4264 ipsa

157 4293 542 4361 praedic-itione
567 4293 840 4362 Evangelii
887 4291 1085 4345 dictum
1113 4291 1180 4344 sit
1209 4308 1222 4344 :
1245 4289 1426 4344 Christi
1443 4289 1599 4342 bonus
1626 4287 1752 4341 odor

155 4401 331 4439 sumus
359 4383 485 4445 Deo,
511 4385 566 4437 in
591 4385 656 4438 iis
680 4385 764 4454 qui
792 4382 920 4436 salvi
945 4383 1094 4452 ﬁunt,
1127 4394 1172 4436 et
1201 4383 1253 4436 in
1277 4383 1338 4436 iis
1382 4383 1467 4451 qui
1513 4389 1750 4452 pereunt;

157 4479 269 4532 aliis
316 4479 519 4548 quidem
553 4478 680 4530 odor
708 4478 822 4530 vita:
847 4479 899 4530 in
928 4479 1095 4541 vitam,
1126 4477 1241 4530 aliis
1266 4485 1432 4529 autem
1457 4475 1580 4529 odor
1609 4491 1748 4528 mor-

154 4573 216 4624 tis
263 4574 322 4625 in
376 4581 588 4624 mortem
643 4569 706 4640 (ll
737 4566 855 4624 Cor.
884 4568 1060 4635 11,15,
1095 4567 1202 4638 16).
1245 4567 1323 4622 Ad
1359 4565 1572 4622 Judmos
1606 4565 1748 4621 enim

153 4664 286 4716 dicta
321 4671 410 4717 est
433 4662 516 4716 lex
547 4660 871 4714 ministratio
900 4661 1105 4726 mortis,
1137 4658 1203 4712 ad
1233 4671 1365 4728 quos
1406 4667 1458 4712 et
1490 4658 1540 4710 in
1575 4655 1749 4726 lapide

151 4757 354 4823 scripta
405 4763 485 4807 cst
531 4752 599 4805 ad
624 4767 811 4805 corum
857 4749 1105 4804 duritiam
1159 4748 1506 4819 figurandam;
1546 4759 1652 4800 non
1682 4745 1748 4799 ad

151 4865 236 4901 ens
282 4849 381 4917 qni
438 4846 614 4915 legem
673 4859 768 4913 per
821 4841 1133 4897 charltatcm
1180 4842 1416 4911 implent.
1476 4837 1748 4893 Plenitudo

151 4943 286 4994 enim
319 4938 474 5009 legis,
509 4936 748 4988 charitas.
780 4933 898 5006 Ipsa
923 4935 1063 4988 enim
1091 4933 1199 5000 lex,
1228 4933 1420 5003 qum-in
1447 4931 1634 4986 litteris
1669 4937 1751 4984 est

148 5031 373 5093 ﬁgurata
402 5028 652 5097 lapideis,
690 5026 838 5093 dicit,
876 5024 992 5079 Non
1021 5025 1347 5090 ndttlterabis,
1384 5023 1505 5077 Nan
1541 5022 1750 5077 homici-

145 5125 280 5176 dium
342 5125 526 5194 facies,
573 5117 696 5174 Non
752 5119 1018 5189 fitrtr'bcris,
1075 5117 1196 5172 Non
1240 5118 1592 5189 concupisces,
1638 5124 1743 5171 etc.

140 5219 310 5284 Quam
343 5217 524 5285 legem
549 5215 678 5268 dicit
705 5212 988 5282 Apostolus
1013 5211 1221 5280 impleri
1268 5223 1365 5280 per
1411 5208 1743 5273 charitatem,

141 5311 205 5363 ita
235 5313 476 5379 loquens
509 5324 523 5358 :
552 5306 653 5372 Qui
698 5306 828 5358 enim
865 5303 1028 5374 diligit
1067 5302 1285 5355 alterum
1315 5302 1355 5367 ι,
1390 5302 1548 5371 legem
1569 5299 1749 5368 impleb

134 5404 216 5455 ait.
246 5400 426 5461 Nam,
478 5396 603 5451 Nan
649 5394 975 5460 adalterabis,
1032 5393 1150 5448 Non
1195 5393 1521 5447 homicidium
1569 5391 1744 5462 facies,

137 5493 256 5548 Non
279 5492 570 5564 furaberis,
623 5486 746 5542 Non
789 5488 1149 5558 concupisces,-
1178 5496 1222 5540 et
1247 5487 1294 5541 si
1317 5483 1454 5553 quod
1469 5489 1558 5537 est
1585 5482 1745 5536 aliud

132 5584 472 5649 ιαιιὼιειιιι,
502 5583 558 5636 in
579 5580 678 5635 hoc
709 5595 941 5634 sermone
975 5578 1360 5650 recapitulatur,
1395 5575 1583 5646 Diliges
1628 5591 1749 5644 pro-

123 5714 432 5837 ἃᾶ,
454 5710 764 5782 ποιήσαι
794 5707 1641 5775 καθίησι-Μήδαβαν,
1667 5711 1751 5756 wn

3352 331 3463 393 HO

1871 428 2066 482 minium
2089 436 2226 483 tuum
2247 438 2484 502 tationem
2506 441 2553 487 te
2568 434 2736 505 ipsum
2752 436 2928 508 (Rom.
2952 451 3067 508 xm,
3093 443 3256 516 8-10)
3286 451 3457 518 :quia

1874 530 1928 575 et
1955 519 2058 576 hoc
2076 521 2126 575 ln
2147 521 2336 578 eadem
2365 525 2480 594 lege
2507 526 2759 597 scriptum
2789 539 2891 586 est.
2935 531 3042 588 Cur
3081 533 3236 594 uirtus
3264 545 3454 611 peccati

1875 613 1976 679 lex,
2005 614 2056 670 si
2083 616 2168 670 lex
2197 615 2333 672 bona
2360 628 2441 673 est
2464 621 2485 673 ?
2511 621 2643 686 Quia
2671 636 2945 691 peccatum
2969 641 3067 696 per
3095 629 3293 688 bonum
3317 648 3451 705 ope-

1872 713 2044 758 ratum
2073 717 2154 760 est
2199 716 2447 775 mortem,
2489 720 2546 764 ut
2573 713 2662 766 liat
2705 730 2863 784 supra
2919 718 3152 785 modum,
3197 721 3301 778 hoc
3347 737 3452 796 est,

1873 804 2104 864 majores
2126 804 2264 852 vires
2299 816 2363 852 ex
2392 804 2830 869 prtevaricatione
2857 809 3140 878 concipiat.
3183 811 3290 867 Cur
3319 833 3456 872 mor-

1872 887 2139 942 tuisumas
2179 891 2274 960 legi
2320 908 2408 961 per
2451 909 2632 962 corpus
2683 896 2883 962 Christi,
2929 901 2972 953 si
3016 901 3155 957 bona
3199 915 3282 959 est.
3329 908 3456 964 lex?

1871 978 2002 1045 Quia
2053 983 2246 1035 mortui
2285 997 2469 1036 sumus
2514 985 2612 1054 legi
2661 986 2934 1042 damnanti
2967 992 3005 1056 ¹,
3039 992 3246 1048 liberati
3294 998 3361 1052 ab
3388 1013 3455 1053 eo

1871 1069 2062 1124 allectu
2089 1088 2244 1141 quem
2274 1072 2360 1127 lex
2384 1076 2607 1143 punitct
2637 1077 2872 1134 damnat.
2907 1080 3159 1138 Usitatius
3193 1088 3332 1141 enim
3363 1106 3454 1144 vo-

1871 1171 2020 1216 catur
2042 1164 2145 1230 lex,
2169 1166 2378 1234 quando
2406 1168 2636 1222 minatur
2654 1180 2708 1223 et
2751 1176 3456 1250 tet-rotetvindicat-Itaque

1872 1252 2011 1308 idem
2036 1266 2359 1326 praeceptum
2393 1260 2701 1315 timentibus
2747 1263 2830 1317 lex
2857 1274 2960 1331 est,
2989 1271 3292 1325 amantibus
3321 1289 3454 1343 gra-

1872 1344 1943 1399 tia
1966 1357 2066 1402 est.
2094 1348 2220 1404 lude
2257 1359 2342 1404 est
2364 1351 2489 1406 illud
2518 1353 2570 1406 in
2620 1355 2906 1425 Evangelia
2940 1376 2952 1412 :
2984 1359 3090 1414 Leo:
3122 1364 3449 1436 per-Moysen

1870 1437 1990 1490 data
2033 1449 2125 1505 est,
2158 1442 2323 1510 gratia
2373 1453 2418 1496 et
2463 1446 2642 1498 veritas
2684 1464 2772 1517 per
2787 1447 2969 1502 desum
3017 1451 3270 1507 Christum
3316 1460 3454 1526 facta

1869 1540 1939 1620 est
1962 1528 2136 1601 (loan.
2159 1549 2194 1597 ι,
2223 1534 2332 1603 l7).
2361 1536 2556 1590 Eadem
2587 1539 2781 1609 quippe
2822 1541 2903 1596 lex
2934 1559 3052 1613 quae
3099 1561 3194 1614 per
3228 1549 3451 1620 Moysen

1868 1618 1990 1674 data
2019 1631 2126 1688 est,
2159 1633 2212 1678 ut
2259 1626 2651 1696 formidaretur,
2683 1633 2852 1700 gratia
2881 1643 2937 1688 et
2992 1637 3187 1692 veritas
3229 1618 3334 1708 per
3360 1644 3454 1699 Je-

1868 1725 1984 1765 sum
2011 1715 2276 1772 Christum
2322 1720 2458 1774 facta
2485 1735 2584 1787 est,
2621 1734 2678 1777 ut
2714 1725 3042 1795 impleretur.
3075 1729 3162 1786 Sic
3210 1736 3458 1804 ergo-di~

1867 1813 2011 1860 ctum
2033 1818 2137 1868 est.
2163 1811 2356 1865 Mortui
2373 1817 2490 1868 estis
2507 1815 2623 1884 legi,
2651 1832 2712 1871 ac
2733 1819 2775 1870 si
2798 1818 3086 1885 dieeretttr,
3115 1818 3302 1879 Mortui
3321 1831 3453 1884 estis

1866 1899 2130 1968 supplicio
2156 1903 2306 1972 legis,
2335 1922 2426 1975 per
2452 1922 2632 1973 corpus
2658 1906 2864 1973 Christi,
2891 1926 2990 1978 per
3007 1915 3153 1978 quod
3185 1928 3308 1971 sunt
3351 1919 3450 1974 de-

1867 1989 1988 2044 licta
2017 1991 2226 2059 donata,
2258 2011 2376 2065 quae
2420 1997 2658 2066 legitimo
2704 2001 2966 2069 supplicio
2993 2007 3450 2077 cmistringohant.

1865 2081 1971 2137 Cur
1995 2086 2254 2153 passiones
2281 2098 2600 2156 peccatorum
2628 2107 2741 2160 ante
2769 2110 2859 2161 per
2907 2095 3065 2164 legem
3105 2108 3240 2166 ml,
3270 2118 3452 2171 opem-

1868 2174 2050 2230 bantur
2067 2178 2119 2230 in
2140 2179 2376 2233 membris
2401 2182 2604 2248 nostris,
2630 2193 2682 2235 ut
2713 2185 3079 2253 fructificareut
3099 2192 3270 2255 morti,
3296 2193 3340 2245 si
3361 2194 3451 2249 lex

1865 2263 2004 2318 bona
2035 2267 2154 2322 est?
2179 2268 2312 2335 Quia
2343 2271 2458 2324 illas
2509 2271 2597 2326 hic
2637 2273 2803 2328 voluit
2844 2276 3066 2349 intelligi
3107 2291 3451 2349 peccatorum

1866 2357 2162 2425 passiones,
2188 2360 2254 2415 de
2277 2362 2468 2430 quibus
2490 2363 2599 2431 jam
2631 2380 2773 2434 srepe
2807 2366 3007 2423 dictum
3045 2381 3148 2437 est,
3185 2389 3447 2444 augmen-

1865 2457 1976 2503 tum
1997 2453 2442 2521 concupiscentia:
2462 2455 2536 2510 de-
2552 2457 2926 2524 prohibitione,
2956 2473 3014 2518 et
3043 2475 3248 2521 reatum
3279 2485 3454 2538 paene

1864 2539 1932 2594 de
1959 2543 2394 2609 prtevaricatione
2424 2561 2438 2597 :
2467 2547 2569 2600 hoc
2609 2557 2712 2613 cst,
2733 2551 2856 2618 quia
2899 2569 2991 2621 per
3037 2555 3224 2610 bonum
3274 2575 3453 2630 operst-

1866 2639 1971 2684 tum
1996 2643 2066 2686 est
2088 2643 2314 2701 mortem,
2339 2646 2390 2688 ut
2426 2638 2516 2705 ﬁat
2549 2654 2706 2708 supra
2725 2642 2931 2696 modum
2960 2660 3190 2714 peccator
3215 2661 3304 2704 aut
3327 2669 3452 2721 pec-

1863 2731 2029 2775 catum
2052 2741 2141 2792 per
2167 2726 2482 2780 mandatum.
2516 2728 2626 2783 Cur
2646 2729 2843 2785 liberati
2869 2751 3097 2789 sumusa
3125 2739 3450 2813 lugeamortie,

1862 2814 1916 2866 in
1934 2831 2033 2883 qua
2058 2816 2416 2884 detinebamur,
2442 2821 2514 2872 ila
2547 2830 2603 2874 ut
2628 2824 2904 2880 serviamus
2927 2828 2980 2881 in
3021 2832 3242 2887 novitate
3277 2837 3449 2906 “spiri-

1864 2911 1965 2970 tus,
1996 2915 2042 2959 et
2068 2923 2168 2960 non
2217 2909 2270 2961 in
2292 2919 2537 2964 vetustate
2561 2912 2760 2978 littera,
2793 2917 2837 2970 si
2865 2917 2948 2971 lex
2973 2917 3114 2974 bona
3157 2925 3278 2977 est?
3302 2929 3450 2992 Quo-

1862 2994 2004 3088 niam
2034 2996 2117 3050 lex
2144 2997 2318 3052 littera
2344 3010 2426 3055 est
2450 3002 2529 3055 eis
2543 3003 2634 3071 qui
2657 3019 2762 3058 non
2792 3021 2910 3060 eam
2941 3008 3168 3079 implent
3209 3027 3306 3083 per
3349 3020 3450 3088 spi<

1862 3087 2022 3141 ritum
2043 3088 2336 3155 charitatis,
2365 3105 2472 3160 quo
2503 3094 2733 3161 pertinet
2777 3095 3181 3157 Testamentum
3212 3087 3444 3164 Novum.

1863 3176 2046 3247 Itaque
2075 3181 2272 3233 mortui
2299 3191 2518 3250 peccato
2549 3183 2840 3240 liberantur
2863 3203 2895 3240 ιι
2939 3188 3136 3258 littera,
3167 3210 3271 3262 qua
3300 3197 3448 3254 deti-

1861 3279 2059 3326 nentur
2080 3273 2157 3325 rei
2187 3273 2276 3341 qui
2306 3287 2410 3327 non
2447 3274 2672 3344 implent
2711 3278 2855 3346 quod
2890 3281 3152 3350 scriptum
3188 3296 3295 3342 est.
3335 3288 3448 3346 Lex

1860 3363 2000 3417 enim
2029 3363 2153 3431 quid
2174 3364 2317 3418 aliud
2347 3379 2503 3434 quam
2517 3367 2633 3421 sola
2662 3367 2838 3423 littera
2864 3380 2947 3426 est
2989 3374 3070 3428 eis
3099 3375 3189 3444 qui
3220 3380 3442 3436 eam-le-

1859 3471 1986 3526 gere
2025 3469 2309 3525 noverunt,
2339 3467 2394 3514 et
2439 3459 2795 3530 implere-non
2844 3467 3095 3532 possunt?
3135 3468 3252 3525 Non
3302 3475 3446 3531 enim

1860 3550 2134 3620 ignoratur
2148 3551 2216 3606 ab
2246 3552 2326 3607 eis
2356 3552 2548 3622 quibus
2573 3557 2984 3626 conscriptaest
3012 3579 3024 3614 :
3053 3562 3148 3616 sed
3191 3568 3442 3634 quoniam

1860 3640 1912 3694 in
1939 3650 2142 3696 tantum
2185 3653 2311 3696 nota
2340 3652 2441 3709 est,
2487 3644 2538 3698 in
2565 3655 2828 3714 quantum
2868 3651 3066 3718 scripta
3097 3652 3308 3723 legitur,
3337 3671 3443 3714 non

1858 3734 1911 3787 in
1932 3743 2186 3804 quantum
2217 3735 2410 3790 dilecta
2439 3737 2730 3806 perﬁcitur,
2774 3741 2907 3796 nihil
2949 3751 3032 3798 est
3068 3745 3210 3800 aliud
3250 3748 3446 3805 talibus

1859 3827 1962 3881 nisi
1985 3829 2180 3893 littera;
2231 3844 2349 3898 quae
2379 3829 2556 3884 littera
2592 3845 2698 3884 non
2728 3843 2808 3886 est
2849 3834 3080 3902 adiutrix
3129 3837 3439 3909 legentium,

1857 3920 1952 3976 sed
1982 3921 2130 3975 testis
2146 3922 2495 3990 peccantium.
2513 3922 2595 3975 Ab
2615 3923 2730 3989 ejus
2752 3932 2880 3992 ergo
2899 3923 3240 3982 damnatione
3270 3929 3443 3986 “lihe-

1855 4022 2040 4066 rantur
2063 4013 2155 4082 qui
2185 4029 2278 4081 per
2303 4013 2545 4081 spiritum
2574 4014 2918 4081 innovantur,
2944 4024 3001 4068 ιιι
3038 4015 3149 4084 jatn
3173 4033 3279 4074 non
3317 4022 3429 4078 sint

1856 4106 2070 4176 obligati
2101 4105 2292 4160 litterae
2311 4104 2382 4158 ad
2412 4119 2648 4174 plenam:
2697 4105 2793 4160 sed
2824 4107 3116 4162 intellectui
3145 4124 3241 4178 per
3283 4113 3443 4183 justi-

1857 4199 1985 4253 tiam
2025 4199 2277 4268 copulati.
2309 4197 2434 4252 lnde
2455 4209 2538 4253 est
2562 4208 2616 4254 et
2644 4199 2794 4265 illud,
2843 4199 3034 4255 Littera
3055 4203 3257 4269 occidit,
3285 4208 3440 4277 spiri-

1857 4299 1938 4344 tus
1965 4299 2132 4344 autem
2157 4289 2372 4359 viviﬁcat
2407 4288 2473 4363 (ll
2499 4289 2614 4346 Cor.
2643 4307 2719 4356 ιιι,
2753 4291 2828 4361 6).
2862 4293 2970 4348 Lex
3008 4295 3151 4349 enim
3201 4304 3434 4354 tanturn-

1854 4383 2014 4438 modo
2041 4382 2176 4438 lecta
2205 4391 2260 4437 ct
2287 4398 2395 4436 non
2421 4383 2688 4438 intellecta
2714 4384 2798 4440 vel
2830 4400 2934 4440 non
2983 4387 3219 4456 impleta,
3250 4393 3438 4463 utique

1856 4473 2052 4528 occidit
2085 4483 2243 4528 :tunc
2262 4476 2405 4529 enim
2437 4475 2736 4543 appellatur
2775 4477 2962 4530 littera.
2993 4477 3224 4548 Spiritus
3267 4494 3434 4538 autem

1856 4565 2112 4633 viviﬁcat;
2142 4566 2263 4634 quia
2295 4564 2556 4634 plenitudo
2589 4567 2712 4636 legis
2734 4578 2803 4620 est
2828 4568 3068 4633 Charitas,
3101 4587 3220 4640 qua:
3244 4573 3437 4641 (li/fusa

1856 4666 1928 4708 est
1953 4656 2007 4708 in
2031 4654 2265 4709 cordibus
2300 4657 2483 4710 nostris
2511 4672 2599 4725 per
2627 4656 2878 4726 Spiritum
2900 4670 3131 4714 sanctum
3157 4664 3243 4732 qui
3289 4668 3438 4723 datus

1855 4755 1926 4800 est
1945 4745 2085 4802 nobis
2113 4746 2286 4817 (Rom.
2316 4764 2368 4812 ν,
2395 4747 2470 4818 5).

1855 4841 2074 4907 Ουεετ.
2097 4839 2161 4894 ll.
2183 4867 2257 4882 --
2275 4839 2638 4911 Argumentum
2653 4839 2822 4910 Epist.
2851 4842 2918 4895 ad
2935 4841 3084 4897 Rom.
3108 4843 3285 4898 Gratia
3313 4848 3437 4916 ﬁdei

1929 4934 2163 5006 praecedit
2191 4933 2322 4989 bona
2345 4951 2519 5005 opera.
2536 4932 2714 4988 Gratia
2729 4933 2848 5002 ﬁdei
2868 4934 3033 4987 minor
3052 4935 3105 4988 in
3121 4937 3440 4994 catechume-

1926 5026 2026 5092 nis,
2048 5028 2214 5092 maior
2250 5027 2304 5080 in
2330 5027 2535 5080 renatis.
2587 5023 2784 5094 Scopas
2827 5025 3055 5093 Apostoli
3103 5026 3158 5079 in
3207 5031 3439 5100 exempla

1923 5118 2162 5173 Jacobet
2194 5117 2350 5172 Esau.
2375 5117 2520 5171 Bona
2546 5132 2697 5185 opera
2726 5131 2788 5168 ea:
2819 5115 3003 5186 gratia,
3046 5132 3146 5171 non
3185 5120 3349 5188 gratia
3374 5138 3443 5176 ex

1927 5210 2178 5282 operibat.
2215 5209 2477 5273 Quomodo
2495 5209 2639 5277 justo
2665 5208 2838 5261 electio
2867 5206 3028 5261 Jacob
3058 5219 3102 5263 et
3147 5213 3437 5282 reprobatio

1927 5303 2087 5357 Esau.
2140 5301 2330 5354 Electio
2350 5300 2507 5353 Jacob
2530 5316 2595 5352 an
2637 5316 2697 5352 ex
2727 5301 3037 5370 prtescientia
3077 5306 3265 5373 futura:
3293 5305 3434 5372 ﬁdei.

1929 5392 2122 5446 Electio
2145 5408 2208 5446 ea:
2229 5393 2392 5462 gratia
2421 5401 2472 5444 et
2489 5391 2744 5459 proposito
2770 5389 2886 5445 Dei.
2905 5391 3124 5456 Auﬁdes
3148 5394 3278 5445 inter
3299 5394 3435 5448 dona

1926 5487 2103 5557 gratim
2124 5495 2426 5544 muneretur.
2477 5483 2739 5550 Quomodo
2756 5485 2899 5555 jusla
2941 5485 3222 5554 rcprobdtio
3267 5482 3432 5540 Esau.

1921 5643 1938 5673 ί
1973 5648 2047 5690 Er.
2075 5648 2128 5690 et
2146 5639 2370 5702 plerique
2390 5645 2590 5688 veteres
2610 5639 2821 5702 codices,
3290 5634 3443 5702 intra,

1856 5705 1981 5762 locri,
2003 5693 2228 5758 minatur,
2255 5693 2470 5764 quinque
2495 5713 2562 5764 ex
2582 5693 3098 5764 iisdem-mm,
3111 5693 3406 5747 mm.

1920 5765 1945 5797 ²
1968 5760 2052 5814 Ἐν,
2075 5775 2132 5813 ac
2155 5771 2262 5813 tres
2274 5760 2414 5822 Nam}
2433 5760 2778 5813 W1
