4134 6208
624 309 721 367 ιη
1137 301 1223 358 DE
1264 301 1574 360 DIVERSIS
1611 302 2131 373 QUIESTIONIBUS
2169 303 2261 363 AD
2297 304 2802 378 SIMPLICIANUM,
2844 307 2903 366 S.
2945 309 3308 368 AUGUSTINI
3802 316 3894 373 H2

699 421 855 476 Fides
881 420 1072 476 donum
1096 417 1192 473 Dei
1216 419 1510 474 miserentis.
1553 417 1658 474 Cur
1689 419 1877 474 donum
1919 420 2038 490 ﬁdei
2091 421 2207 476 sub-

697 523 912 569 tractum
937 512 999 567 ab
1028 512 1189 567 Esau.
1216 512 1294 567 Αη
1323 529 1384 568 ex
1414 513 1729 582 prwscientia
1759 516 1944 586 futura:
1970 514 2206 569 volunta-

696 609 761 662 tis
785 605 1096 676 improbatus
1121 604 1263 660 Esau
1283 617 1327 659 et
1351 607 1661 676 approbatus
1702 607 1884 662 Iacob.
1925 607 2071 663 Bona
2115 625 2206 665 uo-

696 705 869 759 luntas
914 707 969 760 in
995 706 1135 762 nobis
1165 708 1220 778 ﬁt
1245 717 1483 778 operante
1511 706 1642 762 Deo.
1684 706 1892 762 Vocatio
1919 726 1986 762 an
2034 709 2098 763 sit
2127 713 2202 781 ef-

693 799 878 868 fectrix
901 801 1042 854 bonte
1071 801 1359 854 voluntatis.
1414 799 1622 854 Vocatio
1661 817 1905 871 congrua.
1934 800 2036 856 Cur
2064 799 2208 855 Esau

687 903 789 941 non
813 899 1144 959 congruenter
1164 901 1383 946 vocatus.
1415 889 1692 944 Obduratio
1715 891 1810 945 Dei
1849 907 1964 961 qua:
1990 892 2074 946 sit.
2105 891 2208 947 So-

689 977 816 1032 lutio
842 980 1134 1049 quaestionis
1163 981 1227 1035 de
1246 980 1596 1051 reprobatione
1617 981 1778 1036 Esau.
1811 982 1996 1038 Omnes
2041 983 2206 1038 homi-

687 1085 777 1124 nes
797 1087 898 1124 una
922 1088 1088 1127 massa
1111 1074 1322 1142 peccati.
1358 1073 1622 1138 Quomodo
1647 1073 1786 1127 Esau
1812 1073 1948 1128 Deus
1973 1074 2089 1128 odio
2112 1075 2207 1128 ha-

687 1160 814 1227 buit,
841 1163 928 1232 qui
956 1163 1085 1217 nihil
1110 1163 1216 1216 odit
1255 1180 1427 1217 eorum
1451 1181 1563 1234 qua:
1592 1165 1725 1234 fecit.
1758 1163 2035 1219 Peccatum
2058 1167 2198 1234 quid.

694 1249 834 1306 Vasa
902 1253 1196 1322 perditionis
1242 1255 1311 1307 ad
1391 1271 1538 1309 usum
1605 1257 1924 1311 correctionis
1985 1257 2203 1311 aliorum

683 1345 834 1414 ﬁunt.
876 1344 1054 1400 Vocati
1079 1363 1181 1400 non
1210 1363 1402 1415 omnes,
1429 1349 1519 1403 sed
1539 1364 1603 1402 ea:
1639 1349 1869 1402 omnibus
1908 1358 1955 1402 et
2001 1347 2201 1403 Judteis

679 1446 727 1489 et
751 1435 1011 1491 Gentibus.
1045 1435 1270 1492 Intentio
1297 1437 1526 1510 Apostoli
1549 1441 1604 1493 in
1641 1439 1878 1509 Epistola
1917 1440 1984 1494 ad
2011 1439 2198 1496 Roma-

677 1544 790 1583 nos.
823 1528 1018 1582 Electio
1044 1530 1224 1600 gratiae
1245 1546 1398 1599 quant
1423 1532 1642 1585 occulta.
2036 1549 2039 1554 ·

677 1621 732 1674 1.
763 1619 868 1674 Sed
894 1619 1099 1689 jam,ut
1125 1620 1375 1687 arbitror,
1395 1629 1601 1690 tempus
1629 1631 1711 1697 est
1738 1623 1802 1677 ad
1829 1623 1988 1676 aliam
2020 1631 2195 1676 trans-

605 1710 685 1765 ire
711 1711 1084 1780 quastionem,
1110 1726 1270 1781 quam
1301 1712 1378 1766 sic
1430 1712 1772 1781 proposuisti,
1803 1721 1860 1767 ut
1885 1713 1949 1768 ab
1969 1729 2034 1767 eo
2055 1713 2197 1783 quod

601 1801 861 1872 scriptum
901 1810 982 1856 est
1005 1842 1020 1867 ,
1055 1799 1177 1855 Non
1205 1803 1370 1856 solum
1396 1812 1565 1856 autem
1595 1804 1612 1835 ¹
1632 1846 1647 1868 ,
1676 1805 1764 1858 sed
1802 1814 1850 1857 et
1889 1804 2112 1858 Rebecca
2137 1821 2199 1858 ea:

599 1909 704 1947 uno
750 1894 1015 1946 concubitu
1043 1893 1230 1948 habens
1276 1893 1429 1948 Isaac
1465 1897 1623 1965 patris
1669 1897 1845 1949 nostri.
1895 1896 2020 1950 Cum
2061 1897 2194 1950 enint

597 1982 827 2037 nondum
869 1985 976 2037 nati
1013 1995 1176 2038 essent
1196 2027 1211 2050 ,
1245 2002 1403 2057 neque
1431 1987 1626 2057 aliquid
1652 1989 1866 2058 egissent
1897 1989 2080 2042 bonum
2108 2000 2195 2042 aut

598 2074 831 2139 malum;
853 2089 1021 2144 usque
1045 2074 1112 2129 ad
1140 2075 1192 2128 id
1223 2075 1362 2144 quod
1389 2077 1643 2145 scriptum
1669 2087 1771 2142 est,
1799 2076 1915 2130 Nisi
1943 2077 2194 2132 Dominus

596 2164 810 2219 sabaotlt
828 2166 1107 2235 reliquisset
1128 2166 1270 2220 nobis
1289 2183 1476 2233 semen,
1499 2169 1630 2220 sicut
1660 2168 1889 2222 Sodoma
1916 2170 2039 2238 facti
2062 2184 2195 2222 esse-

597 2273 732 2323 mus,
752 2264 796 2310 et
817 2257 943 2310 sicut
965 2255 1249 2311 Gomorrha
1265 2258 1453 2312 similes
1490 2259 1792 2332 fuissemus(
1820 2260 1967 2313 Rom.
1988 2275 2059 2325 ιχ,
2101 2260 2197 2314 1οο

597 2345 727 2420 29);
753 2356 860 2402 tota
887 2348 1000 2418 ipsa
1018 2348 1288 2402 contextio
1309 2348 1602 2403 disseratur
1625 2367 1639 2414 ;
1659 2358 1712 2404 et
1736 2350 1974 2419 profecto
2005 2358 2088 2404 est
2113 2351 2193 2405 la-

594 2435 885 2492 tebrosior.
915 2437 1024 2492 Sed
1057 2447 1222 2504 certe,
1239 2439 1452 2508 qualem
1483 2449 1536 2494 te
1563 2455 1686 2510 erga
1719 2456 1804 2495 me
1825 2441 1945 2495 novi
1966 2482 1980 2507 ,
2005 2441 2193 2510 jubere

594 2528 730 2585 mihi
771 2537 828 2583 ut
873 2529 1138 2599 aperirem
1173 2529 1272 2583 ista
1302 2545 1409 2584 non
1452 2545 1638 2600 posses
1667 2533 1708 2597 ²,
1745 2533 1844 2586 uisi
1889 2549 1918 2585 a
1969 2532 2192 2586 Domino

593 2621 963 2692 deprecareris
991 2632 1048 2677 ut
1075 2638 1309 2692 possem.
1342 2623 1495 2690 Quod
1534 2624 1801 2694 adjutorio
1831 2624 2080 2679 ﬁdentior
2115 2625 2193 2679 ia-

593 2721 736 2779 ctus,
764 2713 1065 2784 aggredior.

663 2801 720 2856 2.
761 2803 829 2858 Et
856 2804 1030 2874 primo
1058 2803 1408 2859 intentionem
1436 2804 1675 2874 Apostoli
1698 2847 1714 2872 ,
1757 2823 1874 2877 qua:
1900 2823 1997 2878 per
2025 2817 2189 2864 totam

590 2893 885 2963 Epistulam
909 2895 1067 2965 viget,
1092 2895 1301 2961 tenebo,
1335 2911 1491 2966 quam
1518 2897 1814 2951 consulam.
1847 2898 1972 2954 Hmc
1994 2909 2076 2954 est
2097 2916 2188 2955 auo

588 2990 725 3052 tem,
760 2993 816 3039 ut
839 2983 905 3040 de
932 2999 1155 3054 operum
1186 2986 1390 3040 meritis
1417 3001 1576 3041 nemo
1599 2988 1874 3057 glorietur,
1905 2989 1970 3043 de
1995 2990 2188 3059 quibus

592 3075 864 3131 audebant
900 3076 1149 3132 lsraelitm
1187 3077 1436 3147 gloriari,
1469 3078 1611 3148 quod
1654 3079 1793 3134 datae
1820 3080 1919 3134 sibi
1945 3082 2045 3151 legi
2075 3096 2189 3136 scr-

593 3168 819 3236 vissent,
847 3179 902 3224 et
921 3185 986 3224 ex
1007 3169 1111 3224 hoc
1137 3171 1494 3242 evangelicam
1519 3173 1739 3242 gratiam
1769 3182 2017 3244 tanquam
2041 3175 2189 3230 debi-

589 3269 704 3317 tam
733 3263 939 3317 meritis
981 3264 1094 3318 suis
1119 3264 1488 3334 percepissent
1511 3306 1526 3331 ,
1566 3268 1690 3335 quia
1720 3266 1822 3336 legi
1863 3267 2185 3322 serviebant.

591 3352 748 3410 Unde
793 3355 1048 3409 nolebant
1074 3356 1316 3410 eamdem
1353 3359 1577 3426 gratiam
1607 3358 1722 3412 dari
1743 3358 2034 3425 Gentibus,
2068 3370 2186 3414 tan-

589 3458 752 3514 quam
791 3445 1020 3515 indignis
1058 3447 1160 3500 nisi
1201 3446 1418 3502 Iudaica
1457 3457 1789 3504 sacramenta
1828 3451 2182 3520 susciperent.

589 3532 724 3598 Quae
762 3544 878 3588 orta
917 3536 1138 3603 quiestio
1188 3537 1239 3591 in
1285 3538 1663 3606 Apostolorum
1703 3541 1923 3596 Actibus
1965 3543 2188 3598 solvitur

592 3620 730 3693 (Act.
763 3624 878 3694 xv).
909 3622 1026 3678 Non
1055 3625 1196 3680 enim
1226 3626 1589 3697 intelligebant
1612 3671 1628 3695 ,
1673 3631 1795 3700 quia
1841 3646 1906 3686 eo
1940 3633 2054 3702 ipso
2081 3649 2186 3704 quo

588 3717 762 3788 gratia
789 3725 872 3772 est
896 3719 1221 3789 evangelica,
1255 3720 1506 3789 operibus
1537 3737 1641 3776 nou
1673 3723 1932 3778 debetur:
1963 3726 2186 3795 alioquin

588 3811 758 3880 gratia
771 3811 886 3880 jam
913 3826 1014 3864 non
1035 3820 1106 3865 est
1133 3812 1299 3882 gratia
1329 3811 1504 3883 (Rom.
1537 3829 1588 3867 x1
1609 3856 1621 3879 ,
1650 3813 1728 3885 6).
1757 3815 1824 3869 Et
1853 3817 2033 3871 multis
2056 3817 2185 3874 locis

587 3902 694 3958 hoc
723 3918 864 3972 srepe
895 3913 1136 3971 testatur,
1170 3905 1292 3960 ﬁdei
1317 3907 1540 3980 gratiam
1566 3923 1880 3977 prarponeus
1910 3910 2180 3980 Operibus,

586 4011 697 4050 non
745 4005 802 4050 ut
831 4011 992 4065 Opera
1021 3989 1499 4067 exstinguathed
1540 4009 1598 4054 ut
1641 4001 1888 4057 ostendat
1930 3989 2185 4060 ὦῆὦε

588 4101 751 4156 opera
797 4086 1153 4155 prrecedeutia
1201 4090 1456 4159 gratiam,
1507 4094 1602 4146 sed
1648 4095 2073 4164 consequentia:
2131 4106 2187 4151 ut

587 4177 794 4231 scilicet
822 4193 927 4230 non
954 4192 1012 4231 se
1041 4179 1265 4248 quisque
1288 4181 1576 4237 arbitretur
1601 4185 1721 4239 ideo
1742 4190 2046 4256 percepisse
2064 4205 2185 4259 gra-

590 4267 718 4320 tiam
737 4308 751 4332 ,
780 4268 900 4336 quia
939 4268 1075 4322 bene
1101 4280 1350 4337 operatus
1395 4281 1477 4325 est
1504 4289 1517 4336 ;
1551 4275 1643 4328 sed
1671 4276 1808 4330 bene
1841 4281 2049 4349 operari
2078 4296 2182 4336 non

588 4371 749 4428 posse
771 4397 787 4424 ,
816 4358 916 4412 nisi
945 4373 1040 4428 per
1061 4359 1219 4413 ﬁdem
1247 4364 1548 4431 perceperit
1572 4366 1814 4434 gratiam.
1870 4368 2056 4440 Incipit
2083 4387 2183 4426 au-

591 4458 699 4504 tem
733 4450 892 4505 homo
919 4452 1195 4521 percipere
1216 4455 1437 4525 gratiam
1459 4498 1474 4524 ,
1503 4473 1570 4512 ex
1593 4474 1700 4528 quo
1728 4461 1910 4531 incipit
1935 4464 2043 4519 Deo
2067 4481 2186 4522 cre-

588 4540 752 4609 dere,
781 4543 863 4597 vel
895 4543 1102 4598 interna
1138 4546 1219 4599 vel
1245 4555 1462 4600 externa
1491 4549 1852 4608 admonitione
1895 4565 2072 4611 motus
2115 4558 2182 4613 ad

589 4632 771 4689 ﬁdem.
800 4633 904 4688 Sed
936 4634 1156 4688 interest
1182 4635 1373 4706 quibus
1400 4638 1640 4695 articulis
1665 4651 1960 4714 temporum
1989 4649 2074 4702 vel
2095 4664 2185 4704 ce-

587 4722 887 4780 lebratione
915 4737 1368 4782 SﬁCl‘ﬁll'lCtllOl‘Utll
1391 4732 1558 4800 gratia
1584 4735 1789 4802 plenior
1809 4747 1860 4793 et
1886 4740 2183 4799 evidentior

587 4813 915 4872 infundatur.
949 4817 1062 4874 Non
1089 4820 1231 4874 enim
1256 4822 1623 4880 catcchumeni
1658 4844 1760 4883 non
1789 4833 2047 4902 credunt,
2091 4845 2183 4892 aut

587 4921 718 4962 vero
755 4909 1037 4965 Cornelius
1077 4926 1184 4966 non
1211 4911 1461 4967 credebat
1489 4915 1627 4982 Deo,
1663 4932 1782 4973 cum
1823 4921 2180 4996 eleemosynis

588 5006 646 5052 et
673 5000 1000 5056 orationibus
1027 5001 1242 5072 dignum
1270 5017 1328 5058 se
1351 5003 1616 5073 praeberet
1643 5009 1729 5062 cui
1757 5011 1974 5080 angelus
2001 5015 2182 5073 mitte-

587 5097 740 5143 retur
771 5089 904 5160 (Act.
938 5109 973 5146 ι
994 5135 1011 5160 ,
1045 5095 1163 5165 1-4)
1189 5113 1202 5148 :
1242 5095 1337 5152 sed
1363 5097 1508 5152 nullo
1539 5099 1697 5156 modo
1720 5102 1820 5158 ista
1845 5116 2175 5176 operaretur,

587 5179 691 5235 nisi
721 5189 845 5234 ante
874 5181 1219 5254 credidisset;
1250 5188 1396 5244 nullo
1422 5189 1582 5246 modo
1611 5201 1791 5249 autem
1824 5197 2173 5269 credidisset,

518 5409 525 5422 __
599 5427 609 5432 Δ
627 5426 637 5432 Δ
654 5357 823 5432 1__Editi
846 5371 957 5407 uim
980 5358 1178 5432 vulgata
1194 5368 1562 5432 consentientes
1577 5384 1590 5419 :
1604 5379 1704 5421 Non
1722 5372 1874 5424 solum
1893 5383 2053 5429 autem
2071 5376 2175 5430 illa.

519 5446 525 5481 ί
585 5425 1294 5503 έεξηλιξξςξριὶῐςξιὶἓξιὲξεὶξτυὲι
1311 5440 1470 5500 esca
1493 5431 1706 5503 ιφαιίρηρ
1729 5425 2174 5503 ιμιίρίηξεῖςίᾱάιίεῐς

715 5483 1068 5565 (fuiugﬂpidem
1087 5487 1222 5565 focis
1234 5479 1350 5565 igni)
1373 5491 1421 5536 in
1439 5479 2176 5565 amieiunitas];nasia;

585 5543 688 5592 rire
715 5543 815 5616 est,
831 5543 916 5625 ‘illi
936 5557 954 5594 :
978 5544 1066 5621 sed
1086 5553 1308 5625 neutram
1332 5563 1502 5625 vocem
1527 5543 2175 5625 legisse‘ti’itiziiiii'iihgﬁgﬁ-

585 5616 698 5662 nus,
721 5620 738 5652 (
757 5608 802 5653 ui
831 5606 922 5665 hic,
949 5607 1061 5664 n.5,
1083 5613 1217 5668 putat
1241 5606 1618 5670 propositionem
1642 5631 1653 5664 :
1681 5627 1780 5669 Non
1803 5606 2149 5676 sbtain'bi’féiii‘

587 5620 820 5712 cornnlleri
845 5668 1203 5712 suliintellectis
1227 5670 1362 5712 hisce
1393 5675 1579 5712 verhie,
1614 5683 1736 5712 Imm.
1759 5687 2021 5712 “summa.”
2157 5665 2174 5690 ’

587 5668 1203 5744 compleri-subintellectis
1226 5668 1362 5719 hisce
1393 5675 1557 5723 verbis
1573 5711 1585 5735 ,
1612 5683 1736 5730 Isaae

655 5727 676 5755 ι
708 5727 780 5775 sic
797 5733 902 5778 Mss.
926 5730 1046 5780 editi
1068 5743 1204 5791 vero,
1231 5744 1432 5792 possem.

2313 421 2415 478 nisi
2441 423 2526 479 vel
2547 424 2766 480 secretis
2793 439 2892 497 per
2918 425 3032 481 visa
3054 426 3248 482 mentis
3273 433 3363 481 aut
3386 424 3602 496 spiritus
3619 469 3635 496 ,
3667 427 3752 483 vel
3785 445 3891 486 ma-

2308 513 2673 572 nifestioribus
2696 533 2792 588 per
2812 533 3002 574 sensus
3021 519 3260 589 corporis
3278 519 3728 576 admonitionibus
3747 537 3892 578 voca-

2311 615 2477 662 retur.
2502 607 2608 664 Sed
2629 609 2683 663 in
2711 609 3028 680 quibusdam
3059 619 3205 666 tanta
3226 619 3309 666 est
3333 612 3498 682 gratia
3522 611 3676 678 ﬁdei,
3703 623 3891 684 quanta

2313 714 2418 755 non
2459 701 2653 757 sufﬁcit
2679 703 2747 758 ad
2786 704 3131 760 obtinendum
3175 720 3396 777 regnum
3426 705 3722 774 caelorum;
3763 707 3892 763 sicut

2311 791 2366 847 in
2388 793 2805 864 catechumenis,
2835 797 2972 852 sicut
2998 797 3050 852 in
3078 798 3194 868 ipso
3221 798 3468 854 Cornelio
3494 809 3774 870 antequam
3803 800 3893 856 Sa-

2310 896 2704 942 cramentorum
2736 889 3139 959 participatione
3161 891 3594 961 incorporaretur
3623 894 3888 948 Ecclesize.

2310 976 2368 1032 ln
2395 979 2711 1048 quibusdam
2741 997 2871 1037 vero
2911 993 3053 1036 tanta
3079 993 3194 1048 est,
3225 994 3282 1038 ut
3303 985 3412 1054 jam
3451 987 3660 1054 corpori
3697 986 3888 1041 Christi

2309 1075 2365 1122 et
2388 1078 2572 1124 sancto
2603 1071 2696 1124 Dei
2740 1072 2936 1141 templo
2981 1073 3317 1142 deputentur.
3351 1073 3614 1144 Templum
3642 1078 3774 1130 enim
3804 1075 3892 1131 Dei

2308 1167 2537 1212 sanctum
2579 1170 2684 1225 est,
2718 1161 2887 1231 inquit
2913 1163 3233 1234 Apostolus,
3279 1165 3414 1231 quod
3453 1166 3567 1220 estis
3593 1183 3676 1221 vos
3708 1166 3752 1240 (l
3777 1167 3888 1222 Cor.

2307 1263 2363 1302 tu
2384 1291 2398 1315 ,
2428 1249 2541 1322 i7).
2576 1251 2642 1305 Et
2667 1252 2782 1322 ipse
2823 1253 3078 1310 Dominus
3099 1297 3112 1320 ,
3151 1254 3267 1310 Nisi
3294 1258 3405 1326 quis
3433 1268 3637 1312 renatus
3661 1259 3809 1328 fuerit
3833 1276 3893 1314 ea;

2306 1357 2440 1412 aqua
2463 1351 2508 1396 et
2535 1342 2734 1414 Spiritu
2760 1353 2954 1412 sancto,
2983 1362 3084 1400 non
3112 1346 3316 1402 intrabit
3343 1349 3394 1402 in
3425 1365 3632 1420 regnum
3657 1350 3891 1403 ctelorum

2309 1429 2487 1504 (Joan.
2519 1449 2596 1498 ιιι,
2625 1433 2704 1505 5).
2736 1435 2895 1490 Fiunt
2922 1452 3050 1506 ergo
3079 1437 3447 1494 inchoationes
3477 1441 3717 1510 quzedam
3749 1439 3886 1506 ﬁdei,

2305 1523 2743 1592 conceptionibus
2785 1524 2987 1580 similes
3023 1541 3037 1581 :
3071 1542 3176 1581 non
3226 1536 3400 1584 tamen
3431 1531 3601 1584 solum
3642 1530 3887 1611 concipi,

2305 1612 2399 1666 sed
2424 1613 2584 1666 etiam
2615 1615 2922 1698 missimus
2948 1626 3060 1680 est,
3092 1627 3153 1672 ut
3176 1617 3244 1672 ad
3267 1619 3427 1674 vitam
3458 1612 3797 1690 perveniatur
3821 1612 3893 1675 ie-

2305 1709 2531 1756 ternam.
2560 1701 2701 1758 Nihil
2731 1713 2904 1760 tamen
2937 1705 3126 1761 horum
3171 1708 3287 1763 sine
3313 1710 3481 1778 gratia
3509 1711 3892 1766 misericordia:

2305 1792 2397 1846 Dei
2433 1811 2446 1846 :
2479 1793 2599 1863 quia
2630 1804 2686 1850 et
2709 1809 2867 1864 opera
2895 1797 2938 1850 si
2969 1813 3069 1866 qua
3102 1807 3225 1852 sunt
3251 1799 3386 1853 bona
3410 1841 3423 1864 ,
3452 1811 3853 1871 consequuntur
3875 1843 3889 1868 ,

2303 1893 2360 1938 ut
2385 1877 2584 1940 dictum
2611 1895 2712 1953 est,
2747 1887 2889 1942 illam
2913 1890 3158 1957 gratiam,
3186 1906 3288 1944 non
3318 1892 3642 1960 prtecedunt.

2374 1978 2427 2034 5.
2467 1978 2636 2044 Quam
2668 1994 2780 2034 rem
2825 1980 3144 2047 persuadere
3183 1983 3469 2050 Apostolus
3509 1985 3726 2051 volens,
3770 1985 3890 2056 quia

2302 2068 2439 2122 sicut
2464 2069 2570 2122 alio
2593 2069 2711 2124 loco
2735 2069 2883 2136 dicit,
2915 2070 3090 2124 Gratia
3111 2073 3242 2126 enim
3265 2073 3361 2127 Dei
3383 2075 3512 2129 salvi
3539 2078 3663 2147 facti
3687 2095 3890 2142 sumus;

2302 2167 2350 2212 et
2379 2161 2396 2190 ¹
2428 2176 2529 2213 ηοη
2557 2177 2618 2213 ea:
2647 2160 2810 2224 nobis,
2833 2162 2920 2215 sed
2949 2161 3045 2216 Dei
3073 2163 3261 2218 donum
3286 2175 3357 2220 est
3381 2182 3399 2220 :
3424 2184 3522 2221 non
3549 2185 3610 2221 ex
3635 2169 3888 2238 operibus,

2303 2265 2367 2303 ue
2392 2253 2523 2322 forte
2561 2251 2672 2318 quis
2706 2252 2979 2306 extollatur
3015 2252 3229 2325 (Ep/tes.
3272 2272 3338 2322 ll,
3371 2258 3404 2312 8
3425 2299 3439 2323 ,
3478 2259 3565 2327 9);
3595 2259 3661 2314 de
3691 2260 3771 2314 his
3799 2263 3891 2330 qui

2302 2338 2539 2392 nondum
2569 2339 2677 2393 uati
2712 2350 2897 2409 erant,
2935 2342 3314 2398 documentum
3345 2346 3508 2401 dedit.
3550 2348 3716 2405 Nemo
3744 2352 3891 2406 enim

2302 2437 2486 2499 posset
2504 2429 2683 2485 dicere
2708 2431 2849 2501 quod
2870 2433 3123 2502 operibus
3145 2448 3510 2503 promerucrat
3537 2440 3699 2494 Deum
3725 2440 3892 2498 Iacob

2301 2519 2538 2573 nondum
2571 2530 2724 2575 natus
2749 2564 2764 2588 ,
2795 2531 2853 2577 ut
2877 2522 3129 2578 divinitus
3155 2525 3442 2588 diceretur.
3476 2528 3539 2582 Et
3582 2533 3746 2599 major
3784 2550 3894 2586 ser-

2299 2612 2396 2665 viet
2421 2614 2623 2666 minori.
2654 2613 2814 2684 Ergo,
2845 2614 2966 2669 Non
2994 2618 3181 2683 solum,
3207 2618 3394 2689 inquit,
3431 2621 3573 2675 Isaac
3594 2623 3894 2691 promissus

2298 2713 2410 2770 est,
2453 2720 2572 2758 cum
2604 2704 2804 2760 dictum
2831 2716 2944 2773 est,
2975 2709 3056 2761 Ad
3085 2710 3178 2762 hoc
3205 2720 3400 2780 tempus
3436 2715 3628 2767 ueniam
3654 2757 3668 2782 ,
3709 2726 3754 2768 et
3794 2719 3893 2772 erit

2301 2793 2449 2848 Sara:
2488 2795 2625 2863 ﬁlius
2652 2813 2672 2850 :
2697 2797 2784 2865 qui
2815 2797 2995 2869 utique
3037 2800 3195 2855 nullis
3240 2803 3491 2872 operibus
3521 2819 3896 2874 promeruerat

2297 2882 2486 2948 Deum,
2516 2894 2573 2938 ut
2602 2887 2902 2942 nasciturus
2933 2890 3364 2958 promitteretur,
3401 2903 3455 2948 ut
3481 2895 3530 2948 iu
3558 2894 3703 2952 Isaac
3731 2914 3893 2953 voca-

2297 2982 2445 3028 retur
2474 2989 2659 3029 semen
2683 2976 2949 3044 Abrahte;
2984 2980 3034 3034 id
3061 2989 3174 3047 est,
3206 2982 3279 3036 illi
3320 2985 3648 3053 pertinerent
3673 2989 3736 3043 ad
3766 3004 3891 3045 sor-

2298 3069 2405 3118 tem
2429 3075 2734 3122 sanctorum
2757 3085 2876 3140 qua:
2899 3071 2950 3124 in
2972 3071 3187 3127 Christo
3211 3084 3314 3140 est,
3337 3077 3427 3146 qui
3449 3094 3506 3133 se
3531 3079 3892 3151 intelligerent

2297 3156 2436 3213 ﬁlios
2465 3162 2833 3229 promissionis
2854 3205 2868 3230 ,
2900 3181 3004 3219 non
3031 3167 3396 3236 superbientes
3421 3171 3488 3227 de
3519 3174 3719 3228 meritis
3749 3177 3888 3246 suis,

2297 3249 2392 3304 sed
2431 3253 2616 3320 gratia:
2664 3256 2999 3310 vocationis”
3029 3257 3343 3327 deputantes
3388 3263 3530 3332 quod
3576 3265 3894 3323 colueredes

2296 3350 2478 3396 essent
2505 3341 2738 3406 Christi;
2770 3360 2890 3398 cum
2926 3347 3067 3406 enim
3111 3351 3429 3418 promissum
3459 3363 3541 3408 est
3578 3365 3632 3408 ut
3663 3367 3888 3422 essent,

2295 3433 2426 3487 nihil
2475 3435 2655 3504 utique
2703 3449 3008 3492 meruerant
3037 3443 3124 3510 qui
3177 3444 3412 3498 nondum
3464 3458 3614 3502 erant
3661 3467 3673 3502 :
3720 3451 3811 3503 sed
3843 3461 3892 3504 et

2294 3522 2519 3579 Rebecca
2564 3542 2626 3580 ea:
2659 3543 2759 3581 uno
2798 3531 3062 3584 concubitu
3101 3533 3289 3588 habens
3322 3534 3469 3591 Isaac
3510 3541 3668 3609 patris
3703 3544 3887 3597 nostri.

2295 3615 2710 3686 Vigilantissime
2753 3621 2861 3688 ait,
2911 3639 2974 3677 ea:
3014 3641 3113 3678 uno
3161 3629 3426 3684 concubitu
3475 3632 3692 3702 (gemini
3739 3639 3890 3694 enim

2293 3712 2537 3779 concepti
2575 3713 2749 3783 erant)
2780 3731 2792 3766 :
2826 3730 2894 3770 ne
2923 3717 3005 3772 vel
3036 3721 3271 3787 paternis
3298 3724 3502 3780 meritis
3542 3728 3888 3800 tribueretur,

2293 3799 2336 3852 si
2364 3802 2641 3871 quisquam
2675 3803 2810 3860 forte
2838 3805 3072 3871 diceret,
3108 3811 3230 3866 ldeo
3259 3814 3375 3869 talis
3407 3827 3561 3872 natus
3591 3829 3673 3874 est
3703 3799 3886 3891 ﬁlius,

2293 3893 2413 3962 quia
2445 3905 2596 3963 pater
2634 3897 2704 3950 ita
2747 3908 2862 3952 erat
2902 3900 3122 3956 allectus
3152 3903 3242 3958 illo
3273 3905 3324 3960 in
3357 3916 3597 3979 tempore
3624 3929 3728 3982 quo
3753 3929 3886 3971 eum

2294 3985 2431 4040 sevit
2459 3987 2509 4040 in
2544 3997 2696 4043 utero
2724 3991 2941 4057 matris;
2973 4003 3063 4047 aut
3089 3995 3157 4048 ita
3186 4006 3301 4051 erat
3326 4011 3496 4056 mater
3516 4002 3722 4072 affecta,
3755 4022 3892 4063 eum

2293 4093 2413 4132 eum
2443 4080 2706 4149 concepit.
2752 4080 2920 4135 Simul
2950 4083 3092 4138 enim
3138 4087 3322 4143 ambos
3363 4107 3469 4146 uno
3509 4102 3747 4166 tempore
3792 4099 3894 4155 ille

2293 4170 2449 4236 sevit,
2483 4171 2671 4226 eodem
2701 4183 2937 4244 tempore
2960 4177 3046 4232 illa
3069 4182 3333 4250 concepit.
3367 4184 3446 4238 Ad
3482 4185 3583 4242 hoc
3601 4203 3892 4245 commen-

2291 4260 2522 4315 dandum
2548 4263 2642 4330 ait,
2671 4281 2734 4319 ex
2754 4283 2854 4320 uno
2883 4270 3183 4336 concubitu;
3208 4282 3265 4328 ut
3294 4289 3394 4330 nec
3416 4279 3694 4349 astrologis
3721 4282 3898 4340 daret

2292 4350 2487 4418 locum,
2511 4353 2592 4408 vel
2621 4355 2698 4408 eis
2721 4358 2894 4425 potius
2914 4376 3048 4431 quos
3069 4363 3428 4433 genethliacos
3451 4369 3896 4443 appellaverunt,

2291 4441 2381 4510 qui
2409 4441 2475 4496 de
2508 4444 2771 4502 natalibus
2811 4454 3142 4507 nascentium
3173 4471 3350 4512 mores
3384 4467 3439 4512 et
3464 4470 3652 4516 eventa
3691 4441 3900 4535 conje;

2293 4541 2458 4587 etant.
2483 4534 2620 4602 Quid
2651 4537 2792 4592 enim
2823 4540 3022 4610 dicant,
3046 4560 3142 4599 cur
3162 4562 3262 4602 una
3285 4551 3630 4620 conceptione
3651 4556 3751 4611 sub
3773 4574 3902 4616 uno

2293 4625 2472 4696 utique
2503 4628 2756 4698 temporis
2800 4642 2994 4701 puncto
3015 4677 3029 4698 .
3072 4637 3258 4693 eadem
3298 4639 3647 4711 dispositione
3675 4649 3794 4702 coeli
3826 4661 3906 4707 et

2290 4717 2559 4786 siderum,
2605 4728 2662 4774 ut
2705 4721 2913 4779 diversa
2957 4728 3179 4799 singulis
3219 4735 3460 4787 annotari
3505 4739 3722 4793 omnino
3769 4756 3904 4798 non

2289 4819 2546 4880 possent,
2601 4820 2744 4867 tanta
2803 4815 2855 4869 in
2915 4817 3019 4874 iilis
3064 4821 3293 4890 geminis
3349 4825 3627 4884 diversitas
3677 4823 3916 4903 fuerit;

2289 4917 2508 4973 prorsus
2550 4919 2656 4958 non
2702 4906 2977 4965 inveniunt
3019 4930 3032 4966 :
3077 4921 3131 4967 et
3159 4915 3310 4971 facile
3337 4919 3801 4989 animadvertunt,
3841 4934 3912 4983 si

2289 4996 2507 5061 volunt,
2537 5011 2794 5067 responsa
2821 5000 2909 5054 illa
2940 5019 3059 5072 quze
3086 5006 3299 5062 miseris
3341 5010 3643 5076 venditant,
3677 5014 3920 5075 nullius

2287 5089 2419 5144 artis
2443 5089 2792 5158 expositione,
2823 5092 2917 5147 sed
2939 5093 3152 5150 fortuita
3174 5099 3478 5168 suSpicione
3497 5101 3743 5173 proferri.
3772 5106 3922 5166 Sed

2289 5189 2346 5236 ut
2373 5179 2442 5236 de
2467 5195 2526 5236 re
2549 5197 2669 5252 qua:
2693 5185 2864 5255 agitur
2891 5188 3066 5257 potius
3095 5191 3408 5261 loquamur,
3441 5195 3504 5250 ad
3532 5196 3920 5267 frangenda“)

2287 5281 2447 5344 atque
2487 5274 2838 5344 dejiciendam
2887 5283 3188 5350 superbiam
3230 5285 3507 5345 hominum
3550 5292 3930 5362 ingratorum

2285 5368 2471 5438 gratia:
2514 5369 2643 5437 Dei,
2677 5379 2728 5425 et
2766 5371 3074 5429 audentium
3114 5378 3329 5447 gloriari
3369 5381 3437 5436 de
3490 5385 3690 5439 meritis
3734 5389 3870 5445 suis
3907 5437 3938 5460 ,

2287 5455 2386 5513 ista
2414 5471 2921 5517 commemorantur.
2947 5464 3072 5520 Cum
3101 5469 3234 5523 enim
3255 5472 3482 5527 nondum
3507 5476 3614 5528 nati
3640 5455 3938 5552 fuissent;

2350 5637 3245 5727 l..'§.“l?§?.1"i£”iiflffffiﬁ’iiﬁ‘i’ei
3282 5646 3404 5726 εαιιέ
3429 5648 3548 5711 re“
3821 5667 3980 5727 ρει

2283 5696 2460 5765 desunt
2481 5701 2559 5748 hic
2581 5701 2629 5748 in
2654 5708 2725 5748 Er.
2744 5708 2795 5751 et
2819 5701 3068 5765 plerisque
3088 5713 3192 5755 Mss.
3363 5696 3404 5726 η’

2350 5763 2368 5791 ³
2404 5768 2474 5808 tir.
2497 5770 2542 5809 et
2576 5771 2779 5822 quatuor
2811 5771 2943 5826 Mss,
2970 5763 3147 5828 gratia:
3172 5770 3422 5826 occationi.
