4180 6214
694 426 933 485 uondum
962 425 1099 481 natis
1121 433 1177 482 et
1200 422 1434 479 nondum
1471 421 1670 494 aliquid
1708 421 1942 491 operatis
1965 420 2270 492 exemplum

694 523 878 579 datum
919 521 1242 593 accipiatur,
1272 535 1341 575 ne
1379 519 1553 589 aliqua
1582 517 1771 571 electio
1801 514 1888 571 hic
1916 514 2087 584 possit
2114 512 2275 568 intel-

691 614 805 687 ligi.
840 613 965 667 Cum
1002 613 1134 667 enim
1181 611 1404 678 nondum
1441 609 1550 663 nati
1594 608 1838 679 fuissent,
1880 621 2039 675 neque
2081 604 2276 672 aliquid

695 707 911 778 egissent
927 705 1028 758 sive
1045 705 1228 757 bonum
1250 703 1351 757 sive
1371 701 1562 754 malum
1581 741 1595 766 ,
1615 709 1668 752 ut
1689 695 1963 752 secundum
1985 695 2275 751 electionem

694 797 1008 868 propositum
1029 794 1126 849 Dei
1148 803 1406 859 maneret;
1431 791 1481 846 id
1500 800 1603 854 est,
1629 803 1801 859 neque
1824 786 2022 857 aliquid
2045 786 2278 855 egissent

693 890 893 946 bonum
923 895 1014 942 aut
1035 886 1256 952 malum,
1282 894 1337 939 ut
1362 892 1580 954 propter
1606 882 1772 952 ipsam
1798 880 2062 934 actionem
2087 877 2276 933 electio

692 984 867 1054 aliqua
906 980 1057 1035 ﬁeret
1092 979 1207 1050 ejus
1246 977 1336 1049 qui
1370 977 1507 1033 bene
1547 981 1729 1047 egerat
1761 991 1773 1026 :
1805 988 1924 1029 eum
1962 986 2088 1043 ergo
2128 969 2273 1025 nulla

692 1083 837 1131 esset
866 1070 1058 1127 electio
1083 1069 1224 1126 bene
1250 1070 1483 1140 agentis,
1515 1065 1805 1121 secundum
1837 1079 1997 1135 quam
2034 1070 2276 1117 maneret

690 1164 1024 1234 propositum
1052 1162 1307 1232 Dei,‘non
1345 1176 1407 1214 ea:
1428 1158 1660 1229 operibus
1680 1198 1694 1222 ,
1731 1155 1818 1210 sed
1854 1171 1917 1209 ea:
1956 1162 2190 1219 vocante,
2223 1152 2275 1206 id

690 1263 801 1321 est,
835 1271 899 1309 ex
930 1268 997 1309 eo
1024 1253 1111 1324 qui
1140 1251 1375 1308 vocando
1402 1249 1469 1305 ad
1498 1248 1654 1303 ﬁdem
1699 1247 1865 1319 gratia
1891 1244 2147 1314 justiﬁcat
2172 1244 2274 1299 im-

690 1346 835 1415 pium
858 1388 870 1410 ,
901 1345 1088 1399 dictum
1118 1353 1190 1398 est
1230 1344 1310 1411 ei,
1352 1342 1484 1407 Quia
1521 1342 1687 1411 major
1722 1340 1896 1394 serviet
1924 1337 2124 1391 minori.
2157 1333 2271 1391 Non

689 1452 819 1506 ergo
857 1436 1148 1493 secundum
1191 1434 1507 1490 electionem
1543 1431 1873 1501 prepositum
1921 1428 2013 1483 Dei
2058 1434 2271 1493 manet,

689 1528 785 1583 sed
829 1544 893 1587 ex
930 1529 1205 1599 proposito
1244 1526 1435 1582 electio
1470 1544 1482 1579 :
1512 1525 1563 1578 id
1595 1533 1676 1579 est
1699 1566 1714 1590 ,
1760 1538 1862 1579 non
1906 1522 2031 1592 quia
2070 1521 2274 1574 invenit

690 1621 831 1675 Deus
851 1635 1012 1689 opera
1034 1620 1173 1674 bona
1197 1618 1250 1673 in
1272 1615 1575 1673 hominibus
1598 1632 1716 1686 qua:
1740 1614 1918 1685 eligat,
1948 1613 2068 1667 ideo
2094 1619 2274 1667 manet

687 1706 1021 1779 propositum
1044 1703 1435 1775 justiﬁcatiouis
1463 1703 1657 1773 ipsius;
1682 1701 1775 1755 sed
1799 1700 1921 1772 quia
1945 1699 2072 1757 illud
2094 1706 2274 1755 manet

685 1810 748 1856 ut
769 1799 1027 1871 justiﬁcet
1064 1798 1381 1863 credentes,
1421 1794 1541 1850 idco
1583 1794 1784 1849 invenit
1822 1808 1984 1862 opera
2023 1808 2140 1862 quae
2162 1792 2270 1860 jam

682 1894 847 1964 eligat
874 1891 941 1946 ad
984 1905 1204 1963 regnum
1233 1889 1513 1944 caelorum.
1544 1886 1676 1942 Nam
1719 1887 1819 1953 nisi
1860 1895 2001 1941 esset
2041 1884 2266 1951 electio,

686 1998 792 2041 non
820 1991 1002 2040 essent
1028 1980 1212 2047 electi,
1249 1996 1346 2036 nec
1372 1988 1517 2034 recte
1544 1978 1829 2043 diceretur,
1864 1977 1989 2045 Quis
2014 1974 2271 2033 accusabit

684 2075 922 2128 adversus
948 2073 1127 2127 electos
1161 2071 1253 2125 Dei
1294 2071 1463 2142 (Rom.
1499 2086 1611 2137 vut,
1645 2071 1734 2140 '55)
1757 2069 1779 2120 ?
1806 2068 1918 2122 Non
1953 2077 2127 2123 tamen
2159 2067 2268 2127 elc-

683 2168 791 2223 ctio
823 2165 1072 2238 praecedit
1095 2165 1529 2236 justilicationem
1553 2205 1566 2226 ,
1603 2163 1695 2217 sed
1723 2162 2037 2217 electionem
2076 2157 2271 2230 justiﬁ-

683 2258 844 2314 catio.
886 2257 1054 2312 Nemo
1097 2256 1240 2311 enim
1281 2255 1526 2325 eligitur,
1567 2253 1663 2307 nisi
1695 2252 1800 2323 jam
1843 2252 2047 2307 distans
2083 2252 2151 2305 ab
2181 2251 2271 2311 illo

682 2350 771 2420 qui
810 2349 1065 2420 rejicitur.
1108 2346 1260 2403 Unde
1290 2345 1430 2416 quod
1462 2344 1659 2399 dictum
1703 2352 1814 2410 est,
1846 2343 1977 2412 Quia
2007 2344 2152 2414 elegit
2180 2359 2270 2398 nos

681 2436 823 2493 Deus
865 2448 980 2493 ante
1018 2436 1195 2491 mundi
1232 2437 1633 2490 constitutionem
1669 2434 1885 2505 (Ep/tes.
1933 2450 1977 2500 ι,
2021 2435 2112 2505 4);
2162 2451 2267 2490 non

679 2527 838 2583 video
861 2527 1130 2599 quomodo
1169 2528 1237 2580 sit
1263 2526 1464 2581 dictum
1487 2567 1501 2594 ,
1532 2525 1631 2578 nisi
1660 2524 2016 2594 prmscientia.
2051 2524 2145 2579 Hic
2175 2540 2269 2580 au-

679 2629 789 2677 tem
816 2619 959 2691 quod
985 2620 1078 2683 ait,
1110 2617 1234 2673 Non
1257 2635 1319 2672 ea:
1348 2619 1578 2689 operibus
1597 2658 1612 2683 ,
1643 2616 1731 2670 sed
1756 2633 1819 2669 ea:
1848 2627 2053 2670 vocante
2079 2617 2267 2672 dictum

680 2722 754 2766 est
779 2713 825 2766 ei
843 2754 857 2777 ,
894 2712 1026 2778 Quia
1054 2712 1220 2782 major
1244 2712 1419 2765 serviet
1450 2710 1632 2763 minori
1641 2726 1662 2773 ;
1687 2725 1789 2767 non
1818 2711 2080 2765 electione
2106 2712 2268 2771 tueri-

679 2811 886 2870 torum,
932 2817 1052 2873 qua:
1084 2811 1207 2873 post
1236 2802 1673 2872 justiﬁcationem
1702 2801 1883 2871 gratim
1913 2803 2260 2873 proveniunt,

680 2895 775 2952 sed
801 2896 1117 2951 liberalitate
1146 2894 1410 2951 donorum
1444 2895 1534 2949 Dei
1567 2895 1731 2948 voluit
1767 2894 1985 2965 intelligi
2008 2937 2022 2963 ,
2051 2911 2117 2952 ne
2146 2896 2266 2967 quis

680 2989 747 3045 de
776 2988 1029 3060 operibus
1053 2988 1357 3043 extollatur.
1384 2986 1559 3042 Gratia
1586 2988 1716 3061 enim
1749 2988 1841 3041 Dei
1876 2989 2003 3042 salvi
2029 2989 2153 3058 facti
2178 3006 2265 3045 su-

679 3096 834 3145 mus;
862 3090 907 3134 et
941 3080 1035 3135 hoc
1061 3096 1162 3135 non
1190 3097 1252 3134 ea:
1277 3080 1446 3143 nobis,
1470 3079 1558 3134 sed
1596 3079 1687 3133 Dei
1718 3080 1907 3135 donum
1933 3091 2006 3135 est
2034 3098 2052 3135 :
2080 3099 2180 3139 non
2204 3098 2269 3136 ea;

679 3171 942 3245 aper-ibus,
974 3187 1037 3225 ne
1068 3172 1197 3243 forte
1222 3170 1335 3241 quis
1360 3172 1631 3225 extollatur
1659 3169 1769 3243 (Id.
1801 3188 1867 3237 ιι,
1898 3171 1959 3237 8,
1992 3170 2068 3243 9).

748 3266 803 3320 7.
832 3263 1098 3341 Quaeritur
1122 3271 1319 3330 autem,
1342 3272 1518 3319 utrum
1546 3264 1626 3317 vel
1652 3264 1783 3319 lides
1803 3273 2071 3320 mereatur
2098 3265 2268 3325 homi-

678 3357 762 3412 nis
783 3355 1249 3428 justiticationem;
1282 3372 1348 3411 an
1376 3371 1502 3411 vero
1546 3370 1645 3411 uec
1684 3356 1803 3411 ﬁdei
1834 3357 2019 3411 merita
2063 3373 2266 3426 proscc-

610 3446 618 3516 j
677 3447 808 3505 dant
848 3447 1265 3502 misericordiam
1297 3446 1414 3513 Dei,
1446 3446 1540 3502 sed
1581 3455 1635 3502 et
1663 3445 1792 3501 ﬁdes
1819 3447 1931 3516 ipsa
1964 3451 2102 3503 inter
2126 3448 2264 3503 dona

610 5402 630 5517 ί

606 5524 614 5583 ί

678 3538 864 3609 gratia:
894 3546 1222 3593 numeretur.
1246 3535 1378 3606 Quia
1401 3538 1574 3592 ethoc
1598 3536 1715 3591 loco
1736 3552 1855 3590 cum
1877 3537 2117 3604 dixisset,
2147 3536 2266 3593 Non

679 3649 742 3688 ea:
769 3632 1042 3705 operibus;
1071 3648 1177 3687 non
1205 3633 1306 3699 ait,
1350 3630 1447 3686 sed
1475 3646 1540 3686 ex
1570 3629 1667 3684 ﬁde
1696 3631 1884 3684 dictum
1920 3639 1993 3685 est
2026 3632 2070 3684 ei
2090 3672 2103 3694 ,
2135 3632 2266 3697 Quia

680 3726 846 3798 major
872 3725 1047 3778 serviet
1067 3723 1252 3777 minori
1269 3738 1289 3776 :
1313 3724 1385 3777 ait
1409 3731 1583 3776 autem
1603 3763 1618 3789 ,
1644 3722 1731 3776 sed
1760 3738 1821 3775 ea:
1844 3731 2065 3775 vocante.
2098 3722 2265 3778 Nemo

680 3816 823 3871 enim
848 3814 1034 3879 credit,
1064 3815 1152 3886 qui
1182 3829 1285 3868 non
1315 3823 1552 3867 vocatur.
1592 3813 1896 3869 Misericors
1919 3822 2094 3867 autem
2130 3815 2265 3869 Deus

678 3916 854 3976 vocat,
883 3907 1043 3963 nullis
1068 3906 1170 3963 hoc
1195 3906 1279 3961 vel
1307 3904 1429 3960 ﬁdei
1460 3905 1663 3960 meritis
1703 3904 1961 3975 largiens;
2003 3905 2122 3977 quia
2153 3920 2266 3961 me-

677 4002 779 4056 rita
809 4000 930 4056 ﬁdei
973 4006 1268 4071 sequuntur
1293 3997 1622 4052 vocationem
1655 3998 1848 4066 potius,
1875 4012 2032 4067 quam
2060 4012 2264 4067 prtece-

680 4089 832 4146 dunt.
868 4087 1131 4155 Quomodo
1155 4089 1295 4142 enim
1319 4086 1539 4152 credent,
1570 4102 1715 4156 quem
1749 4103 1847 4139 non
1876 4087 2182 4141 audierunt?
2220 4097 2268 4141 et

680 4179 930 4254 quomodo
969 4178 1175 4232 audient
1202 4178 1310 4231 sine
1356 4178 1661 4247 prmdicante
1692 4175 1880 4250 (Rom..
1908 4193 1965 4245 χ,
1999 4179 2129 4248 M)?
2157 4178 2265 4235 Nisi

682 4289 808 4344 ergo
835 4270 1075 4328 vocando
1102 4267 1368 4341 praecedat
1394 4268 1757 4324 misericordia
1782 4270 1896 4335 Dei,
1926 4286 2023 4325 nec
2046 4271 2266 4328 credere

680 4364 961 4436 quisquam
987 4368 1191 4431 potest,
1227 4368 1286 4414 ut
1310 4374 1375 4415 ex
1404 4359 1504 4413 hoc
1534 4358 1749 4429 incipiat
1767 4358 2064 4429 jttstiﬁcuri,
2099 4371 2151 4417 et
2178 4376 2266 4417 ac-

680 4456 859 4527 cipere
882 4454 1185 4513 facultatem
1210 4451 1344 4507 bene
1364 4450 1640 4522 operaudi.
1670 4452 1810 4539 Ergo
1830 4462 1953 4531 ante
1974 4468 2131 4509 omne
2152 4470 2266 4511 mc-

684 4548 843 4605 ritum
859 4544 1137 4616 estgratia.
1156 4541 1364 4597 Etenim
1381 4539 1611 4598 Christus
1639 4557 1728 4612 pro
1757 4541 1925 4614 impiis
1939 4552 2166 4599 mortuus
2194 4554 2265 4599 est

688 4639 795 4713 (Id.
812 4638 956 4710 v,6).
974 4636 1055 4691 Ex
1080 4642 1305 4691 vocante
1320 4634 1476 4706 igitur
1495 4634 1669 4688 minor
1697 4635 1919 4705 accepit,
1936 4650 2038 4689 uou
2056 4650 2123 4690 ex
2146 4636 2264 4691 ullis

680 4732 885 4791 meritis
910 4745 1132 4802 operum
1153 4743 1393 4796 suorum,
1413 4726 1655 4797 utmajor
1678 4727 1726 4782 ei
1744 4727 1966 4784 serviret
1990 4747 2001 4780 :
2035 4729 2262 4783 utetiam

677 4825 817 4896 quod
848 4824 1125 4894 scriptum,
1155 4819 1318 4875 Iacob
1344 4818 1501 4873 dilexi
1518 4858 1532 4885 ,
1560 4832 1627 4873 ex
1646 4827 1870 4874 vocante
1900 4819 1967 4874 sit
1995 4819 2126 4883 Deo,
2157 4835 2262 4877 non

676 4933 737 4970 ex
773 4923 1030 4986 operante
1061 4912 1246 4969 Jacob.

749 5009 801 5062 8.
835 5007 972 5076 Quid
997 5005 1190 5063 deinde
1218 5003 1394 5070 Esau,
1423 5001 1566 5075 quod
1600 5001 1765 5057 servit
1802 5001 2014 5068 minori,
2046 5011 2099 5058 et
2123 5004 2263 5075 quod

677 5098 932 5170 scriptum
960 5106 1061 5164 est,
1088 5096 1231 5153 Esau
1251 5104 1418 5151 autem
1438 5093 1554 5149 odio
1575 5093 1744 5161 habui,
1765 5092 1956 5163 quibus
1978 5093 2129 5149 malis
2155 5096 2264 5150 suis

678 5190 785 5245 hoc
808 5190 1018 5255 meruit,
1048 5203 1166 5243 cum
1196 5195 1250 5242 et
1279 5187 1391 5257 ipse
1420 5185 1652 5241 nondum
1685 5193 1839 5240 natus
1865 5183 2068 5251 luisset,
2093 5201 2265 5256 neque

677 5282 875 5352 aliquid
905 5281 1100 5350 egisset
1128 5279 1251 5334 boni
1276 5287 1369 5333 aut
1401 5278 1560 5343 mali,
1607 5275 1817 5346 quando
1845 5276 2044 5332 dictum
2067 5287 2169 5347 est,
2196 5277 2265 5332 Et

678 5375 843 5446 major
876 5371 1052 5426 serviet
1083 5368 1310 5423 minori?
1339 5371 1419 5426 An
1468 5368 1603 5427 forte
1646 5368 2090 5440 quemadmodum
2134 5369 2264 5427 illud

677 5465 745 5519 de
770 5462 936 5519 Jaeob
965 5461 1127 5516 nullis
1156 5460 1359 5515 meritis
1389 5461 1545 5515 bona:
1570 5459 1794 5515 actionis
1822 5458 2021 5514 dictum
2046 5468 2159 5527 est,
2191 5462 2263 5516 ita

680 5556 819 5609 Esau
851 5554 1010 5609 nullis
1043 5551 1245 5607 meritis
1297 5550 1451 5605 mala:
1478 5551 1701 5607 actionis
1738 5550 1990 5606 odiosus?
2019 5550 2075 5606 Si
2120 5551 2263 5608 enim

676 5649 797 5717 quia
814 5647 1124 5719 prmsciebat
1143 5645 1468 5701 Deuslutura
1487 5645 1603 5713 ejus
1619 5661 1781 5715 opera
1802 5645 1958 5712 mala,
1982 5655 2261 5716 prapterea

676 5756 795 5795 cum
827 5741 1219 5811 praedestinavit
1239 5750 1294 5796 ut
1322 5740 1543 5797 serviret
1562 5739 1782 5807 minori;
1817 5750 2091 5809 propterea
2123 5741 2260 5815 prai-

1247 308 1337 366 DE
1378 306 1693 365 DIVERSIS
1726 301 2250 376 QUES’I‘IONIBUS
2281 304 2374 361 AD
2408 304 2908 375 SIMPLICIANUM,
2949 306 3008 362 S.
3049 308 3411 367 AUGUSTINI

3858 313 3959 376 "6

2387 419 2669 479 destinavit
2696 431 2749 477 et
2776 422 2942 481 Iacob
2966 432 3025 480 ut
3048 426 3099 481 ei
3124 426 3303 496 major
3334 430 3593 496 serviret,
3636 432 3761 503 quia
3789 430 3958 497 futura

2384 512 2498 581 ejus
2525 513 2660 569 bona
2688 529 2850 583 opera
2887 517 3233 587 praesciebat,
3273 528 3328 573 et
3360 520 3545 576 falsum
3582 533 3665 578 est
3685 524 3795 595 jam
3825 525 3960 595 quod

2384 604 2489 670 ait,
2524 604 2641 663 Non
2681 623 2745 660 ea:
2770 608 3018 675 operibus.
3051 607 3107 663 Si
3135 618 3310 664 autem
3339 627 3521 669 verum
3567 623 3649 669 est
3690 617 3832 684 quod
3860 632 3957 672 non

2383 707 2445 749 ex
2477 696 2745 763 operibus,
2778 704 2831 753 et
2861 696 2979 757 inde
3007 698 3104 751 hoc
3129 700 3335 771 prohat,
3369 702 3491 772 quia
3516 702 3583 760 de
3607 704 3843 773 nondum
3874 721 3959 760 na-

2385 783 2453 838 tis
2476 784 2813 855 nondumque
2838 787 3034 857 aliquitl
3057 791 3286 858 operatis
3310 790 3412 847 ltoc
3438 791 3670 857 dictum;
3706 795 3959 855 undenec

2382 888 2449 929 ex
2480 871 2603 942 ﬁde,
2629 891 2746 947 qua:
2770 877 2820 931 in
2858 878 3090 935 nondum
3117 880 3252 933 natis
3276 879 3529 939 similiter
3551 883 3783 947 nondum
3810 896 3955 941 crat:

2382 981 2490 1036 quo
2522 969 2709 1027 merito
2740 969 2878 1031 Esau
2917 971 3040 1027 odio
3086 971 3312 1029 habetur
3354 983 3635 1051 antequam
3678 978 3958 1039 nascatur?

2381 1057 2531 1126 Quod
2560 1060 2704 1116 enim
2734 1058 2857 1115 fecit
2886 1061 3021 1117 Deus
3047 1076 3111 1119 ea
3134 1079 3251 1134 quae
3273 1063 3538 1135 diligeret.
3567 1066 3712 1123 nulla
3741 1069 3957 1138 qurestio

2381 1159 2481 1205 est.
2510 1150 2566 1207 Si
2604 1160 2781 1209 autem
2810 1153 3049 1211 dicamus
3090 1169 3213 1215 eum
3237 1154 3433 1215 fecisse
3454 1172 3575 1229 quae
3612 1158 3830 1223 odisset,
3863 1160 3955 1217 ab-

2381 1244 2599 1301 surdum
2626 1254 2725 1310 est,
2750 1256 3065 1305 occurrente
3091 1248 3194 1305 alia
3217 1249 3488 1319 Scriptura
3513 1260 3568 1306 et
3590 1250 3823 1320 dicente,
3851 1250 3958 1307 Ne-

2379 1352 2475 1410 que
2496 1337 2626 1393 enim
2648 1338 2765 1392 odio
2788 1339 2971 1396 habent
2995 1340 3189 1411 aliquid
3207 1342 3564 1406 constituisses,
3591 1351 3637 1397 et
3661 1343 3791 1401 nihil
3809 1344 3956 1403 odisti

2380 1428 2559 1485 horum
2582 1447 2694 1499 qua:
2720 1431 2880 1498 fecisti
2903 1431 3057 1502 (Sap.
3090 1448 3165 1498 χι,
3195 1432 3311 1503 25).
3337 1432 3453 1503 Quo
3482 1435 3621 1503 enim
3660 1436 3849 1491 merito
3878 1435 3956 1491 sol

2379 1519 2548 1579 factus
2578 1531 2660 1576 est
2686 1522 2794 1589 sol,
2822 1533 2913 1579 aut
2936 1523 3061 1593 quid
3087 1522 3307 1581 offendit
3344 1524 3471 1579 luna
3503 1533 3561 1580 ut
3586 1534 3727 1581 tanta
3755 1526 3845 1581 illo
3874 1526 3954 1582 in-

2378 1609 2572 1676 ferior,
2606 1613 2686 1667 vel
2718 1613 2842 1683 quid
2872 1615 3167 1682 promeruit
3188 1622 3247 1671 ut
3273 1614 3537 1671 sideribus
3563 1618 3773 1672 cmteris
3812 1625 3954 1675 tanto

2378 1696 2570 1758 clarior
2594 1707 2903 1763 crearetur?
2932 1706 3037 1761 Sed
3082 1707 3193 1765 ltznc
3236 1708 3413 1763 omnia
3448 1708 3589 1764 bona
3615 1718 3792 1765 creata
3837 1718 3957 1781 sunt

2376 1809 2597 1865 quasque
2626 1795 2674 1848 in
2697 1812 2895 1866 genere
2917 1813 3034 1853 suo.
3067 1797 3185 1855 Non
3200 1799 3342 1854 euim
3368 1799 3572 1857 diceret
3594 1802 3754 1867 Deus,
3777 1801 3956 1858 Solem

2377 1883 2567 1953 dilexi,
2600 1887 2777 1943 lunam
2811 1897 2985 1943 autem
3014 1889 3139 1944 odio
3166 1890 3355 1956 habui;
3386 1900 3495 1957 aut,
3527 1892 3733 1948 Lunam
3759 1893 3954 1960 dilexi,

2376 1974 2554 2031 stellas
2590 1983 2766 2033 autent
2805 1976 2928 2033 odio
2974 1977 3165 2032 habui:
3202 1978 3339 2037 sicut
3369 1980 3534 2047 dixit,
3577 1979 3738 2037 Jacab
3768 1983 3955 2052 dilexi,

2377 2065 2519 2121 Esau
2548 2078 2711 2121 autem
2737 2069 2853 2124 odio
2883 2069 3054 2125 habui.
3084 2071 3187 2129 Sed
3217 2072 3307 2127 illa
3332 2074 3511 2131 omnia
3539 2073 3746 2143 dilexit,
3773 2091 3959 2147 quam-

2376 2159 2455 2211 vis
2484 2161 2812 2217 excellcntia:
2854 2161 3080 2218 diversis
3122 2163 3368 2235 gradibus
3394 2165 3669 2233 ordinata;
3707 2168 3957 2238 quoniam

2376 2251 2507 2307 vidit
2531 2254 2665 2308 Deus
2695 2255 2814 2325 quia
2845 2255 2982 2313 bona
3008 2265 3149 2319 sunt,
3192 2273 3314 2313 cum
3342 2257 3486 2315 dicto
3511 2258 3626 2329 ejus
3653 2271 3777 2321 sunt
3803 2261 3956 2317 insti-

2378 2353 2487 2400 tuta
2511 2344 2665 2411 (Gen.
2696 2364 2709 2401 ι
2750 2347 2767 2418 )
2797 2365 2808 2401 :
2838 2358 2896 2401 ut
2945 2359 3120 2405 autem
3148 2350 3342 2407 odisset
3373 2351 3531 2416 Esau,
3560 2353 3663 2407 nisi
3688 2352 3958 2422 injustitite

2376 2438 2584 2503 merito,
2620 2439 2873 2508 injustum
2907 2450 3006 2495 est.
3033 2442 3185 2509 Quod
3210 2444 3255 2498 si
3293 2443 3668 2511 concedimus,
3697 2445 3880 2517 incipit
3903 2455 3960 2502 et

2372 2527 2776 2598 Jacohjustititc
2804 2533 2993 2586 merito
3021 2532 3184 2603 diligi.
3219 2534 3374 2602 Quod
3410 2535 3455 2593 si
3481 2550 3666 2590 verum
3700 2543 3815 2601 est,
3858 2536 3957 2591 tal-

2373 2635 2489 2675 sum
2517 2631 2598 2677 est
2636 2622 2777 2692 quod
2822 2638 2928 2678 non
2957 2638 3020 2679 ex
3065 2624 3334 2693 operibus.
3379 2626 3458 2685 An
3500 2624 3635 2680 forte
3662 2642 3727 2680 ex
3751 2627 3955 2693 justitia

2374 2711 2535 2768 ﬁdei?
2563 2713 2697 2782 Quid
2725 2730 2850 2785 ergo
2894 2726 2943 2770 te
2981 2715 3223 2784 adjuvat,
3252 2714 3380 2771 Cum
3414 2717 3545 2771 enim
3589 2720 3813 2773 nondum
3852 2718 3955 2773 nati

2372 2804 2624 2873 fuissent?
2651 2805 3080 2876 quandoquidem
3124 2807 3175 2861 in
3207 2808 3443 2867 nomium
3484 2816 3607 2864 nato
3634 2823 3732 2863 nec
3752 2806 3955 2877 iustitia

2373 2892 2495 2949 ﬁdei
2528 2903 2735 2963 poterat
2760 2911 2897 2951 esse.

2444 2986 2497 3041 9.
2529 2987 2670 3041 Vidit
2698 2989 2875 3059 itaque
2902 2989 3189 3057 Apostolus
3213 2988 3339 3059 quid
3370 3006 3431 3044 ex
3462 2989 3545 3045 his
3574 2988 3749 3046 verbis
3774 2998 3957 3059 posset

2373 3077 2551 3133 animo
2563 3077 2826 3135 audientis
2840 3080 2921 3134 vel
2936 3079 3158 3149 legentis
3170 3095 3472 3145 occurrere,
3491 3082 3772 3150 statimque
3785 3081 3958 3152 subje-

2373 3168 2472 3225 cit:
2493 3169 2629 3237 Quid
2641 3186 2756 3240 ergo
2770 3170 3016 3225 dicemus?
3030 3169 3272 3242 numquid
3282 3172 3517 3240 iniquitas
3530 3182 3599 3225 est
3611 3172 3750 3241 apud
3762 3171 3957 3227 Deum?

2373 3261 2534 3315 Absit.
2559 3262 2624 3317 Et
2650 3263 2798 3332 quasi
2820 3263 3018 3319 docens
3042 3263 3307 3335 quomodo
3328 3264 3497 3319 absit:
3531 3263 3697 3335 Moysi
3717 3265 3849 3319 enim
3875 3264 3958 3317 di—

2372 3356 2473 3415 cit,
2515 3355 2718 3424 inquit,
2753 3354 3026 3409 Miserebor
3054 3356 3135 3410 cui
3175 3357 3404 3410 misertus
3448 3373 3562 3423 ero,
3599 3366 3644 3411 et
3675 3356 3959 3413 misericor-

2372 3446 2508 3498 diam
2526 3446 2770 3515 prrestabo
2792 3447 2873 3499 cui
2895 3441 3171 3501 misericors
3192 3447 3354 3515 fuero.
3379 3447 3580 3514 Quibus
3600 3447 3773 3503 verbis
3795 3447 3957 3503 solvit

2371 3538 2754 3606 quzestionem,
2799 3552 2865 3591 an
2908 3536 3083 3606 potius
3125 3538 3322 3593 arctius
3369 3538 3673 3608 colligavit?
3722 3536 3955 3607 ldipsum

2372 3636 2454 3682 est
2479 3628 2618 3681 enim
2651 3627 2789 3697 quod
2821 3628 3049 3685 maxime
3074 3637 3288 3694 movet,
3337 3628 3379 3683 si
3420 3628 3703 3684 miseretur
3735 3628 3815 3683 cui
3849 3626 3957 3681 mi-

2371 3727 2545 3772 sertus
2573 3719 2692 3783 crit,
2722 3726 2774 3774 et
2799 3718 3216 3773 miscricordiam
3250 3717 3521 3788 prmstabit
3543 3719 3630 3779 cui
3650 3718 3958 3778 misericors

2370 3807 2563 3875 riterit,
2613 3824 2707 3863 cur
2736 3809 2851 3864 lucc
2883 3810 3246 3870 misericordia
3287 3809 3457 3867 defuit
3489 3812 3655 3879 Esau,
3704 3822 3759 3868 ut
3787 3813 3956 3869 etiam

2372 3900 2485 3968 ipse
2515 3915 2608 3970 per
2643 3900 2786 3957 illam
2815 3908 2954 3958 esset
2982 3903 3181 3970 bonus,
3220 3903 3662 3975 quemadmodum
3692 3921 3785 3975 per
3811 3906 3956 3965 illam

2372 3990 2543 4046 bonus
2571 3989 2736 4047 factus
2756 4002 2839 4048 est
2865 3993 3046 4055 Jacob.
3076 3995 3157 4049 An
3179 3994 3297 4053 ideo
3326 3994 3521 4052 dictum
3546 4004 3646 4063 est,
3680 3994 3960 4053 Miserebor

2372 4083 2453 4136 cui
2480 4082 2711 4139 misertus
2736 4101 2839 4151 ero,
2872 4094 2917 4139 et
2952 4086 3341 4141 misericordiam
3364 4089 3611 4158 prtestabo
3646 4089 3727 4145 cui
3756 4088 3960 4144 miseri-

2373 4190 2483 4229 cors
2512 4177 2676 4246 fuero,
2700 4177 2819 4247 quia
2849 4177 2932 4232 cui
2956 4178 3204 4233 misertus
3230 4179 3333 4233 erit
3356 4179 3498 4235 Deus
3520 4189 3575 4233 ut
3599 4195 3717 4235 eum
3742 4190 3894 4235 vocet
3912 4181 3956 4248 ¹,

2374 4266 2712 4322 miserebitur
2739 4268 2853 4337 ejus
2881 4277 2938 4324 ut
2979 4268 3198 4333 credat;
3230 4280 3283 4325 et
3330 4271 3416 4326 cui
3458 4272 3762 4327 misericors
3793 4270 3963 4328 fuerit

2374 4364 2429 4409 ut
2466 4356 2681 4437 credat,
2729 4359 3148 4419 misericordiam
3172 4361 3477 4432 prasstabit,
3524 4361 3624 4419 hoc
3663 4371 3745 4418 est
3798 4365 3964 4420 faciet

2373 4463 2493 4504 eum
2523 4449 2955 4517 misericordem,
2990 4461 3048 4507 ut
3091 4453 3248 4509 etiam
3291 4454 3427 4509 bene
3473 4456 3761 4524 operetur?
3803 4456 3963 4515 Unde

2371 4540 2739 4607 admonemur,
2788 4556 2885 4599 nec
2926 4543 3052 4613 ipsis
3082 4545 3332 4614 operibus
3364 4546 3740 4603 misericordiae
3768 4566 3964 4619 quem-

2371 4649 2526 4704 quam
2581 4644 2827 4704 oporterc
2868 4636 3078 4707 gloriari
3121 4648 3175 4693 et.
3215 4639 3432 4707 extolli,
3475 4641 3618 4711 quod
3669 4643 3748 4699 eis
3796 4646 3956 4713 quasi

2369 4725 2483 4779 suis
2514 4725 2675 4780 Deum
2719 4727 3101 4795 promeruerit;
3151 4729 3578 4801 quandoquidem
3627 4741 3684 4787 ut
3731 4732 3962 4790 haberet

2371 4819 2538 4890 ipsam
2564 4818 2980 4877 misericordiam
3008 4821 3097 4877 ille
3127 4823 3393 4892 praestitit,
3415 4824 3505 4894 qui
3532 4825 3961 4882 misericordiam

2370 4912 2640 4981 prmstabit
2665 4912 2749 4967 cui
2774 4913 3078 4969 misericors
3101 4913 3277 4971 fuerit.
3306 4914 3456 4985 Quod
3479 4917 3524 4973 si
3543 4932 3659 4971 eam
3683 4917 3964 4974 credendo

2369 5017 2428 5063 se
2454 5004 2713 5059 meruisse
2752 5004 2877 5074 quis
2892 5004 3088 5073 jactat,
3129 5007 3336 5062 noverit
3362 5023 3482 5062 eum
3513 5008 3610 5062 sibi
3640 5008 3964 5077 praestitisse

2369 5103 2424 5157 ut
2454 5094 2731 5160 crederet,
2772 5097 2860 5168 qui
2904 5098 3185 5157 miseretur
3223 5098 3535 5173 inspirando
3576 5098 3769 5167 ﬁdem,
3799 5100 3965 5171 cujus

2369 5186 2617 5245 misertus
2638 5197 2721 5249 est
2748 5197 2807 5245 ut
2830 5190 3002 5247 adhuc
3044 5192 3243 5248 inﬁdeli
3269 5193 3603 5248 vocationem
3632 5193 3958 5262 impertiret.

2368 5277 2483 5333 Jam
2509 5281 2649 5333 enim
2680 5281 2997 5335 discernitur
3030 5283 3196 5337 lidclis
3226 5283 3293 5336 ab
3319 5284 3500 5352 impio.
3534 5283 3670 5349 Quid
3697 5285 3827 5337 enim
3858 5285 3965 5339 Iza-

2369 5373 2468 5438 bes,
2500 5373 2670 5444 inquit
2688 5415 2702 5440 ,
2733 5374 2867 5444 quod
2892 5390 2993 5437 non
3016 5375 3294 5446 accepisti?
3327 5375 3389 5430 Si
3413 5386 3579 5433 autem
3608 5386 3654 5432 et
3678 5377 3919 5447 accepisti
3938 5419 3962 5447 ,

2367 5464 2492 5536 quid
2520 5465 2754 5535 gloriaris
2780 5466 2924 5535 (prosi
2952 5482 3054 5519 non
3081 5469 3330 5538 acceperis
3355 5468 3400 5539 (1
3425 5467 3546 5523 Cor.
3575 5485 3643 5535 tv,
3678 5470 3773 5540 7)?

2440 5554 2530 5610 10.
2557 5554 2721 5613 Recte
2750 5555 2967 5626 quidem
3010 5557 3146 5625 hoc;
3174 5558 3268 5615 sed
3306 5573 3401 5616 cur
3434 5560 3550 5616 haec
3585 5560 3962 5619 misericordia

2371 5688 2803 5800 ιίοίιῗῗῖέίίιᾍθωη
2824 5696 2951 5743 voc“
2978 5690 3268 5746 ’πίδθνίεονδο
3295 5695 3458 5758 λυθδῦ
3486 5694 3776 5759 "Micon.
3798 5708 3827 5747 a
3850 5708 3969 5749 lno-
