4134 6208
283 308 393 365 H7

287 425 559 480 subtracta
587 432 673 479 est
698 425 767 480 ah
799 423 963 492 Esau,
993 435 1050 480 ut
1074 441 1175 480 non
1207 426 1282 480 sic
1308 434 1605 492 vocaretur,
1634 436 1691 481 ut
1714 437 1768 483 et
1796 441 1890 481 vo-

288 525 415 571 cato
441 517 798 586 inspiraretm'
826 515 961 572 fides
993 518 1042 581 i',
1074 525 1127 570 et
1148 516 1371 571 credens
1401 517 1705 572 misericors
1740 516 1892 572 fieret

293 622 357 666 ut
381 612 516 666 bene
545 612 901 680 operaretur?
950 611 1033 663 An
1079 610 1211 665 forte
1253 610 1374 678 quia
1406 609 1608 664 noluit?
1657 609 1711 665 Si
1762 623 1890 678 ergo

290 702 463 758 Iacob
489 686 611 755 ideo
634 700 866 755 credidit
903 700 1025 769 quia
1056 699 1250 763 voluit,
1283 714 1391 754 non
1428 700 1477 754 ei
1509 699 1647 754 Deus
1675 697 1892 753 donavit

294 793 495 857 fidem,
526 790 624 848 sed
671 806 791 845 eam
832 790 934 844 sibi
980 790 1095 859 ipse
1122 789 1349 844 valendo
1390 791 1669 859 praestitit,
1711 799 1764 844 et
1793 789 1890 843 ha-

294 882 415 937 buit
439 880 638 951 aiiquid
667 878 809 950 quod
852 894 958 933 non
996 880 1218 948 accepit.
1250 879 1332 933 An
1358 879 1480 949 quia
1523 894 1679 933 nemo
1717 888 1892 949 potest

293 971 527 1027 credere
550 970 650 1024 nisi
684 970 828 1031 veiit,
861 983 1019 1024 nemo
1044 970 1179 1023 velle
1217 968 1317 1023 nisi
1344 976 1581 1034 vocetur,
1609 984 1769 1023 nemo
1791 984 1888 1024 au-

208 1100 219 1114 .
297 1074 407 1118 tem
442 1061 547 1115 sibi
586 1068 765 1129 potest
804 1068 1061 1129 prtestare
1105 1066 1162 1113 ut
1203 1068 1440 1127 vocetur,
1466 1060 1720 1114 vocando
1749 1059 1891 1115 Deus

295 1161 521 1224 prmstat
568 1160 631 1208 et
660 1151 858 1217 fidem;
913 1152 1031 1221 quia
1081 1152 1201 1206 sine
1248 1152 1527 1206 vocatione
1571 1167 1675 1205 non
1719 1159 1893 1223 potest

293 1248 580 1315 quisquam
627 1244 887 1311 credere,
929 1244 1175 1314 quamvis
1216 1243 1392 1298 nullus
1430 1242 1612 1297 credat
1656 1242 1891 1297 invitus?

296 1333 566 1399 Quomodo
587 1334 731 1389 enim
756 1334 979 1397 credent,
1019 1349 1164 1403 quem
1191 1349 1292 1386 non
1317 1332 1629 1386 audierunt?
1652 1340 1742 1385 aut
1764 1348 1892 1402 quo-

295 1425 453 1478 modo
496 1425 705 1477 uindicat
750 1425 865 1478 sine
899 1424 1245 1493 praedicante?
1289 1423 1456 1479 Nemo
1502 1423 1679 1494 itaque
1725 1423 1894 1479 credit

292 1531 406 1569 non
452 1525 709 1570 vocatus:
740 1514 847 1570 θεὲ
882 1530 1001 1570 non
1031 1516 1207 1570 omnis
1245 1516 1425 1570 credit
1450 1523 1687 1571 vocatus.
1738 1514 1894 1569 Multi

293 1609 439 1661 enim
483 1607 816 1671 conuocati,
1196 1605 1349 1661 eiecti
1377 1605 1589 1676 (Matth.
1622 1623 1711 1674 xx,
1758 1604 1847 1677 16)
1876 1625 1889 1661 :

295 1702 489 1769 utique
515 1701 551 1754 ii
576 1701 667 1770 qui
696 1709 979 1756 vocantem
1005 1714 1113 1764 non
1140 1709 1573 1770 contempserunt
1590 1741 1605 1766 ,
1649 1700 1744 1755 sed
1770 1714 1891 1755 cre-

292 1793 836 1858 dendosecutisunt;
866 1793 1304 1849 retentos-autem
1329 1794 1446 1848 sine
1465 1793 1626 1848 dubio
1651 1792 1893 1848 credide-

296 1893 444 1937 runt.
473 1883 614 1950 Quid
644 1894 730 1940 est
758 1899 887 1954 ergo
905 1884 1331 1955 quod‘sequitur,
1366 1883 1534 1955 Igitur
1562 1900 1661 1937 non
1682 1884 1892 1938 volentis

295 1993 457 2048 neque
470 1979 743 2043 currentis,
761 1978 848 2033 sed
864 1978 1141 2032 miserantis
1158 1988 1227 2032 est
1248 1977 1338 2031 Dei
1356 1979 1381 2032 ?
1397 1979 1477 2031 An
1499 1978 1621 2046 quia
1641 1992 1739 2032 nec
1757 1977 1892 2032 velle

296 2085 593 2138 possumus
610 2071 714 2124 nisi
736 2070 929 2135 vocati,
952 2069 1157 2124 etanihil
1181 2070 1324 2124 valet
1352 2069 1489 2124 velle
1508 2077 1770 2134 nostrum,
1792 2068 1891 2122 nisi

298 2171 355 2213 ut
372 2160 1141 2230 perﬁcitunusadjuvet-Dcus?
1157 2159 1303 2230 Opus
1320 2168 1402 2214 est
1417 2174 1545 2230 ergo
1561 2159 1695 2214 velle
1713 2168 1764 2214 ct
1781 2173 1894 2213 cur-

296 2266 439 2307 κιο.
471 2250 591 2307 Non
608 2252 757 2306 enim
773 2253 971 2307 ﬂustra
982 2252 1276 2315 diceretur,
1301 2249 1371 2303 Et
1390 2252 1442 2304 in
1461 2260 1593 2304 terra
1612 2268 1713 2321 paa:
1729 2251 1892 2305 Itami-

237 2347 250 2436 Ι
296 2343 447 2396 nibus
464 2341 1095 2436 bonarroiutetatisiltue:
1183 2383 1197 2407 ,
1226 2343 1377 2436 id);
1409 2350 1483 2408 et,
1515 2341 1602 2396 Sic
1628 2342 1813 2436 currite
1838 2351 1892 2396 ut

295 2431 936 2504 mutuniatis-(lacn
970 2447 1051 2499 ιι,
1068 2430 1182 2504 26).
1216 2432 1337 2487 Non
1366 2441 1540 2487 tamen
1566 2432 1775 2486 volentis
1802 2449 1891 2487 nc-

296 2541 395 2591 que
410 2526 699 2590 currentis,
730 2526 831 2581 sed"
850 2526 1126 2579 miserantis
1147 2524 1339 2579 θοι-υεὶ
1359 2565 1373 2589 ,
1409 2533 1464 2579 ιιι
1486 2524 1627 2594 quod
1650 2523 1892 2579 volumus

297 2615 701 2686 miipiseanur,
747 2625 802 2671 et
847 2631 954 2686 quo
1000 2617 1241 2671 volumus
1286 2617 1678 2686 perveniamus.
1714 2616 1895 2671 Noluit

297 2720 427 2776 ergo
458 2706 607 2762 Esau
630 2716 688 2762 et
716 2707 1129 2762 mn-ooemitl:
1157 2708 1252 2763 sed
1282 2716 1335 2762 et
1363 2709 1409 2762 si
1433 2708 1688 2763 voluisset
1716 2717 1769 2764 et
1794 2723 1891 2763 cu-

298 2796 591 2862 curr-isset,
790 2795 1056 2866 adjutorio
1098 2799 1461 2867 pervenisset,
1515 2799 1603 2869 qui
1645 2798 1693 2853 ei
1732 2798 1892 2853 ctiam

301 2888 443 2942 velle
481 2897 553 2944 et:
584 2903 809 2945 currere
847 2889 1095 2945 vocando
1134 2899 1442 2960 praestaret,
1488 2891 1589 2946 nisi
1618 2892 1894 2949 vocatione

299 2989 605 3050 αι-ιαιηιιι
649 2981 921 3050 reprobus
940 2980 1108 3037 ﬁeret.
1139 2983 1309 3038 Aliter
1337 2985 1477 3038 enim
1513 2985 1655 3038 Deus
1682 2995 1895 3054 pnestat

304 3071 624 3126 ut'vciimus
644 3111 663 3137 ,
698 3071 859 3126 aliter
884 3081 1101 3142 prastat
1127 3073 1639 3142 quodkvoluerimus.
1668 3072 1740 3129 Ut
1763 3073 1895 3129 veli-

305 3175 427 3215 mus
450 3161 685 3217 enimet
706 3176 1011 3217 stium-esse
1041 3163 1203 3217 voluit
1227 3171 1590 3228 et'uostrum;
1622 3179 1776 3218 suum
1803 3178 1894 3220 vo«

304 3251 507 3318 cando,
551 3261 794 3307 instram
838 3252 1128 3323 sequendo.
1173 3252 1327 3321 Quod
1367 3262 1543 3309 mitem
1569 3254 1895 3310 voluerimus

305 3345 451 3398 nius
486 3352 707 3414 praestat
730 3386 747 3411 ,
793 3343 845 3399 id
880 3352 996 3412 est,
1028 3359 1186 3415 posse
1215 3346 1355 3401 bene
1383 3360 1538 3415 agere
1559 3386 1573 3408 ,
1602 3355 1654 3401 et
1683 3361 1895 3417 semper

304 3436 454 3493 beate
480 3438 688 3494 vivom.
722 3437 1100 3493 Verumtamen
1123 3438 1264 3493 Esau
1295 3438 1529 3492 nondum
1558 3447 1730 3504 natus,
1761 3437 1895 3493 nihil

309 3531 494 3587 brum
524 3531 871 3601 posset‘velle
897 3546 991 3586 seu
1019 3530 1180 3587 nolle.
1211 3529 1317 3586 Cur
1335 3545 1463 3601 ergo
1492 3532 1545 3586 in
1573 3540 1725 3586 utero
1750 3533 1894 3602 posi-

303 3623 745 3693 tusiaprobatue
765 3623 886 3677 est?
906 3621 1131 3677 Raditur
1147 3622 1290 3677 enim
1312 3622 1379 3677 ad
1401 3622 1518 3677 illas
1530 3622 1891 3692 difficultates,

304 3732 409 3771 non
452 3716 639 3772 solum
683 3729 783 3770 sua
823 3715 1182 3782 obscuritate,
1229 3715 1324 3770 sed
1362 3716 1521 3771 etiam
1564 3725 1744 3770 nostra
1788 3727 1895 3770 tam

302 3810 465 3864 multa
481 3788 810 3879 repetitione
828 3808 1181 3863 molestiores.

368 3904 457 3958 ﬂ.
484 3902 599 3957 Cur
625 3902 777 3957 enim
789 3910 874 3956 est
902 3901 1228 3971 improbatus
1258 3898 1398 3955 Esau
1426 3900 1663 3954 nondum
1694 3908 1851 3956 natus
1874 3942 1891 3969 ,

302 3995 392 4065 qui
417 4010 522 4049 nec
544 3992 770 4049 credam
794 4000 1001 4062 poterat
1030 3991 1236 4048 vocanti
1261 4033 1275 4055 ,
1299 4006 1401 4047 nec
1429 4000 1774 4046 contemnere
1797 4006 1894 4046 vo-

304 4087 577 4141 miouem
607 4086 668 4148 ²,
719 4099 819 4138 nec
864 4083 987 4138 boui
1033 4082 1116 4137 vel
1163 4082 1285 4137 mali
1323 4081 1519 4153 aliquid
1561 4079 1893 4151 cperari?Si

308 4178 639 4249 prcscientia
664 4178 762 4233 Dei
792 4178 981 4233 futurae
1009 4178 1160 4232 male:
1189 4176 1474 4231 voluntatis
1500 4175 1647 4245 ejus,
1675 4189 1773 4229 cur
1788 4189 1895 4230 non

306 4279 362 4325 et
387 4269 556 4325 heob
578 4268 913 4339 praescieutia
945 4268 1039 4324 Dei
1069 4268 1389 4338 approbatus
1415 4275 1496 4322 est
1527 4266 1715 4321 futurae
1741 4267 1895 4323 bonae

305 4362 603 4420 voluntatis
632 4362 748 4431 ejus
765 4362 799 4413 ?'
815 4360 970 4427 Quod
1001 4360 1047 4413 si
1075 4360 1242 4415 semel
1267 4359 1596 4414 concesseris
1615 4398 1630 4424 ,
1661 4358 1895 4428 potuisse

304 4469 629 4524 qumquam
671 4453 771 4508 vel'
796 4452 1078 4524 approbari
1120 4452 1202 4507 vel
1244 4437 1536 4522 improbari
1565 4467 1633 4507 ex
1665 4467 1730 4508 eo
1755 4452 1896 4523 quod

306 4545 542 4602 nondum
590 4546 647 4599 in
715 4545 808 4600 illo
853 4553 1000 4612 erat,
1047 4544 1157 4600 sed.
1186 4545 1309 4614 quia
1352 4544 1491 4599 Deus
1517 4543 1750 4599 futurum
1779 4560 1897 4601 esse

305 4637 624 4709 proauiam
650 4654 665 4703 ;
711 4637 1149 4693 conficitur'cum
1177 4638 1410 4708 potuisse
1437 4638 1595 4692 ctiam
1622 4652 1687 4693 ex
1715 4636 1891 4707 operi-

306 4733 407 4789 ltus
439 4733 746 4803 approbari,
782 4748 907 4803 quae
946 4732 1000 4787 in
1028 4732 1121 4787 illo
1148 4730 1482 4787 Deusfutura
1506 4747 1626 4787 esse
1653 4732 1898 4801 praescie-

302 4823 430 4888 bat,
486 4822 737 4892 (fumis
778 4822 1017 4877 nondum
1064 4831 1206 4878 esset
1253 4821 1449 4892 aliquid
1501 4832 1787 4893 operatus;
1844 4832 1900 4878 et

302 4914 535 4971 omnino
578 4922 635 4970 te
670 4914 817 4969 nihih
846 4914 1542 4986 adjurabit'quod'nondmu
1572 4916 1678 4970 nati
1708 4921 1894 4982 erant,

301 5020 439 5061 aunt
466 5004 674 5061 dictum
712 5016 887 5073 esset,
931 5005 999 5060 Et
1038 5011 1207 5077 major
1235 5007 1410 5061 serviet
1434 5007 1617 5061 minori
1641 5049 1655 5074 ,
1688 5016 1747 5063 ut
1776 5006 1900 5063 hinc

303 5096 563 5151 utendas
587 5111 692 5151 non
712 5111 787 5151 er
807 5098 1057 5167 operibus
1084 5096 1307 5163 dictum,
1336 5098 1457 5168 quia
1484 5097 1717 5153 nondum
1742 5097 1898 5169 quid-

301 5205 463 5259 quam
480 5198 617 5243 crati
630 5199 905 5259 operatus.

379 5278 467 5334 ﬁ.
518 5280 609 5333 liis
648 5281 811 5335 etiam
853 5281 1023 5337 verita
1042 5279 1403 5350 si‘diligenter
1421 5278 1664 5335 attendas
1686 5322 1700 5347 ,
1733 5279 1899 5353 Igitur

303 5386 411 5424 ea
444 5370 657 5426 totum
697 5387 855 5441 neque
894 5372 1139 5427 currentis
1160 5414 1176 5438 ,
1227 5370 1630 5426 sed’ntiserentis
1666 5382 1738 5427 est
1762 5372 1898 5443 Dei;

305 5478 421 5521 ron
457 5464 567 5523 hoc
599 5466 889 5536 Apostolus
924 5476 1206 5539 propterea
1246 5475 1452 5521 tantum
1478 5466 1675 5523 dixisse
1700 5468 1899 5524 videbi-

304 5564 395 5610 tur
416 5596 432 5622 ,
477 5556 641 5626 quod'
664 5557 933 5629 adjutorio
973 5558 1412 5630 Deiad'id'quod
1440 5560 1684 5616 volumus
1711 5558 1898 5633 perve-

374 5692 394 5766 ξ
417 5700 545 5766 unus
565 5698 987 5766 evasteadsns.
1012 5698 1252 5761 hicaddil,
1271 5699 1324 5748 ut
1342 5693 1580 5748 crederet.

368 5755 394 5788 ⁸
410 5759 703 5810 Sabadius
725 5764 828 5820 ιιι,
853 5766 1115 5812 manem.

1681 311 1886 373 LIBER
1925 313 2192 392 ramus,

2002 427 2247 495 niamus;
2278 429 2372 484 sed
2398 430 2555 485 etiam
2584 446 2647 485 ex
2678 431 2764 486 illa
2794 431 3087 491 intentione
3114 448 3217 507 qua
3244 436 3295 490 ct
3322 434 3426 491 alio
3453 436 3574 497 loco

1996 520 2122 576 dicit
2140 564 2154 589 ,
2196 522 2319 577 Cum
2355 524 2529 578 timore
2569 534 2617 579 et
2643 534 2853 579 tremore
2882 535 3091 583 vestram
3117 528 3338 599 ipsorum
3365 528 3579 584 salutem

1996 614 2271 683 operamini
2294 631 2310 679 ;
2337 613 2474 670 Deus
2505 618 2635 675 enim
2664 627 2736 670 est
2761 618 2846 688 qui
2871 626 3105 686 operatur
3130 620 3182 675 iu
3211 620 3346 673 vobis
3374 629 3421 673 et
3450 621 3575 677 velle

1997 713 2042 758 et
2081 706 2317 774 operari,
2366 724 2456 775 pro
2499 708 2627 761 bona
2670 709 2938 763 voluntate.
2970 708 3225 781 (Philipp.
3257 727 3313 781 tt,
3342 710 3426 777 12,
3458 710 3574 785 15).

1997 794 2097 852 Ubi
2137 799 2263 852 satis
2304 799 2532 853 ostendit
2568 800 2725 856 etiam
2756 801 2919 869 ipsam
2948 801 3140 861 bonam
3169 803 3494 859 voluntatem
3523 802 3579 859 in

1998 888 2153 944 nobis
2182 898 2435 960 operante
2465 890 2573 946 Deo
2601 891 2733 945 fieri.
2762 890 2894 951 Nam
2923 892 2965 946 si
2997 902 3273 967 propterea
3305 895 3474 948 solum
3497 893 3579 949 di-

1997 990 2139 1043 ctum
2167 990 2248 1035 cst
2270 1022 2284 1046 ,
2321 980 2443 1034 Non
2470 982 2677 1035 volentis
2703 999 2860 1053 neque
2876 985 3119 1037 currentis
3138 1024 3153 1052 ,
3185 984 3274 1038 sed
3303 984 3580 1040 miserantis

1997 1080 2071 1124 est
2096 1069 2226 1138 Dei,
2258 1071 2377 1141 quia
2398 1072 2642 1126 voluntas
2665 1072 2893 1126 hominis
2921 1072 3030 1125 sola
3062 1087 3165 1125 non
3196 1073 3390 1130 sufﬁcit
3416 1083 3471 1131 ut
3488 1074 3579 1147 ju-

1997 1170 2079 1216 ste
2127 1173 2378 1232 recteque
2418 1163 2655 1217 vivamus
2679 1204 2692 1226 ,
2725 1162 2825 1217 nisi
2856 1163 3168 1234 adjuvcmur
3216 1165 3579 1221 misericordia

1998 1255 2091 1311 Dei
2117 1274 2130 1323 ;
2175 1265 2349 1325 potest
2386 1266 2440 1311 et
2468 1257 2568 1312 hoc
2595 1257 2751 1311 modo
2779 1256 2881 1311 dici
2906 1298 2919 1321 ,
2955 1255 3116 1328 igitur
3144 1272 3248 1315 non
3280 1258 3582 1314 miserentis

1998 1355 2079 1402 est
2118 1348 2245 1416 Dei,
2290 1348 2383 1404 sed
2414 1349 2637 1403 volentis
2663 1356 2746 1403 est
2771 1348 3040 1414 ltominis’,
3068 1349 3191 1421 quia
3217 1349 3581 1404 misericordia

2000 1440 2092 1495 Dei
2124 1440 2237 1495 sola
2263 1456 2367 1496 non
2400 1440 2610 1506 sufficit,
2640 1441 2741 1495 nisi
2767 1455 3058 1499 consensus
3081 1448 3275 1497 noslrm
3296 1438 3581 1499 voluntatis

1996 1529 2240 1586 addatur.
2287 1534 2355 1585 At
2380 1531 2509 1585 illud
2540 1530 2878 1589 manifestum
2908 1540 3030 1595 est,
3055 1532 3246 1585 frustra
3278 1543 3374 1583 uos
3404 1530 3579 1599 velle,

1999 1623 2098 1676 nisi
2142 1622 2282 1678 Deus
2318 1624 2634 1677 misereatur
2675 1640 2687 1675 :
2736 1621 2875 1675 illud
2903 1630 3079 1681 autc):
3109 1621 3288 1677 nescio
3312 1619 3582 1692 quomodo

1997 1712 2203 1768 dicatur
2224 1755 2239 1779 ,
2270 1711 2463 1768 frustra
2494 1714 2659 1767 Deum
2687 1712 2927 1767 misereri
2951 1754 2965 1776 ,
2998 1712 3099 1765 nisi
3127 1727 3225 1767 nos
3250 1711 3494 1769 velimus.
3523 1712 3584 1768 Si

1998 1806 2138 1860 enim
2184 1805 2327 1860 Deus
2369 1805 2650 1859 miseretur
2673 1844 2687 1870 ,
2729 1804 2885 1859 etiam
2926 1804 3168 1857 volumus
3205 1802 3312 1857 :ad
3337 1801 3583 1861 eamdem

1997 1898 2192 1967 quippe
2230 1895 2645 1950 misericqrdiam
2676 1895 2902 1965 pertinet
2924 1904 2982 1948 ut
3008 1894 3252 1951 velimus.
3287 1892 3422 1949 Deus
3450 1893 3584 1947 enim

1997 2000 2068 2043 est
2107 1991 2193 2059 qui
2232 1999 2469 2058 aperatur
2509 1989 2561 2041 in
2603 1987 2743 2043 nobis
2777 1998 2822 2042 et
2856 1988 3043 2041 velleet
3068 1987 3304 2058 operari,
3335 2003 3425 2056 pro
3450 1986 3585 2041 bona

1997 2081 2266 2133 voluntate.
2298 2078 2428 2132 Nam
2455 2079 2498 2133 si
2526 2093 2827 2148 qua-ramus
2853 2085 3027 2132 utrttm
3056 2077 3150 2132 Dei
3174 2076 3374 2133 donum
3395 2078 3465 2133 sit
3482 2091 3583 2132 vo-

1997 2170 2171 2225 luntas
2214 2170 2354 2224 bona
2378 2210 2393 2237 ,
2433 2170 2624 2223 mirum
2665 2170 2710 2223 si
2750 2184 2943 2239 negare
2976 2170 3252 2240 quisquam
3278 2169 3489 2223 audeat.
3512 2167 3585 2223 At

1998 2261 2140 2317 enim
2185 2262 2308 2332 quia
2349 2276 2453 2317 non
2484 2262 2737 2333 praecedit
2766 2262 3009 2317 voluntas
3037 2262 3175 2317 bona
3206 2262 3536 2321 vocationem
3561 2303 3578 2331 ,

1998 2356 2092 2410 sed
2139 2355 2349 2410 vacatio
2397 2355 2589 2409 bonam
2639 2356 2961 2415 voluntatem
2990 2396 3004 2422 ,
3053 2367 3330 2426 pr0ptcrea
3370 2353 3584 2408 vocanti

2000 2446 2110 2502 Deo
2154 2456 2302 2501 recte
2343 2446 2589 2500 tribuitur
2623 2446 2764 2516 quod
2801 2446 2938 2501 bene
2966 2445 3210 2500 volumus
3230 2488 3244 2513 ,
3274 2446 3427 2501 nobis
3454 2460 3584 2500 vero

1999 2538 2158 2592 tribui
2201 2553 2306 2591 non
2351 2546 2525 2609 potest
2548 2537 2688 2608 quod
2720 2552 2990 2593 vocamur.
3020 2536 3333 2608 Nonigitur.
3353 2536 3470 2591 ideo
3496 2535 3586 2597 di.

1998 2637 2141 2684 ctum
2191 2628 2484 2698 putandum
2527 2636 2649 2693 est,
2702 2626 2825 2683 Non
2868 2628 3077 2684 volentis
3119 2644 3276 2700 neque
3304 2627 3579 2693 currentis,

1997 2720 2087 2775 sed
2132 2720 2408 2774 miserantis
2446 2729 2517 2773 est
2564 2717 2685 2783 Dei,
2727 2719 2851 2789 quia
2892 2718 2993 2772 nisi
3033 2718 3146 2788 ejus
3185 2717 3447 2788 adjutorio
3474 2731 3583 2773 non

2000 2824 2280 2879 possumus
2325 2809 2542 2879 adipisci
2590 2808 2731 2880 quod
2769 2810 3009 2864 volumus
3031 2850 3047 2875 ,
3093 2806 3187 2863 sed
3223 2807 3342 2865 ideo
3363 2808 3580 2879 potius,

1998 2902 2119 2973 quia
2143 2903 2243 2957 nisi
2267 2902 2380 2973 ejus
2402 2905 2676 2958 vocatione
2698 2917 2803 2958 non
2829 2902 3088 2963 volumus.

2072 2995 2158 3050 i5.
2199 2993 2305 3051 Sed
2333 2995 2375 3048 si
2406 2996 2612 3050 vacatio
2655 2995 2754 3049 ista
2800 2996 2870 3048 ita
2915 3002 2998 3050 est
3034 2993 3272 3051 effectrix
3300 2992 3454 3048 bona:
3482 3006 3582 3047 vo-

2422 3063 2612 3080 Μ

1998 3086 2240 3154 iuntatis,
2286 3094 2343 3139 ut
2386 3087 2558 3141 omnis
2600 3102 2716 3141 eam
2758 3093 2975 3143 vocatus
3016 3086 3583 3157 scqtiaturjuomodo

2002 3193 2185 3233 verum
2212 3178 2331 3244 erit,
2367 3176 2520 3231 Multi
2546 3179 2728 3245 vocati,
2759 3179 2907 3249 pauci
2934 3178 3114 3231 electi?
3139 3176 3291 3244 Quod
3320 3178 3363 3231 si
3395 3191 3580 3231 verum

2001 3277 2102 3334 est,
2122 3277 2175 3324 et
2190 3284 2293 3324 non
2306 3277 2693 3339 consequenter
2711 3268 2971 3324 vocationi
2989 3276 3206 3323 vocatus
3225 3266 3579 3336 obtemperat,

2000 3372 2160 3432 atque
2184 3372 2244 3416 ut
2271 3377 2374 3416 non
2404 3363 2418 3393 ¹
2449 3363 2779 3433 obtemperet
2809 3362 2860 3415 in
2892 3362 3005 3430 ejus
3027 3370 3109 3416 est
3134 3360 3361 3432 positum
3395 3359 3584 3414 volun-

2003 3462 2130 3522 tate,
2170 3462 2316 3509 recte
2355 3454 2511 3508 etiam
2551 3453 2655 3509 dici
2685 3461 2880 3525 potest,
2933 3453 3091 3524 Igitur
3133 3469 3235 3508 non
3277 3451 3583 3508 miserantis

2002 3545 2118 3612 Dei,
2149 3546 2244 3602 sed
2269 3546 2492 3601 volentis
2521 3556 2676 3617 atque
2716 3546 2978 3600 currentis
3021 3555 3102 3601 est
3146 3544 3408 3611 hominis;
3455 3544 3581 3616 quia

2002 3635 2362 3691 misericordia
2385 3638 2618 3691 vocantis
2644 3652 2748 3691 non
2775 3635 2987 3705 sufficit,
3014 3636 3113 3691 nisi
3139 3637 3309 3691 vocati
3331 3636 3584 3691 obedien-

2003 3727 2073 3782 tia
2100 3730 2571 3799 consequatur.An
2600 3727 2736 3782 forte
2756 3728 2837 3782 illi
2857 3729 2943 3799 qui
2962 3729 3061 3785 hoc
3091 3728 3250 3782 modo
3275 3728 3444 3781 vocati
3473 3741 3580 3781 non

2002 3820 2362 3887 consentiunt,
2396 3829 2613 3889 possent
2641 3821 2744 3875 alio
2779 3821 2937 3877 modo
2976 3819 3148 3874 vocati
3176 3817 3583 3875 accommodare

2003 3908 2125 3964 fidei
2152 3912 2495 3978 voluutatem,
2534 3921 2589 3965 ut
2615 3920 2669 3965 et
2695 3911 2818 3964 illud
2849 3925 3029 3965 verum
3061 3911 3162 3973 sit,
3208 3909 3360 3963 Multi
3398 3909 3580 3976 vocati,

2004 4000 2152 4070 pauci
2182 3999 2356 4065 electi;
2382 4009 2436 4051 ut
2464 3999 2706 4068 quamvis
2733 3998 2881 4052 multi
2909 4014 3012 4051 uno
3050 3997 3209 4053 modo
3234 3997 3407 4052 vocati
3437 3998 3541 4057 sint
3561 4039 3578 4063 ,

2007 4098 2182 4144 tamen
2212 4090 2335 4160 quia
2364 4105 2467 4143 non
2494 4105 2679 4145 omnes
2704 4106 2810 4149 uno
2835 4090 2993 4146 modo
3017 4089 3193 4146 affecti
3208 4101 3356 4154 .sunt,
3385 4091 3456 4146 illi
3483 4091 3584 4147 soli

2004 4188 2296 4250 sequantur
2328 4180 2680 4242 vocationem,
2726 4181 2814 4251 qui
2858 4182 2905 4235 ei
2950 4181 3219 4251 capiendae
3248 4182 3584 4252 reperiuntur

2004 4272 2210 4338 idonei;
2241 4280 2296 4325 ct
2322 4272 2445 4326 illud
2475 4288 2579 4327 non
2611 4273 2784 4327 minus
2815 4289 2995 4328 verum
3025 4278 3113 4340 sit,
3143 4273 3311 4346 Igitur
3348 4290 3447 4329 non
3491 4290 3581 4329 vo-

2004 4363 2152 4416 lcntis
2170 4378 2338 4431 neque
2363 4363 2626 4427 currentis,
2660 4363 2747 4417 sed
2786 4365 3066 4419 miserentis
3105 4373 3177 4418 est
3218 4363 3330 4433 Dei,
3360 4365 3448 4437 qui
3481 4362 3582 4420 hoc

2006 4452 2165 4506 modo
2194 4453 2421 4519 vocavit,
2467 4454 2734 4522 quomodo
2780 4464 2960 4523 aptum
3000 4462 3115 4510 erat
3155 4454 3232 4509 eis
3276 4454 3367 4525 qui
3411 4454 3583 4509 secuti

2003 4553 2128 4599 sunt
2145 4544 2517 4599 vocationem?
2539 4543 2618 4598 Ad
2645 4545 2777 4597 alios
2804 4554 2977 4600 autent
3002 4545 3207 4600 vacatio
3228 4544 3438 4614 quidem
3471 4559 3585 4614 per-

2004 4637 2179 4703 venit;
2222 4637 2315 4692 sed
2345 4637 2466 4704 quia
2509 4637 2627 4690 talis
2659 4637 2754 4691 fuit
2781 4654 2883 4708 qua
2926 4637 3127 4697 moveri
3172 4651 3276 4691 non
3320 4645 3579 4708 possent,

2005 4746 2103 4785 nec
2128 4745 2246 4784 eam
2282 4744 2473 4799 capere
2493 4730 2648 4800 "apti
2678 4740 2875 4796 essent,
2900 4730 3070 4785 vocati
3099 4728 3311 4799 quidem
3342 4729 3445 4785 dici
3488 4744 3586 4798 po-

2005 4829 2219 4876 tuerunt
2264 4820 2356 4874 sed
2387 4835 2492 4874 non
2519 4821 2712 4875 electi:
2757 4828 2810 4874 et
2851 4835 2953 4875 non
2980 4819 3089 4889 jam
3127 4819 3371 4873 similiter
3397 4832 3583 4874 verum

2005 4912 2283 4983 esl,lgitur
2298 4926 2402 4966 non
2429 4911 2731 4967 miserantis
2760 4911 2875 4978 Dei,
2893 4910 2985 4965 sed
3014 4908 3239 4963 volentis
3266 4918 3423 4979 atque
3457 4922 3584 4963 cur-

2005 5005 2170 5060 rentis
2193 5011 2276 5059 est
2300 5003 2567 5058 hominis:
2601 5001 2848 5072 quoniam
2880 5016 2984 5056 non
3030 5008 3203 5070 potest
3236 5000 3456 5057 effectus
3484 5001 3588 5061 mi-

2006 5093 2308 5150 sericordiae
2349 5094 2441 5148 Dei
2471 5108 2589 5148 esse
2620 5092 2671 5145 in
2700 5090 2929 5145 hominis
2957 5097 3239 5162 potestate,
3286 5100 3344 5148 ut
3386 5090 3587 5150 frustra

2005 5186 2096 5242 ille
2134 5185 2467 5249 misereatur,
2514 5185 2556 5238 si
2597 5184 2756 5237 homo
2787 5183 2945 5249 nolit;
2982 5183 3105 5255 quia
3147 5183 3193 5238 si
3222 5184 3379 5241 vellet
3422 5184 3584 5239 etiam

2005 5279 2241 5350 ipsorum
2287 5276 2549 5341 misereri,
2598 5285 2779 5345 posset
2808 5276 2877 5330 ita
2908 5291 3125 5342 vocare,
3169 5275 3436 5349 quomodo
3478 5274 3585 5331 illis

2005 5378 2186 5441 aptum
2229 5377 2388 5431 esset,
2419 5377 2473 5422 ut
2501 5375 2550 5422 et
2583 5378 2920 5424 moverentur
2946 5380 2999 5424 ct
3032 5369 3383 5439 intelligerent
3415 5375 3468 5422 ct
3492 5382 3582 5422 se-

2004 5469 2313 5534 querentur.
2338 5460 2533 5517 Verum
2560 5468 2644 5517 est
2670 5475 2816 5532 ergo,
2847 5461 3000 5517 Multi
3028 5462 3210 5526 vocati,
3242 5461 3390 5531 pauci
3416 5460 3579 5515 electi.

2068 5635 2085 5665 ί
2114 5640 2211 5702 ttuc
2226 5640 2330 5683 uss.
2355 5635 2983 5702 auctoritaterevocavimus
2999 5642 3263 5701 negantem
3278 5635 3578 5702 particulam,

2004 5709 2113 5761 qum
2136 5696 2184 5761 in
2207 5704 2321 5745 ante
2347 5695 2490 5761 editis
2506 5696 2779 5761 exciderat.

2069 5760 2090 5790 ί
2113 5757 2182 5806 sic
2198 5765 2303 5809 uss.
2330 5765 2383 5808 At
2401 5757 2535 5819 editi,
2555 5766 2607 5810 ut
2626 5773 2732 5810 eum
2756 5771 2943 5824 capere.
