4180 6214
515 362 635 421 119

526 476 616 533 Illi
642 477 787 533 enim
826 474 1003 540 electi,
1033 475 1125 546 qui
1153 483 1509 548 congruenter
1532 474 1704 531 vocati
1729 474 1747 505 ¹
1774 491 1789 528 :
1820 472 1895 527 illi
1934 480 2112 526 autem

529 568 623 640 qui
651 583 760 624 non
786 569 1151 639 congruebant
1179 584 1355 640 neque
1382 566 1919 638 contemperabantur
1958 577 2118 618 voca-

533 661 689 729 tioni,
735 676 839 716 non
876 660 1068 725 electi,
1097 661 1221 730 quia
1248 675 1355 715 non
1400 657 1589 725 secuti,
1639 656 1881 728 quamvis
1923 655 2117 709 vocati.

530 753 665 809 Item
689 767 874 808 verum
902 762 1004 820 est,
1036 752 1158 807 Non
1183 754 1395 808 volentis
1422 769 1580 823 neque
1607 752 1873 817 currentis,
1906 751 1994 804 sed
2020 750 2120 804 mi-

528 845 740 900 serentis
760 852 832 897 est
859 842 993 909 Dei;
1017 846 1140 916 quia
1168 845 1376 900 etiamsi
1402 844 1599 899 multos
1623 851 1797 909 vocet,
1826 857 2013 899 eorum
2042 851 2121 897 ta-

528 950 656 990 men
688 934 994 1002 miseretur,
1026 951 1161 1006 quos
1188 936 1258 990 ita
1291 943 1466 1001 vocat,
1511 933 1781 1006 quomodo
1821 933 1899 989 eis
1942 934 2119 988 vocari

533 1034 718 1095 aptum
757 1034 860 1093 est,
894 1035 952 1082 ut
981 1036 1290 1098 sequantur.
1336 1027 1553 1082 Falsum
1585 1035 1666 1083 est
1693 1034 1869 1081 autem
1912 1025 1958 1080 si
1999 1025 2122 1095 quis

530 1115 681 1183 dicit,
728 1118 893 1188 Igitur
938 1135 1046 1175 non
1086 1120 1389 1176 miserentis
1419 1120 1546 1185 Dei,
1586 1119 1680 1174 sed
1708 1118 1933 1174 volentis
1962 1127 2122 1188 atque

530 1209 794 1263 currentis
825 1220 909 1267 est
936 1212 1164 1267 hominis
1192 1228 1208 1265 :
1237 1212 1358 1282 quia
1396 1211 1591 1265 nullius
1618 1210 1764 1266 Deus
1792 1209 1986 1264 frustra
2015 1209 2119 1263 mi-

531 1309 776 1369 seretur;
805 1304 956 1373 cujus
983 1313 1159 1360 autem
1186 1303 1489 1369 miseretur,
1517 1303 1593 1356 sic
1618 1317 1738 1356 cum
1768 1309 1952 1365 vocat,
1984 1290 2121 1369 quo-

529 1389 696 1446 modo
724 1395 824 1449 scit
851 1394 900 1449 ei
929 1409 1246 1464 congruere,
1277 1403 1333 1448 ut
1355 1399 1633 1449 vocantem
1661 1408 1767 1447 non
1797 1401 2035 1462 respuat.

610 1482 697 1539 li.
740 1484 837 1540 Hic
862 1484 1002 1539 dicet
1037 1485 1263 1555 aliquis:
1292 1483 1402 1539 Cur
1443 1500 1570 1554 ergo
1614 1483 1754 1539 Esau
1784 1498 1889 1538 non
1934 1483 2013 1538 sic
2040 1492 2124 1538 est

530 1584 797 1642 vocatus,
847 1584 903 1630 ut
950 1577 1109 1631 vellet
1165 1575 1416 1631 obedire?
1475 1575 1731 1630 Videmus
1784 1576 1926 1630 enim
1988 1575 2123 1630 alios

533 1668 693 1722 aliter
740 1668 927 1721 iisdem
972 1668 1132 1722 rebus
1171 1668 1549 1722 demonstratis
1576 1667 1659 1722 vel
1707 1664 2016 1737 signiﬁcatis
2053 1665 2122 1721 ad

539 1750 862 1813 credendum
910 1759 1132 1814 moveri.
1174 1758 1322 1813 Sicut
1352 1759 1578 1827 exempli
1610 1757 2032 1828 gratia,Simeon
2064 1757 2117 1811 in

542 1849 821 1904 Dominum
856 1859 1096 1904 nostrum
1125 1850 1305 1906 Jesum
1343 1850 1615 1906 Christum
1655 1850 1828 1906 adhuc
1868 1850 2120 1905 infantem

539 1941 814 2009 parvulum
856 1940 1121 2007 credidit,
1157 1941 1355 2011 Spiritu
1401 1942 1451 1996 ei
1494 1942 1761 1996 revelante
1797 1955 2124 2012 cognoscens

539 2028 692 2099 (Luc.
722 2047 793 2095 ιι,
824 2030 894 2085 25
914 2031 954 2100 ).
985 2030 1276 2086 Natltanael
1306 2032 1372 2086 ad
1403 2048 1558 2087 unam
1590 2032 1934 2097 sententiam,
1965 2047 2122 2102 quam

534 2122 608 2175 ab
638 2122 730 2177 illo
755 2122 974 2189 audivit,
1010 2122 1312 2194 Priusquam
1348 2135 1395 2179 te
1440 2124 1714 2195 Philippus
1742 2134 1970 2191 vocaret,
2009 2141 2125 2178 cum

538 2230 670 2267 esses
694 2216 785 2267 sub
811 2215 989 2268 arbore
1011 2205 1115 2284 ﬁci,
1158 2216 1258 2269 vidi
1295 2225 1378 2280 te;
1418 2217 1712 2286 respondit,
1746 2216 1929 2281 Rabbi,
1977 2226 2031 2271 tu
2073 2233 2126 2271 es

488 2350 491 2353 .
538 2304 709 2359 Filius
737 2305 848 2371 Dei,
890 2317 943 2361 tu
971 2324 1022 2361 es
1060 2304 1161 2362 νεώ
1186 2307 1352 2363 Israel
1385 2307 1573 2380 (Joan.
1598 2324 1637 2373 ι.
1666 2308 1736 2365 48
1759 2350 1774 2374 ,
1805 2309 1932 2378 49).
1975 2307 2126 2376 Quod

538 2404 688 2451 tanto
716 2406 837 2467 post
876 2398 997 2468 quia
1041 2398 1317 2454 confessus
1344 2409 1428 2454 est
1452 2400 1661 2464 Petrus,
1703 2400 1898 2455 meruit
1940 2400 2127 2457 audire

538 2486 682 2556 quod
715 2487 897 2541 beatus
925 2489 1012 2552 sit,
1043 2497 1097 2544 et
1124 2489 1263 2559 quod
1293 2490 1342 2544 ei
1368 2490 1621 2546 darentur
1641 2491 1819 2546 claves
1844 2492 1991 2561 regni
2018 2506 2128 2547 cae-

538 2577 713 2632 lorum
744 2576 972 2651 (Matth.
1004 2596 1088 2634 xv:
1113 2623 1126 2643 ,
1165 2582 1328 2637 lii-l9
1355 2582 1394 2652 ).
1426 2583 1680 2638 Miraculo
1722 2583 1860 2640 facto
1899 2584 1952 2639 in
1982 2585 2127 2641 Cana

539 2667 799 2732 Calliam,
828 2671 967 2739 quod
997 2672 1205 2727 initium
1232 2673 1502 2743 signorum
1528 2675 1657 2730 .Iesu
1693 2675 1929 2732 Joannes
1960 2691 2127 2732 evan-

539 2762 729 2831 gelista
760 2775 1161 2831 commemorat,
1191 2781 1326 2835 aqua
1358 2767 1408 2821 iu
1439 2767 1618 2821 vinum
1647 2782 1923 2835 conversa,
1956 2769 2129 2826 credi-

545 2853 739 2907 derunt
783 2855 834 2908 in
877 2872 999 2910 cum
1030 2856 1271 2926 discipuli
1301 2858 1416 2928 ejus
1446 2859 1644 2929 (Joan.
1676 2876 1734 2926 ll,
1780 2862 1836 2916 ll
1865 2860 1906 2933 ).
1937 2863 2129 2918 Multos

544 2943 812 3015 loquendo
854 2948 1133 3002 iucitavit'
1177 2950 1243 3004 ad
1290 2951 1487 3005 ﬁdem:
1531 2952 1682 3007 multi
1721 2968 1821 3008 nec
1861 2955 2129 3011 suscitatis

542 3039 770 3092 mortuis
794 3039 1156 3095 crediderunt.
1192 3043 1266 3095 De
1291 3057 1449 3097 cruce
1477 3051 1634 3114 atque
1660 3052 1833 3101 morte
1860 3046 1979 3116 ejus
2002 3062 2131 3102 con-

545 3128 717 3182 territi
747 3130 905 3183 etiam
932 3130 1177 3202 discipuli
1210 3132 1534 3200 titubarunt;
1563 3145 1617 3189 et
1641 3145 1814 3190 tamen
1846 3137 1981 3193 latro
2007 3146 2130 3194 tunc

546 3221 793 3287 credidit,
819 3237 940 3277 cum
970 3238 1090 3277 eum
1120 3239 1225 3278 non
1254 3227 1674 3294 praestantiorem
1690 3227 1893 3284 videret
1916 3229 1968 3284 in
1995 3245 2128 3301 ope-

544 3315 712 3380 ribus,
737 3314 827 3369 sed
856 3315 1127 3370 consortio
1151 3317 1325 3371 crucis
1354 3318 1611 3387 mqualem
1653 3321 1670 3387 (
1697 3319 1823 3373 Luc.
1849 3337 1995 3388 χχιιι,
2029 3323 2128 3379 40-

542 3407 676 3477 42).
711 3407 859 3462 Unus
885 3408 1043 3461 etiam
1075 3408 1142 3462 de
1183 3424 1403 3464 numero
1442 3409 1820 3479 discipulorum
1850 3422 1972 3482 post
2014 3414 2129 3484 ejus

544 3497 1019 3563 resurrectionem,
1059 3513 1164 3552 non
1197 3506 1302 3551 tam
1340 3499 1636 3554 viventibus
1664 3502 1938 3567 membris,
1969 3519 2127 3574 quam

544 3588 849 3642 recentibus
874 3589 1213 3643 cicatricibus
1236 3589 1462 3645 credidit
1485 3590 1660 3662 (Joan.
1684 3608 1777 3659 xx,
1801 3592 1870 3646 27
1893 3592 1912 3664 )
1938 3611 1950 3647 :
1979 3596 2129 3651 multi

547 3691 613 3731 ex
646 3693 829 3733 eorum
857 3694 1081 3734 numero
1107 3695 1135 3733 a
1167 3680 1357 3750 quibus
1381 3681 1668 3737 cruciﬁxus
1699 3692 1799 3747 est,
1827 3685 1916 3755 qui
1946 3686 2130 3742 viden-

545 3780 626 3823 tes
657 3784 777 3825 enm
809 3770 1057 3825 miracula
1086 3770 1364 3827 facientem
1391 3784 1821 3844 contempserant
1855 3776 2130 3848 discipulis

544 3876 669 3915 eum
716 3861 1126 3930 praedicantibus
1155 3864 1290 3918 etin
1322 3866 1537 3921 nomine
1562 3868 1677 3935 ejus
1721 3869 1844 3923 talia
1887 3869 2128 3926 facienti-

548 3951 647 4005 bus
690 3952 1032 4007 crediderunt
1066 3954 1222 4023 (Act.
1267 3971 1385 4010 ll-IV
1405 3955 1448 4027 ).
1493 3956 1624 4013 Cum
1672 3974 1800 4030 ergo
1845 3961 1980 4016 alius
2026 3963 2124 4027 sic,

545 4042 684 4097 alius
703 4053 879 4098 autem
900 4046 975 4099 sic
993 4055 1268 4101 moveatur
1282 4049 1347 4101 ad
1372 4048 1550 4116 ﬁdem,
1564 4051 1857 4123 eadenmue
1877 4069 1965 4110 res
1985 4070 2128 4126 saepe

543 4132 651 4186 alio
679 4133 837 4187 modo
865 4134 1004 4190 dicta
1031 4146 1258 4201 moveat,
1288 4139 1391 4193 alio
1417 4141 1576 4195 modo
1597 4143 1733 4198 dicta
1759 4159 1864 4199 non
1894 4155 2123 4213 moveat;

542 4221 811 4290 aliumque
840 4225 1245 4290 moveat,alium
1274 4243 1375 4281 non
1406 4240 1644 4295 moveat;
1674 4233 1792 4301 quis
1818 4235 2011 4290 audeat
2039 4236 2126 4291 di-

543 4328 667 4368 cere
690 4313 922 4369 defuisse
944 4315 1053 4369 Deo
1081 4318 1294 4372 modum
1322 4322 1563 4384 vocandi,
1582 4338 1687 4392 quo
1708 4324 1866 4379 etiam
1897 4326 2036 4382 Esau
2057 4329 2126 4384 ad

541 4420 661 4459 eam
685 4404 845 4461 ﬁdem
866 4417 1098 4464 mentem
1120 4411 1428 4479 applicaret,
1454 4413 1882 4487 voluntatemque
1903 4397 2125 4488 conjun-

541 4504 711 4566 geret,
733 4496 784 4550 in
802 4513 903 4567 qua
932 4498 1094 4555 Jacob
1104 4500 1423 4567 justiﬁcatus
1439 4503 1553 4558 est?
1573 4505 1727 4573 Quod
1767 4507 1811 4561 si
1834 4516 1976 4562 tanta
1994 4525 2128 4580 quo-

543 4602 646 4657 que
676 4597 851 4657 potest
877 4605 995 4645 esse
1021 4591 1304 4647 obsﬁnatio
1329 4595 1630 4661 voluntatis,
1654 4606 1711 4651 ut
1730 4608 1912 4653 contra
1937 4615 2125 4657 omnes

540 4679 731 4733 modos
774 4683 1068 4735 vocationis
1112 4683 1427 4740 obdurescat
1452 4688 1645 4743 mentis
1671 4690 1946 4757 aversio’;
1974 4708 2123 4762 quae-

540 4774 678 4828 ritur
706 4781 878 4827 utrmn
899 4774 966 4829 de
986 4775 1160 4829 divina
1185 4791 1337 4844 parua
1367 4779 1434 4831 sit
1457 4779 1567 4849 ipsa
1595 4780 1807 4845 duritia,
1832 4798 1952 4838 cum
1987 4784 2125 4841 Deus

541 4863 740 4918 deserit
784 4879 885 4919 non
931 4866 1010 4922 sic
1037 4866 1291 4931 vocando,
1321 4870 1590 4943 quomodo
1617 4871 1683 4925 ad
1724 4871 1882 4928 ﬁdem
1920 4877 2124 4932 moveri

542 4965 735 5024 potest.
768 4958 897 5025 Quis
925 4958 1065 5012 enim
1106 4958 1247 5013 dicat
1276 4960 1488 5014 modum
1513 4959 1535 4991 ‘
1568 4977 1674 5030 quo
1697 4962 1745 5017 ei
1773 4965 2123 5033 persuadere-

542 5052 630 5099 tur
655 5053 712 5099 ut
736 5048 997 5113 crederet,
1028 5052 1185 5104 etiam
1213 5050 1568 5121 Omnipotenti
1598 5053 1859 5111 defuisse?

616 5135 702 5188 ts.
741 5135 849 5189 Sed
888 5138 1010 5206 quid
1044 5139 1143 5194 hoc
1185 5143 1492 5210 quaerimus,
1538 5157 1658 5197 cum
1702 5145 1815 5214 ipse
1844 5148 2124 5220 subjungat

545 5227 848 5297 Apostolus,
900 5227 1033 5281 Dicit
1063 5232 1194 5283 enim
1239 5231 1506 5305 Scriptura
1549 5233 1832 5303 Pharaoni,
1878 5238 2011 5305 Quia
2053 5240 2123 5293 ad

543 5319 636 5371 hoc
661 5328 706 5372 te
732 5319 958 5381 excitari,
982 5329 1034 5371 ut
1061 5322 1316 5377 ostendam
1337 5326 1388 5378 in
1414 5338 1461 5380 te
1488 5329 1757 5397 petendam
1789 5346 1970 5398 meam,
1991 5339 2040 5385 et
2066 5340 2123 5385 ut

604 5476 621 5543 ξ
646 5481 767 5543 πρε
785 5475 991 5543 Vaut-ani
1007 5475 1219 5543 codices,
1241 5477 1324 5543 qui
1346 5481 1666 5543 congruebant

604 5539 623 5599 ἓ
643 5542 714 5584 llr.
734 5544 787 5599 et
810 5536 1033 5599 plerique
1057 5544 1182 5595 διδ,
1201 5536 1440 5599 incitavit.

605 5597 943 5663 fcerlieibnsis
954 5597 1063 5663 113.,
1086 5598 1282 5650 eversio.
1307 5603 1589 5663 Victorinus,
1613 5606 1849 5658 adversio.

602 5656 761 5731 inditi
783 5668 932 5731 :gum
1126 5668 1254 5731 Deus
1286 5660 1541 5714 deserit....
1568 5656 1673 5731 quis
1695 5656 1839 5719 etiam
1869 5668 2001 5720 dicat
2022 5681 2120 5720 mo-

542 5720 794 5793 dunnetc.
818 5722 1124 5793 corbeieusis
1147 5724 1342 5793 codex:
1368 5735 1488 5793 fam
1510 5720 1617 5793 eum
1642 5738 1769 5781 Deus
1800 5730 1993 5793 deserit,
2019 5738 2115 5782 etc.

448 5787 453 5793 '
539 5785 659 5831 'mm
674 5792 784 5831 cum
799 5783 906 5833 aliis
929 5791 1055 5842 Mss,
1074 5782 1181 5847 quis
1201 5785 1328 5838 enim
1344 5787 1473 5839 dicat
1505 5790 1716 5841 modum.

1101 359 1189 416 oe
1226 359 1543 418 mensa
1578 352 2095 430 consuemus
2128 320 2760 428 su'smrucumm,
2788 357 2847 416 s.
2887 356 3250 416 AUGUSTIN!

3704 358 3807 417 im

2229 473 2555 528 annuntietur
2577 491 2757 530 nomen
2781 492 2947 532 meum
2966 476 3021 531 in
3044 476 3273 531 uniuersa
3296 475 3467 531 terra?
3492 474 3603 530 Hoc
3625 483 3806 529 autem

2224 563 2450 632 subjecit
2481 565 2765 635 Apostolus
2792 566 3190 634 documentum,
3237 582 3341 636 quo
3388 566 3635 635 probaret
3664 561 3806 634 quod

2226 670 2384 725 supra
2413 657 2641 726 dixerat,
2673 658 2842 732 Igitur
2870 678 2971 716 non
3004 660 3211 715 volentis
3237 676 3394 733 neque
3418 659 3683 724 currentis,
3719 656 3808 712 sed

2229 747 2506 803 misereutis
2534 760 2605 803 est
2630 749 2745 805 Dei.
2788 752 3059 821 Tanquam
3086 753 3227 807 enim
3265 752 3315 807 ei
3345 751 3631 815 diceretur,
3658 747 3809 804 Unde

2227 836 2330 893 ltoc
2367 838 2566 895 doces?
2595 840 2731 895 Dicit
2770 844 2900 897 enim
2938 842 3225 913 Scriptura,
3266 841 3458 912 inquit,
3509 837 3804 902 Pharaoni,

2233 930 2365 997 Quia
2409 933 2479 984 ad
2512 932 2607 986 hoc
2648 942 2695 987 te
2730 935 2961 1001 excitavi,
2997 944 3053 988 ut
3089 934 3351 988 ostendam
3378 932 3432 985 in
3461 940 3507 984 te
3536 928 3808 1000 potentiam

2229 1037 2410 1088 meam,
2437 1032 2482 1076 et
2502 1032 2556 1077 ut
2575 1025 2899 1080 annuntietur
2918 1042 3096 1080 nomen
3127 1041 3292 1081 meum
3318 1024 3373 1078 in
3398 1023 3629 1077 universa
3654 1030 3807 1076 terra.

2229 1110 2423 1181 Utique
2454 1113 2578 1169 hinc
2605 1116 2890 1172 ostendens
2919 1116 3060 1187 quod
3100 1133 3202 1171 non
3244 1115 3654 1182 uolentis-neque
3689 1128 3810 1166 cur-

2229 1202 2404 1268 rentis,
2444 1204 2532 1257 sed
2558 1205 2835 1261 miserentis
2869 1217 2941 1262 est
2977 1206 3095 1262 Dei.
3135 1205 3523 1276 Concluditque
3550 1204 3642 1268 ita,
3674 1202 3809 1274 Ergo

2231 1292 2376 1362 Cujus
2401 1294 2505 1347 vult
2532 1294 2812 1363 miseretur,
2840 1306 2887 1351 et
2914 1313 3060 1368 quem
3085 1298 3189 1351 vult
3215 1296 3467 1362 obdurat;
3509 1309 3630 1370 cum
3656 1307 3812 1362 snpe-

2231 1383 2343 1438 rius
2371 1399 2478 1439 non
2506 1394 2790 1457 utrumque
2813 1388 3012 1444 dictum
3046 1389 3135 1444 sit.
3165 1388 3348 1459 Neque
3375 1388 3516 1443 enim
3544 1384 3811 1458 quomodo

2229 1473 2430 1531 dictum
2459 1486 2561 1546 est,
2594 1478 2716 1559 Non
2740 1481 2951 1536 uolentis
2979 1497 3137 1552 neque
3161 1483 3428 1548 currentis,
3459 1481 3547 1536 sed
3576 1483 3813 1536 miseren-

2231 1567 2294 1622 tis
2338 1577 2410 1623 est
2454 1568 2581 1635 Dei;
2605 1572 2682 1626 sic
2722 1573 2883 1628 etiam
2912 1573 3112 1630 dictum
3141 1582 3245 1638 est,
3277 1590 3383 1630 non
3410 1574 3640 1631 nolentis
3668 1574 3683 1604 ¹
3718 1588 3813 1628 ue-

2231 1675 2338 1730 que
2361 1664 2773 1730 contemnentis,
2804 1666 2899 1722 sed
2926 1666 3237 1723 obdurantis
3265 1676 3349 1724 est
3382 1668 3498 1723 Dei.
3546 1666 3695 1723 Unde
3721 1665 3817 1721 da-

2234 1759 2319 1806 tur
2348 1752 2589 1824 intelligi,
2616 1755 2757 1826 quod
2782 1756 2919 1812 infra
2955 1765 3237 1829 utrumque
3273 1758 3468 1828 posuit,
3504 1756 3644 1828 Ergo
3668 1757 3815 1828 cujus

2232 1844 2338 1896 vult
2363 1844 2659 1913 miseretur,
2700 1856 2747 1902 et
2784 1864 2933 1914 quem
2984 1849 3087 1904 uult
3126 1849 3377 1917 obdurat,
3423 1849 3496 1904 ita
3538 1848 3815 1904 sententia:

2232 1934 2498 2006 superiori
2525 1951 2682 2007 posse
2712 1952 3029 2009 congruere,
3059 1949 3117 1994 ut
3143 1939 3424 1995 obduratio
3453 1940 3546 1995 Dei
3577 1939 3647 1995 sit
3673 1938 3816 1995 nolle

2232 2026 2475 2081 misereri
2500 2045 2514 2080 :
2540 2036 2596 2082 ut
2616 2043 2722 2083 non
2742 2030 2809 2084 ab
2826 2030 2919 2084 illo
2935 2031 3196 2102 irrogetur
3206 2030 3408 2103 aliquid
3432 2045 3539 2102 quo
3561 2031 3630 2086 sit
3656 2030 3817 2087 homo

2233 2118 2489 2184 deterior,
2509 2120 2602 2176 sed
2617 2130 2823 2178 tantum
2844 2138 2949 2194 quo
2967 2124 3038 2179 sit
3055 2125 3245 2181 melior
3261 2125 3644 2195 nonjerogetur.
3661 2122 3817 2191 Quod

2233 2212 2279 2267 si
2311 2212 2368 2267 ﬁt
2391 2213 2535 2267 nulla
2557 2213 2898 2273 distinctione
2918 2217 3250 2284 meritorum,
3279 2218 3399 2289 quis
3438 2232 3545 2273 non
3575 2225 3819 2287 erumpat

2235 2305 2290 2360 in
2309 2321 2426 2361 eam
2451 2321 2659 2376 vocem,
2682 2323 2841 2378 quam
2868 2309 2967 2365 sibi
2996 2310 3108 2381 ipse
3123 2309 3322 2381 objecit
3336 2309 3660 2380 Apostolus?
3678 2307 3818 2365 Dicis

2233 2399 2402 2469 itaque
2419 2400 2543 2454 mihi
2559 2419 2578 2455 .'
2596 2400 2732 2465 Quid
2750 2402 2917 2457 adhuc
2937 2403 3255 2475 conqueritur
3269 2404 3294 2458 ?
3308 2420 3426 2458 nam
3445 2403 3690 2458 voluntati
3709 2403 3818 2473 ejus

2233 2490 2345 2560 quis
2360 2492 2570 2545 resistit?
2580 2491 2933 2563 Conqueritur
2944 2494 3087 2549 enim
3104 2494 3243 2550 Deus
3254 2509 3397 2564 saepe
3411 2494 3477 2550 de
3490 2492 3816 2560 hominibus,

2234 2580 2372 2636 sicut
2408 2596 2505 2650 per
2527 2572 2941 2653 innumerabiles
2971 2592 3195 2654 apparet
3222 2583 3612 2655 Scripturarum
3647 2580 3816 2650 locos,

2235 2671 2376 2741 quod
2398 2673 2565 2728 nolint
2582 2673 2803 2729 credere
2821 2681 2877 2730 et
2894 2683 3042 2731 recte
3061 2675 3257 2732 vivere.
3283 2676 3434 2733 Unde
3456 2676 3640 2733 ﬁdeles
3665 2686 3720 2732 et
3741 2676 3821 2733 [ιιι-

2236 2763 2438 2818 cieutes
2451 2765 2771 2820 voluntatem
2790 2766 2883 2821 Dei
2897 2767 3202 2823 conversari
3218 2767 3465 2823 dicuntur
3479 2768 3594 2823 sine
3603 2770 3821 2838 querela

2237 2855 2385 2927 (Luc.
2408 2873 2447 2924 ι,
2470 2856 2548 2927 6),
2574 2857 2716 2928 quod
2740 2857 2807 2913 de
2831 2858 2935 2914 illis
2954 2873 3060 2915 non
3086 2870 3341 2930 queratur
3373 2859 3668 2930 Scriptura.
3689 2858 3817 2929 Sed,

2241 2946 2378 3014 Quid
2402 2948 2741 3017 conqueritur,
2783 2948 2895 3003 ait?
2921 2965 3040 3003 nam
3066 2950 3312 3005 voluntati
3345 2951 3455 3020 ejus
3480 2951 3589 3022 quis
3611 2951 3817 3018 resistit,

2236 3041 2451 3111 quando
2482 3042 2629 3113 cujus
2656 3042 2762 3097 vult
2786 3043 3069 3111 miseretur,
3092 3053 3141 3100 et
3163 3061 3310 3113 quem
3335 3045 3439 3100 vult
3468 3044 3718 3100 obdurat?
3754 3044 3823 3100 Et

2238 3141 2416 3188 tamen
2455 3134 2755 3189 intueamur
2780 3136 3076 3205 superiora,
3105 3144 3160 3191 et
3187 3136 3309 3192 inde
3348 3144 3611 3203 nostram,
3640 3151 3812 3206 quan-

2241 3233 2352 3279 tum
2382 3226 2495 3295 ipse
2522 3225 2777 3280 Dominus
2801 3226 3036 3297 adjuvat,
3064 3228 3384 3283 sententiam
3412 3226 3721 3297 dirigamus.

2311 3317 2401 3373 16.
2441 3318 2531 3372 Ait
2560 3318 2702 3373 enim
2735 3319 2892 3388 paulo
2920 3328 3065 3384 ante,
3092 3318 3226 3385 Quid
3251 3335 3369 3391 ergo
3390 3318 3820 3374 dicemus?num-

2238 3408 2362 3479 quid
2415 3407 2655 3476 iniquitas
2707 3417 2779 3462 est
2836 3409 2975 3479 apud
3023 3407 3228 3463 Deum?
3255 3409 3415 3464 Absit.
3436 3408 3517 3465 Sit
3536 3408 3696 3478 igitur
3720 3407 3824 3464 hoc

2243 3499 2412 3554 ﬁxum
2443 3508 2601 3569 atque
2646 3499 2915 3554 immobile
2944 3500 2997 3554 in
3034 3509 3213 3555 mente
3239 3498 3415 3554 sobria
3446 3498 3640 3570 pietate
3666 3507 3824 3568 atque

2239 3590 2414 3645 stabili
2445 3591 2497 3644 in
2523 3589 2625 3644 lide
2644 3591 2687 3655 ⁸,
2715 3589 2858 3660 quod
2888 3590 3032 3645 nulla
3059 3600 3143 3646 est
3168 3590 3415 3661 iniquitas
3441 3589 3579 3660 apud
3609 3589 3776 3645 Deum
3801 3607 3818 3646 :

2240 3691 2400 3753 atque
2421 3682 2490 3737 ita
2517 3683 2853 3738 tenacissime
2880 3681 3287 3753 ﬁrmissimeque
3306 3680 3570 3749 credatur,
3593 3682 3822 3751 idipsum

2239 3774 2382 3844 quod
2431 3774 2572 3829 Deus
2600 3776 2744 3844 cujus
2780 3774 2886 3828 uult
2910 3774 3173 3828 miseretur
3199 3782 3245 3827 et
3271 3789 3416 3843 quem
3454 3773 3557 3827 vult
3585 3773 3818 3840 obdurat,

2241 3863 2343 3918 boc
2381 3872 2492 3928 est,
2522 3862 2676 3933 cujus
2705 3864 2815 3917 vult
2843 3863 3126 3918 miseretur
3163 3872 3218 3919 et
3254 3866 3406 3933 cujus
3435 3877 3541 3917 non
3569 3863 3683 3917 vult
3713 3878 3822 3917 non

2239 3956 2544 4023 miseretur,
2585 3969 2706 4010 esse
2744 3955 2968 4026 alicujus
3021 3955 3244 4011 occultae
3285 3964 3442 4026 atque
3477 3955 3545 4010 ab
3588 3955 3822 4010 humano

2239 4045 2457 4100 modulo
2496 4045 2876 4116 inveStigabilis
2917 4046 3198 4117 aequitatis,
3241 4062 3360 4116 qua:
3400 4046 3451 4100 in
3496 4046 3624 4116 ipsis
3660 4045 3821 4102 rebus

2240 4136 2490 4193 humanis
2557 4137 2888 4208 terrenisque
2941 4137 3300 4192 contractibus
3352 4138 3822 4194 animadvertenda

2239 4239 2357 4295 est;
2388 4229 2441 4282 in
2463 4228 2656 4300 quibus
2676 4230 2775 4284 nisi
2803 4244 3047 4300 superna:
3064 4230 3283 4300 iustitia:
3299 4231 3540 4300 quaedam
3563 4232 3823 4300 impressa

2236 4320 2458 4390 vestigia
2491 4328 2815 4388 teneremus,
2847 4336 3114 4393 nunquam
3142 4322 3196 4376 in
3239 4322 3413 4393 ipsum
3439 4322 3612 4379 cubile
3639 4337 3702 4377 ac
3726 4338 3824 4394 pe-

2237 4414 2442 4470 netrale
2466 4412 2860 4468 sanctissimum
2884 4423 3047 4484 atque
3074 4414 3429 4470 castissimum
3467 4415 3821 4484 spiritualium

2238 4515 2626 4575 praeceptorum
2664 4511 2860 4558 nostra:
2885 4505 3206 4560 inﬁrmitatis
3233 4506 3527 4575 suspiceret
3554 4514 3715 4577 atque
3740 4508 3823 4563 in-

2242 4596 2414 4651 biaret
2434 4596 2679 4651 intentio.
2702 4595 2848 4650 Beati
2876 4595 2964 4666 qui
2988 4595 3228 4651 esuriant
3248 4605 3303 4652 et
3321 4597 3509 4654 sitiunt
3526 4598 3785 4670 justitiam
3802 4643 3818 4667 ,

2236 4689 2488 4759 quoniam
2519 4688 2618 4759 ipsi
2649 4688 3025 4745 saturabuntur
3050 4688 3264 4760 (Matth.
3292 4705 3350 4754 v,
3381 4691 3481 4763 6).
3512 4692 3571 4749 ln
3598 4693 3695 4749 ista
3725 4694 3823 4766 igi-

2237 4788 2326 4835 tur
2354 4781 2594 4837 siccitate
2616 4779 2740 4835 vitaz
2762 4779 3189 4852 conditionisque
3215 4783 3478 4851 mortalis,
3506 4784 3608 4841 nisi
3631 4801 3821 4857 asper-

2234 4880 2452 4941 geretur
2475 4869 2706 4941 desuper
2742 4871 2890 4927 velut
2926 4872 3232 4929 tenuissima
3268 4874 3514 4945 quaedam
3564 4891 3690 4932 aura
3727 4878 3821 4947 ju-

2236 4962 2397 5019 stitiaa
2417 5003 2433 5028 ,
2462 4962 2618 5017 citius
2645 4976 3033 5031 aresceremus,
3064 4978 3224 5033 quam
3252 4964 3545 5021 sitiremus.
3575 4965 3821 5037 Quapro-

2235 5060 2357 5123 pter
2377 5067 2500 5108 cum
2524 5051 2701 5109 dando
2724 5061 2782 5111 et
2807 5054 3118 5126 accipiendo
3144 5055 3284 5112 inter
3319 5071 3379 5111 se
3417 5056 3692 5113 hominum
3733 5074 3824 5115 so-

2234 5145 2401 5200 cietas
2430 5153 2797 5213 connectatur,
2829 5146 3025 5202 dentur
3056 5154 3233 5203 autem
3276 5154 3332 5204 et
3372 5148 3701 5219 accipiantur
3735 5151 3823 5207 vel

2234 5236 2412 5295 debita
2439 5238 2526 5294 vel
2552 5252 2660 5294 non
2686 5238 2900 5307 debita;
2935 5240 3055 5310 quis
3085 5254 3192 5295 non
3220 5238 3395 5295 videat
3418 5241 3706 5310 iniquitatis
3734 5257 3822 5297 ar-

2232 5331 2322 5403 gui
2351 5331 2621 5387 neminem
2649 5345 2828 5402 posse,
2859 5331 2949 5403 qui
2974 5330 3118 5402 quod
3143 5330 3245 5386 sibi
3274 5330 3518 5398 debetur,
3545 5334 3820 5403 exegerit?

2233 5435 2333 5478 nec
2362 5436 2484 5478 eum
2508 5434 2676 5490 certe,
2706 5423 2797 5493 qui
2816 5422 2958 5494 quod
2984 5423 3033 5478 ei
3062 5422 3307 5490 debetur,
3328 5422 3532 5480 donare
3557 5424 3819 5482 voluerit?

2234 5511 2335 5568 boc
2358 5522 2536 5569 autem
2563 5529 2670 5570 non
2699 5529 2818 5571 esse
2844 5513 2897 5568 in
2926 5527 3110 5569 eorum
3138 5514 3230 5585 qui
3255 5513 3524 5571 debitores
3550 5516 3819 5593 sunt,_sed

2294 5673 2312 5702 ι
2336 5670 2409 5719 sic
2429 5675 2501 5720 Er.
2532 5676 2584 5721 et
2604 5668 2797 5732 aliquot
2809 5674 2917 5718 MS.
2936 5674 3142 5732 AtgLov.,
3168 5680 3263 5732 non
3283 5667 3497 5732 uolentis.

2292 5728 2702 5797 ’_Editi,gstabiti'
2728 5728 2859 5793 ﬁde;
2915 5730 3089 5793 omism
3127 5728 3371 5794 particula
3386 5740 3409 5794 ,‘
3448 5730 3524 5793 in,'
3561 5744 3706 5797 quam
3750 5743 3820 5783 ex

2226 5793 2505 5844 Corbeiensi
2522 5800 2604 5843 Ms.
2631 5804 2928 5843 revocamus.
