4134 6208
302 388 402 448 ηε

304 502 361 557 in
385 500 502 571 ejus
523 497 609 554 cui
639 496 870 554 debetur
891 477 1151 551 arbitrio?
1189 491 1314 548 Hice
1342 492 1537 563 imago,
1574 489 1680 557 vel,
1708 497 1766 544 ut
1806 503 1895 544 su-

305 610 401 666 pra
448 592 558 649 dixi
585 634 600 659 ,
645 590 930 661 vestigium
977 587 1204 658 negotiis
1247 584 1519 641 hominum
1567 582 1635 637 de
1686 579 1896 651 fastigio

302 699 517 741 summo
538 684 555 715 ³
587 682 853 752 :rqnitatis
882 681 1199 749 impressum
1227 684 1327 731 est.
1359 674 1494 731 Sunt
1525 674 1681 745 igitur
1708 686 1895 727 omnes

305 776 560 831 homines
582 774 599 845 (
621 771 1072 845 quandoquidem,
1103 778 1160 823 ut
1185 767 1470 837 Apostolus
1494 766 1568 820 ait
1589 806 1602 829 ,
1633 763 1699 818 In
1734 763 1898 817 Adam

303 886 478 925 omnes
503 868 788 921 moriuntur
819 864 878 938 [Ι
905 863 1023 919 Cor.
1055 879 1143 928 xv,
1170 860 1290 934 22],
1326 876 1355 914 a
1382 875 1487 930 quo
1513 859 1565 913 in
1593 857 1896 913 universum

303 977 478 1032 genus
513 959 806 1013 humanum
854 956 1003 1025 origo
1032 954 1245 1009 ducitur
1273 950 1583 1006 offensionis
1615 945 1751 1019 Dei)
1792 961 1897 1001 una

304 1052 556 1123 quzedam
604 1065 781 1106 massa
826 1047 1070 1119 peccati,
1113 1044 1433 1116 supplicium
1462 1043 1664 1098 debeas
1704 1041 1899 1096 divina:

302 1159 640 1214 summaeque
672 1141 916 1212 justitite,
957 1138 1098 1210 quod
1139 1137 1252 1193 sive
1288 1137 1551 1206 exigatur,
1581 1134 1699 1189 sive
1726 1132 1896 1188 done-

305 1247 413 1304 tur,
447 1237 594 1292 nulla
622 1247 705 1292 est
734 1234 1004 1305 iniquitas.
1034 1233 1078 1286 Α
1102 1230 1295 1302 quibus
1333 1238 1511 1283 autem
1556 1225 1893 1296 exigendum,

302 1340 358 1387 et
390 1331 589 1402 quibus
608 1327 917 1384 donandum
947 1327 1036 1393 sit,
1066 1324 1296 1395 superbe
1322 1323 1562 1394 judicant
1587 1320 1894 1376 debitores:

302 1421 760 1494 quemadmodum
781 1418 1028 1475 conducti
1051 1417 1116 1473 ad
1144 1417 1285 1472 illam
1306 1416 1514 1471 vineam
1542 1413 1737 1483 injuste
1763 1412 1899 1467 indi-

300 1517 452 1586 gnati
490 1522 636 1579 sunt,
684 1528 806 1568 cum
846 1509 1175 1565 tantumdem
1220 1508 1341 1562 aliis
1383 1506 1693 1571 donaretur,
1724 1519 1898 1576 quan-

303 1615 420 1660 tntn
453 1607 558 1661 illis
585 1603 898 1661 redderetur
923 1602 942 1672 (
970 1600 1158 1655 Matth.
1204 1614 1302 1664 xx,
1349 1598 1408 1652 ll
1437 1596 1478 1669 ).
1524 1596 1703 1667 Itaque
1742 1595 1898 1665 hujus

302 1698 697 1767 impudentiam
727 1693 1040 1767 qumslionis
1070 1692 1140 1747 ita
1188 1689 1425 1765 retundit
1465 1687 1750 1759 Apostolus
1795 1705 1806 1741 :
1854 1685 1899 1740 0

304 1792 475 1855 homo,
500 1802 555 1845 tu
576 1791 689 1862 quis
704 1806 778 1857 es,
801 1789 887 1859 qui
912 1784 1217 1857 respondeas
1242 1783 1350 1838 Deo
1363 1785 1387 1839 ?
1402 1783 1491 1838 Sic
1509 1782 1652 1838 enim
1678 1795 1899 1851 respon—

304 1883 397 1942 det
422 1884 555 1949 Deo,
584 1899 708 1938 cum
759 1882 809 1938 ei
838 1880 1083 1950 displicet
1105 1877 1245 1950 quod
1280 1875 1347 1932 de
1376 1875 1741 1946 peccatoribus
1765 1888 1897 1929 con-

305 1976 548 2048 queritur
581 1975 744 2042 Deus,
773 1975 924 2046 quasi
954 1987 1270 2042 quemquam
1306 1971 1444 2023 Deus
1476 1982 1693 2037 peccare
1721 1973 1895 2037 cogat,

305 2069 351 2125 si
392 2065 765 2123 tantummodo
796 2067 816 2097 ²
856 2063 1167 2135 quibusdam
1214 2061 1552 2132 peccantibus
1592 2059 1898 2114 misericor-

306 2160 442 2216 diam
466 2158 868 2230 justiﬁcationis
884 2172 994 2210 sua:
1012 2170 1116 2209 non
1138 2150 1553 2223 largiatur,etob
1572 2149 1671 2203 hoc
1691 2149 1899 2203 dicatur

311 2250 577 2305 obdurare
605 2257 892 2318 peccantes
917 2245 1195 2315 quosdam,
1228 2244 1350 2314 quia
1378 2257 1482 2296 non
1510 2255 1695 2295 eorum
1737 2242 1896 2294 mise-

304 2350 472 2405 retur,
518 2355 627 2395 uon
656 2338 779 2409 quia
810 2335 1034 2407 impellit
1079 2346 1134 2389 ut
1183 2343 1422 2404 peccent.
1475 2332 1674 2386 Eorum
1719 2338 1896 2384 autem

305 2446 410 2486 non
438 2430 747 2495 miseretur,
775 2428 968 2498 quibus
995 2424 1413 2480 misericordiam
1457 2438 1560 2477 non
1604 2435 1722 2475 esse
1760 2434 1899 2489 prte-

306 2524 557 2587 hcndam,
587 2522 839 2593 tequilate
877 2520 1233 2575 occultissima
1272 2527 1326 2572 et
1356 2518 1424 2571 ab
1453 2516 1701 2570 humanis
1728 2514 1899 2570 sensi-

306 2619 411 2673 bus
452 2616 809 2673 remotissima
829 2615 1049 2685 judieat.
1079 2611 1441 2667 Inscrntabilia
1482 2610 1623 2663 cuitu
1666 2618 1792 2663 sunt
1814 2609 1901 2673 ju-

303 2710 444 2765 dicia
477 2709 615 2779 ejus,
645 2718 698 2764 ct
724 2706 1115 2777 invest‘gahiles
1142 2706 1240 2758 via:
1272 2705 1434 2774 ipsius
1466 2702 1639 2775 (Rom.
1669 2719 1741 2769 SI,
1780 2700 1895 2770 55).

302 2803 664 2874 Conqueritur
689 2811 866 2855 autem
893 2800 1034 2869 juste
1060 2798 1125 2852 de
1147 2796 1535 2867 peccatoribw,
1562 2803 1809 2865 tanquam
1831 2793 1899 2849 de

310 2895 395 2950 his
421 2908 562 2965 quos
592 2907 814 2963 peccare
844 2890 957 2961 ipse
999 2906 1103 2949 non
1132 2888 1291 2959 cogit.
1339 2887 1503 2941 Simul
1541 2888 1699 2940 etiam
1745 2893 1802 2939 ut
1844 2883 1899 2938 hi

305 3001 531 3057 quorum
584 2984 891 3047 miseretur,
941 2981 1078 3034 hanc
1125 2993 1338 3049 quoque
1390 2975 1618 3030 habeant
1663 2974 1897 3030 voeatio-

308 3092 472 3140 nem;
525 3084 581 3130 ut
624 3073 755 3129 dum
799 3072 1142 3142 conqueritur
1192 3071 1329 3124 Dens
1377 3068 1443 3124 de
1487 3068 1895 3138 peccatoribus,

309 3175 739 3238 compunguntnr
765 3164 947 3228 corde,
974 3173 1132 3233 atque
1161 3161 1226 3215 ad
1265 3160 1380 3229 ejus
1420 3159 1643 3230 gratiam
1669 3173 1898 3213 convcr-

308 3270 504 3315 tantur.
527 3258 680 3314 iuste
703 3271 834 3326 ergo
858 3254 1220 3324 conqueritur,
1246 3260 1299 3305 et
1330 3249 1768 3305 misericorditer.

377 3353 463 3407 I7.
504 3350 611 3406 Sed
657 3349 702 3404 si
745 3348 845 3402 hoc
871 3353 1076 3410 movet,
1110 3342 1249 3414 quod
1280 3341 1529 3396 voluntati
1570 3340 1688 3408 ejus
1724 3338 1901 3393 nullus

308 3445 529 3509 resistit,
561 3441 686 3512 quia
717 3441 802 3494 cui
832 3438 941 3491 vult
970 3436 1235 3501 subvenit,
1268 3442 1321 3489 et
1348 3449 1503 3503 quem
1532 3432 1643 3486 vult
1666 3432 1897 3496 deserit;

315 3553 429 3592 cum
458 3545 515 3591 et
544 3534 639 3589 ille
664 3532 749 3587 cui
779 3530 1045 3596 subvenit,
1075 3537 1129 3582 et
1160 3528 1247 3581 ille
1274 3541 1429 3596 quem
1461 3524 1680 3589 deserit,
1710 3538 1774 3578 ex
1805 3538 1899 3577 ea-

311 3633 425 3688 dem
454 3646 637 3688 massa
666 3630 773 3683 sint
805 3638 1162 3698 peccatorum,
1191 3634 1245 3680 et
1270 3624 1511 3693 quamvis
1538 3623 1728 3678 debeat
1754 3630 1901 3676 uter-

308 3740 406 3795 que
439 3721 770 3793 supplicium
791 3761 806 3784 ,
833 3719 902 3774 ab
929 3733 1032 3772 uno
1063 3726 1237 3771 tamen
1264 3716 1523 3784 exigatur,
1550 3714 1704 3769 alteri
1733 3712 1902 3767 done-

310 3824 391 3870 tur
411 3833 427 3869 :
450 3816 496 3871 si
531 3815 638 3868 hoc
681 3826 810 3881 ergo
848 3818 1052 3873 movet;
1085 3807 1129 3863 0
1158 3808 1328 3873 homo,
1366 3816 1419 3860 tu
1449 3808 1560 3877 quis
1587 3822 1668 3871 es,
1709 3804 1793 3874 qui
1819 3819 1901 3857 re-

309 3909 556 3979 spondeas
576 3906 727 3961 Deo?
752 3905 996 3960 Arbitror
1016 3904 1155 3956 enim
1183 3901 1285 3955 sub
1305 3901 1490 3956 eadem
1520 3898 1906 3970 signiﬁcatione

311 4001 561 4072 positum,
583 3996 730 4069 quod
758 3996 960 4051 dictqu
987 4002 1091 4060 est,
1118 3994 1266 4047 homo
1290 4010 1308 4058 ;
1334 3992 1435 4046 sub
1462 4005 1565 4061 qua
1592 3999 1645 4044 et
1671 3987 1798 4042 illud
1826 3986 1907 4041 di-

312 4092 471 4156 citur,
501 4089 690 4143 Nonne
719 4088 946 4141 homines
975 4086 1110 4149 estis,
1138 4094 1185 4137 et
1209 4083 1484 4138 secundum
1516 4081 1764 4135 hominem
1788 4094 1903 4131 am-

316 4182 545 4237 bullatis?
570 4180 646 4236 Ibi
677 4180 822 4235 enim
851 4178 1092 4241 carnales
1131 4184 1186 4231 et
1218 4174 1475 4231 animales
1514 4179 1764 4227 notantur
1806 4169 1909 4225 hoc

314 4274 550 4339 nomine,
581 4272 778 4344 quibus
819 4270 1032 4336 dicitur,
1065 4267 1183 4322 Non
1226 4267 1365 4339 potui
1408 4266 1545 4336 loqui
1585 4264 1721 4318 vobis
1763 4262 1909 4334 quasi

315 4366 677 4438 spiritualibus,
721 4364 810 4418 sed
850 4362 997 4434 quasi
1035 4360 1359 4423 carnalibus;
1386 4366 1439 4413 et
1468 4357 1597 4412 illud
1618 4399 1632 4421 ,
1665 4354 1910 4410 Nondum

317 4461 444 4514 enim
487 4456 736 4530 poteratis
761 4472 779 4510 :
806 4455 895 4510 sed
925 4470 1081 4525 neque
1107 4451 1273 4505 adhuc
1300 4450 1503 4518 potestis
1522 4492 1536 4514 ,
1571 4448 1738 4502 adhuc
1777 4447 1910 4502 enim

318 4553 433 4605 estis
457 4550 697 4605 carnales
723 4548 766 4617 (I
796 4546 913 4602 Cor.
945 4561 1021 4611 ttt,
1051 4542 1174 4616 l-b),
1203 4554 1257 4599 et
1288 4542 1438 4605 iIIud,
1468 4541 1712 4595 Animalia
1740 4550 1912 4594 autem

317 4646 466 4700 homo
514 4660 619 4697 non
663 4640 873 4712 percipit
912 4654 1025 4708 quia
1067 4646 1182 4690 sunt
1208 4635 1431 4706 Spiritus
1454 4632 1549 4687 Dei
1571 4630 1682 4702 (Id.
1706 4648 1763 4698 it,
1795 4630 1907 4701 M).

317 4735 408 4791 Itis
445 4749 580 4803 ergo
613 4732 830 4794 dicitur,
876 4729 920 4783 0
950 4730 1120 4793 homo,
1160 4736 1214 4780 tu
1248 4727 1358 4798 quis
1388 4743 1460 4791 es,
1493 4726 1578 4794 qui
1607 4722 1912 4793 respondeas

319 4826 466 4882 Deo?
512 4823 774 4896 Numquid
803 4822 924 4875 dicit
954 4821 1247 4891 ﬁgmentum
1275 4818 1317 4872 ei
1351 4818 1435 4887 qui
1464 4832 1516 4870 se
1537 4815 1706 4884 ﬁnxit,
1741 4814 1913 4881 Quare

315 4934 393 4972 nte
421 4918 497 4972 sic
523 4915 727 4987 fecisti?
750 4914 849 4967 Aut
879 4928 979 4966 non
1005 4910 1149 4964 habet
1177 4917 1469 4980 potestatem
1495 4907 1685 4977 ﬁgulus
1715 4906 1829 4972 luti,
1851 4921 1915 4960 ea:

315 5010 490 5064 eadem
510 5006 868 5076 conspersione
889 5007 1055 5075 facere
1074 5002 1215 5056 aliud
1235 5001 1433 5072 quidem
1460 5015 1545 5053 vas
1570 4999 1621 5053 in
1650 5000 1910 5061 honorem,

314 5102 459 5155 aliud
484 5101 538 5153 in
566 5095 968 5153 contumeliam?
996 5094 1074 5149 Eo
1105 5095 1220 5164 ipso
1250 5092 1478 5147 fortasse
1517 5089 1648 5145 satis
1681 5087 1916 5145 ostendit

315 5210 375 5251 se
403 5192 609 5248 homini
640 5190 846 5246 carnali
873 5188 1052 5259 loqui;
1083 5185 1333 5257 quoniam
1376 5183 1477 5237 hoc
1516 5182 1671 5236 limus
1699 5182 1814 5251 ipse
1837 5180 1914 5235 si-

314 5287 554 5356 gniﬁcat,
599 5284 741 5339 unde
788 5282 990 5353 primus
1045 5280 1206 5336 homo
1249 5277 1511 5332 formatus
1539 5284 1621 5329 est
1656 5281 1753 5329 :et
1791 5273 1914 5343 quia

318 5396 526 5443 omnes,
572 5387 634 5432 ut
681 5378 790 5447 jam
839 5371 1289 5437 commemoravi,
1329 5365 1619 5423 secundum
1666 5366 1915 5421 eumdem

389 5491 403 5520 ι
428 5496 551 5537 Tres
572 5487 784 5535 \‘atieani
810 5491 938 5543 Mss,
976 5493 1191 5543 summer.
1218 5478 1457 5546 tanloque
1482 5485 1588 5546 lost
1619 5477 1771 5546 iidem
1804 5475 1919 5546 libri

316 5549 523 5620 habent,
547 5563 579 5619 ᾳ
610 5560 705 5618 quo
728 5537 1002 5596 mrirersitm
1032 5538 1180 5607 genus
1217 5537 1491 5591 humanum
1506 5537 1741 5603 originem
1781 5537 1919 5589 ducit

318 5613 1039 5730 sbdatmttutmnoda.
1078 5674 1377 5730 Atqueuztus
1403 5678 1463 5713 ex
1500 5662 1576 5711 his
1599 5660 1915 5730 Gonovcﬁeus

317 5721 682 5800 μηιιωέωιιε
702 5731 855 5800 addit.
878 5744 989 5800 ςυιη
1006 5728 1106 5795 ipse
1128 5721 1364 5800 ιίεξηίιιιξηξ
1384 5737 1587 5800 recente
1612 5721 1918 5800 cette-Alite

318 5785 487 5846 'sutem
510 5808 577 5846 ex
612 5785 852 5843 Vaticanis
884 5785 1035 5854 intra,"
1066 5804 1153 5855 pro
1190 5785 1428 5853 largiatur
1453 5795 1505 5839 ct
1529 5785 1739 5848 dicatur,
1762 5785 1916 5835 habet

319 5855 532 5925 largitur
555 5863 613 5908 et
633 5855 832 5907 dicitur.

1686 372 1889 430 LIBER
1923 373 2195 433 PRIMUS.

2005 487 2317 560 Apostolum
2346 492 2401 547 in
2425 492 2590 548 Adam
2614 496 2918 564 moriuntur,
2954 511 3113 553 unam
3146 488 3279 555 dicit
3304 514 3424 558 esse
3452 517 3589 560 con-

2004 584 2333 653 spersionem
2357 586 2613 640 omnium.
2638 586 2703 641 Et
2728 588 2966 657 quamvis
2995 589 3137 644 aliud
3167 606 3259 646 vas
3286 593 3376 647 ﬁat
3406 593 3456 647 in
3486 594 3584 649 ho-

2003 690 2209 741 norem,
2233 675 2375 730 aliud
2402 680 2453 731 In
2479 680 2885 746 contumeliam;
2918 690 3094 736 tamen
3121 691 3175 737 et
3203 683 3329 738 illud
3354 685 3495 755 quod
3526 684 3585 742 ﬁt

2005 770 2057 823 in
2088 769 2366 837 honorem,
2399 786 2616 827 necesse
2641 782 2723 827 est
2753 783 2810 827 ut
2840 775 3053 829 carnale
3079 790 3197 829 esse
3234 777 3468 847 incipiat,
3500 786 3586 833 at-

2003 876 2108 931 que
2138 860 2261 916 inde
2291 862 2341 915 in
2370 862 2697 932 spiritualem
2728 874 3009 935 consurgat
3035 876 3243 921 aetatem
3269 869 3305 920 ι.
3331 867 3585 933 Quando-

2003 953 2215 1023 quidem
2242 953 2350 1023 jam
2379 955 2431 1008 in
2458 956 2714 1011 honorem
2745 957 2865 1012 facti
2892 968 3063 1025 erant,
3087 969 3140 1015 et
3165 960 3215 1013 in
3237 959 3451 1015 Christo
3475 962 3587 1031 jam

2004 1044 2112 1099 nati
2138 1053 2290 1099 erant
2315 1063 2329 1099 :
2353 1044 2446 1100 sed
2474 1053 2651 1102 tamen
2677 1049 2927 1118 quoniam
2962 1051 3209 1120 parvulos
3242 1051 3417 1108 adhuc
3448 1052 3585 1107 allo-

2003 1137 2199 1208 quitur,
2244 1137 2403 1193 etiam
2450 1138 2595 1208 ipsos
2639 1141 2881 1196 carnales
2928 1141 3183 1212 appellat,
3215 1142 3589 1199 dicenszNon

2004 1232 2146 1301 potui
2182 1231 2320 1302 loqui
2345 1231 2480 1285 vobis
2504 1232 2647 1303 quasi
2684 1233 3053 1303 spiritualibus,
3082 1234 3171 1289 sed
3194 1236 3339 1306 quasi
3363 1238 3558 1291 carnali
3566 1267 3586 1278 -

2004 1322 2110 1375 bus.
2140 1321 2300 1389 Quasi
2326 1322 2549 1391 parvulis
2574 1322 2625 1377 in
2647 1322 2842 1377 Christo
2874 1323 2950 1376 lac
2976 1324 3111 1378 vobis
3133 1335 3306 1396 potum
3325 1325 3461 1392 dedi,
3486 1343 3586 1382 non

2003 1430 2169 1467 escam
2183 1432 2204 1480 ;
2232 1430 2388 1484 neque
2414 1415 2548 1468 enim
2572 1416 2810 1485 poteratis
2833 1430 2851 1468 :
2875 1414 2963 1469 sed
2980 1432 3067 1469 nec
3088 1416 3255 1471 adhuc
3274 1418 3474 1488 quidem
3503 1435 3588 1488 po-

2005 1507 2176 1572 testis;
2206 1508 2374 1561 adhuc
2400 1508 2531 1562 enim
2552 1509 2669 1563 estis
2694 1510 2940 1563 carnales.
2964 1509 3217 1576 Quamvis
3241 1526 3368 1581 ergo
3393 1528 3586 1567 carna-

2004 1597 2081 1653 les
2107 1606 2204 1653 eos
2226 1612 2345 1654 esse
2374 1599 2550 1665 dicat;
2585 1609 2761 1655 tamen
2789 1600 2897 1670 jam
2930 1601 2983 1655 in
3009 1599 3220 1656 Christo
3249 1612 3423 1669 natos,
3452 1610 3506 1657 et
3532 1602 3587 1657 in

2005 1688 2095 1744 illo
2140 1690 2408 1759 parvulos,
2454 1698 2509 1745 et
2535 1690 2672 1745 lacte
2716 1691 2994 1761 potandos.
3037 1693 3103 1747 Et
3144 1693 3283 1763 quod
3328 1693 3587 1764 adjungit,

2006 1779 2116 1835 Nec
2140 1782 2309 1835 adhuc
2334 1782 2534 1852 quidem
2563 1784 2785 1853 potestis,
2814 1784 3048 1838 ostendit
3075 1785 3412 1854 proﬁcientes
3439 1783 3586 1838 futu-

2003 1889 2122 1930 rum
2161 1889 2280 1929 esse
2306 1883 2363 1929 ut
2392 1875 2625 1945 possint;
2655 1875 2775 1945 quia
2799 1874 2910 1945 jam
2940 1876 2992 1930 in
3025 1877 3104 1931 eis
3130 1876 3477 1945 Spiritualiter
3502 1891 3588 1932 re-

2004 1966 2143 2021 natis
2170 1966 2339 2036 gratia
2366 1966 2536 2021 fuerat
2568 1966 2811 2022 inchoata
2838 1967 3044 2039 'sErgo
3063 1968 3172 2038 jam
3201 1984 3323 2024 vasa
3354 1979 3509 2025 erant
3533 1970 3589 2025 in

2003 2056 2261 2112 honorem
2306 2056 2463 2124 facta,
2492 2058 2684 2128 quibus
2709 2059 2883 2115 adhuc
2910 2067 3086 2114 tamen
3124 2070 3267 2115 recte
3300 2060 3587 2128 diceretur,

2006 2146 2051 2203 0
2077 2149 2246 2216 homo,
2272 2158 2326 2203 tu
2351 2152 2461 2221 quis
2486 2167 2555 2216 es,
2595 2151 2682 2221 qui
2711 2151 3015 2222 respondeas
3051 2150 3198 2205 Deo?
3230 2152 3297 2207 Et
3322 2152 3367 2206 si
3399 2153 3592 2209 talibus

2002 2251 2148 2295 recte
2187 2240 2400 2306 dicitur,
2433 2242 2601 2297 multo
2644 2243 2843 2298 rectius
2884 2245 2962 2298 eis
3003 2244 3091 2314 qui
3119 2244 3204 2298 vel
3235 2245 3468 2299 nondum
3516 2245 3591 2302 ita

2003 2334 2297 2402 regenerati
2328 2342 2471 2401 sunt,
2498 2335 2582 2389 vel
2608 2334 2766 2390 etiam
2795 2336 2846 2388 in
2877 2336 3251 2390 contumeliam
3283 2334 3426 2391 facti.
3455 2335 3586 2392 Illud

2003 2424 2372 2479 tantummodo
2411 2425 2726 2481 inconcussa
2753 2424 2856 2480 ﬁde
2887 2433 3150 2492 teneatur,
3191 2427 3332 2497 quod
3367 2443 3472 2481 non
3519 2428 3592 2483 sit
3618 2432 3632 2447 '

2003 2515 2254 2586 iniquitas
2282 2515 2420 2586 apud
2447 2517 2609 2571 Deum
2638 2534 2651 2570 :
2684 2517 2772 2587 qui
2800 2518 2912 2572 sive
2935 2517 3117 2583 donet,
3147 2518 3258 2572 sive
3286 2518 3462 2588 exigat
3490 2517 3589 2574 de-

2002 2605 2194 2674 bitum,
2218 2622 2316 2662 nec
2341 2608 2431 2663 ille
2457 2622 2486 2662 a
2512 2622 2618 2679 quo
2639 2608 2819 2679 exigit,
2849 2617 2993 2664 recte
3020 2618 3192 2679 potest
3218 2608 3285 2665 de
3316 2609 3590 2679 iniquitate

2002 2698 2117 2768 ejus
2142 2700 2417 2770 conqueri,
2437 2714 2538 2755 nec
2562 2699 2653 2755 ille
2672 2701 2757 2755 cui
2778 2700 2959 2766 donat,
2987 2701 3143 2758 debet
3166 2701 3234 2757 de
3254 2702 3364 2756 suis
3384 2702 3591 2757 meritis

2001 2791 2235 2863 gloriari.
2268 2793 2333 2846 Et
2363 2792 2451 2847 ille
2474 2793 2638 2857 enim,
2670 2792 2768 2847 nisi
2798 2792 2940 2863 quod
2970 2793 3213 2860 debetur,
3242 2807 3347 2848 non
3374 2793 3547 2849 reddit
3573 2809 3588 2848 :

2002 2896 2056 2942 ct
2082 2886 2172 2941 ille
2198 2901 2303 2941 non
2332 2884 2511 2952 habet,
2543 2886 2644 2940 nisi
2673 2885 2817 2956 quod
2846 2886 3070 2955 accepit.

2077 2977 2162 3032 18.
2203 2976 2309 3032 Sed
2339 2976 2645 3032 enitendum
2676 2985 2760 3033 est
2786 2976 2888 3033 hoc
2914 2978 3050 3043 loco,
3082 2978 3126 3032 si
3158 2977 3414 3033 Dominus
3441 2977 3593 3049 adju-

2004 3080 2110 3136 vet,
2147 3070 2331 3126 vidcre
2369 3069 2815 3139 quemadmodum
2854 3079 2909 3124 et
2955 3070 3080 3125 illud
3118 3087 3303 3127 verum
3331 3073 3419 3139 sit,
3449 3072 3594 3142 quod

2003 3163 2258 3232 scriptum
2286 3171 2387 3229 est,
2414 3160 2563 3216 Nihil
2591 3162 2742 3216 odisti
2771 3177 2943 3215 eorum
2968 3178 3082 3231 qua:
3124 3164 3324 3233 fecisti(
3350 3164 3480 3232 Sap.
3512 3179 3590 3230 χι,

2003 3254 2122 3325 25);
2146 3265 2199 3310 et
2226 3254 2374 3320 illud,
2402 3252 2563 3308 Iacob
2591 3254 2765 3319 dilexi,
2784 3252 2926 3309 Esau
2947 3264 3114 3308 autem
3144 3256 3258 3309 odio
3281 3255 3433 3309 habui
3456 3256 3597 3328 (Ma-

2005 3354 2138 3408 lach.
2166 3368 2203 3419 ι,
2230 3352 2387 3424 2,*5).
2429 3351 2483 3408 Si
2528 3352 2669 3407 enim
2713 3360 2995 3423 propterea
3037 3351 3178 3407 Esau
3220 3351 3345 3406 odio
3389 3352 3591 3420 habuit,

2005 3445 2126 3514 quia
2155 3459 2248 3499 vas
2275 3442 2473 3498 factum
2502 3452 2619 3498 erat
2656 3444 2709 3497 in
2739 3443 3141 3511 contumeliam,
3170 3451 3224 3499 et
3248 3442 3390 3498 aliud
3418 3458 3510 3498 vas
3539 3443 3595 3499 iu

2005 3537 2285 3602 honorem,
2330 3536 2471 3591 aliud
2517 3536 2571 3591 in
2614 3534 2993 3592 contumeliam
3040 3535 3183 3590 idem
3225 3536 3418 3606 ﬁgulus
3446 3535 3593 3604 fecit,

2005 3632 2274 3702 quomodo
2316 3631 2445 3685 nihil
2487 3631 2640 3685 odisti
2682 3647 2853 3685 eorum
2881 3646 2996 3701 quae
3038 3629 3233 3700 fecisti?
3268 3629 3408 3684 Ecce
3451 3629 3595 3683 enim

2007 3725 2120 3779 odit
2158 3724 2322 3788 Esau,
2364 3722 2506 3793 quod
2545 3737 2637 3777 vas
2681 3723 2795 3793 ipse
2823 3722 2949 3778 fecit
2979 3722 3030 3775 in
3067 3721 3463 3776 contumeliam.
3493 3719 3595 3787 Qui

2007 3817 2179 3873 nodus
2198 3816 2265 3869 ita
2284 3814 2526 3879 solvitur,
2542 3815 2586 3868 si
2603 3814 2958 3885 intelligamus
2973 3814 3208 3866 omnium
3227 3821 3599 3866 creaturarum

2009 3924 2129 3964 esse
2157 3907 2417 3962 artiﬁcem
2442 3906 2632 3960 Deum.
2655 3904 2840 3960 Omnis
2866 3912 3042 3957 autem
3073 3911 3316 3957 creatura
3343 3902 3434 3957 Dei
3461 3902 3601 3958 bona

2010 4011 2093 4057 est
2122 4002 2166 4069 (l
2197 4000 2328 4054 Tim.
2352 4015 2427 4066 tv,
2453 3997 2545 4069 4);
2576 4006 2629 4052 et
2666 3996 2841 4052 omnis
2872 3995 3032 4049 homo
3071 3995 3124 4048 in
3154 4002 3411 4064 quantum
3439 3994 3600 4050 homo

2010 4102 2114 4158 est,
2147 4101 2389 4147 creatura
2418 4099 2519 4156 est,
2562 4104 2667 4144 non
2711 4089 2761 4141 in
2803 4097 3057 4159 quantum
3094 4094 3341 4157 peccator
3377 4097 3477 4144 est.
3507 4088 3604 4145 Est

2012 4200 2140 4257 ergo
2165 4192 2373 4240 creator
2394 4184 2538 4239 Deus
2561 4191 2614 4238 et
2640 4180 2881 4251 corporis
2909 4187 2964 4235 et
2990 4179 3154 4234 animi
3196 4178 3432 4234 humani.
3456 4178 3602 4236 Neu-

2014 4288 2153 4334 trum
2203 4278 2391 4331 horum
2434 4274 2655 4342 malum,
2696 4282 2751 4330 et
2793 4282 3039 4329 neutrum
3094 4271 3205 4326 odit
3252 4271 3392 4327 Dens
3423 4289 3436 4325 :
3471 4272 3604 4328 nihil

2013 4374 2154 4429 enim
2193 4371 2307 4426 odit
2342 4384 2526 4425 eorum
2554 4385 2673 4439 quae
2705 4367 2846 4423 t‘ccit.
2875 4367 2973 4423 Est
2999 4378 3177 4422 autem
3214 4365 3423 4421 animus
3463 4381 3603 4437 pra:-

2012 4468 2239 4525 stantior
2290 4479 2549 4535 corpore;
2582 4463 2723 4517 Deus
2767 4477 2900 4518 vero
2947 4469 3001 4516 et
3042 4461 3223 4515 animo
3259 4471 3314 4514 et
3356 4474 3601 4530 corpore,

2014 4563 2295 4630 utriusque
2318 4558 2603 4614 eﬂ‘ectoret
2630 4555 2892 4619 conditor,
2912 4569 3010 4608 nec
3037 4554 3148 4608 odit
3177 4553 3227 4605 in
3261 4552 3475 4606 homine
3504 4552 3606 4607 nisi

2015 4662 2314 4724 peccatum.
2343 4649 2441 4704 Est
2478 4658 2655 4702 autem
2697 4651 2974 4717 peccatum
3015 4643 3245 4697 hominis
3285 4642 3608 4698 inordinatio

2014 4753 2175 4816 atque
2224 4740 2578 4812 perversitas;
2620 4736 2673 4791 id
2714 4746 2818 4802 est,
2858 4750 2888 4789 a
2928 4734 3293 4805 praestantiore
3321 4732 3608 4788 Conditore

2016 4834 2247 4898 aversio,
2274 4842 2329 4888 et
2356 4830 2423 4886 ad
2452 4828 2663 4886 condita
2693 4826 2943 4882 inferiora
2970 4823 3272 4878 conversio.
3305 4822 3418 4877 Non
3452 4824 3608 4892 igitur

2017 4928 2131 4984 odit
2155 4927 2295 4981 Deus
2320 4924 2462 4980 Esau
2502 4920 2796 4983 hominem,
2827 4916 2921 4972 sed
2948 4916 3062 4971 odit
3089 4915 3229 4969 Deus
3249 4912 3389 4966 Esau
3420 4927 3610 4981 pecca-

2018 5031 2210 5077 torem.
2235 5018 2387 5074 Sicut
2414 5015 2609 5071 dicitur
2637 5012 2705 5067 de
2732 5008 2977 5073 Domino,
3009 5005 3075 5060 In
3101 5022 3194 5061 sua
3218 5006 3426 5076 prapria
3453 5006 3605 5073 venit,

2018 5122 2067 5169 et
2090 5114 2171 5167 sui
2196 5127 2308 5164 eum
2334 5113 2434 5163 non
2463 5112 2757 5175 receperunt
2788 5102 2807 5171 (
2830 5099 2986 5154 Joan.
3016 5113 3053 5162 ι,
3083 5097 3143 5152 Η
3170 5093 3190 5170 )
3215 5113 3228 5148 :
3261 5096 3452 5169 quibus
3481 5097 3608 5151 item

2019 5208 2135 5277 ipse
2164 5204 2312 5269 dicit,
2353 5201 2452 5255 Vos
2482 5205 2746 5270 propterea
2774 5211 2875 5248 non
2899 5192 3107 5259 auditis,
3136 5191 3255 5264 quia
3279 5207 3378 5245 non
3407 5190 3523 5244 estis
3547 5203 3611 5243 ea:

2021 5297 2129 5352 Deo
2147 5294 2256 5367 (Id.
2282 5308 2392 5358 vui,
2415 5289 2527 5360 47).
2551 5280 2829 5354 Quomodo
2853 5284 2951 5351 sui,
2971 5281 3238 5354 quomodo
3264 5297 3361 5335 non
3382 5296 3444 5332 ea:
3463 5277 3571 5332 Deo
3588 5292 3610 5333 :

2022 5391 2122 5445 nisi
2166 5387 2288 5459 quia
2332 5384 2461 5439 illud
2501 5382 2701 5438 dictum
2740 5388 2823 5435 est
2866 5378 2932 5433 de
2977 5376 3300 5441 hominibus,
3332 5386 3465 5443 quos
3495 5373 3609 5442 ipse

2027 5484 2281 5541 Dominus
2328 5478 2566 5543 fecerat;
2618 5473 2745 5529 illud
2791 5472 2857 5528 de
2906 5467 3290 5541 peccatoribus,
3319 5479 3451 5535 quos
3494 5464 3606 5534 ipse

2026 5578 2280 5634 Dominus
2324 5568 2614 5642 arguebat?
2658 5566 2815 5623 iidem
2860 5576 3034 5620 tamen
3078 5560 3255 5631 ipsiet
3285 5557 3527 5611 homines
3554 5566 3607 5613 et

2025 5676 2368 5742 peccatores;
2409 5661 2505 5717 sed
2547 5659 2788 5715 homines
2818 5657 2911 5714 Dei
2945 5652 3266 5719 conditione,
3296 5658 3600 5723 peccatores

2090 5780 2106 5812 ι
2133 5784 2341 5837 Quatuor
2358 5781 2488 5836 Mss.,
2508 5770 2729 5838 gratiam,

2089 5843 2110 5874 ¹
2135 5833 2403 5890 victorinus
2424 5833 2598 5898 codex,
2622 5833 2910 5887 inchoatum.
