4134 6208
551 314 656 385 ω

555 432 766 504 propria
795 431 1084 495 voluntate.
1113 431 1265 505 Quod
1294 447 1421 503 ergo
1446 430 1613 486 Jacob
1646 430 1848 498 dilexit,
1879 430 2133 502 numquid

558 535 805 596 peccator
835 543 936 579 non
963 523 1112 580 erat?
1137 524 1240 579 Sed
1268 525 1451 580 dilexit
1473 525 1524 578 in
1544 541 1728 579 conon
1752 525 1959 593 culpam
1977 541 2134 594 quam

556 616 784 679 dolebat,
810 614 902 670 sed
926 616 1150 686 gratiam
1177 631 1334 685 quam
1363 615 1612 669 donabat.
1646 614 1776 669 Nam
1806 624 1861 669 ct
1895 615 2135 673 Christus

555 724 652 779 pro
699 708 871 778 impiis
919 715 1157 763 mortuus
1202 716 1285 761 est
1326 707 1498 779 (Rom.
1532 725 1582 769 v,
1609 708 1699 778 6):
1730 723 1832 762 non
1865 718 2039 763 tamen
2080 717 2138 764 ut

556 799 701 869 impii
743 799 1177 869 permanerent‘,
1208 799 1300 853 sed
1344 810 1398 853 ut
1437 798 1711 868 iustificati
1756 799 1822 855 ab
1868 798 2137 870 impietate

557 893 1053 959 converterentur’,
1082 891 1360 947 credentes
1391 891 1442 945 in
1478 907 1597 944 eum
1629 891 1717 960 qui
1744 891 1996 959 justilicat
2033 890 2136 944 im-

556 983 699 1054 pium
733 982 857 1055 (Id.
887 1000 960 1050 tv,
987 984 1075 1054 5);
1101 983 1212 1038 odit
1240 984 1381 1038 enim
1413 983 1548 1037 Deus
1578 982 1923 1052 impietatem.
1956 980 2136 1053 Itaque

556 1076 609 1132 in
637 1077 753 1132 aliis
780 1094 895 1133 eam
930 1079 1078 1146 punit
1119 1094 1211 1147 per
1236 1075 1666 1144 damnationem,
1704 1077 1755 1130 in
1795 1077 1912 1131 aliis
1951 1076 2138 1141 adimit

556 1166 1130 1238 periustiﬁcationem.
1163 1167 1604 1245 quemadmodum
1644 1167 1755 1236 ipse
1789 1166 1990 1239 judicat
2019 1182 2136 1223 esse

554 1260 854 1319 faciendum
905 1260 1007 1314 illis
1052 1260 1265 1332 judiciis
1316 1260 1761 1315 iuscrutabilibus.
1792 1259 1859 1315 Et
1886 1259 2025 1331 quod
2069 1276 2135 1316 ex

558 1367 780 1407 numero
822 1352 1125 1422 impiorum,
1165 1366 1297 1423 quos
1342 1367 1445 1404 non
1478 1350 1749 1421 justiﬁcat,
1780 1350 1905 1404 facit
1932 1365 2054 1404 vasa
2083 1351 2133 1404 in

492 1440 503 1531 ι
556 1444 953 1508 contumeliam,
986 1459 1091 1499 non
1121 1443 1222 1499 hoc
1252 1444 1301 1498 in
1334 1443 1410 1498 eis
1436 1443 1548 1500 odit
1579 1444 1717 1514 quod
1750 1442 1872 1500 facit
1900 1463 1913 1499 :
1941 1444 2136 1515 quippe

556 1535 609 1591 in
650 1546 903 1607 quantum
948 1536 1094 1607 impii
1137 1543 1280 1602 sunt,
1324 1537 1677 1591 exsccrabilcs
1704 1547 1858 1602 sunt;
1893 1538 1942 1592 in
1970 1552 2139 1608 quan-

557 1634 670 1681 tum
698 1635 873 1681 autem
902 1641 1026 1679 vasa
1056 1626 1208 1692 ﬁunt,
1232 1625 1297 1680 ad
1329 1626 1557 1696 aliquem
1588 1642 1740 1680 usmn
1770 1626 1921 1691 ﬁunt,
1950 1635 2008 1680 ut
2044 1643 2137 1696 per

552 1732 737 1774 eorum
783 1716 1054 1772 ordinatas
1096 1733 1279 1787 pinnas
1318 1733 1441 1772 vasa
1468 1734 1585 1788 quin
1621 1717 1749 1771 ﬁunt
1790 1716 1842 1770 in
1878 1716 2133 1771 honorem

553 1809 850 1880 proﬁciant.
884 1808 998 1863 Non
1028 1809 1204 1880 itaque
1233 1808 1344 1865 odit
1369 1809 1523 1875 Deus,
1552 1824 1648 1864 nec
1679 1810 1728 1863 in
1756 1821 2008 1880 quantum
2036 1810 2135 1865 ho-

554 1901 730 1957 mines
768 1908 911 1965 sunt,
941 1915 1040 1956 nec
1068 1900 1117 1953 in
1146 1909 1398 1970 quantum
1438 1915 1556 1954 vasa
1601 1911 1755 1966 sunt;
1801 1901 1850 1955 id
1894 1911 1992 1967 est,
2037 1916 2135 1957 nec

490 2019 503 2025 -
553 1991 715 2060 quod'
737 1992 789 2046 in
819 1992 894 2045 eis
925 1992 1046 2045 facit
1074 1980 1325 2059 creando,
1352 2007 1448 2046 nec
1474 1993 1612 2062 quod
1656 1993 1705 2045 in
1739 1993 1815 2048 cis
1844 1992 1967 2048 facit
1994 1992 2136 2051 ordi-

553 2082 729 2137 nando
754 2099 766 2132 :
793 2081 919 2135 nihil
948 2083 1089 2137 enim
1116 2082 1228 2137 odit
1256 2097 1441 2139 eorum
1473 2099 1590 2152 qua:
1633 2084 1775 2137 fecit.
1814 2083 1917 2139 Sed
1960 2096 2131 2141 tamen

555 2173 696 2242 quod
720 2188 841 2228 vasa
870 2188 962 2226 eos
1000 2172 1125 2227 facit
1159 2173 1491 2241 perditionis,
1522 2174 1585 2228 ad
1615 2190 1765 2229 usum
1790 2176 2134 2232 correctionis

553 2265 778 2320 aliorum
819 2264 963 2320 facit.
993 2265 1115 2320 Odit
1152 2268 1293 2320 enim
1340 2267 1390 2320 in
1433 2268 1511 2322 eis
1554 2269 1877 2336 impietatem
1906 2269 1946 2336 ³,
1975 2286 2132 2340 quam

477 2415 486 2423 ε
553 2355 666 2424 ipse
692 2371 795 2411 non
827 2356 966 2410 fecit.
992 2355 1136 2411 Sicut
1170 2359 1310 2413 enim
1336 2358 1498 2428 judex
1536 2360 1585 2412 in
1621 2359 1833 2415 homine
1871 2361 1982 2415 odit
2027 2361 2134 2415 fur-

553 2456 683 2510 tum,
729 2447 820 2502 sed
865 2464 969 2501 non
1011 2449 1124 2503 odit
1165 2449 1306 2518 quod
1372 2450 1527 2504 datur
1564 2452 1629 2505 ad
1674 2454 1977 2520 metallum;
2009 2454 2133 2509 illud

550 2539 691 2592 enim
721 2538 823 2606 fur,
852 2541 950 2594 hoc
972 2540 1132 2610 judex
1163 2539 1283 2596 facit
1309 2560 1320 2594 :
1352 2543 1420 2597 ita
1450 2544 1587 2599 Deus
1618 2546 1756 2616 quod
1784 2562 1847 2599 ex
1874 2562 2131 2616 consper-

550 2631 701 2685 sione
730 2632 1010 2702 impiorum
1040 2632 1165 2687 facit
1198 2650 1317 2688 vasa
1349 2635 1678 2704 perditionis,
1709 2653 1814 2691 non
1852 2638 1962 2693 odit
1990 2638 2131 2710 quod

550 2721 692 2789 facit,
727 2724 776 2776 id
821 2733 920 2789 est,
954 2738 1086 2794 Opus
1115 2724 1465 2779 ordinationis
1514 2741 1623 2780 sua:
1674 2728 1723 2785 in
1766 2743 1918 2798 pinna
1955 2729 2131 2784 debita

550 2814 884 2884 pereuntium
914 2814 957 2881 ⁸,
990 2815 1039 2868 in
1080 2830 1183 2885 qua
1223 2817 1559 2871 occasionem
1590 2818 1775 2875 salutis
1805 2820 1877 2873 illi
1906 2836 2130 2891 quorum

550 2904 869 2970 miseretur,
935 2904 1226 2959 inveniant.
1281 2904 1368 2961 Sic
1426 2907 1687 2962 Pharaoni
1748 2908 1947 2965 dictum
2007 2920 2127 2979 est,

548 2993 629 3047 Ad
682 2996 773 3047 hoc
820 3005 866 3048 te
913 2995 1124 3049 excitavi
1150 3038 1164 3061 ,
1218 3006 1272 3048 ut
1335 2999 1592 3051 ostendam
1648 3000 1697 3052 in
1756 3010 1803 3054 te
1860 2984 2131 3070 poientiam

549 3102 741 3152 meam,
783 3096 829 3139 et
874 3096 927 3140 ut
974 3089 1300 3142 annuntictur
1350 3106 1529 3144 nomen
1576 3108 1740 3145 meum
1792 3095 1844 3148 in
1899 3096 2130 3149 universa

547 3185 700 3231 terra.
742 3177 864 3231 llarc
900 3177 1285 3234 demonstratio
1326 3182 1576 3250 potentiae
1605 3182 1719 3247 Dei,
1754 3194 1807 3239 et
1846 3187 2127 3249 annuntia-

547 3267 621 3321 tio
665 3269 897 3323 nominis
937 3269 1052 3338 ejus
1100 3271 1151 3324 in
1200 3271 1447 3326 universa
1498 3280 1633 3327 terra
1686 3275 1897 3343 prodest
1946 3278 2022 3331 eis
2074 3286 2129 3332 ut

466 3412 467 3415 η
548 3359 786 3423 timeant,
820 3369 873 3415 et
900 3362 1011 3415 vias
1050 3377 1171 3416 suas
1211 3364 1511 3434 corrigunt,
1548 3365 1739 3434 quibus
1765 3371 1970 3422 vocatio
2009 3370 2127 3426 talis

545 3453 807 3521 congruit.
852 3452 939 3507 Sic
977 3464 1365 3523 consequenter
1406 3455 1533 3511 dicit
1569 3471 1582 3509 :
1633 3458 1694 3512 Si
1744 3470 1909 3513 autem
1958 3460 2128 3517 volens

544 3541 681 3595 Deus
707 3544 964 3597 ostendere
990 3544 1118 3598 iram
1137 3586 1152 3610 ,
1181 3555 1227 3599 et
1265 3545 1606 3602 demonstrare
1648 3553 1917 3619 potentiam
1945 3569 2087 3606 suam
2106 3595 2120 3620 ,

543 3633 709 3686 attulit
740 3634 793 3686 in
820 3634 979 3688 multa
1007 3635 1247 3705 patientia
1275 3653 1393 3689 vasa
1418 3638 1528 3703 irin,
1555 3655 1666 3708 qua:
1691 3646 1911 3711 perfecta
1930 3653 2047 3698 sunt
2072 3646 2127 3698 in

544 3724 871 3794 perditionem
908 3726 1284 3793 :subauditur,
1334 3726 1411 3781 Tu
1447 3730 1558 3799 quis
1586 3746 1657 3796 cs,
1694 3734 1791 3799 qui
1824 3735 2126 3805 respondeas

545 3813 692 3869 Deo?
717 3824 772 3870 ut
799 3826 1110 3874 recurreute
1139 3819 1397 3873 sententia
1426 3819 1493 3875 ad
1520 3822 1678 3875 verba
1706 3824 2000 3891 superiora,
2025 3826 2125 3883 iste

541 3908 609 3962 sit
636 3924 824 3964 sensus
857 3926 872 3963 :
902 3910 956 3965 Si
989 3911 1172 3966 volens
1188 3911 1327 3967 Deus
1357 3913 1638 3968 ostendere
1664 3915 1814 3983 iram,
1840 3919 2015 3972 attulit
2036 3935 2126 3973 va-

541 4014 597 4053 sa
627 4000 750 4067 irae;
779 4014 835 4054 tu
863 4002 983 4072 quis
1019 4017 1110 4068 es,
1142 4004 1230 4073 qui
1262 4004 1585 4074 respondeas
1617 4006 1762 4060 Deo?
1798 4007 1912 4062 Non
1948 4020 2122 4066 autem

538 4091 710 4144 solum
739 4092 906 4145 volens
931 4094 1189 4146 ostendere
1211 4095 1367 4160 iram,
1397 4104 1444 4149 et
1483 4096 1823 4151 demonstrare
1854 4102 2125 4169 potentiam

538 4198 685 4235 suam
712 4184 876 4235 attulit
911 4185 961 4237 in
991 4186 1151 4237 multa
1177 4187 1413 4254 patientia
1452 4203 1569 4239 vasa
1606 4188 1716 4255 irae,
1755 4207 1871 4255 ante
1904 4194 2125 4262 perfecta

453 4264 461 4273 ”
537 4285 651 4328 sunt
672 4275 723 4328 in
754 4276 1114 4342 perditionem;
1142 4276 1232 4329 sed
1263 4278 1420 4330 etiam
1447 4278 1586 4346 quod
1612 4281 1868 4348 sequitur,
1900 4293 1951 4335 ut
1982 4295 2127 4339 notas

541 4370 724 4437 faceret
762 4367 959 4420 divitias
993 4368 1169 4437 gloriae
1202 4384 1309 4421 sua:
1339 4369 1391 4422 in
1436 4387 1551 4423 vasa
1586 4373 1956 4428 misericordite.
1987 4376 2125 4442 Quid

538 4460 678 4513 enim
711 4458 924 4527 prodest.
959 4458 1097 4511 vasis
1128 4457 1372 4527 perfectis
1403 4460 1454 4513 in
1497 4461 1864 4530 perditionem,
1893 4467 2032 4535 quod
2061 4482 2122 4521 ea

540 4550 801 4620 patienter
827 4550 967 4603 Deus
992 4550 1235 4616 su5tinct,
1275 4560 1330 4604 ut
1362 4552 1604 4607 ordinate
1638 4553 1977 4623 disperdat",
2010 4566 2122 4612 uta-

541 4652 729 4713 turque
751 4643 854 4698 illis
884 4643 947 4696 ad
973 4642 1380 4698 instrumentum
1407 4645 1591 4698 Salutis
1620 4646 1864 4714 aliorum,
1895 4664 2120 4719 quorum

540 4735 862 4788 iuberetur?
887 4734 991 4789 Sed
1022 4735 1131 4789 illis
1153 4736 1330 4804 utique
1365 4736 1601 4804 prodest,
1633 4738 1698 4792 ad
1729 4755 1953 4809 quorum
1978 4743 2119 4798 salu-

540 4836 643 4880 teni
674 4828 786 4879 istis
811 4828 885 4881 sic
909 4828 1105 4891 utitur;
1139 4836 1189 4880 ut
1221 4828 1356 4881 sicut
1385 4827 1639 4896 scriptum
1666 4839 1767 4894 est,
1802 4832 1978 4899 justus
2006 4848 2121 4888 ma-

539 4932 637 4970 nus
676 4917 809 4971 lavet
837 4917 887 4970 in
918 4917 1172 4987 sanguine
1203 4919 1531 4987 peceatoris(
1560 4917 1701 4972 Psat.
1741 4937 1842 4974 nvo
1861 4965 1875 4987 ,
1907 4924 1963 4977 ll
1992 4924 2040 4993 ),
2068 4924 2121 4980 id

537 5019 636 5066 est,
660 5008 940 5060 mandetur
960 5008 1025 5061 ab
1046 5008 1464 5078 operibusmalis
1487 5025 1579 5078 per
1601 5009 1840 5065 timorem
1864 5012 1975 5080 Dei,
1999 5030 2119 5071 cum

538 5096 675 5149 videt
708 5097 975 5165 supplicia.
985 5108 1339 5166 peccatorum.
1373 5100 1524 5164 Quod
1551 5098 1679 5171 ergo
1705 5101 1874 5157 volens
1893 5107 2121 5161 ostende—

537 5203 591 5239 re
616 5187 762 5251 iram,
796 5188 961 5243 attulit
981 5192 1221 5254 vasairts,
1256 5190 1395 5244 valet
1417 5191 1483 5245 ad
1506 5192 1687 5248 utilem
1714 5193 1832 5249 aliis
1860 5206 2118 5264 praestan-

607 5344 619 5375 ι
649 5342 782 5403 mm,
832 5346 885 5392 ut
908 5338 1045 5403 impii
1076 5340 1249 5392 mortui
1285 5350 1633 5409 permanerent.
1666 5345 1831 5413 Abest,
1861 5349 2056 5413 mortui,
2090 5364 2118 5402 a

538 5411 774 5542 Mittas,
798 5467 1116 5542 nudarentur.
1206 5534 1228 5542 ἡ
1278 5526 1289 5542 ¹
1317 5531 1331 5542 Α
1533 5534 1545 5542 Δ
1794 5534 1813 5542 Δ
1868 5531 1878 5542 _

603 5529 623 5560 ³
642 5536 695 5598 μη
716 5535 822 5609 διεδ-
845 5526 1927 5609 “Jbewiﬂ‘i_=.§3f£-‘ai'e'3_¥£vasaesfaciet
1950 5536 2116 5609 penti-

537 5588 695 5663 tjonis,
728 5593 792 5639 ad
825 5602 963 5640 usum
1006 5588 1313 5641 correctionis
1352 5588 1582 5654 aliorum,
1626 5592 1726 5643 odit
1765 5588 1817 5646 i'n
1848 5596 1916 5648 eis
1946 5588 2116 5663 impie-

540 5654 708 5711 tatem,
745 5658 839 5701 etc.

603 5711 820 5777 {omnes
837 5712 943 5761 fere
968 5721 1092 5777 tttss.,
1114 5713 1432 5777 pereuntibus.

608 5773 628 5804 ³
643 5772 716 5820 sic
738 5778 844 5822 Mss.
871 5782 927 5824 At
950 5775 1085 5835 editi,
1107 5772 1157 5825 iit
1175 5776 1454 5833 ordinantcr
1474 5780 1737 5843 disperdat.

1148 313 1236 373 DE
1275 312 1587 372 DIVERSIS
1621 309 2139 382 QUESTIONIBUS
2172 311 2265 371 AD
2300 314 2796 390 SIMPLICIANUM,
2835 323 2892 379 S.
2934 323 3296 382 AUGUSTINI
3350 298 3361 301 ι

3730 329 3828 393 12‘

2244 435 2465 492 tandum
2493 438 2755 511 timorem,
2780 451 2825 495 et
2854 453 2907 501 ut
2936 455 3080 499 notas
3105 452 3289 519 faceret
3314 450 3511 508 diuitias
3529 453 3705 525 gloria:
3722 472 3825 519 sure

2244 525 2296 578 in
2312 544 2428 582 vasa
2444 531 2814 598 misericordiw,
2842 551 2954 605 qum
2974 539 3275 608 prwparavit
3297 540 3346 593 in
3370 542 3598 611 gloriam.
3620 545 3824 602 Etenim

2245 615 2521 675 obduratio
2543 621 2631 675 illa
2658 623 2935 692 impiorum
2960 635 3238 698 utrumque
3256 628 3604 702 demonstrat,
3630 637 3826 707 etquid

2247 704 2538 762 timendum
2595 710 2691 777 sit,
2750 724 2802 766 ut
2855 715 3075 785 quisque
3131 718 3322 788 pietate
3374 704 3734 778 convertatur;
3764 726 3828 781 ad

2246 795 2445 863 Deum;
2489 809 2541 853 et
2585 812 2794 870 quanta:
2836 806 3053 875 agenda:
3080 809 3185 862 sint
3231 811 3413 880 gratia:
3455 813 3827 869 miscricordim
3882 844 3893 871 ς

2249 888 2360 954 Dei,
2395 891 2483 961 qui
2511 893 2565 946 in
2585 895 2804 951 aliorum
2837 912 2987 965 [tanta
3012 899 3137 970 quid
3167 902 3283 955 aliis
3310 902 3469 957 donet
3500 907 3749 960 ostendit.
3773 905 3828 968 Si

2244 990 2418 1036 autem
2447 984 2554 1050 illa,
2579 1001 2733 1055 quam
2771 987 2837 1042 de
2871 990 2985 1043 aliis
3021 993 3199 1062 exigit,
3224 1010 3328 1048 non
3361 1007 3439 1049 est
3462 997 3601 1066 justa
3639 1014 3822 1068 poena;

2245 1071 2377 1128 nihil
2404 1073 2564 1129 donat
2599 1077 2737 1140 aliis,
2770 1093 2799 1131 a
2832 1081 3021 1150 quibus
3050 1098 3166 1136 eam
3200 1100 3304 1140 non
3335 1088 3513 1156 exigit.
3546 1089 3675 1155 Quia
3703 1107 3826 1146 vero

2246 1163 2330 1217 illa
2368 1165 2507 1235 justa
2538 1178 2638 1231 est,
2664 1178 2718 1224 et
2741 1170 2881 1224 nulla
2906 1183 2986 1227 est
3014 1175 3260 1245 iniquitas
3298 1181 3435 1248 apud
3476 1181 3826 1239 vindicantem

2245 1255 2431 1323 Deum,
2460 1259 2576 1327 quis
2603 1260 2832 1316 sufﬁciat
2853 1278 3010 1337 agere
3038 1268 3232 1335 gratias
3259 1269 3305 1325 ei
3333 1271 3418 1340 qui
3449 1271 3547 1327 hoc
3574 1275 3824 1341 remittit,

2243 1346 2384 1417 quod
2409 1349 2453 1402 si
2479 1349 2634 1404 vellet
2663 1351 2873 1423 exigere
2893 1396 2907 1421 ,
2940 1370 3093 1411 nemo
3122 1373 3182 1413 se
3211 1368 3354 1414 recte
3378 1360 3579 1417 diceret
3605 1379 3709 1418 non
3733 1364 3827 1420 de-

2243 1436 2370 1494 bere
2386 1439 2410 1492 ?

2316 1531 2401 1588 l9.
2447 1533 2582 1601 Quos
2620 1544 2668 1589 et
2696 1539 2885 1592 vocavit
2924 1557 3045 1607 nos,
3080 1542 3275 1615 inquit,
3313 1562 3413 1603 non
3452 1547 3615 1603 solum
3640 1566 3700 1604 ea;
3724 1548 3828 1603 Ju-

2243 1621 2384 1687 dwis,
2414 1624 2501 1677 sed
2525 1626 2676 1680 etiam
2706 1645 2769 1683 ea:
2793 1629 3035 1689 Gentibus
3058 1651 3077 1687 :
3101 1634 3150 1689 id
3172 1644 3273 1703 est,
3299 1653 3419 1692 vasa
3450 1640 3827 1698 misericordia:

2241 1728 2359 1782 qum
2384 1718 2697 1783 praeparavit
2725 1719 2776 1772 in
2802 1720 3044 1791 gloriam.
3071 1725 3182 1779 Non
3206 1727 3345 1781 enim
3378 1745 3562 1784 omnes
3587 1730 3825 1801 Judacos,

2242 1802 2335 1856 sed
2365 1819 2429 1858 ex
2454 1805 2652 1861 Judaeis
2677 1826 2688 1862 :
2714 1826 2812 1867 nec
2838 1826 3025 1868 omnes
3051 1817 3267 1871 omnino
3290 1818 3532 1875 homines
3553 1820 3825 1890 Gentium,

2241 1896 2335 1950 sed
2363 1912 2425 1950 ex
2458 1896 2735 1954 Gentibus.
2765 1901 2880 1958 Una
2912 1915 2993 1959 est
3022 1908 3164 1961 enim
3196 1924 3258 1963 ex
3293 1910 3458 1964 Adam
3486 1928 3659 1969 massa
3700 1928 3827 1982 pec-

2241 1996 2478 2044 catorum
2509 1999 2564 2045 et
2593 1993 2896 2062 impiorum,
2928 1997 2977 2051 in
3009 2013 3107 2069 qua
3157 2009 3210 2055 et
3246 2000 3410 2056 Judaei
3441 2012 3494 2058 et
3519 2004 3715 2061 Gentes
3741 2022 3827 2062 re-

2242 2092 2381 2135 mota
2404 2084 2570 2151 gratia
2605 2085 2695 2139 Dei
2726 2086 2790 2139 ad
2823 2102 2978 2142 uuam
3010 2092 3273 2159 pertinent
3293 2098 3743 2165 conspersionem.
3768 2097 3824 2154 Si

2241 2172 2386 2226 enim
2429 2173 2619 2243 ﬁgulus
2654 2176 2751 2231 loti
2789 2193 2853 2233 ex
2894 2180 3079 2235 eadem
3120 2186 3499 2253 conspersione
3538 2185 3659 2243 facit
3685 2190 3826 2246 aliud

2242 2264 2333 2317 vas
2364 2263 2414 2317 in
2453 2265 2706 2322 honorem
2731 2311 2745 2336 ,
2773 2269 2915 2324 aliud
2945 2288 3036 2327 vas
3076 2273 3125 2328 in
3154 2280 3560 2344 contumeliam;
3600 2282 3826 2338 manife-

2240 2362 2379 2407 stum
2421 2363 2504 2410 est
2535 2366 2708 2412 autem
2745 2360 2884 2430 quod
2922 2371 2975 2418 et
3004 2378 3067 2418 ex
3098 2364 3296 2421 Judieis
3326 2378 3448 2423 sunt
3489 2371 3589 2424 alia
3619 2388 3741 2428 vasa
3773 2375 3826 2431 in

2240 2444 2516 2513 honorem,
2547 2449 2646 2502 alia
2672 2450 2723 2504 in
2746 2455 3143 2523 contumeliam,
3170 2459 3306 2513 sicut
3326 2476 3390 2517 ex
3413 2460 3668 2519 Gentibus
3697 2484 3710 2519 :
3736 2482 3825 2524 se-

2238 2537 2416 2607 quitur
2457 2549 2512 2594 ut
2554 2541 2617 2596 ad
2660 2559 2816 2598 unam
2856 2550 3289 2617 conspersionem
3332 2568 3518 2609 omnes
3560 2557 3829 2627 pertinere

2240 2628 2615 2700 intelligantur.
2676 2634 2876 2691 Deinde
2931 2638 3115 2710 incipit
3175 2642 3398 2699 reddere
3458 2650 3829 2705 attestatioues

2239 2719 2517 2791 Propheta:
2537 2724 2552 2755 ¹
2585 2725 2806 2796 singulis
2829 2730 3114 2798 generibus
3144 2747 3401 2789 converso
3439 2737 3644 2796 ordine.
3674 2740 3829 2798 Prius

2238 2813 2377 2867 enim
2409 2814 2542 2869 dixit
2582 2834 2644 2872 ea:
2663 2817 2860 2874 Judreis
2883 2824 2924 2887 ²,
2958 2826 3221 2894 posterius
3258 2845 3320 2882 ex
3348 2829 3585 2886 Gentibus
3625 2851 3638 2887 :
3680 2835 3830 2903 prius

2237 2911 2412 2959 autem
2442 2905 2614 2962 reddit
2655 2910 3014 2967 testimonium
3058 2932 3153 2986 pro
3196 2917 3482 2989 Gentibus,
3512 2922 3702 2980 deinde
3734 2941 3831 2997 pro

2235 2996 2450 3054 Judaris.
2492 2999 2691 3056 Etenim
2727 3005 2859 3059 sicut
2908 3005 3035 3061 Osee
3072 3009 3226 3076 dicit,
3282 3010 3477 3069 Vocabo
3503 3033 3601 3070 non
3637 2996 3831 3088 plebem

2236 3105 2418 3155 meam,
2447 3091 2640 3163 plebem
2662 3112 2822 3150 meam
2853 3136 2867 3163 ,
2898 3107 2943 3151 et
2971 3116 3069 3153 non
3092 3101 3344 3168 dilectam,
3369 3106 3601 3161 dilectam
3630 3128 3648 3164 :
3669 3120 3711 3163 et
3734 3112 3831 3166 erit

2234 3178 2285 3231 in
2317 3180 2425 3233 loco
2446 3182 2531 3236 ubi
2555 3183 2741 3237 dictant
2765 3195 2858 3254 est,
2890 3185 3010 3243 Non
3043 3193 3261 3263 papulas
3288 3212 3426 3251 meus
3454 3214 3558 3267 vos,
3582 3201 3649 3253 ibi
3679 3217 3833 3257 voca-

2235 3269 2418 3324 buntur
2445 3272 2541 3340 ﬁlii
2576 3273 2671 3328 Dei
2696 3273 2830 3330 vivi:
2859 3277 2930 3333 De
2960 3279 3219 3338 Gentibus
3248 3285 3562 3360 intelligitur
3600 3289 3827 3362 dictum,

2233 3361 2353 3430 quia
2386 3378 2488 3417 non
2511 3363 2773 3420 habebant
2798 3367 3116 3426 destinatum
3140 3389 3301 3429 unum
3328 3380 3705 3438 sacriﬁciorum
3738 3361 3830 3440 lo?

2233 3468 2373 3522 cum,
2406 3455 2540 3510 sicut
2589 3456 2755 3513 Judaei
2789 3459 2839 3514 in
2869 3460 3182 3519 Jerusalem.
3213 3467 3354 3522 Missi
3404 3480 3527 3526 sunt
3550 3484 3725 3528 autem
3754 3476 3826 3532 ad

2233 3544 2431 3601 Gentes
2482 3550 2741 3619 Apostoli,
2784 3562 2839 3607 ut
2870 3554 2923 3608 in
2952 3555 3070 3611 loco
3096 3572 3192 3613 suo
3220 3561 3414 3632 quique
3440 3565 3739 3633 crederent,
3773 3577 3830 3626 et

2231 3635 2550 3708 ubicumque
2562 3640 2931 3710 credidissent,
2945 3645 3014 3699 ibi
3030 3648 3345 3704 sacriﬁcium
3361 3653 3534 3709 laudis
3548 3656 3804 3714 oﬁ‘errent

2230 3726 2420 3821 quibus
2444 3726 2589 3783 dedit
2628 3740 2941 3801 potestatem
2984 3736 3121 3791 filios
3148 3738 3239 3794 Dei
3265 3741 3377 3795 ﬁeri
3410 3742 3661 3814 (Joan.i,
3697 3748 3824 3821 12).

2235 3812 2399 3869 Isaias
2442 3828 2628 3885 autem,
2673 3822 2859 3892 inquit,
2911 3825 3096 3879 clamat
3150 3844 3241 3898 pro
3293 3812 3476 3887 Israel.
3522 3834 3600 3891 Ne
3642 3812 3827 3896 rursus

2231 3920 2417 3963 omnes
2444 3909 2694 3967 Israelita:
2717 3914 2766 3967 in
2796 3916 3147 3984 perditionem
3172 3920 3275 3976 isse
3296 3924 3583 3981 credantur
3604 3928 3646 3995 ³,
3670 3929 3828 3987 docet

2230 4005 2283 4053 et
2311 3998 2433 4055 inde
2463 4001 2597 4057 facta
2624 4004 2725 4057 alia
2757 4020 2882 4061 vasa
2908 4007 2961 4062 in
2994 4007 3248 4066 honorem
3269 4054 3282 4077 ,
3310 4014 3410 4068 alia
3450 4017 3502 4071 in
3538 4029 3823 4078 contume-

2232 4092 2374 4174 liam.
2408 4093 2468 4149 Si
2508 4097 2695 4166 fuerit,
2734 4098 2931 4170 inquit,
2966 4119 3198 4159 numerus
3226 4106 3445 4174 ﬁliorum
3492 4109 3656 4167 Israel
3679 4104 3825 4185 quasi

2230 4170 2386 4239 arena
2410 4189 2599 4253 maris,
2639 4191 2863 4261 reliquiae
2896 4194 3048 4248 salva:
3081 4196 3220 4264 ﬁent.
3254 4199 3459 4255 Cretera
3486 4218 3611 4275 ergo
3646 4208 3819 4278 turba,

2230 4292 2353 4331 vasa
2391 4279 2620 4349 perfecta
2662 4281 2725 4335 ad
2768 4284 3136 4351 perditionem.
3179 4287 3394 4345 Verbum
3419 4296 3551 4348 enim
3583 4312 3825 4354 consum-

2230 4382 2373 4422 mans
2391 4378 2436 4422 et
2458 4370 2699 4439 breviatis,
2725 4374 2915 4445 inquit,
2949 4380 3097 4447 faciet
3123 4378 3370 4438 Dominus
3402 4402 3551 4456 super
3587 4397 3773 4446 terram
3802 4410 3825 4449 :

2232 4459 2280 4512 id
2307 4468 2410 4527 est,
2460 4471 2516 4515 ut
2557 4466 2873 4534 compendio
2905 4469 3025 4525 lidci
3053 4486 3148 4540 per
3175 4476 3397 4543 gratiam
3440 4478 3613 4535 salvos
3661 4480 3825 4542 faciat

2229 4550 2530 4619 credentes,
2562 4567 2665 4606 non
2694 4568 2789 4623 per
2816 4556 3228 4617 innumerabiles
3250 4565 3666 4638 observationes,
3699 4576 3820 4644 qui-

2230 4641 2325 4695 bus
2357 4642 2445 4696 illa
2478 4645 2758 4700 multitudo
2789 4650 3055 4705 serviliter
3083 4665 3301 4710 onerata
3332 4661 3688 4728 premebatur.
3715 4641 3825 4724 Der

2226 4734 2447 4803 gratiam
2471 4736 2663 4806 quippe
2685 4738 2838 4793 nobis
2864 4741 3079 4796 verme
3103 4759 3477 4804 consummans
3498 4761 3552 4808 et
3574 4752 3823 4814 brevians
3908 4737 3920 4743 δ

2230 4823 2353 4879 fecit
2373 4842 2533 4895 super
2560 4837 2753 4882 terram
2775 4872 2789 4895 ,
2816 4829 3000 4887 dicens
3032 4853 3045 4888 :
3073 4834 3268 4908 Jugum
3306 4857 3471 4897 uicum
3501 4845 3610 4899 lene
3643 4857 3737 4915 est,
3771 4860 3825 4905 et

2226 4918 2425 4970 sarcina
2445 4934 2553 4971 mea
2578 4917 2695 4972 levis
2715 4930 2786 4973 est
2815 4921 3022 4992 (Matth.
3044 4928 3240 5000 xi,50).
3259 4930 3408 4998 Quod
3436 4944 3490 4989 et
3517 4939 3674 5006 paulo
3701 4952 3826 5010 post

2229 5007 2313 5062 hic
2338 5007 2530 5062 dicitur
2560 5026 2573 5063 :
2610 5008 2778 5080 Prope
2805 5012 2890 5066 te‘
2919 5025 2992 5069 est
3011 5019 3213 5074 verbum
3242 5021 3294 5076 in
3317 5040 3402 5079 ore
3430 5035 3535 5095 tuo,
3560 5039 3604 5082 et
3624 5031 3676 5085 in
3702 5007 3826 5088 cor-

2226 5098 2411 5164 dctno,
2443 5099 2536 5153 Itoc
2561 5110 2635 5154 est
2656 5102 2855 5157 verbum
2890 5106 3010 5175 ﬁdei
3049 5110 3187 5180 quod
3223 5114 3593 5185 praedicamus;
3622 5123 3742 5192 quia
3770 5130 3823 5184 si

2225 5194 2510 5262 conﬁtearis
2544 5195 2594 5249 in
2626 5212 2712 5251 ore
2750 5206 2835 5252 tuo
2872 5199 2991 5271 quia
3033 5200 3282 5260 Dominus
3307 5217 3379 5263 est
3396 5209 3548 5267 Iesus
3580 5222 3627 5267 et
3655 5216 3823 5270 credi-

2225 5284 2359 5340 deris
2385 5286 2439 5339 in
2464 5287 2612 5341 corde
2654 5298 2738 5343 tuo
2785 5292 2902 5361 quia
2925 5290 3066 5349 Deus
3096 5294 3243 5351 illum
3260 5302 3516 5357 suscitavit
3541 5320 3573 5359 a
3608 5308 3825 5365 mortuis

2290 5418 2304 5448 ί
2329 5425 2412 5448 “cc
2477 5419 2697 5448 usu-mlunt:

2290 5419 2304 5448 ι
2329 5425 2452 5475 Mss,
2477 5419 2759 5485 prop/retiis.

2287 5480 2458 5566 ζωαί,
2470 5496 2714 5535 conversos
2730 5498 2796 5537 ex
2811 5487 3014 5542 Judtsts.
3030 5490 3196 5556 Abest,
3209 5505 3474 5561 conversos,
3486 5511 3514 5550 a
3527 5505 3635 5553 Mss.
3649 5501 3826 5566 pleris-

2223 5554 2463 5690 Tilqvg
3042 5618 3321 5690 credantur.
3340 5629 3398 5674 At
3418 5623 3597 5677 melius
3622 5634 3720 5679 Am.
3735 5635 3820 5683 vr.

2231 5673 2462 5737 et_nostri
2485 5678 2618 5737 Mss"
2645 5673 2695 5721 in
2717 5675 3033 5737 perditionem
3054 5681 3146 5733 isse
3166 5686 3441 5737 credantur.

2288 5728 2321 5809 ἶ
2330 5728 2624 5809 particulam,
2639 5740 2700 5793 te,
2715 5728 2790 5786 hic
2811 5740 2941 5792 addit
2962 5728 3645 5809 veitus'tiSSimuswt'JSrbeiensis
3658 5756 3820 5809 codex

2223 5803 2383 5851 gmco
2406 5803 2735 5849 consentiens.
