4134 6208
457 228 561 286 115

460 343 626 398 solens
645 343 768 396 eris.
800 339 966 398 Corde
989 339 1122 396 enim
1145 339 1367 394 creditur
1389 340 1459 394 ad
1475 337 1751 412 justitiam,
1773 355 1860 393 ore
1880 347 2053 392 autem

461 434 709 504 confessio
735 433 796 499 ﬁt
823 431 891 484 ad
917 431 1148 485 salutem.
1188 429 1363 500 (Rom.
1397 447 1449 495 x,
1486 429 1656 501 8-l0).
1693 430 1804 484 lloc
1826 438 1908 486 est.
1935 444 2054 483 ver-

463 523 588 578 bum
617 538 999 578 consummans
1029 531 1082 577 et
1108 523 1370 589 brevians,
1399 521 1539 594 quod
1575 521 1690 576 l‘ecit
1724 522 1862 576 Deus
1892 536 2052 587 super

462 626 691 682 terram,
719 632 824 688 qua
865 617 1320 672 consummatione
1347 625 1502 685 atque
1535 615 1886 670 breviatione1
1917 614 2050 669 latro

455 710 775 780 iustiﬁcatus
796 717 899 776 est,
928 709 1015 779 qui
1037 709 1224 764 detixis
1249 709 1298 762 in
1321 723 1477 763 cruce
1503 709 1748 763 omnibus
1776 708 2050 776 membris,

460 812 514 857 et
539 801 745 858 habens
769 802 934 858 libera
958 801 1073 856 lucc
1097 801 1221 868 duo,
1252 801 1411 856 corde
1439 802 1662 858 credidit
1680 802 1743 856 ad
1767 802 2048 871 justitiam,

459 910 554 950 ore
588 893 867 950 confessus
894 904 976 948 est
1007 893 1076 948 ad
1113 894 1370 958 salutem;
1411 894 1695 963 statimque
1720 894 1901 948 audire
1932 909 2049 948 mc-

458 985 585 1052 ruit,
620 985 790 1042 Hodie
819 1003 1013 1042 mecum
1058 989 1154 1041 eris
1180 988 1231 1042 in
1269 989 1507 1060 paradiso
1537 988 1554 1058 (
1578 987 1703 1042 Luc.
1737 1003 1882 1054 χχιιι,
1915 989 1984 1042 45
2007 986 2047 1058 ).

457 1077 926 1148 Consoquerentur
965 1079 1110 1134 enim
1157 1078 1292 1135 bona
1323 1094 1483 1148 Opera
1527 1081 1670 1148 ejus,
1712 1081 1756 1133 si
1803 1085 2050 1150 percepta

456 1173 626 1244 gratia
656 1171 748 1228 diu
790 1172 930 1228 inter
964 1172 1208 1228 homines
1254 1173 1471 1230 viveret.
1516 1171 1619 1228 Sed
1651 1182 1826 1232 tatncn
1856 1188 1959 1226 non
1987 1185 2048 1226 ea

459 1273 866 1333 prmeesserant,
887 1271 942 1318 ut
961 1263 1201 1319 eamdem
1219 1265 1446 1333 gratiam
1467 1271 1783 1330 mereretur,
1803 1279 1864 1318 ex
1889 1265 2052 1318 latro-

458 1356 602 1412 cinio
627 1356 762 1412 ﬁxus
785 1358 840 1412 in
861 1372 1040 1423 cruce,
1065 1373 1132 1412 ex
1152 1373 1310 1412 cruce
1331 1358 1382 1410 in
1411 1357 1711 1426 paradisum
1742 1356 2045 1412 translatus.

460 1447 532 1503 Et
551 1451 675 1504 sicut
704 1449 960 1519 pradizit,
991 1451 1180 1520 inquit,
1211 1449 1395 1513 Isaias,
1419 1449 1539 1506 Nisi
1564 1450 1811 1504 Dominus
1837 1448 2049 1504 sabaoth

459 1543 736 1613 reliquisset
757 1543 898 1598 nobis
925 1559 1114 1608 semen,
1152 1544 1278 1598 sicut
1309 1542 1537 1597 Sodoma
1563 1543 1684 1614 facti
1717 1559 1936 1597 essemus
1957 1583 1972 1606 ,
2002 1550 2048 1595 et

455 1634 588 1687 sicut
625 1632 908 1692 Gomorrlta
943 1635 1132 1689 similes
1161 1635 1445 1703 fuissemus.
1482 1632 1630 1701 Quod
1665 1632 1750 1688 hic
1778 1633 1884 1698 ait,
1926 1633 2046 1687 reli-

452 1726 646 1798 quisset
673 1727 814 1782 nobis
842 1744 1039 1792 semett;
1069 1726 1171 1782 hoc
1194 1728 1286 1793 ibi,
1323 1727 1548 1797 reliquie:
1580 1725 1734 1780 salva:
1763 1727 1902 1794 ﬁent.
1936 1727 2048 1784 Cm-

453 1821 557 1876 teri
597 1830 778 1876 autem
809 1831 1060 1890 tanquam
1091 1821 1402 1891 perditionis
1431 1835 1552 1876 vasa
1582 1821 1762 1876 debito
1789 1821 2046 1890 supplicio

452 1913 752 1980 perierunt.
780 1912 847 1967 Et
873 1921 928 1967 ut
952 1927 1058 1968 non
1083 1928 1272 1968 omnes
1299 1913 1560 1982 perissent
1579 1913 1714 1968 sicut
1740 1914 1790 1968 in
1814 1912 2044 1966 Sodoma

452 2013 510 2058 et
554 2003 874 2069 Gomorrba,
906 2019 1013 2060 non
1053 2005 1300 2060 meritum
1340 2019 1524 2058 eorum
1562 2003 1718 2066 fecit,
1752 2003 1848 2057 scd
1875 2003 2043 2072 gratia

451 2095 548 2152 Dei
590 2097 943 2166 relinquentis
969 2112 1152 2153 semen
1176 2138 1190 2160 ,
1224 2096 1364 2152 unde
1401 2096 1502 2151 alia
1541 2097 1729 2151 messis
1778 2103 1889 2149 toto
1915 2095 2044 2152 orbe

451 2177 822 2259 consurgeret.
856 2190 966 2245 lloe
998 2199 1054 2262 et
1083 2191 1240 2258 paulo
1281 2201 1437 2258 post:
1471 2191 1560 2244 Sic
1595 2206 1747 2259 ergo,
1777 2190 1966 2259 inquit,
1997 2201 2042 2244 et

452 2281 506 2335 in
559 2281 656 2335 hoc
695 2291 917 2351 tempore
972 2281 1198 2350 reliquiu:
1249 2298 1338 2350 per
1362 2281 1860 2346 electionemgratice
1892 2282 2045 2336 salvto

453 2373 758 2442 factarum.
789 2371 851 2426 Si
876 2381 1044 2426 autem
1072 2373 1258 2440 gratia,
1278 2372 1392 2440 jam
1421 2387 1520 2428 non
1543 2386 1604 2424 ex
1623 2371 1890 2439 operibus;
1914 2371 2044 2424 alio-

450 2465 572 2534 quin
597 2464 764 2532 gratia
783 2466 896 2535 jam
933 2480 1035 2518 non
1065 2472 1138 2518 est
1167 2463 1352 2533 gratia.
1383 2462 1521 2529 Quid
1545 2479 1661 2533 ergo
1684 2462 1708 2515 ?
1741 2462 1889 2528 Quod
1908 2477 2044 2531 qure-

457 2556 592 2610 rcbat
620 2555 806 2621 Israel,
832 2557 925 2610 nec
946 2572 1048 2612 non
1084 2565 1158 2610 est
1184 2565 1508 2620 consecutus;
1534 2555 1706 2610 electio
1731 2565 1897 2608 autem
1923 2571 2042 2609 con-

454 2658 624 2702 secuta
660 2658 765 2711 est;
793 2648 964 2704 sceleri
991 2664 1104 2702 vero
1137 2649 1371 2702 excorcati
1407 2657 1522 2704 sunt
1562 2647 1750 2717 (lieni.
1778 2665 1853 2712 ιιι,
1882 2649 1973 2702 5-7

450 2739 754 2796 Consetmta
803 2749 930 2796 sunt
965 2756 1088 2795 vasa
1137 2741 1549 2807 misericordiae,
1600 2752 1866 2797 exerceam
1919 2751 2042 2797 sunt

455 2849 584 2888 vasa
606 2834 698 2889 ira:
726 2851 738 2886 :
768 2849 835 2888 ex
861 2833 1049 2890 eadem
1072 2842 1248 2889 tamen
1267 2836 1666 2905 conrepersione,
1690 2837 1826 2891 sicut
1854 2837 1906 2891 in
1927 2837 2040 2906 ple-
2105 2885 2108 2888 ι

451 2927 689 2984 nitndine
717 2927 988 2984 Gentium.

519 3019 608 3075 20.
645 3019 740 3074 Est
782 3019 933 3074 locus
973 3019 1186 3088 quidam
1227 3019 1518 3088 Scriptura)
1557 3021 1622 3074 ad
1667 3036 1778 3075 rem
1823 3021 1894 3076 de
1935 3036 2036 3090 qua

454 3126 594 3167 nunc
621 3111 851 3180 agimus,
883 3111 1114 3164 maxime
1158 3113 1520 3174 necessarius,
1555 3111 1741 3167 eadem
1780 3128 1897 3182 qua:
1928 3121 2036 3166 trn-

450 3211 588 3258 ctata
637 3210 798 3266 sunt,
841 3202 974 3256 mira
1021 3203 1408 3257 contestatione
1457 3203 1822 3270 conﬁrmans,
1871 3205 1924 3256 in
1973 3219 2038 3258 eo

450 3293 588 3349 libro
616 3295 708 3363 qui
735 3295 804 3348 ab
831 3294 950 3348 aliis
972 3293 1128 3349 .lesns
1161 3294 1370 3358 Siraeb,
1403 3294 1471 3350 ab
1497 3296 1614 3350 aliis
1637 3297 2039 3352 Ecclesiasticus

448 3382 670 3448 dicitur,
709 3384 762 3438 in
791 3399 896 3452 quo
937 3385 1007 3442 ita
1037 3385 1292 3454 scriptum
1334 3394 1420 3442 est
1461 3403 1474 3439 :
1512 3387 1574 3440 Et
1601 3403 1771 3442 omnes
1812 3389 2038 3444 homines

449 3475 511 3528 de
536 3475 667 3541 solo,
698 3485 745 3528 ct
773 3492 835 3530 ea:
865 3485 1000 3529 terra
1020 3477 1184 3531 Adam
1214 3480 1232 3509 ²
1262 3487 1460 3532 creatus
1488 3487 1578 3533 est.
1621 3479 1688 3533 In
1717 3481 2038 3536 multitudine

453 3567 738 3636 disciplina:
775 3565 1032 3623 Dominus
1070 3571 1331 3639 separavit.
1365 3587 1472 3637 eos,
1518 3584 1565 3625 et
1607 3574 1886 3628 innitutavit
1931 3577 2036 3630 vias

449 3673 646 3713 eorum.
695 3656 764 3711 Et
799 3675 862 3712 ea:
901 3659 1026 3728 ipsis
1057 3661 1310 3715 benedixit
1356 3673 1402 3716 et
1449 3665 1720 3730 exultavit,
1767 3675 1810 3718 et
1852 3682 1917 3719 ex
1959 3668 2037 3722 Itis

451 3751 782 3819 sanctiﬁcavit
811 3763 858 3804 et
894 3753 962 3805 ad
1000 3769 1054 3807 se
1098 3755 1406 3824 applicavit,
1447 3767 1494 3810 et
1524 3775 1585 3812 ea:
1626 3759 1749 3828 ipsis
1776 3760 2036 3814 maledixit

455 3852 499 3897 et
525 3843 812 3898 humiliavit
841 3860 860 3897 :
893 3853 940 3898 et
979 3848 1216 3900 convertit
1263 3846 1380 3902 illos
1407 3849 1476 3902 ad
1519 3850 1878 3904 dissensionem
1915 3852 2035 3906 illo-

455 3951 585 3987 rum.
621 3934 783 4002 Quasi
809 3936 972 3988 lutum
998 3937 1144 4008 figuli
1177 3940 1230 3992 in
1261 3957 1412 3994 manu
1443 3941 1602 4011 ipsius
1630 3943 1882 4010 plasmare
1907 3943 2038 3996 illud

463 4035 505 4078 et
529 4027 828 4097 disponere,
871 4044 1040 4082 omnes
1069 4029 1161 4083 via:
1199 4032 1309 4102 ejus
1352 4034 1626 4102 secundum
1657 4033 2035 4105 dispositionem

464 4117 596 4187 ejus;
638 4119 712 4172 sic
740 4119 891 4173 homo
932 4120 985 4174 in
1026 4136 1178 4174 manu
1207 4121 1344 4176 illius
1376 4124 1461 4192 qui
1504 4140 1556 4177 se
1595 4125 1740 4194 fecit,
1780 4136 1834 4192 et
1863 4126 2037 4180 reddet

459 4208 530 4262 illi
554 4210 831 4263 secundum
848 4210 1104 4280 judicium
1130 4229 1299 4266 suum.
1333 4212 1659 4269 Contrarium
1687 4215 1821 4270 utalo
1850 4216 2052 4271 bonum.

455 4310 524 4352 est
547 4341 563 4367 ,
608 4309 654 4354 et
698 4308 874 4354 contra
904 4311 1112 4355 mortem
1153 4304 1251 4355 vita
1296 4314 1404 4369 est;
1452 4305 1524 4358 sic
1567 4316 1614 4359 et
1655 4315 1832 4360 contra
1874 4309 2036 4363 virum

457 4391 639 4454 iustum
665 4401 916 4463 peccator.
951 4392 1017 4446 Et
1060 4393 1130 4447 sic
1172 4393 1364 4449 intuere
1399 4396 1450 4449 in
1482 4399 1650 4451 omnia
1691 4415 1844 4469 opera
1873 4401 2033 4455 Altis-

453 4483 563 4537 simi
585 4499 604 4538 :
628 4485 752 4550 duo,
779 4485 881 4538 duo
905 4485 958 4550 a;
985 4502 1146 4542 unum
1171 4496 1350 4542 contra.
1371 4505 1545 4545 unum.
1575 4489 1755 4546 Primo
1778 4490 1862 4546 hic
1889 4508 2033 4548 com-

457 4575 700 4629 mendata
729 4585 813 4629 cst
858 4575 1136 4647 disciplina
1166 4578 1302 4633 Dei:
1349 4579 1412 4632 In
1454 4579 1800 4648 multitudine,
1843 4584 2032 4654 inquit,

456 4665 737 4736 disciplina:
764 4665 1014 4722 Dominus
1038 4671 1289 4738 separavit
1314 4687 1398 4725 eos
1421 4687 1439 4725 :
1467 4674 1608 4725 unde
1629 4715 1643 4738 ,
1677 4675 1776 4728 nisi
1806 4691 1835 4730 a
1864 4676 2036 4730 beati-

457 4755 634 4811 tudine
678 4757 955 4826 paradisi?
1003 4756 1071 4811 Et
1116 4759 1396 4814 inmutauit
1436 4763 1542 4815 vias
1579 4779 1782 4828 coruus,
1829 4775 1885 4819 ut
1923 4768 2031 4835 jam

457 4854 703 4918 tanqnm
727 4851 984 4906 mortales
1004 4853 1262 4907 viverent.
1292 4853 1443 4909 Tunc
1466 4853 1599 4911 facta
1625 4865 1707 4910 est
1735 4873 1834 4910 una
1859 4873 2032 4914 massa

452 4943 722 5011 omnm,
757 4944 981 5001 veniens
1023 4945 1092 5001 de
1131 4947 1352 5003 traduce
1393 4949 1593 5018 peccati
1621 4948 1648 4981 ‘*
1674 4959 1727 5004 et
1773 4951 1840 5006 de
1878 4967 2032 5022 pcena

454 5033 791 5089 mortalitatis
812 5075 828 5101 ,
869 5037 1114 5105 quamvis
1151 5037 1262 5091 Deo
1299 5037 1557 5093 lormante
1585 5049 1640 5095 et
1667 5053 1881 5098 creante
1915 5060 2034 5113 qua:

451 5123 588 5180 bona
613 5135 760 5184 sunt.
791 5127 851 5181 ln
887 5128 1140 5184 omnibus
1168 5138 1251 5183 est
1273 5129 1416 5184 enim
1443 5133 1648 5200 species
1687 5143 1737 5188 et
1776 5150 2033 5206 compago

451 5217 691 5287 corporis
736 5218 788 5272 in
840 5227 983 5274 tanta
1029 5221 1394 5280 membrorum
1437 5224 1756 5291 concordia,
1809 5235 1865 5282 ut
1909 5228 2030 5283 inde

513 5344 527 5374 '
550 5351 622 5395 Er.
659 5355 710 5396 et
731 5354 860 5406 Mss,
887 5345 1128 5399 brevitate.

511 5407 532 5437 ³
555 5408 786 5479 medius,
811 5423 876 5460 ea:
895 5415 1029 5460 terra
1051 5411 1178 5479 wide
1203 5411 1374 5462 Adam.
1398 5413 1648 5477 Particulo,
1672 5416 1818 5479 unde,
1843 5419 1986 5472 abest
2001 5433 2025 5468 a

448 5469 551 5534 llas.
580 5475 840 5534 etatcstu
853 5485 1014 5533 grzeco
1039 5473 1164 5534 apud
1194 5480 1321 5523 LXX.

448 5529 548 5640 bri;
566 5531 685 5581 Editi
703 5568 717 5593 ,
740 5531 837 5583 duo
857 5529 1023 5584 contra
1054 5529 1168 5585 duo.
1203 5537 1376 5597 Abest,
1402 5542 1593 5598 contra,
1627 5552 1656 5590 a
1685 5543 1940 5596 veteribus
1974 5545 2029 5596 li-

510 5653 529 5682 ‘*
558 5656 824 5708 Victorious
848 5665 948 5720 515.,
972 5658 1157 5712 veniens
1182 5663 1242 5712 de
1264 5661 1428 5714 radice
1448 5663 1645 5728 peccati.

1848 220 2050 286 LIBER
2085 219 2358 281 PRIMUS.

3638 230 3744 292 ιιι

2164 331 2455 405 Apostolus
2489 333 2556 388 ad
2599 334 2915 394 charitatem
2952 337 3299 397 obtinendam
3341 341 3745 403 similitudinem

2161 425 2382 482 duceret
2423 428 2440 497 (
2458 425 2480 481 Ι
2506 425 2624 483 Cor.
2653 445 2758 497 xu,
2791 429 2878 497 12,
2907 428 3056 504 etc.).
3097 432 3154 488 In
3185 433 3432 488 omnibus
3460 445 3543 490 est
3579 438 3742 493 etiam

2162 517 2378 586 spiritus
2406 517 2580 573 vitalis
2622 528 2830 576 terrena
2858 521 3100 578 membra
3125 523 3397 580 viviﬁcaris
3415 567 3432 592 ,
3463 527 3744 602 omnisque

2162 618 2348 664 natura
2379 609 2612 666 hominis
2633 605 2906 669 dominatu
2934 615 3127 670 anima:
3156 626 3208 671 et
3233 617 3487 672 famulatu
3506 620 3744 689 corporis

2159 702 2465 759 conditione
2518 705 2746 761 mirabili
2789 717 3080 777 temperata
3118 727 3130 762 ε
3176 709 3269 763 sed
3314 712 3743 782 concupiscentia

2158 795 2392 849 carnalis.
2430 795 2495 850 de
2542 799 2744 866 peccati
2796 815 2948 868 poena
2991 800 3100 870 jam
3139 817 3399 872 regnans,
3436 804 3738 860 universum

2155 900 2325 953 genus
2353 885 2640 943 humanum
2674 899 2922 960 tanquam
2953 901 3114 946 totam
3143 902 3196 947 et
3221 910 3380 948 unam
3404 897 3743 966 conspersio-

2159 993 2278 1031 nem
2306 978 2551 1048 originali
2577 991 2724 1035 reatu
2755 982 2805 1036 in
2829 984 3010 1038 omnia
3033 999 3375 1052 permauaute
3401 986 3735 1043 confuderat.

2156 1068 2222 1121 Et
2252 1077 2425 1122 tamen
2459 1072 2698 1140 sequitur
2717 1114 2730 1137 ,
2765 1072 2845 1138 Ea:
2882 1074 3004 1144 ipsis
3030 1074 3278 1130 benedixit
3306 1086 3349 1129 et
3379 1079 3651 1144 exultavit,
3692 1088 3740 1132 et

2155 1176 2217 1213 ex
2246 1161 2367 1231 ipsis
2397 1163 2726 1232 sanctiﬁcavit
2757 1174 2802 1218 et
2831 1167 2898 1220 ad
2921 1184 2974 1220 se
3003 1167 3294 1237 applicavit,
3327 1178 3372 1223 et
3397 1187 3458 1224 ea:
3482 1171 3606 1240 ipsis
3630 1187 3738 1226 ma-

2155 1251 2330 1305 ledixit
2362 1261 2408 1306 et
2438 1254 2748 1322 ltutniliavit,
2782 1265 2828 1310 ct
2853 1261 3090 1310 convertit
3135 1260 3251 1313 illos
3283 1261 3335 1313 in
3377 1261 3736 1316 dissensionem

2154 1343 2380 1412 ipsorum
2421 1361 2437 1397 :
2475 1355 2724 1416 tanquam
2765 1349 3020 1416 Apostolo
3063 1349 3304 1414 dicente,
3335 1351 3412 1406 An
3451 1368 3552 1406 non
3593 1351 3737 1407 habet

2154 1445 2449 1505 potestatem
2495 1439 2683 1510 figulus
2727 1441 2820 1494 luti
2864 1458 2924 1495 ea:
2966 1442 3137 1495 eadem
3186 1444 3532 1511 conspersione
3574 1447 3738 1514 facere

2153 1527 2293 1579 aliud
2323 1545 2408 1582 vas
2448 1529 2498 1582 in
2539 1530 2798 1595 honorem,
2827 1532 2969 1585 aliud
2997 1534 3049 1586 in
3073 1534 3467 1588 contumeliam?
3505 1535 3736 1606 Ideoque

2155 1615 2282 1671 illud
2308 1619 2448 1688 quod
2473 1623 2792 1688 contexitur,
2825 1639 2921 1677 nec
2949 1624 3014 1678 ab
3039 1625 3150 1692 ipsa
3188 1624 3531 1680 similitudine
3551 1634 3732 1680 vacat:

2157 1708 2312 1772 Quasi
2342 1711 2536 1777 lutum,
2579 1713 2776 1781 inquit,
2821 1715 2967 1786 ﬁguli
3010 1717 3061 1770 in
3098 1733 3248 1770 manu
3283 1717 3440 1786 ipsius
3484 1718 3736 1786 plasmere

2151 1799 2283 1853 illud
2307 1811 2351 1854 et
2383 1803 2667 1868 disponere,
2697 1821 2868 1858 omnes
2893 1806 2985 1860 vite
3009 1807 3117 1876 ejus
3146 1808 3421 1878 secundum
3447 1808 3737 1880 dispositio-

2151 1907 2260 1944 nem
2289 1893 2436 1960 ejus;
2476 1893 2546 1946 sic
2589 1893 2734 1946 homo
2760 1895 2812 1949 in
2851 1913 3005 1950 mrum
3046 1898 3183 1952 illius
3222 1901 3305 1968 qui
3349 1916 3401 1953 se
3444 1901 3580 1968 fecit.
3622 1899 3731 1956 Sed

2149 1981 2269 2049 quia
2297 1981 2422 2036 dicit
2450 1984 2756 2051 Apostolus,
2789 1984 3052 2058 Numquid
3080 1988 3326 2058 iniquitas
3350 1989 3489 2059 apud
3522 1990 3729 2046 Deum?

2147 2073 2269 2127 vide
2295 2084 2347 2127 ct
2375 2074 2460 2130 hic
2486 2076 2612 2144 quid
2639 2076 2891 2147 adjungat
2922 2096 2933 2130 :
2968 2078 3168 2134 Reddet
3190 2081 3282 2143 illi,
3324 2082 3515 2151 inquit,
3543 2099 3728 2138 secun-

2149 2163 2269 2215 dum
2286 2164 2540 2233 judicium
2565 2182 2732 2220 suum.
2762 2167 2866 2221 Sed
2894 2182 3014 2222 cum
3039 2168 3303 2226 damnatis
3327 2171 3469 2241 jusla
3498 2171 3732 2228 tribuan-

2147 2261 2235 2306 tur
2261 2255 2559 2323 supplicia;
2609 2263 2783 2310 tamen
2824 2258 2944 2326 quia
2986 2257 3086 2316 hoc
3126 2259 3297 2328 ipsum
3335 2262 3386 2316 in
3418 2277 3568 2317 usum
3603 2278 3732 2319 con-

2148 2345 2390 2407 vertitur,
2417 2361 2520 2415 quo
2562 2345 2640 2400 illi
2681 2347 2958 2416 proﬁciant
2983 2349 3176 2418 quibus
3213 2351 3482 2419 praebetur.
3517 2352 3730 2408 miseri-

2147 2436 2364 2503 cordia,
2406 2437 2619 2492 attende
2657 2439 2903 2509 reliqua:
2940 2439 3299 2512 Contrarium,
3346 2445 3547 2514 inquit,
3591 2446 3726 2508 malo

2148 2527 2330 2580 bonum
2358 2538 2428 2582 est
2449 2571 2462 2596 ,
2495 2538 2540 2582 et
2577 2539 2750 2583 contra
2777 2542 2983 2584 mortem
3012 2534 3149 2600 vita;
3177 2535 3249 2590 sic
3279 2545 3322 2589 et
3361 2548 3534 2592 contra
3566 2540 3728 2594 virum

2136 2617 2331 2688 justum
2361 2631 2608 2689 peccator.
2661 2623 2726 2676 Et
2756 2625 2829 2676 sic
2859 2625 3048 2680 intuere
3087 2628 3139 2682 in
3177 2630 3344 2684 omnia
3385 2646 3538 2700 opera
3574 2632 3730 2690 Altis-

2145 2711 2258 2764 simi
2289 2729 2306 2764 :
2344 2713 2481 2780 duo,
2517 2714 2654 2779 duo;
2696 2733 2852 2770 unum
2891 2727 3066 2774 contra
3107 2735 3262 2774 unum
3295 2737 3312 2773 :
3344 2722 3526 2791 utique
3567 2732 3622 2778 ut
3660 2739 3728 2780 ex

2145 2802 2474 2860 deteriorum
2542 2809 2942 2876 comparatione
3009 2811 3278 2875 emineant
3344 2815 3728 2886 proliciantque

2145 2897 2386 2952 meliora.
2435 2899 2564 2966 Qum
2610 2909 2784 2954 tamen
2827 2901 3074 2971 quioniam
3109 2919 3203 2972 per
3233 2905 3454 2973 gratiam
3506 2907 3727 2964 meliora

2144 2998 2286 3053 sunt,
2321 2997 2569 3058 tanquam
2611 2991 2833 3056 diceret,
2869 2993 3115 3064 Reliquit!)
3143 2995 3295 3050 salvae
3324 2997 3441 3057 ﬁent
3467 2998 3514 3061 ¹;
3544 2999 3724 3070 sequi-

2147 3087 2231 3132 tur
2266 3090 2317 3134 ct
2356 3081 2482 3134 dicit
2511 3097 2576 3136 ex
2615 3097 2839 3152 persona
2873 3085 3216 3154 reliquiarum
3241 3129 3254 3150 ,
3289 3087 3355 3140 Et
3382 3106 3472 3159 ego
3514 3091 3727 3147 novissi-

2144 3187 2254 3223 ntus
2277 3172 2495 3240 vigilavi,
2519 3183 2564 3226 et
2585 3177 2727 3244 quasi
2754 3176 2837 3244 qui
2887 3187 3169 3232 racematur
3190 3188 3300 3247 post
3321 3180 3722 3238 vindemiatores.

2145 3259 2212 3314 Et
2257 3261 2394 3314 unde
2434 3263 2659 3333 probat,
2697 3266 2816 3334 quia
2863 3280 2969 3319 non
3010 3283 3075 3322 ex
3119 3269 3323 3323 meritis
3352 3271 3489 3334 suis,
3525 3273 3618 3327 scd
3656 3288 3725 3330 ex

2145 3354 2505 3409 misericordia
2537 3356 2668 3410 Dei?
2709 3355 2774 3410 In
2803 3357 3167 3424 benedictione,
3201 3360 3390 3431 inquit,
3441 3361 3647 3419 Domini
3677 3374 3726 3420 et

2141 3444 2247 3514 ipse
2288 3446 2514 3512 sperari,
2557 3456 2602 3500 et
2642 3449 2788 3517 quasi
2825 3449 2909 3518 qui
2951 3449 3249 3516 vindemiat,
3285 3453 3466 3523 repleri
3497 3456 3719 3513 torcular

2144 3535 2336 3608 (Eccli.
2384 3553 2584 3602 χχχιιι,
2632 3540 2880 3611 lO-l'l).
2927 3542 3178 3610 Quamvis
3222 3547 3364 3601 enim
3402 3549 3721 3614 novissintus

2142 3629 2469 3698 vigilavcrit;
2504 3641 2685 3687 tamen
2711 3633 2831 3703 quia
2863 3646 3050 3700 erunt,
3083 3648 3137 3692 ut
3166 3620 3363 3695 dictum
3403 3651 3514 3707 est,
3549 3645 3726 3700 novis-

2144 3721 2261 3775 simi
2294 3723 2448 3791 primi
2483 3723 2694 3793 (Matth.
2725 3743 2816 3792 χιε,
2852 3727 2918 3782 16
2942 3731 2988 3797 ),
3025 3729 3076 3783 in
3120 3732 3484 3788 benedictione
3513 3736 3722 3792 Domini

2142 3829 2364 3883 sperans
2400 3831 2462 3869 ex
2493 3817 2731 3885 reliquiis
2760 3819 2920 3873 lsracl
2952 3831 3247 3876 racetnatus
3276 3825 3500 3892 populus
3532 3826 3722 3897 imple-

2141 3905 2217 3958 vit
2263 3906 2496 3960 torcular
2542 3923 2606 3960 cx
2655 3907 2894 3962 ubertate
2927 3909 3234 3978 vindcmim,
3282 3928 3403 3985 qua:
3447 3925 3557 3972 toto
3593 3919 3722 3976 orbe

2144 4005 2402 4051 terrarum
2437 4000 2704 4067 provenit.

2212 4088 2303 4141 21‘.
2338 4089 2489 4143 Nulla
2538 4091 2697 4160 igitur
2729 4091 2948 4146 intentio
2990 4102 3196 4150 tenetur
3222 4097 3487 4167 Apostoli,
3520 4110 3574 4156 ct
3601 4118 3720 4160 om-

2111 4181 2114 4186 ’
2142 4181 2287 4234 ιιίιιιιι
2317 4181 2724 4250 justilicatornm
2756 4201 2848 4254 per
2875 4202 3005 4255 quos
3034 4188 3188 4242 nobis
3215 4190 3512 4246 intellectus
3539 4195 3722 4264 gratia:

2140 4275 2536 4331 demonstratus
2566 4285 2676 4340 cst,
2713 4279 2811 4334 nisi
2856 4289 2910 4333 ut
2952 4283 3037 4350 qui
3082 4282 3375 4350 gloriatur,
3413 4286 3462 4339 in
3497 4287 3722 4344 Domino

2140 4368 2398 4436 glorietur
2433 4367 2507 4436 (ll
2542 4369 2658 4422 Cor.
2694 4386 2750 4433 χ,
2787 4369 2897 4440 l7).
2931 4371 3060 4437 Quis
3091 4375 3230 4428 cnim
3273 4375 3518 4431 disculict
3558 4393 3720 4447 opera

2140 4459 2386 4523 Domini,
2430 4476 2492 4513 cx
2541 4459 2723 4514 eadem
2770 4464 3148 4530 conspersione
3191 4481 3351 4519 unum
3396 4467 3717 4536 damnantis,

2139 4552 2364 4604 alterum
2400 4551 2776 4618 justilicantis?
2822 4552 3068 4607 Liberum
3109 4557 3395 4610 voluntatis
3437 4560 3716 4619 arbitrium

2140 4643 2421 4712 plurimum
2446 4645 2619 4710 valet;
2651 4646 2758 4699 imo
2777 4661 2903 4699 vero
2933 4657 3014 4702 est
3040 4649 3273 4716 quidem,
3308 4651 3400 4705 sed
3429 4653 3478 4705 in
3505 4670 3719 4712 venum-

2138 4733 2280 4788 datis
2316 4735 2417 4790 sub
2447 4745 2664 4804 peet'ato
2695 4737 2870 4806 (Rom.
2907 4753 3011 4798 vn,
3050 4740 3150 4808 M)
3197 4741 3321 4809 quid
3360 4743 3534 4796 valet?
3563 4743 3715 4814 Caro,

2140 4823 2328 4894 inquit,
2353 4827 2660 4898 concupiscit
2691 4827 2928 4882 adversus
2956 4830 3280 4897 spiritunt,.et
3306 4833 3510 4899 spiritus
3538 4836 3720 4892 adver-

2137 4933 2223 4972 sus
2255 4934 2455 4972 carnem
2475 4959 2489 4981 ,
2531 4928 2586 4972 ut
2623 4935 2722 4973 non
2753 4934 2814 4972 eo
2851 4935 2962 4986 quae
3002 4920 3152 4973 vultis
3191 4921 3394 4989 faciatis
3422 4924 3440 4994 (
3457 4923 3626 4980 Galat.
3658 4943 3713 4996 ν,

2142 5009 2254 5078 17).
2298 5009 2610 5078 Prmeipitur
2651 5021 2705 5064 ut
2751 5018 2895 5064 recte
2922 5011 3190 5077 vivamus,
3225 5013 3324 5068 hac
3367 5017 3547 5088 utique
3575 5035 3717 5076 mer-

2137 5099 2268 5154 cede
2300 5099 2564 5167 proposita
2585 5140 2598 5163 ,
2634 5108 2693 5155 ut
2731 5100 2782 5154 in
2825 5110 3078 5159 :ntcrnttm
3112 5103 3266 5161 beate
3289 5107 3468 5162 vivere
3503 5125 3713 5165 merea-

2137 5207 2256 5246 mur
2288 5209 2298 5244 :
2349 5189 2441 5244 sed
2477 5191 2604 5259 quis}
2641 5199 2813 5260 potest
2849 5203 2993 5248 recte
3019 5195 3195 5250 vivere
3232 5207 3283 5251 et
3313 5199 3447 5252 bene
3476 5201 3706 5268 operari,

2137 5282 2235 5336 nisi
2281 5280 2612 5350 jttstiticalus-
2645 5297 2714 5337 ex
2769 5283 2915 5338 ﬁde?
2965 5286 3268 5357 Prmcipitur
3310 5297 3370 5341 ut
3403 5289 3711 5360 credamus,

2138 5383 2194 5427 ut
2217 5372 2360 5434 dono
2389 5383 2606 5442 accepto
2632 5372 2861 5444 Spiritus
2887 5379 3058 5432 sancti
3085 5394 3177 5447 per
3209 5378 3544 5434 dilectionem
3573 5381 3710 5438 bene

2135 5465 2341 5535 Operari
2370 5465 2633 5534 possimus
2662 5484 2674 5519 :
2709 5467 2801 5522 sed
2843 5469 2962 5537 quis
3000 5479 3172 5538 potest
3215 5469 3452 5533 credere,
3487 5471 3586 5524 nisi
3611 5472 3710 5527 ali-

2135 5574 2234 5629 qua
2264 5557 2537 5612 vocatione
2557 5600 2569 5623 ,
2618 5558 2720 5614 hoc
2746 5569 2825 5613 est
2847 5601 2864 5626 ,
2914 5562 3086 5632 aliqua
3119 5575 3295 5616 rerum
3339 5561 3710 5620 testificatione

2209 5673 2223 5702 ί
2246 5677 2370 5735 Μδε.,
2393 5669 2610 5736 reliquitc
2625 5672 2770 5724 salva!
2788 5670 2924 5735 ﬁunt.
