4134 6208
418 309 519 364 127

358 430 367 498 ζ
416 420 699 494 tangatur?
746 418 877 486 Quis
919 417 1079 473 habet
1127 416 1178 471 in
1221 421 1487 487 potestate
1536 412 1765 498 taliviso
1809 411 1995 482 attingi

422 523 652 568 mentem
678 526 848 577 suam,
878 525 983 580 quo
1008 510 1123 578 ejus
1142 507 1389 561 voluntas
1407 513 1683 560 moveatur
1708 503 1774 557 ad
1803 501 1997 558 fidem?

419 603 549 671 Quis
577 611 753 656 autem
786 600 963 654 animo
988 598 1326 668 amplectitur
1352 594 1549 665 aliquid
1572 593 1712 665 quod
1742 609 1863 647 eum
1890 607 1996 647 non

418 693 688 750 delectat?
716 701 806 745 aut
833 690 953 761 quis
997 689 1157 743 habet
1188 689 1240 764 in
1271 695 1531 757 potestate
1561 696 1616 740 ut
1644 685 1729 740 vel
1753 692 2000 740 occurrat

418 787 561 857 quod
588 801 710 841 eum
740 784 1004 839 delectare
1047 781 1246 851 possit,
1277 780 1359 835 vel
1390 779 1619 835 delectet
1659 793 1778 834 eum
1807 793 1997 832 occur-

416 876 594 932 rerit?
619 876 752 929 Cum
783 889 909 944 ergo
936 887 1033 926 nos
1057 888 1118 927 ea
1146 872 1414 926 delectant
1439 869 1631 940 quibus
1659 868 1999 939 proficiamus

414 968 481 1022 ad
524 968 726 1033 Deum,
773 966 1063 1036 inspiratur
1105 963 1208 1019 hoc
1254 972 1310 1018 et
1363 961 1626 1033 prmbetur
1668 961 1836 1031 gratia
1881 957 1996 1024 Dei,

415 1074 523 1113 non
569 1068 700 1111 nutu
747 1067 931 1111 nostro
984 1064 1039 1111 et
1082 1052 1338 1109 industria
1382 1061 1474 1107 aut
1520 1067 1743 1122 operum
1793 1052 2000 1107 meritis

418 1159 797 1220 comparatur;
840 1148 960 1219 quia
997 1156 1056 1201 ut
1092 1146 1158 1200 sit
1201 1152 1360 1200 nutus
1384 1143 1703 1210 voluntatis,
1735 1152 1789 1198 ut
1813 1144 1881 1198 sit
1912 1142 2001 1197 in-

417 1242 620 1297 dustria
651 1241 843 1305 studii,
877 1249 934 1294 ut
973 1240 1079 1294 sint
1112 1252 1273 1308 opera
1302 1237 1562 1292 charitate
1592 1237 1877 1302 ferventia,
1912 1236 2000 1292 ille

419 1334 635 1399 tribuit,
669 1332 757 1387 ille
794 1331 1031 1401 largitur.
1068 1330 1257 1384 Petere
1281 1327 1534 1398 jubemur
1568 1336 1627 1381 ut
1653 1327 1997 1397 accipiamus,

417 1434 471 1481 et
498 1439 739 1496 quaerere
771 1432 827 1477 ut
858 1422 1227 1489 inveniamus,
1278 1430 1333 1475 et
1377 1420 1591 1490 pulsare
1636 1430 1693 1474 ut
1735 1420 2002 1488 aperiatur

417 1518 572 1572 nobis
616 1515 828 1588 (Matth.
857 1532 961 1578 vn.
993 1515 1069 1586 7).
1118 1514 1305 1569 Nonne
1349 1512 1633 1583 aliquando
1679 1513 1790 1583 ipsa
1832 1513 2001 1568 oratio

419 1617 599 1664 nostra
650 1609 727 1663 sic
778 1607 953 1677 tepida
1003 1615 1123 1671 cst,
1175 1606 1261 1660 vel
1308 1605 1484 1675 potius
1529 1604 1715 1673 frigida
1766 1613 1820 1659 et
1848 1619 2012 1686 Μ

419 1699 563 1756 nulla
591 1701 633 1767 ³,
677 1700 785 1754 imo
829 1698 1048 1754 omnino
1091 1697 1353 1753 interdum
1400 1698 1471 1752 ita
1517 1698 1696 1763 nulla,
1743 1706 1799 1750 ut
1831 1712 2004 1767 neque

422 1793 527 1849 hoc
573 1793 627 1848 in
676 1792 831 1849 nobis
869 1804 991 1847 cum
1036 1791 1224 1847 dolore
1270 1790 1650 1845 advertamus?
1692 1790 1815 1859 quia
1846 1790 1889 1844 si
1918 1789 2002 1845 vel

366 1877 379 1969 ι
418 1882 524 1939 hoc
558 1882 823 1948 dolemus,
870 1882 979 1953 jam
1021 1896 1256 1936 oramus.
1306 1879 1444 1947 Quid
1490 1895 1617 1949 ergo
1646 1879 1788 1934 aliud
1818 1888 2001 1935 osten-

419 1975 566 2031 ditur
591 1975 765 2041 nobis,
795 1973 897 2029 nisi
922 1974 1044 2044 quia
1070 1979 1125 2028 et
1154 1982 1334 2042 petere
1363 1981 1415 2026 et
1442 1986 1683 2042 quaerere
1711 1980 1767 2027 et
1795 1972 2003 2041 pulsare

421 2065 514 2122 ille
562 2066 839 2133 concedit,
885 2064 973 2136 qui
1023 2072 1083 2119 ut
1125 2063 1240 2118 haec
1282 2061 1558 2127 faciamus,
1602 2062 1792 2132 jubet?
1836 2061 2003 2134 Igitur

418 2173 522 2211 non
549 2157 792 2223 volentis,
830 2171 989 2226 neque
1026 2154 1272 2208 canentis
1291 2194 1305 2220 ,
1337 2152 1427 2207 sed
1456 2152 1732 2208 miserantis
1761 2162 1833 2207 est
1863 2151 1958 2207 Dei
1981 2168 2002 2208 :

419 2248 853 2320 quandoquidem
896 2262 994 2303 nec
1021 2247 1159 2303 velle
1202 2261 1302 2301 nec
1345 2261 1596 2312 currere,
1645 2247 1747 2301 nisi
1788 2262 1853 2302 eo
1883 2262 2001 2303 mo-

417 2348 581 2396 vente
607 2350 764 2410 atqne
791 2340 1059 2395 excitante
1078 2380 1091 2404 ,
1124 2339 1437 2409 poterimus.

485 2430 577 2487 22.
605 2430 757 2498 Quod
796 2432 840 2485 si
883 2431 1076 2486 electio
1102 2428 1193 2483 hic
1223 2428 1280 2483 ﬁt
1308 2428 1483 2499 aliqua
1503 2470 1518 2495 ,
1548 2437 1605 2483 ut
1634 2429 1710 2484 sic
1742 2429 2003 2501 intelliga-

416 2544 539 2585 mus
557 2529 699 2601 quod
738 2528 937 2584 dictum
948 2537 1046 2582 -est
1066 2569 1081 2593 ,
1109 2527 1359 2598 Reliquias
1396 2543 1485 2597 per
1509 2526 1798 2580 electionem
1826 2524 2004 2594 gratia:

414 2621 570 2678 salva:
598 2622 746 2691 facta:
773 2628 890 2674 sunt
921 2618 1096 2691 (Rom.
1127 2634 1213 2685 χι,
1244 2616 1300 2690 5)
1325 2635 1338 2683 ;
1372 2632 1476 2672 non
1508 2625 1565 2671 ut
1588 2614 2001 2686 justiﬁeatnrum

415 2713 609 2769 electio
651 2710 745 2767 fiat
782 2709 850 2765 ad
879 2709 1041 2764 vitam
1070 2718 1323 2763 :eternam
1345 2747 1360 2773 ,
1399 2706 1492 2762 sed
1522 2715 1580 2760 ut
1620 2706 1884 2775 eligantur
1912 2703 2001 2773 qui

414 2801 773 2873 justifieentur
800 2818 815 2855 :
848 2808 993 2855 certe
1021 2798 1093 2853 ita
1117 2799 1325 2853 occulta
1354 2804 1437 2852 est
1467 2795 1584 2851 hinc
1608 2794 1833 2861 electio,
1867 2804 1923 2848 ut
1947 2794 2001 2849 in

417 2894 607 2951 eadem
661 2892 1046 2963 conspersione
1096 2890 1251 2945 nobis
1310 2904 1533 2961 prorsus
1587 2903 1848 2959 apparere
1894 2902 2002 2942 non

416 2986 622 3057 possit;
664 2992 756 3039 aut
798 2984 846 3039 si
889 2990 1111 3055 apparet
1154 2981 1507 3053 quibusdam,
1559 2996 1660 3052 ego
1704 2981 1756 3035 in
1801 2979 1902 3034 hac
1942 2994 2001 3035 re

416 3060 779 3134 infirmitatem
828 3090 1004 3131 meam
1051 3074 1243 3131 fateor.
1295 3073 1410 3129 Non
1453 3074 1595 3129 enim
1640 3072 1813 3127 habeo
1859 3070 2001 3142 quod

420 3171 633 3227 intuear
659 3171 712 3225 in
742 3169 999 3241 eligendis
1031 3169 1331 3224 hominibus
1355 3168 1420 3223 ad
1442 3168 1664 3240 gratiam
1691 3167 1997 3232 salutarem,

418 3261 466 3316 si
496 3260 563 3317 ad
589 3276 816 3317 examen
846 3259 1002 3331 hujus
1027 3260 1305 3316 electionis
1334 3260 1510 3330 aliqua
1540 3258 1862 3329 cogitatione
1890 3273 2003 3328 per-

419 3353 624 3419 mittor,
653 3352 755 3407 nisi
785 3353 869 3407 vel
897 3351 1067 3422 majus
1097 3351 1385 3421 ingenium,
1414 3350 1497 3405 vel
1527 3351 1733 3404 minora
1761 3358 1998 3419 peccata,

414 3443 504 3500 vel
534 3451 815 3514 utrumque
842 3460 857 3496 :
889 3442 1146 3497 addamus
1183 3443 1342 3497 etiam
1364 3483 1378 3507 ,
1424 3442 1470 3497 si
1512 3442 1719 3511 placet,
1750 3441 2002 3496 honestas

417 3536 683 3605 utilesque
706 3533 996 3589 doctrinas.
1026 3533 1276 3603 Quisquis
1303 3548 1430 3603 ergo
1457 3531 1614 3588 fuerit
1651 3547 1810 3603 quam
1838 3531 2000 3586 mini-

422 3627 526 3682 mis
566 3626 798 3697 peceatis
836 3624 1069 3680 irretitus
1096 3634 1256 3695 atque
1294 3624 1607 3690 maculatus,
1640 3622 1798 3695 (nam
1841 3622 2001 3678 nullis

418 3719 539 3790 quis
578 3714 811 3788 potest?)
838 3725 894 3772 et
930 3732 1053 3772 acer
1094 3716 1333 3786 ingenio,
1364 3726 1419 3771 et
1458 3716 1769 3772 liberalibus
1798 3717 2002 3771 artibus

417 3808 707 3878 expolitus,
756 3805 1030 3879 eligendus
1067 3806 1279 3862 videtur
1321 3807 1387 3862 ad
1433 3807 1678 3878 gratiam.
1730 3807 1837 3863 Sed
1879 3823 2001 3862 cum

415 3897 518 3954 hoe
546 3907 803 3967 statuero,
851 3898 923 3953 ita
972 3914 1058 3955 me
1098 3898 1293 3954 ridebit
1334 3898 1421 3954 ille
1448 3892 1537 3969 qui
1581 3898 1789 3953 infirma
1819 3898 2002 3953 mundi

417 3989 584 4060 elegit
620 3998 677 4045 ut
717 3988 1005 4045 confundat
1037 3989 1226 4058 fortia,
1267 3997 1322 4045 et
1357 3990 1514 4045 stulta
1547 3989 1729 4044 mundi
1772 3997 1832 4044 ut
1871 4003 2001 4044 con-

382 4078 391 4141 ἒ
478 4103 496 4134 ι
520 4108 652 4163 Lov.,
673 4100 809 4166 plene
829 4101 1053 4153 nulla.At
1069 4110 1192 4164 Am.,
1208 4109 1283 4153 Er.
1300 4110 1353 4153 et
1372 4110 1501 4166 uss,
1522 4117 1641 4169 pene
1662 4103 1814 4156 nulla.

418 4221 3629 4247 ww

919 305 1008 360 DE
1045 301 1357 359 DIVERSIS
1392 297 1906 371 QUIESTIONIBUS
1942 299 2036 354 AD
2074 299 2573 372 SIMPLICIANUM,
2615 303 2675 360 S.
2713 302 3079 362 AUGUSTINI

3585 309 3691 366 128

2104 412 2294 470 fundat
2329 415 2599 486 sapientes
2641 416 2698 488 (l
2724 416 2840 472 Cor.
2867 434 2912 483 ι,
2941 416 3075 490 27),
3117 425 3176 473 ut
3212 431 3336 474 eum
3384 419 3594 477 intuens
3633 430 3691 479 et

2105 506 2309 577 pudore
2334 519 2627 576 correctus,
2658 526 2756 581 ego
2795 511 3045 567 irrideam
3090 514 3285 568 multos
3328 523 3382 569 et
3420 529 3529 584 prie
3568 518 3691 587 qui-

2105 597 2329 654 busdam
2374 601 2745 670 peccatoribus
2786 603 3064 673 castiores,
3117 612 3172 660 ct
3216 619 3326 674 prae
3371 607 3688 677 quibusdam

2107 690 2460 760 piscatoribus
2521 703 2782 750 oratores.
2844 695 3032 753 Nonne
3091 696 3426 755 advertimus
3490 702 3691 757 multos

2106 781 2293 838 fideles
2325 793 2536 839 nostros
2561 785 2897 842 ambulantes
2926 789 3064 841 viam
3099 788 3223 856 Dei,
3261 805 3329 845 ex
3363 791 3509 846 nulla
3538 803 3692 863 parte

2110 875 2323 946 ingenio
2350 878 2669 946 comparari,
2701 894 2806 933 non
2838 879 3009 934 dicam
3040 882 3389 951 quorumdam
3422 884 3695 941 haeretico-

2105 983 2247 1034 rum,
2280 967 2374 1023 sed
2401 968 2561 1023 etiam
2588 969 2873 1024 mimorum
2896 971 2920 1023 ν
2960 970 3092 1026 Item
3130 986 3236 1027 non
3259 972 3501 1029 videmus
3529 990 3696 1046 quos-

2105 1058 2228 1113 dam
2264 1058 2509 1114 homines
2552 1060 2829 1130 utriusque
2853 1075 3012 1117 sexus
3057 1063 3110 1117 in
3154 1063 3418 1135 eonjugali
3447 1066 3694 1122 castitate

2106 1149 2349 1205 viventes
2388 1149 2504 1205 sine
2542 1151 2757 1221 querela
2785 1192 2800 1218 ,
2838 1163 2893 1207 et
2935 1161 3112 1208 tamen
3153 1155 3238 1209 vel
3280 1156 3564 1212 lizereticos
3602 1159 3692 1215 vel
3729 1156 3743 1202 ι

2105 1253 2372 1309 paganos,
2401 1240 2487 1295 vel
2514 1241 2673 1296 etiam
2711 1242 2763 1296 in
2800 1258 2925 1298 vera
2965 1243 3068 1300 ﬁde
3106 1255 3159 1300 et
3184 1262 3310 1303 vera
3335 1248 3575 1305 Ecclesia
3613 1250 3691 1306 sie

2108 1330 2333 1399 tepidos,
2370 1339 2431 1385 ut
2472 1345 2565 1386 eos
2605 1332 2861 1387 miremur
2900 1335 3237 1390 meretricum
3278 1346 3333 1392 et
3372 1338 3690 1396 histrionum

2106 1420 2282 1475 subito
2310 1435 2722 1487 conversorum,
2764 1438 2869 1477 non
2898 1425 3070 1480 solum
3110 1427 3361 1495 patientia
3389 1438 3444 1484 et
3484 1439 3689 1501 tempe-

2106 1514 2319 1580 rantia,
2377 1513 2470 1569 sed
2526 1515 2687 1569 etiam
2737 1515 2878 1579 fide,
2925 1532 3059 1586 spe,
3108 1517 3368 1574 charitate
3410 1523 3690 1590 superari?

2106 1603 2294 1659 Restat
2340 1619 2468 1675 ergo
2515 1613 2571 1659 ut
2614 1606 2915 1661 voluntates
2960 1608 3243 1678 eligantur.
3292 1609 3397 1665 Sed
3444 1613 3690 1668 voluntas

2106 1694 2260 1764 ipsa,
2312 1695 2413 1749 nisi
2462 1695 2659 1766 aliquid
2718 1698 3013 1751 occurrerit
3058 1698 3200 1768 quod
3243 1699 3473 1755 delectet
3527 1711 3689 1772 atque

2108 1785 2297 1839 invitet
2344 1786 2621 1852 animum,
2669 1788 2871 1842 moveri
2916 1788 3064 1843 nullo
3107 1789 3267 1844 modo
3311 1799 3487 1859 potest
3530 1810 3544 1847 :
3586 1792 3689 1848 hoe

2106 1886 2283 1932 autem
2329 1884 2389 1931 ut
2429 1886 2709 1945 occurrat,
2752 1893 2856 1933 non
2902 1886 2987 1934 est
3030 1879 3082 1933 in
3126 1879 3358 1935 hominis
3404 1890 3686 1951 potestate.

2106 1965 2242 2034 Quid
2273 1968 2483 2023 volebat
2513 1968 2725 2031 Saulus,
2759 1969 2860 2023 nisi
2901 1969 3170 2037 invadere,
3203 1971 3435 2038 trahere,
3463 1973 3687 2043 vincire,

2107 2071 2299 2113 necare
2341 2057 2717 2113 Christianos?
2761 2059 2930 2126 Quam
2976 2060 3160 2115 rabida
3208 2063 3491 2129 voluntas,
3531 2079 3690 2132 quam

2107 2151 2327 2220 furiosa,
2369 2168 2527 2223 quam
2568 2154 2746 2208 eruca!
2790 2154 2878 2225 qui
2923 2162 3097 2209 tamen
3143 2170 3251 2210 una
3289 2155 3521 2227 desuper
3558 2171 3691 2214 voce

2108 2253 2424 2315 prostratus,
2452 2254 2764 2301 occurrente
2790 2247 2973 2316 utique
3004 2247 3097 2312 tali
3125 2247 3260 2312 viso,
3291 2262 3398 2319 quo
3422 2262 3573 2303 mens
3600 2248 3691 2305 illa

2107 2345 2161 2390 et
2189 2336 2435 2391 voluntas
2475 2335 2701 2391 refracta
2742 2336 2944 2390 sazvitia
2985 2345 3389 2407 retorqueretur
3428 2347 3483 2392 et
3518 2338 3690 2393 corri-

2104 2438 2320 2499 geretur
2369 2428 2437 2483 ad
2489 2428 2684 2496 fidem,
2735 2437 2956 2498 repente
3009 2445 3074 2484 ex
3138 2430 3411 2500 Evangelii
3462 2430 3690 2485 mirabili

2107 2529 2448 2589 persecutore
2487 2521 2782 2576 mirabilior
2823 2521 3141 2591 praedicator
3177 2521 3399 2577 eﬂ‘ectus
3439 2533 3520 2578 est
3549 2522 3689 2595 (Act.

2108 2626 2200 2664 vut
2220 2653 2235 2677 ,
2267 2613 2334 2676 5,
2362 2620 2409 2665 et
2438 2612 2608 2682 tx,l).
2632 2612 2697 2666 Et
2721 2621 2899 2667 tamen
2930 2612 3056 2683 quid
3100 2612 3381 2669 dicemus?
3425 2609 3697 2684 Numquid

2104 2705 2345 2773 iniquitas
2391 2714 2465 2758 est
2506 2704 2647 2773 apud
2691 2703 2879 2770 Deum,
2928 2705 3229 2776 exigentem
3273 2721 3304 2760 a
3347 2721 3454 2775 quo
3494 2706 3688 2776 placet,

2104 2792 2391 2849 donantem
2427 2794 2511 2849 eui
2544 2794 2752 2864 placet?
2788 2795 2881 2865 qui
2924 2810 3254 2865 nequaquam
3285 2796 3449 2864 exigit
3484 2794 3692 2851 indebi-

2107 2895 2240 2951 tum,
2282 2900 2613 2957 nequaquam
2652 2886 2817 2941 donat
2860 2886 3114 2941 alienum.
3163 2886 3428 2956 Numquid
3452 2886 3692 2959 iniquitas

2106 2986 2177 3032 est
2223 2979 2363 3047 apud
2400 2978 2614 3033 Deum?
2663 2978 2823 3033 Absit.
2875 2978 3051 3047 Quare
3099 2988 3274 3033 tamen
3329 2977 3451 3032 huic
3489 2977 3596 3044 ita,
3635 2985 3694 3033 et

2106 3067 2228 3123 huic
2266 3084 2373 3124 non
2411 3069 2528 3124 ita?
2575 3068 2620 3124 0
2646 3070 2813 3135 homo,
2850 3080 2904 3123 tu
2933 3070 3045 3141 quis
3082 3071 3178 3125 es?
3218 3070 3462 3126 Debitum
3498 3070 3542 3124 si
3584 3085 3690 3125 non

2104 3158 2285 3215 reddis
2304 3199 2319 3225 ,
2350 3160 2513 3215 habes
2542 3160 2684 3231 quod
2709 3162 2993 3231 gratuleris
3022 3179 3034 3213 :
3064 3160 3110 3217 si
3153 3161 3361 3227 reddis,
3388 3177 3493 3216 non
3526 3161 3691 3219 habes

2105 3249 2246 3319 quod
2283 3251 2544 3318 queraris.
2586 3251 2879 3306 Credamus
2918 3258 3156 3317 tantum,
3200 3252 3300 3306 etsi
3351 3266 3544 3321 capere
3582 3266 3690 3307 non

2106 3341 2364 3408 valemus,
2394 3342 2647 3411 quoniam
2673 3344 2763 3413 qui
2793 3344 3092 3398 universam
3122 3354 3420 3399 creaturam
3449 3354 3503 3399 et
3533 3344 3693 3415 spiri-

2108 3432 2302 3487 tualem
2345 3441 2401 3487 et
2448 3433 2781 3502 corporalem
2828 3432 2954 3489 fecit
3000 3442 3055 3489 et
3100 3434 3378 3500 condidit,
3421 3435 3597 3489 omnia
3636 3435 3692 3491 in

2106 3541 2333 3581 numero
2371 3535 2425 3580 et
2472 3525 2708 3595 pondere
2752 3533 2808 3581 et
2849 3540 3100 3581 mensura
3150 3526 3385 3596 disponit
3431 3526 3583 3598 (Sap.
3612 3543 3689 3595 xt,

2104 3616 2220 3687 2i).
2264 3616 2371 3673 Sed
2410 3616 2772 3672 inscrutabilia
2800 3626 2924 3686 sunt
2956 3617 3157 3687 judicia
3201 3617 3338 3686 ejus,
3380 3626 3435 3671 et
3472 3618 3694 3672 investi-

2105 3708 2312 3779 gabiles
2348 3708 2445 3763 vim
2483 3709 2600 3779 ejus
2630 3707 2805 3779 (liam.
2833 3724 2905 3770 xi,
2938 3707 3048 3778 55).
3079 3708 3324 3763 Dicamus
3350 3708 3574 3763 Alleluia
3594 3748 3609 3772 ,
3638 3716 3695 3763 et

2106 3800 2469 3856 Collaudemus
2513 3799 2801 3866 canticum,
2847 3808 2902 3854 et
2944 3815 3050 3854 non
3090 3798 3350 3865 dicamus,
3384 3798 3518 3864 Quid
3550 3797 3694 3852 hoc?

2107 3892 2223 3957 vel,
2253 3893 2379 3963 quid
2411 3893 2555 3947 hoc?
2600 3892 2788 3947 Omnia
2829 3893 2971 3947 enim
3017 3893 3068 3947 in
3102 3902 3341 3963 tempore
3379 3907 3477 3948 suo
3513 3902 3694 3948 creata

2105 3994 2233 4040 sunt
2270 3983 2453 4055 (Eccli.
2484 3999 2672 4049 xxxux,
2707 3983 2794 4050 i9,
2821 3983 2937 4055 26).

1341 4305 1819 4411 LIBER
1876 4302 2755 4412 SECUNDUS.

912 4586 917 4589 .
1006 4543 1059 4588 In
1079 4545 1284 4590 caeteras
1303 4539 1599 4605 quassuones
1620 4540 1837 4606 quinque
1858 4540 1941 4592 vel
1972 4553 2065 4593 sex
2086 4552 2117 4592 ι
2136 4542 2435 4607 Simpliciano
2456 4543 2724 4607 propositas
2744 4556 2808 4595 ex
2832 4542 2971 4594 libris
2991 4550 3191 4608 Regum.

1861 4676 2231 4735 ἤωδε

487 4791 793 4849 Ρηιιεινλτιο.
807 4791 1063 4865 Satisjam
1086 4793 1152 4849 de
1174 4792 1427 4864 Apostolo
1445 4807 1531 4849 me
1544 4792 1610 4847 ad
1636 4793 1902 4864 proposita
1916 4808 1999 4848 re-

416 4885 697 4953 spondisse
708 4886 957 4940 existimo
975 4903 990 4941 τ
1009 4901 1150 4941 nunc
1164 4885 1231 4939 ad
1248 4900 1310 4941 ea
1329 4901 1445 4956 quze
1456 4884 1523 4941 de
1538 4885 1686 4940 libris
1698 4885 2002 4956 Regnorum

416 4978 681 5046 requisisti
703 4976 844 5033 aliud
873 4979 1117 5033 volumen
1136 4977 1411 5048 aggrediar
1430 4992 1598 5047 ;qu:e,
1613 4977 1749 5032 sicut
1764 4977 1926 5031 multa
1947 4985 2003 5034 et

427 5084 594 5139 prope
622 5070 795 5123 omnia
823 5080 1064 5126 veterum
1092 5073 1393 5136 Librorum,
1427 5070 1732 5143 ﬁguratiora
1754 5079 1881 5126 sunt
1899 5112 1914 5138 ,
1947 5079 2004 5127 et

421 5158 794 5231 mysteriorum
830 5160 1179 5218 velaminibus
1217 5163 1472 5218 involuta.
1522 5162 1775 5230 Quamvis
1819 5171 2000 5219 autem

420 5264 486 5304 ex
512 5265 579 5305 eo
598 5246 735 5319 quod
765 5250 1133 5306 transierimus
1153 5253 1219 5308 ad
1236 5252 1529 5320 Christum,
1560 5252 1830 5308 auferatur
1853 5254 2001 5309 vela-

420 5358 542 5396 men
584 5341 604 5411 (
621 5342 662 5397 ll
702 5340 820 5397 Cor.
856 5357 936 5408 ιιι,
977 5342 1082 5413 l6)
1116 5361 1129 5394 :
1162 5353 1337 5399 tamen
1359 5346 1600 5402 videmus
1625 5360 1768 5401 nunc
1796 5347 1848 5400 in
1876 5347 2005 5401 teni-

418 5444 615 5504 gmate,
648 5444 770 5491 tunc
794 5444 973 5490 autem
1002 5434 1134 5490 facie
1154 5435 1222 5488 ad
1252 5435 1439 5490 faciem
1459 5438 1498 5490 ί.
1524 5438 1776 5493 Velamen
1802 5438 1999 5508 quippe

420 5527 564 5580 omni
588 5526 746 5581 modo
768 5526 1069 5581 intercludit
1096 5534 1402 5597 aspectum;
1443 5527 1668 5597 aenigma
1715 5541 1862 5591 vero,
1887 5535 2005 5581 tan-

484 5654 500 5686 ¹
528 5656 889 5711 vetustissimus
910 5658 1039 5711 liber
1059 5660 1383 5721 Corbeiensis,
1397 5658 1569 5724 faciem
1585 5661 1651 5712 ad
1665 5660 2004 5727 faciem;juxta

2107 4810 2266 4867 quam
2294 4811 2389 4867 per
2414 4796 2719 4867 speculum,
2753 4798 2893 4855 sicut
2920 4799 3062 4855 idem
3094 4801 3368 4872 apostolus
3394 4804 3499 4869 ait,
3544 4802 3699 4860 Vide-

2107 4904 2219 4943 mus
2244 4906 2375 4944 nunc
2394 4907 2483 4961 per
2499 4891 2760 4961 speculum
2782 4899 2828 4946 et
2849 4892 2902 4945 in
2924 4892 3191 4963 aenigmate
3212 4891 3256 4966 (Ι
3284 4892 3404 4949 Cor.
3436 4910 3550 4962 xm,
3578 4895 3691 4967 1'2),

2106 4995 2207 5037 nec
2232 4981 2681 5037 evidentissimum
2705 4982 2904 5055 detegit
2931 4986 3163 5054 speciem
3186 5026 3201 5052 ,
3232 5001 3332 5042 nec
3357 5001 3574 5056 prorsus
3594 4987 3688 5042 ob.

2108 5073 2236 5143 tegit
2258 5073 2561 5130 veritatem.
2586 5075 2876 5146 Aggrediar
2887 5078 3047 5149 ergo‘
3069 5086 3124 5132 et
3147 5078 3265 5144 ista,
3284 5077 3421 5133 duce
3446 5079 3693 5143 Domino,

2108 5163 2213 5220 tuis
2241 5166 2414 5235 potius
2446 5166 2753 5223 sublevatus
2778 5168 3146 5234 orationibus,
3184 5183 3346 5239 quam
3368 5169 3694 5239 jussionibus

2106 5265 2440 5327 aggravatus.
2473 5258 2774 5314 Prtesertim
2797 5260 2920 5330 quia
2942 5275 3009 5315 ex
3029 5259 3253 5330 epistola
3290 5268 3376 5315 tua
3409 5263 3548 5315 non'
3591 5262 3695 5316 boe

2172 5416 2190 5480 ξ
2217 5421 2267 5464 tu
2283 5414 2539 5480 veteribus
2554 5413 2708 5476 libris,
2722 5414 3063 5480 aggrediamur
3084 5428 3235 5480 ergo;
3255 5423 3306 5466 et
3323 5422 3695 5480 consequenter

2106 5474 2229 5541 infra
2252 5474 2424 5539 plurali
2448 5490 2669 5537 numero,
2691 5468 2938 5541 sublevati,
2962 5468 3226 5541 aggravatii

2172 5538 2604 5604 ftowsveterum
2636 5538 2852 5588 codicum
2875 5552 2969 5604 one
2993 5538 3373 5604 redintegratus.
3399 5539 3484 5604 Qui
3503 5540 3696 5604 in_ante

2108 5599 2462 5664 editisomissa
2492 5602 2571 5650 hic
2603 5608 2816 5664 negante
2849 5599 3120 5664 pariicula,_
3146 5602 3219 5664 sic
3242 5600 3392 5664 paulo
3418 5599 3695 5664 'postjaee-

2108 5616 2254 5649 ωιιιε
2284 5616 2462 5650 01111853
2492 5616 2571 5650 mc
2603 5616 2667 5650 ne
2733 5616 2816 5649 [lle
2849 5616 3106 5663 particula,
3146 5616 3219 5651 Slc
3281 5616 3303 5649 il

2105 5661 2208 5717 bat,
2252 5660 2305 5712 in
2325 5674 2417 5726 quo
2454 5675 2621 5715 revera
2643 5616 3045 5726 ogatanperarem,
3069 5661 3165 5714 nisi
3184 5616 3303 5715 utillii

3319 5661 3441 5716 esset
3463 5661 3697 5719 difﬁcilli-
