4134 6208
246 280 461 382 “ιε9

353 451 408 499 te
436 441 675 498 intellexi
718 457 983 515 qumrere,
1023 444 1150 517 quid
1186 445 1301 503 haec
1336 446 1391 504 in
1429 448 1709 520 prophetia
1741 447 1945 519 signino

353 546 478 590 cent
503 554 515 589 :
542 536 595 591 in
625 550 737 607 qua
764 552 952 594 revera
982 538 1361 610 obtemperare
1399 540 1529 596 mihi
1561 551 1705 598 esset
1733 541 1948 598 difﬁcil-

353 628 538 681 linnnn
565 644 579 692 ;
610 629 737 699 quia
766 636 823 685 ct
849 629 915 685 de
945 640 1050 686 tota
1080 633 1389 689 earumdem
1413 636 1754 691 contextione
1781 636 1946 692 libro-

354 735 474 773 rum
522 720 767 776 ducenda
820 733 965 778 esset
1008 726 1230 782 intentio
1253 766 1267 792 ,
1304 736 1358 783 et
1392 727 1439 782 si
1476 738 1619 784 esset
1655 731 1949 800 promptior

352 809 701 877 intellectus,
764 815 1074 883 magnitudo
1142 826 1315 873 tamen
1384 820 1561 888 operis
1631 820 1943 890 impediret;

352 917 473 967 quae
499 903 546 956 si
570 902 848 960 subeunda
873 916 989 974 est,
1027 908 1282 977 prolixius
1313 911 1477 965 otium
1507 920 1820 984 tempusque
1850 912 1946 966 fla-

352 993 520 1061 gitat:
550 992 647 1048 sed
673 1010 817 1051 nunc
856 995 997 1065 ipsas
1036 1013 1212 1053 rerum
1256 1003 1606 1071 proprietates
1633 1013 1943 1074 gestarum,

352 1099 472 1155 qua:
491 1084 576 1140 bis
602 1085 781 1142 verbis
808 1102 1032 1158 quorum
1068 1105 1100 1145 a
1131 1100 1184 1147 te
1207 1091 1344 1147 facta
1368 1096 1805 1150 commemoratio
1832 1104 1944 1165 est,

352 1176 743 1247 signiﬁcantur,
767 1181 1034 1250 quomodo
1054 1183 1406 1256 intelligerem
1433 1201 1591 1243 nasse
1619 1187 1862 1258 dignatus
1888 1202 1947 1243 es

353 1274 410 1323 et
430 1268 562 1324 meis
586 1269 781 1325 litteris
805 1273 1023 1342 aperiri.
1629 1269 1639 1278 ’

356 1360 613 1429 Ωωεετιο
639 1379 819 1422 ratus.
842 1396 916 1409 -—-
935 1367 1132 1438 Spiritu
1152 1369 1249 1424 Dei
1276 1371 1470 1428 diverso
1492 1374 1640 1428 modo
1664 1375 1950 1445 afﬁciuntur

431 1456 706 1526 praphette.
729 1458 1008 1528 Prophetia
1022 1460 1194 1517 habitu
1210 1475 1470 1535 perpetuo,
1505 1475 1552 1520 et
1570 1465 1756 1532 a/fectu
1778 1477 1948 1523 trans-

434 1547 598 1602 itoria.
629 1546 859 1620 Spiritus
891 1549 990 1606 Dei
1028 1558 1137 1608 sine
1163 1556 1505 1611 additamenta
1533 1559 1829 1630 intelligitur
1855 1562 1947 1615 bo-

435 1654 549 1692 nus.
577 1640 657 1693 An
682 1641 858 1696 eodem
878 1644 1079 1699 nomine
1106 1645 1460 1721 intelligendus
1496 1649 1721 1720 Spiritus
1744 1664 1949 1709 sanctus

431 1726 579 1782 Patri
604 1738 652 1783 et
678 1728 820 1784 Filio
843 1734 1302 1790 consubstantialis.
1328 1737 1551 1809 Spiritus
1583 1739 1679 1794 Dei
1709 1742 1763 1796 in
1791 1742 1950 1798 Saule

427 1814 585 1868 bonus
611 1822 659 1868 et
690 1813 857 1869 malus
886 1818 1155 1887 quomodo.
1194 1820 1323 1875 Saftl
1361 1839 1656 1893 persequens
1700 1824 1948 1881 Davidem

426 1904 608 1973 spiritu
631 1906 925 1974 prophetico
949 1918 993 1962 et
1015 1909 1144 1965 bono
1167 1923 1444 1981 correptus.
1475 1915 1693 1971 Munera
1716 1921 1948 1989 quaedam

427 1993 653 2063 Spiritus
692 1997 854 2050 sancti
888 1999 1061 2054 haberi
1098 2002 1208 2056 sine
1237 2004 1497 2060 charitate.
1544 2007 1670 2062 Sine
1705 2011 1948 2068 clmritate

425 2102 637 2140 munera
660 2088 764 2142 alia
783 2088 1008 2161 Spiritus
1025 2095 1188 2148 sancti
1200 2096 1329 2149 nihil
1345 2109 1572 2167 prosunt.
1591 2102 1665 2156 An
1683 2106 1947 2175 praplretia

421 2176 669 2233 habeatur
686 2181 796 2258 sine
823 2181 1082 2238 charitate.
1111 2184 1388 2243 Ilwreticos
1415 2200 1459 2244 et
1484 2191 1822 2250 schismaticos
1849 2197 1942 2251 Ita—

422 2270 536 2324 bere
553 2272 660 2326 alia
676 2273 813 2328 dona
829 2273 1059 2345 Spiritus
1080 2280 1244 2333 sancti
1269 2292 1451 2352 praeter
1478 2285 1792 2344 charitatent.
1819 2289 1945 2362 Spi-

421 2362 547 2416 ritus
572 2364 741 2419 ntalus
762 2382 854 2420 cur
881 2368 1046 2437 dictus
1069 2372 1277 2440 spiritus
1299 2372 1526 2430 Domini.

425 2453 474 2507 1.
495 2454 557 2508 Et
578 2456 807 2524 primum
829 2459 1041 2530 quidem
1058 2464 1197 2533 quod
1217 2465 1284 2520 de
1298 2468 1474 2536 primo
1487 2469 1789 2541 Regnorum
1812 2476 1947 2533 libro

349 2543 551 2615 iussisti
575 2558 634 2603 ut
656 2565 1004 2620 exponerem,
1033 2559 1300 2625 quomodo
1328 2559 1525 2617 dictum
1543 2565 1632 2633 sit,
1664 2565 1731 2621 Et
1752 2569 1945 2625 insiluit

354 2641 558 2710 spiritus
604 2642 816 2701 Domini
855 2648 909 2702 in
948 2649 1081 2704 Saul
1097 2666 1218 2706 cum
1250 2654 1373 2710 alibi
1419 2657 1596 2725 dicat,
1630 2658 1697 2713 Et
1737 2663 1945 2731 spiritus

355 2728 561 2789 Domini
603 2735 772 2792 malus
814 2740 870 2793 in
910 2740 1042 2796 Saul
1079 2741 1131 2813 (ι
1173 2743 1304 2817 Reg.
1349 2764 1471 2817 xvr,
1510 2752 1631 2824 14).
1678 2728 1941 2813 Ita-enim

354 2826 609 2896 scriptum
631 2839 716 2886 est
745 2848 760 2887 :
788 2830 855 2886 Et
882 2836 1074 2904 factum
1095 2847 1167 2891 est
1193 2855 1308 2894 cum
1343 2855 1642 2901 converteret
1680 2850 1942 2908 humerum

354 2932 520 2982 suum,
543 2930 599 2973 ut
617 2922 711 2975 iret
731 2939 763 2975 a
780 2923 1009 2992 Samuel,
1033 2932 1271 2984 convertit
1290 2932 1426 2990 Deus
1445 2937 1498 2991 in
1523 2938 1653 2995 Saul
1671 2958 1760 2996 cor
1776 2944 1940 3014 aliud,

352 3015 399 3059 et
425 3021 665 3065 venerunt
692 3015 863 3068 omnia
897 3018 1043 3088 signa
1068 3019 1160 3079 illa
1189 3024 1271 3078 die
1298 3043 1320 3081 :
1362 3036 1408 3082 et
1438 3032 1566 3084 venit
1603 3032 1721 3088 inde
1747 3035 1800 3088 in
1836 3037 1944 3091 col-

354 3100 469 3168 lem,
495 3112 542 3155 ct
567 3123 683 3162 ecce
702 3109 886 3167 chorus
910 3118 1267 3185 prophetarum
1286 3121 1341 3173 in
1366 3122 1561 3176 obviam
1584 3125 1660 3180 illi
1684 3169 1697 3192 ,
1742 3138 1789 3182 et
1813 3130 1941 3185 insi-

358 3193 516 3252 latitia
543 3200 695 3256 illum
721 3205 927 3274 spiritus
951 3207 1062 3275 Dei,
1090 3221 1137 3265 et
1164 3213 1476 3285 prophetarit
1502 3216 1556 3271 in
1584 3220 1748 3275 medio
1770 3238 1942 3278 eorum

355 3286 535 3358 (ld.x,
559 3292 616 3359 9,
650 3293 776 3365 f0).
810 3297 1290 3359 Prmdixeratenim
1314 3306 1427 3371 hinc
1451 3308 1523 3363 illi
1545 3308 1795 3380 Samuel,
1816 3328 1938 3370 cum

353 3395 469 3434 eum
496 3386 679 3451 jussus
709 3390 981 3444 unxisset.‘
1000 3392 1065 3446 Et
1093 3393 1194 3449 hoc
1215 3396 1426 3465 quidem
1454 3415 1562 3454 non
1590 3410 1716 3471 puto
1743 3403 1940 3462 habere

351 3474 543 3546 aliquid
568 3483 900 3549 quaestionis.
929 3484 1156 3555 Spiritus
1172 3489 1314 3543 enim
1337 3492 1425 3547 ubi
1446 3494 1560 3549 vult
1578 3495 1742 3565 spirat
1757 3496 1935 3567 (.loan.

354 3581 438 3634 ιιι,
478 3569 591 3640 8):
623 3581 679 3626 et
721 3574 963 3643 Spiritum
1006 3570 1303 3649 praphetia:
1347 3584 1608 3641 nullarum
1642 3589 1937 3648 animarum

351 3670 522 3729 potest
547 3664 820 3721 maculare
846 3677 1140 3724 contactus.
1164 3672 1388 3743 Attingit
1419 3678 1559 3731 enim
1592 3679 1786 3750 ubique
1811 3698 1936 3752 pro-

351 3756 464 3818 pter
482 3766 639 3808 suam
670 3755 981 3812 munditiam
1006 3757 1160 3832 (Sap.
1185 3778 1276 3829 vn,
1300 3763 1415 3837 24).
1437 3766 1617 3823 Afflcit
1634 3780 1809 3828 autem
1831 3789 1939 3834 non

352 3854 533 3899 omnes
559 3843 757 3900 eodem
785 3847 964 3915 modo,
982 3851 1077 3906 sed
1102 3853 1238 3909 alios
1262 3871 1356 3925 per
1382 3856 1808 3919 informationem
1830 3866 1939 3936 spi-

351 3931 481 3988 ritus
505 3936 824 3994 eorumdem
851 3939 1124 3999 hominum
1144 3986 1158 4010 ,
1189 3946 1277 4002 ubi
1299 3962 1476 4005 rerum
1507 3950 1940 4013 demonstrantur

353 4023 634 4097 imagines;
665 4029 803 4085 alios
829 4047 924 4102 per
946 4032 1177 4092 fructum
1194 4040 1388 4095 mentis
1413 4042 1480 4096 ad
1501 4043 1933 4116 intelligentiam;

359 4116 483 4172 alios
502 4129 727 4193 utraque
749 4124 1127 4195 inspiratione;
1147 4131 1279 4187 alios
1304 4132 1463 4188 etiam
1486 4136 1804 4194 nescientes.
1831 4139 1938 4198 Sed

359 4221 452 4278 per
484 4212 912 4272 informationem
955 4221 1171 4290 spiritus
1212 4224 1422 4280 duobus
1462 4227 1679 4285 modis:
1711 4243 1803 4287 aut
1845 4250 1940 4304 per

354 4304 647 4375 somnium,
697 4308 835 4363 sicut
878 4325 983 4366 non
1023 4313 1191 4368 solum
1239 4316 1477 4389 plerique
1523 4322 1728 4389 sancti,
1758 4325 1852 4381 sed
1884 4336 1939 4383 et

353 4388 559 4449 Pharao
606 4404 663 4450 et
711 4396 1202 4459 Nabuchodonosor
1254 4421 1348 4461 rex
1392 4388 1527 4465 vidit
1582 4388 1725 4482 quod
1779 4430 1939 4473 nemo

353 4499 533 4543 eorum
570 4489 872 4561 intelligere
908 4493 1140 4564 valebat,
1181 4497 1277 4553 sed
1304 4508 1478 4557 tamen
1505 4503 1689 4560 videre
1718 4515 1939 4579 uterque

352 4589 592 4649 potuerat
616 4581 772 4654 (Gen.
796 4600 906 4651 xu,
927 4594 974 4640 et
992 4586 1130 4642 Dan.
1155 4592 1296 4661 ιιι-ιγ)
1323 4608 1335 4644 :
1369 4603 1460 4647 aut
1485 4609 1578 4664 per
1596 4595 1938 4654 demonstra-

352 4671 545 4729 tionem
572 4676 626 4730 in
657 4678 873 4743 ecstasi,
901 4680 1040 4750 quod
1064 4683 1300 4738 nonnulli
1332 4684 1502 4741 Latini
1527 4695 1799 4759 stuporem
1819 4692 1837 4723 ί
1856 4693 1940 4748 in-

352 4770 742 4834 terpretantur;
787 4770 979 4824 mirum
1030 4773 1075 4827 si
1107 4775 1351 4844 proprie,
1397 4777 1491 4833 sed
1530 4779 1700 4836 vicine
1738 4791 1937 4852 tamen,

350 4869 473 4909 cum
497 4857 566 4912 sit
591 4860 1047 4931 mentis’alienatio
1065 4878 1096 4918 a
1121 4865 1631 4939 sensibuscorporis,
1650 4880 1706 4927 ut
1724 4872 1942 4944 spiritus

348 4945 583 5004 hominis
599 4950 782 5005 divino
812 4952 1001 5023 spiritu
1027 4965 1328 5027 assumptus
1350 4960 1622 5029 capiendis
1661 4973 1820 5034 atque
1860 4965 1942 5019 in-

349 5041 561 5096 tuendis
602 5042 919 5112 imaginibus
956 5055 1143 5112 vacet;
1183 5048 1319 5104 sicut
1359 5050 1563 5107 Danieli
1600 5052 1939 5111 demonstra-

350 5131 459 5178 tum
488 5135 574 5180 est
599 5126 743 5196 quod
771 5142 876 5183 non
904 5129 1249 5202 intelligebat,
1284 5142 1338 5189 et
1358 5135 1523 5205 Petro,
1545 5138 1673 5194 illud
1693 5155 1789 5195 vas
1815 5141 1941 5197 sub-

348 5216 568 5272 missum
596 5217 667 5272 de
691 5218 829 5274 ctelo
856 5230 1083 5291 quatuor
1104 5224 1257 5279 lineis
1277 5226 1298 5256 ²
1318 5224 1451 5297 (Act.
1481 5244 1515 5282 x
1534 5269 1550 5296 ,
1584 5230 1708 5300 ll):
1740 5246 1861 5287 nam
1886 5242 1941 5289 et

347 5306 462 5377 ipse
489 5309 618 5380 quid
652 5310 742 5366 illa
774 5311 1160 5372 demonstratio
1184 5316 1434 5388 figuraret
1463 5330 1645 5392 postea
1670 5328 1935 5395 cognovit.

346 5395 700 5458 Perfructum
726 5412 904 5460 autem
946 5407 1139 5462 mentis
1168 5408 1234 5464 ad
1267 5409 1661 5484 intelligentiam
1689 5433 1794 5471 uno
1819 5432 1938 5474 mo-

345 5492 433 5560 do,
455 5511 578 5552 cum
599 5495 718 5553 haec
742 5498 853 5569 ipsa
874 5516 993 5572 quae
1009 5500 1443 5560 demonstrantur
1469 5507 1787 5580 imaginibus
1811 5513 1937 5583 quid

344 5587 649 5658 signiﬁcent
689 5600 746 5646 et
785 5607 893 5663 quo
939 5596 1240 5665 pertineant
1269 5601 1568 5668 revelatur;
1595 5617 1715 5673 qua:
1740 5605 1938 5662 certior

407 5681 980 5747 ξοςωιιεετνναυοτετη-

409 5743 1149 5810 ἕξιςιηειρίιίιιεεοιιαιια.
1171 5748 1353 5805 eam.

404 5803 1047 5873 (dmiuauuuel,
1074 5803 1371 5876 prouocauit.
1448 5867 1455 5875 .

1680 328 1886 388 LIBER
1928 328 2303 389 SECUNDUS.

3536 349 3638 410 130

2054 448 2331 518 prophetia
2358 460 2459 519 cst;
2480 468 2601 509 nam
2627 456 2797 529 magis
2820 459 2988 529 ipsam
3023 471 3178 519 vocat
3206 465 3491 537 Apostolus
3515 489 3640 544 pra-

2052 540 2288 610 phetiam
2322 542 2375 614 (l
2403 545 2520 600 Car.
2545 563 2660 613 xm,
2692 550 2756 623 2)
2794 571 2809 608 :
2836 553 2974 610 sicut
3000 555 3196 629 Ioseph
3228 563 3418 619 meruit
3443 540 3638 623 intelli-

2050 649 2194 705 gere,
2223 638 2362 708 quod
2394 639 2599 698 Pharao
2623 659 2726 701 non
2749 648 2849 703 nisi
2871 649 3118 718 videre‘;
3143 664 3195 708 et
3215 655 3394 711 Daniel
3424 662 3638 730 exponit

2050 726 2183 795 regi,
2214 729 2354 798 quod
2375 730 2464 786 ille
2486 735 2656 789 cernit
2680 746 2733 790 et
2757 739 2946 794 nescit.
2975 716 3113 796 Cum
3134 759 3261 798 vero
3286 745 3354 800 ita
3383 716 3534 805 meris
3559 716 3662 806 ιιῐ-Ἰ

2051 814 2245 885 ficitur,
2281 830 2336 875 ut
2362 838 2465 878 non
2488 840 2667 880 rerum
2695 828 2953 901 imagines
2982 836 3325 904 conjecturali
3362 845 3637 899 examina-

2050 911 2194 966 tione
2219 914 2493 985 intelligat,
2523 919 2617 974 sed
2646 936 2731 976 res
2754 924 2894 992 ipsas
2918 926 3203 997 intueatur,
3233 932 3371 989 sicut
3393 934 3641 1008 intelligi-

2049 1008 2139 1056 tur
2164 1004 2419 1072 sapicntia
2459 1017 2508 1063 et
2533 1010 2735 1079 justitia
2780 1017 3059 1088 omnisque
3096 1020 3543 1083 incommutabilis
3566 1004 3641 1085 vet

2050 1088 2225 1147 divina
2266 1097 2493 1164 Species,
2543 1099 2610 1154 ad
2652 1104 2983 1172 praphetiam
3029 1109 3095 1165 de
3124 1128 3225 1181 qua
3261 1130 3402 1171 nunc
3431 1119 3639 1187 agimus
3712 1166 3719 1177 .

2050 1194 2158 1236 non
2203 1186 2458 1253 pertinet.
2498 1186 2732 1262 Utraque
2757 1205 2934 1250 autem
2961 1214 3179 1257 munere
3208 1186 3497 1276 praphetize
3537 1208 3638 1263 do-

2051 1283 2244 1329 nantur
2268 1276 2321 1330 hi
2345 1278 2433 1347 qui
2461 1288 2514 1335 et
2538 1296 2715 1337 rerum
2743 1284 2996 1356 imagines
3036 1291 3088 1345 in
3114 1294 3301 1363 spiritu
3339 1296 3549 1364 vident,
3582 1308 3637 1356 et

2050 1366 2177 1435 quid
2207 1369 2419 1426 valeant
2456 1372 2615 1428 simul
2658 1376 2971 1449 intelligunt,
3021 1394 3113 1438 aut
3152 1397 3301 1444 certe
3345 1392 3637 1450 manifestis

2049 1455 2405 1516 locutionibus
2433 1462 2484 1517 in
2512 1463 2623 1533 ipsa
2644 1466 3099 1531 demonstratione
3127 1477 3498 1549 informantur,
3531 1486 3638 1541 sic-

2052 1557 2110 1603 ut
2158 1549 2214 1604 in
2266 1552 2586 1625 Apocalypsi
2629 1559 2871 1629 quaedam
2915 1576 3270 1635 exponuntur.
3320 1571 3634 1632 Nescientes

2048 1650 2227 1698 autem
2257 1643 2422 1702 afﬁcit
2453 1650 2742 1719 prophetia:
2779 1656 2996 1725 spiritus
3019 1700 3035 1722 ,
3076 1662 3210 1718 sicut
3252 1664 3478 1735 Caiphas
3512 1685 3635 1741 cum

2049 1741 2194 1788 esset
2223 1737 2459 1805 pontifex
2498 1740 2834 1810 prophetavit
2856 1746 2925 1801 de
2952 1748 3177 1807 Domino
3199 1755 3341 1824 quod
3364 1737 3639 1830 expediret

2050 1837 2213 1879 unum
2230 1828 2364 1882 mori
2382 1843 2477 1898 pro
2500 1839 2607 1886 tota
2632 1846 2791 1903 gente
2815 1835 2988 1908 (Joan.
3014 1857 3087 1907 x1,
3112 1844 3202 1912 49,
3221 1846 3335 1919 50),
3355 1828 3475 1906 cum
3493 1852 3636 1911 aliud

2048 1915 2101 1970 in
2121 1917 2294 1973 verbis
2305 1935 2422 1990 qua:
2437 1921 2646 1979 dicebat
2659 1928 2976 1996 attenderet;
2995 1947 3116 2004 quae
3131 1951 3234 1992 non
3252 1915 3350 1995 sea
3362 1957 3421 1998 se
3431 1943 3548 2012 ipso
3563 1944 3638 2001 di-

2047 2022 2175 2065 cere
2207 2012 2494 2069 nesciebat.
2521 2016 2808 2076 Abundant
2825 2022 2877 2077 in
2900 2027 3098 2082 sanctis
3114 2028 3287 2088 Libris
3301 2037 3566 2107 exempla;
3582 2047 3638 2095 et

2046 2114 2136 2156 res
2150 2102 2440 2171 prudentia:
2458 2114 2561 2163 tute
2570 2110 2876 2169 notissimas
2886 2115 3092 2194 loquor.
3106 2119 3221 2177 Non
3235 2124 3374 2179 enim
3386 2102 3485 2182 ista
3500 2102 3635 2186 dicis

2046 2207 2112 2248 ex
2135 2208 2241 2262 me,
2259 2196 2353 2252 sed
2374 2197 2427 2253 in
2445 2199 2523 2255 eis
2544 2216 2629 2257 me
2646 2207 3010 2273 percontando
3026 2211 3297 2280 probas,et
3311 2230 3636 2288 cognoscere

2045 2285 2269 2354 cupiens
2297 2288 2660 2357 proficientem
2681 2335 2695 2361 ,
2725 2304 2781 2352 et
2802 2299 3073 2371 corrigere
3102 2315 3317 2373 paratus
3340 2285 3632 2369 errantem.

2045 2373 2160 2430 Hoc
2184 2386 2362 2434 autem
2393 2381 2578 2451 verbo,
2607 2386 2749 2455 quod
2776 2388 3005 2458 positum
3031 2402 3134 2460 est,
3155 2392 3225 2449 Et
3243 2397 3436 2454 insiluit
3454 2401 3507 2456 in
3522 2419 3636 2457 eum

2044 2466 2283 2536 spiritus;
2314 2478 2559 2542 tanquam
2589 2490 2653 2531 ex
2681 2478 2863 2534 abdito
2886 2480 3175 2539 divinitatis
3202 2497 3410 2544 secreto
3436 2506 3636 2561 repen-

2046 2556 2189 2613 tinus
2237 2559 2566 2630 significatur
2616 2565 2844 2624 afflatus.
2900 2571 3102 2628 Horum
3149 2575 3308 2646 igitur
3352 2556 3635 2640 modorum

2045 2660 2277 2717 quonam
2303 2653 2478 2721 potius
2504 2654 2753 2713 allectum
2790 2675 2912 2717 esse
2936 2662 3290 2736 intelligamus
3312 2669 3441 2728 Saill
3458 2713 3475 2739 ,
3506 2674 3635 2732 satis

2043 2749 2264 2809 apparet
2288 2758 2352 2799 ex
2380 2758 2446 2799 eo
2473 2746 2615 2816 quod
2642 2748 2713 2804 ibi
2741 2753 2995 2823 scriptum
3016 2763 3119 2823 est,
3145 2755 3400 2816 Convertit
3421 2761 3558 2820 Deus
3580 2766 3636 2822 in

2045 2832 2178 2887 Saul
2205 2850 2293 2889 car
2319 2837 2484 2892 aliud.
2518 2839 2607 2895 Sic
2636 2842 2777 2898 enim
2807 2845 2965 2901 aliam
3000 2849 3175 2906 cordis
3200 2851 3534 2912 affectionem
3562 2858 3636 2914 si-

2041 2925 2279 2995 gnificat,
2311 2943 2470 2999 quam
2490 2933 2511 2963 ³
2540 2936 2901 2992 convertenda
2927 2937 3054 2995 fecit
3080 2941 3219 2998 Deus
3252 2953 3310 2999 ut
3343 2946 3634 3018 imaginum

2042 3017 2453 3089 significantium
2482 3033 2537 3080 et
2566 3026 3017 3100 praefigurantium
3036 3048 3206 3107 capax
3225 3037 3396 3105 fieret,
3421 3017 3489 3096 ad
3510 3057 3633 3112 pro-

2041 3110 2309 3182 pheticam
2336 3114 2737 3175 divinationem.

2112 3203 2167 3258 Ξ.
2195 3205 2424 3262 Tantum
2455 3219 2634 3266 autem
2658 3211 2821 3270 distat
2845 3215 2985 3271 inter
3020 3219 3355 3290 prophetiam
3394 3224 3631 3295 prophe-

2037 3302 2238 3363 tarum,
2272 3297 2407 3353 sicut
2434 3297 2620 3368 Isaias,
2650 3302 2789 3359 sicut
2812 3304 3072 3362 Jeremias
3094 3350 3109 3374 ,
3141 3319 3196 3365 et
3220 3313 3402 3367 czeteri
3440 3315 3631 3385 hujus-

2041 3386 2185 3443 modi
2212 3387 2461 3457 fuerunt,
2497 3400 2659 3465 atque
2687 3395 2841 3451 istam
2876 3399 3236 3456 transitoriam
3276 3418 3395 3473 qua:
3422 3405 3476 3459 in
3502 3406 3629 3463 Sail]

2040 3480 2320 3548 apparuit,
2352 3492 2607 3553 quantum
2655 3486 2824 3543 distat
2865 3489 3002 3544 inter
3022 3491 3287 3562 loquelam
3315 3494 3625 3568 humanam,

2038 3585 2160 3626 cum
2200 3572 2486 3645 loquuntur
2520 3577 2780 3647 homines,
2807 3590 2862 3637 et
2898 3597 3020 3638 cum
3045 3585 3235 3642 eadem
3266 3588 3471 3659 loquela
3502 3607 3629 3662 pro-

2043 3672 2164 3732 pter
2189 3670 2548 3725 necessarium
2580 3672 2871 3744 prodigium
2900 3677 3047 3732 asina
3074 3677 3249 3734 locuta
3292 3691 3394 3747 est,
3442 3684 3494 3738 in
3523 3700 3628 3754 qua

2040 3756 2264 3812 sedebat
2291 3758 2505 3815 Balaam
2535 3762 2791 3834 propheta
2823 3766 2841 3836 (
2872 3766 3034 3822 Num.
3065 3785 3179 3824 χιιι
3198 3812 3213 3837 ,
3243 3771 3314 3826 28
3336 3770 3379 3843 ).
3410 3775 3630 3846 Accepit

2040 3848 2183 3903 enim
2215 3849 2317 3906 hoc
2345 3852 2411 3906 ad
2451 3862 2660 3923 tempus
2704 3856 2831 3910 illud
2859 3858 3161 3927 iumentum
3181 3903 3197 3929 ,
3228 3872 3284 3917 ut
3314 3864 3452 3919 Deus
3479 3867 3623 3935 quod

2040 3947 2301 3996 statuerat
2328 3943 2742 4010 demonstraret,
2774 3961 2881 4001 non
2907 3956 2965 4003 ut
2994 3949 3176 4005 habitu
3209 3963 3466 4023 perpetuo
3490 3956 3628 4019 inter

2040 4028 2286 4087 homines
2314 4032 2483 4088 bestia
2516 4034 2841 4106 loqueretur.
2865 4039 2971 4094 Aut
2995 4040 3041 4095 si
3066 4040 3168 4098 hoc
3196 4046 3494 4116 exemplum
3516 4065 3629 4106 ma-

2035 4119 2154 4191 jore
2175 4120 2472 4179 differentia
2499 4135 2764 4183 remotum
2795 4137 2903 4197 est;
2931 4133 3098 4188 multo
3130 4136 3306 4190 minus
3327 4138 3625 4198 mirandum

2008 4220 2123 4301 ‘est
2149 4212 2351 4270 homini
2374 4217 2603 4289 reprobo
2628 4219 2804 4275 datam
2835 4222 3000 4281 fuisse
3041 4226 3105 4281 ad
3132 4239 3459 4286 momentum
3490 4242 3626 4290 temo

2039 4305 2187 4376 poris
2223 4306 2414 4365 affectu
2443 4312 2749 4369 transitoria
2773 4317 3106 4387 prophetiam
3131 4363 3146 4387 ,
3175 4323 3386 4393 quando
3411 4325 3502 4381 ille
3526 4326 3626 4384 de-

2039 4396 2210 4467 derat,
2231 4400 2321 4470 qui
2345 4408 2400 4457 et
2419 4403 2621 4459 asinam
2642 4420 2764 4460 cum
2789 4408 2953 4464 voluit
2972 4410 3113 4482 loqui
3131 4414 3277 4470 fecit.
3301 4416 3463 4488 Magis
3480 4420 3625 4477 enim

2039 4488 2202 4545 distat
2246 4506 2406 4561 pecus
2434 4494 2502 4549 ab
2548 4495 2803 4563 homine,
2853 4515 3014 4570 quam
3061 4501 3225 4560 homo
3254 4510 3510 4576 reprobus
3556 4511 3624 4568 ab

2040 4582 2247 4651 electis,
2279 4584 2370 4639 sed
2405 4593 2578 4641 tamen
2611 4587 2934 4646 hominibus.
2961 4591 3077 4647 Non
3106 4595 3249 4650 enim
3273 4598 3317 4651 si
3345 4599 3624 4669 quisquam

2040 4673 2235 4730 dixerit
2261 4676 2459 4747 aliquid
2488 4680 2630 4748 quod
2658 4681 2724 4736 ad
2753 4684 3068 4753 sapientiam
3093 4689 3341 4757 pertinet,
3372 4694 3625 4751 continua

2040 4765 2255 4833 sapiens
2291 4767 2677 4826 existimandus
2701 4780 2801 4828 est.
2850 4773 2940 4830 Sic
2966 4791 3064 4831 nec
3088 4779 3365 4850 quisquam
3385 4823 3400 4848 ,
3452 4784 3497 4839 si
3528 4785 3625 4840 ali-

2041 4858 2253 4929 quando
2294 4862 2722 4933 propbetaverit,
2749 4866 2859 4936 jam
2903 4868 3040 4923 inter
3064 4872 3354 4942 prophetas
3377 4890 3627 4933 numera.

2041 4952 2185 5009 bitur
2213 4972 2226 5007 :
2257 4969 2378 5011 cum
2410 4964 2463 5013 et
2492 4958 2748 5015 Dominus
2787 4960 2838 5015 in
2862 4961 3156 5032 Evangelia
3194 4965 3339 5022 dicat
3364 4971 3622 5040 quosdam

2040 5061 2162 5103 cum
2191 5049 2384 5120 gaudio
2410 5052 2630 5107 verbum
2674 5054 2952 5123 excipere,
2993 5064 3049 5112 et
3066 5058 3265 5116 radicis
3290 5062 3622 5122 altitudinem

2041 5153 2148 5194 non
2184 5138 2415 5208 habere,
2454 5142 2552 5197 sed
2596 5158 2716 5198 esse
2762 5146 3080 5216 temporales
3113 5149 3338 5221 (Matth.
3372 5172 3502 5223 xm,
3531 5157 3621 5223 20,

2039 5228 2161 5298 21).
2196 5229 2424 5301 Ideoque
2467 5233 2603 5289 sicut
2630 5249 2964 5308 consequens
2997 5241 3196 5299 indicat
3224 5246 3398 5312 lectio,
3432 5249 3623 5306 factum

2040 5331 2122 5378 est
2147 5324 2198 5378 in
2228 5324 2554 5394 parabolam,
2575 5327 2637 5383 Si
2660 5338 2706 5381 et
2734 5328 2864 5385 Saftl
2883 5332 3014 5389 inter
3033 5336 3302 5408 prophetas
3316 5338 3336 5369 ³
3362 5337 3403 5408 (1
3424 5336 3621 5409 Reg.x,

2042 5412 2176 5489 12)?
2231 5415 2342 5473 Hoc
2372 5417 2533 5487 igitur
2559 5420 2738 5476 mirari
2778 5423 3083 5484 desinamus
3104 5470 3121 5493 ,
3159 5444 3278 5484 cum
3309 5430 3360 5484 in
3394 5430 3623 5487 homini-

2040 5505 2141 5563 bus
2176 5515 2398 5579 apparet
2430 5508 2685 5568 divinitus
2723 5515 2943 5587 aliquid,
2985 5534 3210 5589 quorum
3254 5522 3334 5576 vel
3374 5523 3622 5580 meritum

2102 5644 2286 5714 {La},
2326 5644 2456 5709 quod
2480 5646 2693 5714 _Pltarao
2734 5652 3026 5714 nonpomit
3067 5652 3163 5703 nisi
3193 5653 3374 5705 videre.
3413 5664 3467 5709 At
3502 5660 3623 5712 editi

2035 5702 2119 5753 alii
2159 5702 2443 5757 etlssfnon
2480 5708 2693 5770 habent,
2722 5702 2913 5776 potuit';
2940 5715 3055 5776 quia
3084 5702 3627 5780 subaudimﬁﬁeiﬁiil

2098 5767 2131 5835 ξ
2144 5766 2433 5835 amorim
2451 5772 2599 5835 (λιιω
2618 5771 2729 5835 19w
2745 5782 3045 5835 malam-

2613 5772 3303 5895 έὴὲοακὲῗᾶιῗιὲιηυνουικω
3321 5840 3351 5891 2
