4134 6208
435 338 541 398 ³131

437 457 525 513 vel
565 453 798 511 habitum
836 451 1076 518 excedit,
1119 466 1238 506 cum
1279 448 1416 504 forte
1441 448 1553 502 vult
1585 447 1722 500 Dens
1751 443 2026 512 cujusdam

435 549 838 622 signiﬁcationis
863 547 1026 617 gratia
1054 546 1157 599 tale
1187 541 1383 613 aliquid
1411 538 1783 596 demonstrari.

510 644 562 698 ὅ.
614 643 666 697 Si
716 650 889 695 autem
935 639 1034 692 hoc
1079 644 1286 702 movet,
1315 633 1453 704 quod
1492 642 1672 701 postea
1712 629 1839 684 Sani
1882 627 2023 682 malo

435 737 623 806 spiritu
654 735 931 789 iuvadente
960 730 1340 800 pmelocahatur
1361 771 1375 793 ,
1415 728 1504 798 qui
1561 727 1705 795 prius
1731 724 2022 794 prophetiae

437 825 678 895 spiritum
721 831 1029 892 acceperat;
1078 833 1252 889 neque
1283 819 1381 871 hoc
1409 815 1706 870 mirandum
1757 822 1858 868 est.
1891 812 2021 867 Illud

435 916 579 970 enim
605 915 799 968 factum
827 925 908 967 est
933 928 995 965 cx
1022 908 1417 979 disnensatione
1437 907 1628 975 aliquid
1659 902 2020 974 significandi,

435 1007 541 1063 hoc
583 1023 647 1062 ex
699 1006 888 1061 merito
927 1001 1247 1058 vindicandi.
1288 1001 1394 1054 Nec
1424 1013 1636 1052 movere
1687 1013 1784 1050 nos
1826 996 2021 1049 debent

437 1099 552 1154 hac
596 1098 906 1154 alternantia
937 1095 1192 1148 inanimo
1236 1094 1500 1156 humano,
1535 1090 1633 1144 hoc
1671 1097 1752 1144 est
1793 1089 1844 1141 in
1871 1103 2020 1141 crea-

439 1201 555 1246 tura
587 1191 856 1253 mutabili;
888 1188 1181 1259 prrcscrtim
1221 1197 1286 1240 eo
1315 1195 1554 1254 tempore
1583 1199 1687 1253 quo
1739 1197 1862 1236 caro
1903 1195 2019 1234 cor-

435 1285 699 1354 ruptibilis
749 1283 1090 1352 mortalisque
1137 1289 1397 1350 portatur.
1435 1279 1513 1331 An
1554 1287 1659 1330 non
1699 1276 1937 1329 videmus
1966 1275 2017 1328 in

435 1376 553 1444 ipso
599 1375 755 1428 Petro
777 1414 790 1438 ,
823 1383 1076 1443 quantum
1109 1371 1302 1425 indicat
1343 1368 1718 1438 Evangelium,
1754 1365 2018 1420 exstitisse

433 1472 634 1519 tantam
675 1464 1062 1519 confessionem
1084 1504 1096 1526 ,
1138 1469 1196 1516 ut
1223 1460 1404 1515 audire
1444 1460 1727 1524 meruerit,
1758 1455 1941 1511 Beatus
1967 1473 2018 1511 es

435 1555 616 1611 Simon
656 1554 759 1609 Bar
795 1554 964 1620 Iona,
999 1555 1242 1623 quianon
1273 1551 1503 1606 reve‘larit
1545 1549 1630 1603 tibi
1670 1564 1788 1602 caro
1817 1557 1863 1602 et
1894 1563 2015 1601 san-

433 1649 546 1718 guis
567 1688 580 1711 ,
607 1647 698 1700 sed
745 1645 898 1699 Pater
927 1661 1065 1699 mens
1107 1645 1195 1713 qui
1237 1645 1288 1696 in
1327 1643 1463 1695 etelis
1489 1649 1600 1695 est:
1629 1650 1680 1694 et
1719 1640 1876 1710 paulo
1900 1647 2019 1709 post

434 1746 542 1792 tam
561 1735 845 1792 carnaliter
873 1751 993 1791 eum
1042 1735 1110 1790 de
1142 1734 1348 1788 Domini
1397 1733 1642 1802 passione
1665 1732 1901 1785 sensisse
1923 1773 1936 1796 ,
1961 1739 2018 1784 ut

431 1833 611 1888 statim
659 1831 918 1894 audierit,
960 1829 1100 1883 Vade
1143 1837 1250 1897 post
1299 1843 1408 1888 me,
1449 1826 1680 1887 Satana,
1723 1822 2017 1876 scandalum

431 1926 558 1980 nti/ti
581 1941 664 1990 es;
689 1939 792 1977 non
822 1923 953 1978 enim
977 1922 1114 1992 sapis
1134 1936 1246 1991 qnte
1284 1919 1374 1972 Dei
1414 1928 1564 1983 sunt,
1596 1917 1682 1970 sed
1721 1931 1832 1986 qua:
1857 1916 2018 1968 homi-

433 2031 555 2072 num
582 2015 796 2086 (Matth.
825 2029 910 2069 va
931 2057 944 2079 ,
975 2015 1038 2068 17
1058 2055 1070 2079 ,
1102 2012 1228 2084 25)?
1253 2011 1317 2065 Et
1349 2013 1568 2064 fort-asse
1597 2010 1612 2040 ¹
1641 2009 1908 2078 aliquanto
1938 2009 2018 2061 in-

429 2107 600 2163 terius
642 2105 1057 2175 intelligentibus
1087 2112 1287 2158 tantum
1315 2103 1456 2156 valet
1479 2101 1545 2155 ad
1571 2103 1678 2154 visa
1711 2101 1794 2155 illa
1826 2101 2017 2154 mentis

435 2199 560 2254 hinc
576 2199 891 2262 differentia,
909 2211 1012 2267 qua
1031 2195 1408 2265 Potrusprimo
1437 2193 1697 2246 intellexit
1713 2193 1836 2246 ‘Deo
1859 2192 2017 2246 Patre

434 2290 724 2355 rorulenta,
745 2288 884 2358 quod
903 2288 1069 2342 Filius
1092 2288 1340 2342 Deiessct
1365 2286 1639 2349 Christus,
1672 2293 1720 2338 ct
1750 2293 1931 2353 postea
1951 2299 2016 2337 ne

433 2392 735 2439 moreretur
753 2384 1015 2446 extimuit;
1035 2391 1288 2453 quantum
1309 2383 1443 2436 valet
1462 2380 1910 2448 addistingucnda
1943 2379 2019 2432 vi-

427 2489 514 2538 m,
543 2487 660 2544 qnte
688 2475 738 2527 in
773 2475 966 2544 spiritu
994 2473 1222 2526 hominis
1255 2473 1478 2525 alienata
1509 2480 1686 2524 mente
1712 2470 2018 2540 imaginarie

435 2566 588 2630 ilum,
616 2565 1186 2635 revelatiopropbetia-
1212 2579 1312 2634 qua
1343 2565 1514 2633 primo
1539 2562 1746 2616 alllatus
1766 2571 1847 2617 es‘t
1872 2562 2015 2627 Sani,

435 2665 492 2713 et
527 2658 834 2712 commixtio
879 2657 1095 2726 spiritus
1121 2656 1246 2708 mali
1292 2669 1396 2723 qtto
1438 2663 1615 2722 postea
1657 2653 2012 2721 premebatur.

504 2749 560 2802 4.
593 2747 841 2802 Jumvero
871 2743 1000 2800 illuil
1023 2787 1037 2812 ,
1065 2745 1203 2814 quod
1231 2748 1390 2799 etiam
1421 2747 1589 2797 malus
1618 2744 1911 2813 appellatus
1937 2753 2018 2798 est

427 2839 651 2910 spiritus
678 2837 908 2905 Domini,
937 2839 1014 2892 sic
1039 2839 1363 2906 intelligitur,
1394 2837 1660 2906 quomodo
1688 2837 1882 2891 dictum
1914 2845 2014 2904 est,

430 2932 641 2988 'Dotuini
669 2943 739 2987 est
786 2941 918 2986 terra
963 2931 1133 3003 (Psal.
1161 2945 1310 2986 ’χχιιι
1332 2975 1344 2997 ,
1375 2933 1438 3001 ’1)
1466 2950 1477 2984 :
1506 2941 1750 3000 tanquam
1777 2941 2017 2985 creatura

433 3035 490 3081 et
528 3026 579 3079 in
609 3026 725 3095 ejus
750 3025 917 3095 posita
946 3031 1225 3094 petesmtc.
1257 3025 1360 3077 Aut
1386 3024 1426 3077 si
1457 3032 1733 3093 propterea
1760 3037 1863 3077 non
1890 3037 2020 3077 cun-

435 3118 576 3187 gruit
602 3117 700 3170 hoc
744 3117 1027 3171 locutionis
1069 3115 1370 3185 exemplum
1395 3158 1408 3178 ,
1463 3117 1584 3184 quia
1617 3123 1756 3168 terra
1803 3129 1907 3169 non
1939 3123 2020 3170 est

436 3212 608 3276 mala;
642 3213 816 3267 omnis
841 3213 983 3266 enim
1015 3222 1258 3266 creatura
1293 3211 1381 3265 Dei
1428 3211 1563 3265 bona
1603 3220 1683 3265 est
1715 3209 1754 3281 (1
1786 3211 1912 3272 Tim,
1945 3227 2016 3275 tv,

436 3304 492 3375 4)
525 3320 538 3356 :
569 3305 698 3359 illud
727 3313 1014 3374 congruat,
1049 3304 1188 3373 quod
1232 3304 1345 3372 ipsc
1377 3303 1501 3358 Sani
1530 3305 1635 3371 jam
1678 3303 1936 3371 reprobus
1967 3309 2021 3355 et

439 3396 699 3450 scelestus
750 3404 908 3463 atque
952 3395 1188 3463 ingratus
1241 3404 1426 3447 sancto
1470 3394 1663 3454 David,
1713 3402 2020 3462 persecutor

436 3486 598 3540 etiam
624 3485 772 3553 ejus,
817 3499 937 3538 cum
967 3485 1272 3538 saevissima:
1326 3483 1533 3537 invidiae
1565 3485 1762 3538 lacibus
1789 3485 2018 3553 agitare-

439 3586 556 3644 tur,
588 3587 764 3632 tamen
789 3576 961 3629 adhuc
1005 3575 1248 3630 Christus
1281 3575 1485 3629 Domini
1541 3576 1850 3641 dicebatur;
1883 3576 2018 3630 sicut

435 3683 559 3726 eum
605 3669 891 3740 appellavit
943 3669 1054 3738 ipse
1101 3668 1300 3733 David,
1333 3683 1452 3723 cum
1499 3668 1784 3722 vindicavit
1813 3669 2016 3723 cxsrin-

433 3770 578 3817 etum
606 3757 672 3833 (ll
706 3761 832 3832 Reg.
867 3775 919 3829 ι,
963 3761 1029 3816 14
1051 3803 1063 3826 ,
1104 3760 1216 3829 lii).
1249 3761 1355 3815 Sed
1401 3761 1566 3831 magis
1593 3762 1825 3816 arbitror
1867 3762 2019 3816 mali-

435 3868 595 3925 gnum
635 3853 876 3923 spiritum
907 3867 935 3907 a
975 3865 1081 3923 quo
1124 3853 1413 3908 vexabatur
1457 3852 1610 3915 Sani,
1661 3853 1779 3906 ideo
1819 3855 2016 3908 dictum

431 3945 678 4015 spiritum
703 3945 944 4011 Domini,
979 3943 1119 4014 quod
1167 3944 1377 3999 occulto
1423 3944 1631 3998 Domini
1657 3944 1856 4012 judicio
1878 3945 2016 4000 Sati-

433 4037 539 4093 lem
564 4037 805 4092 vexabat.
833 4037 1007 4092 Utitur
1035 4038 1174 4091 enim
1204 4038 1342 4092 Deus
1364 4037 1616 4092 ministris
1639 4039 1796 4092 etiam
1815 4039 2016 4108 spiriti-

432 4129 534 4184 bus
561 4129 712 4182 malis
733 4131 753 4159 ³
774 4127 839 4181 ad
877 4128 1163 4181 vindictam
1207 4129 1486 4195 malorum,
1517 4130 1598 4184 vel
1649 4130 1713 4183 ad
1759 4131 2015 4186 bonorum

433 4220 834 4292 probationem;
899 4219 1004 4271 alio
1066 4219 1224 4272 modo
1283 4221 1348 4274 ad
1395 4221 1534 4275 illam
1598 4237 1738 4285 rem,
1795 4225 1898 4278 alio
1950 4224 2016 4278 ad

432 4314 613 4369 istam.
640 4312 892 4380 Quamvis
917 4311 1058 4366 enim
1091 4311 1212 4365 inde
1237 4313 1306 4366 sit
1349 4313 1571 4383 quisque
1599 4317 1860 4386 malignus
1905 4321 2015 4386 spi-

433 4407 569 4462 ritus
594 4405 636 4471 ⁸,
681 4404 802 4475 quia
849 4403 986 4458 mala
1025 4403 1295 4458 voluntate
1341 4420 1533 4460 nocere
1577 4409 1806 4476 appetit;
1838 4419 2014 4463 tamen

433 4493 661 4553 nocendi
703 4501 1016 4566 poteStatcm
1041 4509 1145 4548 non
1193 4495 1402 4564 accipit,
1437 4497 1535 4550 nisi
1566 4498 1750 4552 abillo
1789 4500 1886 4552 sub
1910 4515 2014 4569 quo

436 4596 562 4644 sunt
589 4588 763 4643 omnia
795 4587 954 4642 certis
978 4593 1031 4641 et
1061 4586 1216 4656 iustis
1261 4588 1568 4642 meritorum
1597 4589 1842 4659 gradibus
1866 4591 2012 4644 ordi-

438 4689 580 4736 nata.
605 4680 754 4747 Quia
796 4679 933 4734 sicut
963 4695 1066 4733 non
1097 4687 1178 4733 est
1222 4680 1359 4733 maia
1412 4681 1652 4736 voluntas
1679 4697 1708 4735 a
1739 4683 1879 4749 Deo,
1938 4686 2014 4740 sic

437 4788 543 4829 non
577 4781 660 4828 est
688 4779 919 4844 potestas
951 4771 1050 4825 nisi
1077 4786 1106 4824 a
1134 4771 1242 4825 Deo
1273 4771 1444 4842 (Rom.
1498 4787 1589 4826 χιιι
1610 4815 1622 4836 ,
1656 4774 1730 4843 l).
1764 4775 2013 4842 Quamvis

432 4865 575 4919 enim
605 4865 674 4919 sit
723 4864 773 4918 in
812 4864 1068 4933 cujusque
1098 4872 1357 4933 potestate
1406 4863 1529 4932 quid
1580 4865 1736 4930 velit,
1771 4883 1874 4920 non
1931 4876 2014 4923 est

436 4965 614 5010 tamen
668 4957 718 5009 in
748 4955 1001 5026 utriusque
1042 4963 1301 5024 potcsmte
1343 4956 1466 5025 quid
1515 4958 1680 5026 possit
1712 4959 1791 5011 vel
1840 4960 2012 5015 facere

433 5047 678 5114 cuiquam
707 5046 789 5099 vel
817 5061 844 5099 a
870 5063 1132 5117 quoquam
1159 5048 1284 5117 pati.
1323 5047 1451 5101 Nam
1483 5059 1534 5103 et
1565 5050 1676 5118 ipse
1703 5047 1868 5105 Filius
1893 5052 2012 5105 uni-

433 5153 526 5201 cus
558 5137 650 5192 Dei
675 5151 927 5206 passurus
954 5140 1017 5194 ad
1053 5149 1258 5210 tempus
1298 5141 1565 5195 humiliter
1594 5143 1791 5196 homini
1829 5158 2012 5213 supcr-

433 5232 500 5286 be
543 5229 779 5301 loquenti
817 5239 869 5284 et
898 5231 1090 5285 dicenti
1117 5235 1254 5302 quod
1279 5245 1590 5304 poteStatcm
1621 5237 1836 5292 haberet
1872 5241 2012 5294 occi-

435 5323 594 5379 dendi
645 5335 765 5378 eum
791 5323 872 5378 vel
901 5322 1196 5378 dimittendi
1229 5343 1240 5378 :
1275 5326 1393 5380 Non
1434 5329 1672 5395 haberes,
1729 5331 1929 5401 inquit,
1959 5333 2010 5387 in

433 5435 511 5471 me
541 5427 864 5487 potestatem,
906 5415 1005 5469 nisi
1032 5415 1150 5468 data
1175 5416 1262 5469 tibi
1288 5429 1410 5472 esset
1440 5420 1650 5492 desuper
1680 5422 1851 5493 (Joan.
1887 5441 1968 5478 xIx
1990 5466 2006 5493 ,

435 5510 548 5581 ll).
579 5510 825 5565 Diabolus
850 5509 1010 5565 etiam
1039 5506 1222 5564 volens
1245 5523 1438 5565 nocere
1458 5514 1604 5582 justo
1630 5517 1747 5572 viro
1768 5517 1884 5584 Job,
1911 5533 2008 5574 no-

503 5622 522 5690 ξ
547 5621 956 5690 tqantiquissimp
975 5621 1254 5690 mrbeiensi
1277 5629 1440 5684 Its.,et
1459 5624 1576 5690 fore.

500 5682 524 5746 ξ
548 5678 883 5746 aliquoius»,

1007 337 1092 393 DE
1133 331 1442 391 DIVERSIS
1477 326 1996 399 QUESTIONIBUS
2031 325 2125 384 AD
2162 327 2661 404 SHIPMCIANUM,
2723 336 2780 394 S.
2824 336 3190 394 AUGUSTINI

3607 333 3725 398 sm

2141 447 2293 502 condi
2339 451 2550 519 quidem
2602 452 2846 506 Voluntas
2887 451 3098 508 diabolo
3137 461 3254 507 erat
3281 451 3318 517 ι,
3349 450 3442 508 sed
3487 460 3665 509 tamen
3690 467 3722 510 a

2137 540 2360 597 Domino
2391 544 2498 600 Deo
2539 554 2850 614 potestatem
2901 546 3141 616 petebat,
3180 546 3391 610 dicens,
3427 546 3567 603 Mitte
3608 565 3720 602 ma-

2136 651 2252 688 num
2286 647 2420 690 tuam.
2447 679 2458 702 ,
2493 649 2537 691 et
2567 647 2712 709 tange
2734 657 2932 693 carnem
2959 641 3066 710 ejus
3095 639 3214 712 (Job
3245 657 3314 705 ιι,
3344 640 3396 710 5)
3437 659 3448 694 :
3481 643 3720 710 quamvis

2136 724 2237 779 hoc
2287 736 2464 793 esset,
2512 729 2556 782 si
2606 729 3034 797 permitteretur,
3086 731 3196 799 ipse
3245 730 3499 785 facturus.
3551 730 3719 799 Ipsam

2130 820 2272 871 enim
2315 819 2714 888 permissionem
2758 821 2969 889 petebat
3009 820 3111 874 hoc
3158 821 3348 884 modo,
3406 831 3458 873 et
3506 836 3720 875 manum

2133 910 2342 964 Domini
2397 912 2698 981 appellabat
2756 915 3068 983 permissam
3121 928 3151 966 a
3219 914 3444 966 Domino
3503 929 3717 967 manum

2129 1016 2310 1064 suam,
2343 1002 2394 1055 id
2420 1011 2533 1069 est,
2569 1003 2737 1072 ipsam
2765 996 3080 1072 potestatem
3107 1019 3264 1074 quam
3309 1004 3523 1058 volebat
3576 1006 3720 1058 acci-

2131 1111 2276 1164 pere.
2301 1093 2398 1148 Cui
2429 1098 2673 1166 congruit
2699 1097 2824 1150 illud
2855 1098 2904 1151 in
2935 1098 3254 1167 Evangelio,
3287 1097 3719 1168 quod'Dominus

2128 1187 2403 1257 discipulis
2433 1189 2540 1253 ait,
2581 1188 2694 1242 Hac
2722 1200 2867 1243 nocte
2892 1191 3161 1260 postularit
3185 1202 3389 1245 satanas
3417 1205 3599 1245 nea-are
3635 1207 3720 1245 eos

2128 1281 2254 1334 sicut
2285 1281 2503 1333 triticum
2528 1279 2677 1353 (Luc.
2708 1297 2817 1334 xxn
2839 1323 2852 1346 ,
2883 1281 2997 1352 51).
3032 1281 3212 1336 Dictus
3243 1291 3320 1335 est
3349 1295 3475 1351 ergo
3502 1281 3718 1350 spiritus

2132 1371 2223 1424 Dei
2261 1371 2466 1435 malus,
2517 1373 2616 1425 hoc
2655 1380 2738 1425 est
2788 1371 3032 1426 minister
3080 1371 3171 1425 Dei
3223 1371 3288 1425 ad
3332 1371 3629 1426 faciendum
3663 1373 3717 1426 in

2128 1462 2253 1517 Sat‘tl
2276 1465 2296 1494 ¹
2324 1462 2464 1533 quod
2505 1479 2624 1517 eum
2655 1465 2761 1534 pati
2789 1464 2951 1534 judex
2985 1465 3537 1534 omnipotentissimus
3568 1464 3715 1535 judi-

2125 1554 2299 1609 cabat.
2349 1554 2609 1622 Quoniam
2663 1555 2880 1625 spiritus
2938 1555 3025 1610 ille
3083 1555 3356 1610 voluntate
3399 1571 3502 1626 qua
3547 1556 3716 1612 malus

2123 1655 2259 1710 erat,
2293 1661 2397 1701 non
2426 1657 2541 1701 erat
2574 1647 2662 1702 Dei
2692 1665 2702 1701 :
2733 1656 2975 1702 creatura
3005 1657 3135 1701 vero
3165 1663 3265 1717 qua
3299 1647 3546 1702 conditus
3577 1657 3713 1714 erat,

2125 1747 2180 1794 ct
2230 1747 2488 1808 potestate
2535 1756 2693 1811 quam
2753 1756 2856 1795 non
2904 1757 3030 1806 sua,
3081 1739 3174 1794 sed
3223 1741 3431 1794 Domini
3474 1741 3714 1795 omnium

2125 1831 2372 1902 mquitate
2406 1841 2714 1903 acceperat,
2749 1831 2841 1888 Dei
2875 1840 3008 1886 erat.
3031 1827 3206 1892 Verba
3235 1833 3392 1886 etiam
3424 1833 3532 1901 ipsa
3565 1830 3718 1885 Seri-

2125 1933 2398 1994 plurarum
2425 1925 2494 1978 ita
2518 1939 2574 1979 se
2603 1924 2799 1978 habent
2831 1943 2841 1975 :
2874 1924 2940 1976 Et
2963 1924 3212 1994 perrexit,
3239 1925 3426 1992 inquit,
3480 1921 3708 1987 Samuel,

2123 2026 2171 2070 et
2195 2018 2316 2070 abiit
2344 2017 2394 2070 in
2424 2016 2714 2081 Rantatlm;
2741 2025 2786 2068 et
2814 2016 3025 2086 spiritus
3057 2013 3263 2067 Domini
3289 2016 3535 2067 recessita
3563 2012 3710 2079 Suiil,

2123 2118 2171 2162 et
2197 2107 2584 2179 'contprehendit
2613 2122 2728 2160 eum
2768 2106 2976 2176 spiritus
3017 2106 3270 2174 malignus
3292 2123 3321 2158 a
3350 2101 3567 2158 Domino
3598 2103 3638 2170 ³,
3671 2113 3717 2157 et

2123 2199 2404 2265 stt/fucabat
2430 2214 2561 2252 eum.
2592 2196 2656 2251 Et
2684 2195 2920 2250 dixerunt
2957 2198 3098 2266 pueri
3137 2195 3267 2250 Sat'tl
3305 2196 3372 2248 ad
3399 2209 3509 2250 cum
3535 2213 3552 2250 :
3585 2194 3718 2249 Ecce

2129 2291 2355 2361 Spiritus
2385 2289 2589 2344 Domini
2637 2290 2890 2360 malignus
2919 2285 3135 2354 stt/forat
3166 2297 3210 2341 te
3242 2283 3280 2358 (1
3315 2288 3438 2358 Reg.
3461 2301 3548 2342 xvt
3571 2331 3584 2351 ,
3625 2288 3716 2341 15-

2128 2383 2242 2454 15).
2288 2383 2397 2438 lloc
2428 2383 2588 2450 igitur
2620 2397 2648 2434 a
2696 2382 2874 2451 pueris
2914 2380 3028 2450 ejus
3055 2379 3321 2450 quomodo
3369 2380 3439 2434 sit
3475 2380 3714 2444 dictum,

2127 2475 2336 2543 spiritus
2387 2473 2592 2526 Domini
2635 2471 2919 2544 malignus,
2954 2473 3230 2542 superiora
3275 2473 3435 2526 verba
3487 2472 3718 2527 indicant

2126 2567 2387 2620 narrantis
2409 2566 2698 2635 Scriptura:
2719 2575 2772 2620 et
2787 2565 3036 2631 dicentis,
3055 2564 3278 2635 Spiritus
3293 2565 3542 2636 malignus
3565 2582 3594 2618 a
3615 2565 3718 2619 Do-

2126 2661 2283 2712 mino.
2313 2657 2619 2713 Secundum
2649 2658 2789 2712 enim
2821 2657 2923 2712 hoc
2952 2656 3158 2710 Domini
3183 2655 3223 2721 ⁸,
3253 2656 3391 2725 quod
3418 2671 3448 2708 a
3480 2653 3714 2711 Domino.

2123 2750 2258 2817 Quia
2289 2763 2385 2818 per
2411 2764 2469 2804 se
2493 2750 2665 2820 ipsum
2697 2748 2834 2803 velle
2859 2763 3053 2803 nocere
3075 2747 3331 2812 habebat,
3364 2746 3416 2800 id
3444 2755 3523 2800 est
3544 2790 3556 2813 ,
3581 2759 3717 2800 com-

2122 2842 2458 2913 prehendere
2508 2841 2852 2911 Sat'tl;posse
2903 2850 3080 2896 autem
3135 2855 3240 2895 non
3297 2839 3559 2905 habebat,
3615 2839 3716 2894 nisi

2125 2947 2338 2990 summa
2360 2935 2567 3003 justitia
2595 2935 2879 2990 sineretur.
2895 2933 2952 2988 Si
2967 2935 3106 2988 enim
3133 2934 3276 3003 juste
3301 2931 3533 2986 vindicat
3553 2930 3714 2998 Deus,

2125 3027 2568 3099 quemadmodum
2597 3029 2708 3097 ipse
2730 3027 2856 3081 dicit
2882 3025 3191 3096 Apostolus,
3223 3037 3341 3078 cum
3367 3021 3525 3077 tradit
3556 3022 3716 3077 homi-

2125 3135 2222 3176 nes
2269 3121 2321 3174 in
2352 3120 2809 3189 concupiscentias
2855 3117 3033 3172 cordis
3076 3132 3259 3172 eorum
3294 3114 3469 3185 (Rom.
3499 3129 3548 3179 ι,
3583 3114 3713 3179 2t);

2125 3225 2231 3266 non
2260 3212 2450 3264 mirum
2501 3211 2546 3264 si
2586 3210 2928 3264 nihilominus
2955 3210 3096 3278 juste
3122 3207 3394 3262 vindicans
3424 3205 3584 3260 tradit
3622 3219 3713 3260 eos

2125 3304 2283 3358 etiam
2317 3303 2368 3355 in
2404 3302 2863 3370 concupiscendos
2890 3301 3114 3355 aliorum
3159 3309 3354 3356 nocere
3400 3301 3710 3367 volentium,

2123 3408 2217 3448 sua
2245 3408 2456 3462 semper
2483 3392 2900 3447 incommutabili
2921 3392 3170 3461 aequitate
3195 3402 3427 3447 servata.

2196 3486 2248 3540 5.
2280 3484 2823 3539 Animadvertendum
2872 3499 3000 3539 sane
3047 3492 3162 3550 est,
3194 3499 3313 3538 cum
3347 3484 3713 3539 additamento

2123 3577 2256 3641 diei,
2304 3579 2510 3648 spiritus
2578 3577 2674 3631 Dei
2719 3577 2902 3630 malus.
2946 3577 3079 3630 Cum
3129 3587 3307 3632 autem
3349 3575 3714 3632 tantummodo

2125 3668 2350 3734 dicitur,
2395 3670 2608 3738 spiritus
2650 3666 2778 3732 Dei,
2826 3669 3035 3724 etiamsi
3069 3684 3174 3724 non
3225 3669 3449 3723 addatur
3505 3670 3710 3736 lmnns,

2123 3775 2190 3816 ex
2221 3761 2320 3816 hoc
2340 3762 2650 3831 intelligitur
2678 3764 2867 3817 bonus.
2896 3761 3046 3816 Unde
3076 3772 3297 3832 apparet
3327 3762 3524 3816 bonum
3555 3763 3710 3832 Spiri-

2125 3861 2236 3907 tum
2278 3853 2567 3908 secundum
2623 3853 3007 3918 substantiam,
3041 3854 3236 3907 malum
3284 3863 3460 3908 autem
3515 3869 3710 3909 secun-

2123 3944 2249 3998 dum
2279 3945 2631 3999 ministerium
2659 3944 2765 4000 dici
2787 3946 3034 4014 Spiritum
3067 3945 3517 4014 Dei.-Quanquam
3541 3945 3709 4015 quaeri

2122 4036 2298 4091 adhuc
2320 4038 2487 4107 possit
2507 4047 2682 4092 utrum
2711 4051 2830 4091 cum
2863 4037 3079 4106 spiritus
3095 4035 3189 4091 Dei
3217 4037 3429 4102 dicitur,
3451 4048 3501 4092 ct
3524 4053 3587 4092 ex
3611 4037 3710 4093 hoc

2123 4127 2396 4198 lpsojam,
2439 4129 2536 4183 etsi
2578 4130 2707 4183 nihil
2750 4129 3004 4195 addatur,
3036 4129 3357 4199 intelligitur
3383 4129 3587 4196 bonus,
3624 4132 3710 4187 ille

2123 4220 2449 4288 intelligatur
2477 4221 2564 4290 qui
2591 4230 2669 4274 est
2701 4223 2754 4274 in
2783 4219 3042 4274 Trinitate
3061 4220 3536 4275 consubstantialis
3568 4222 3706 4276 Patri

2122 4320 2174 4366 et
2200 4309 2335 4364 Filio
2361 4310 2588 4380 Spiritus
2642 4321 2885 4379 sanctus,
2920 4313 2987 4367 de
3009 4328 3113 4382 quo
3140 4313 3365 4380 dicitur,
3409 4311 3506 4368 Ubi
3541 4323 3704 4366 autem

2122 4402 2349 4470 Spiritus
2374 4400 2615 4466 Domini,
2644 4403 2711 4454 ibi
2753 4404 2952 4456 libertas
2985 4404 3048 4469 (11
3078 4402 3194 4457 Cor.
3237 4420 3290 4456 ιιι
3313 4446 3326 4467 ,
3366 4403 3479 4473 17);
3509 4414 3561 4457 et
3604 4403 3706 4458 ite-

2119 4507 2274 4555 rum,
2308 4491 2468 4545 Nobis
2497 4502 2663 4545 autem
2693 4494 2925 4546 reuelauit
2953 4493 3090 4548 Deus
3116 4512 3203 4564 per
3231 4496 3477 4566 Spiritum
3515 4511 3662 4548 suum
3687 4514 3704 4561 ,-

2121 4593 2174 4639 οι
2203 4583 2362 4646 illud,
2395 4583 2481 4637 Sic
2507 4595 2552 4636 et
2585 4601 2695 4654 qum
2721 4584 2816 4638 Dei
2861 4596 3006 4651 sunt,
3046 4603 3189 4640 nemo
3227 4589 3317 4641 scit
3345 4589 3441 4641 nisi
3481 4588 3707 4659 Spiritus

2122 4677 2217 4730 Dei
2247 4675 2424 4746 (lCor.
2456 4692 2521 4744 tt,
2550 4679 2645 4744 l0,
2681 4677 2794 4747 l-l).
2824 4680 2888 4732 Et
2917 4681 3098 4734 multis
3125 4682 3253 4736 locis
3279 4682 3382 4737 hoc
3421 4684 3578 4737 modo
3626 4683 3706 4737 di-

2121 4769 2256 4822 citur
2293 4767 2520 4837 Spiritus
2565 4767 2691 4835 Dei,
2722 4780 2774 4822 et
2819 4770 3133 4841 intelligitur
3171 4773 3398 4843 Spiritus
3444 4786 3660 4830 sanctus
3685 4817 3700 4844 ,

2119 4861 2326 4914 etiamsi
2355 4876 2458 4914 non
2491 4860 2714 4914 addatur
2747 4863 3033 4930 :quoniam
3061 4880 3121 4918 ca
3167 4881 3285 4935 qua:
3316 4867 3700 4935 circumstant,

2115 4952 2250 5006 satis
2278 4949 2512 5004 indicant
2549 4951 2615 5005 de
2666 4965 2772 5021 quo
2815 4952 3050 5020 dicatur;
3095 4955 3167 5009 ita
3198 4967 3256 5009 ut
3291 4956 3574 5027 aliquando
3607 4973 3705 5013 nec

2121 5044 2213 5097 Dei
2247 5042 2508 5109 addatur,
2536 5052 2589 5096 et
2632 5045 2953 5115 intelligatur
3001 5056 3179 5102 tamen
3227 5048 3313 5102 ille
3351 5050 3577 5120 Spiritus
3611 5051 3704 5105 Dei

2117 5136 2481 5205 principaliter
2525 5146 2761 5190 sanctus.
2811 5139 2940 5192 Nam
2971 5153 3128 5210 quem
3173 5141 3335 5195 alium
3377 5155 3706 5196 commento-

2117 5236 2231 5293 rat,
2277 5227 2365 5280 ubi
2396 5225 2554 5294 dicit,
2601 5226 2626 5280 Ι
2635 5245 2722 5298 pse
2749 5227 2972 5297 Spiritus
3001 5233 3336 5284 testimonium
3384 5234 3468 5285 dat
3496 5236 3702 5304 spiritui

2117 5327 2288 5372 nostro
2309 5358 2324 5384 ,
2357 5320 2474 5386 quia
2505 5335 2678 5374 sumus
2713 5321 2810 5389 [itii
2839 5320 2967 5385 Dei;
2997 5333 3069 5388 et,
3101 5322 3222 5394 Ipse
3243 5323 3469 5395 Spiritus
3493 5328 3704 5398 adjuvat

2181 5517 2197 5549 ¹
2224 5523 2294 5565 Er.
2313 5529 2368 5566 ac
2390 5522 2495 5566 tres
2515 5523 2644 5576 Mss,
2663 5516 2898 5567 voluntate
2915 5515 3134 5567 diabolus
3152 5525 3273 5569 erat.

2179 5578 2379 5664 :‘Editi,
2411 5579 2476 5629 ad
2509 5576 2781 5642 faciendwn
2811 5579 2991 5628 naulum
3019 5579 3073 5629 in
3280 5581 3456 5642 Abest,
3483 5579 3704 5644 πισιιιιιι,

2122 5647 2150 5687 a
2174 5645 2424 5764 ῗῗῗέιᾳιιιί
2442 5697 2574 5764 libri,
2589 5696 2786 5764 spiritus
2799 5697 3010 5764 natura
3032 5700 3252 5764 nurnine.
