4180 6214
591 256 697 315 155

588 371 757 429 livore
782 383 1028 442 vesanus,
1053 375 1236 446 \factus
1261 384 1336 431 est
1372 392 1525 448 super
1562 392 1676 432 eum
1714 377 1939 448 Spiritus
1970 377 2090 445 Dei,
2121 387 2167 434 et

587 456 875 520 ambulabat
893 465 1199 539 ingrediens,
1225 476 1273 522 et
1298 468 1651 540 prophetabat.
1677 469 1794 525 Non
1822 470 1963 525 enim
1992 480 2166 541 potest

585 554 676 614 hic
703 559 805 614 nisi
833 559 1050 630 spiritus
1072 564 1243 617 bonus
1267 560 1512 635 intelligi,
1542 579 1637 635 per
1662 579 1820 635 quem
1848 565 2168 622 sanetiPro-

585 651 765 724 pheta:
804 652 1101 710 futurarum
1128 670 1306 711 rerum
1333 656 1589 727 imagines
1614 666 1669 713 et
1703 658 1815 713 visa
1837 659 2164 725 cernebant;

585 761 695 802 non
725 762 790 802 ex
816 763 882 802 eo
911 757 1114 803 tantum
1155 749 1277 821 quia
1316 748 1518 805 dictum
1548 759 1648 818 est,
1691 750 1759 805 Et
1795 752 2165 823 prophetabat:

586 852 710 891 nam
737 838 791 892 in
815 838 1206 908 exemplaribus
1244 854 1363 909 quae
1387 848 1510 895 sunt
1534 856 1599 895 ex
1627 840 1862 906 hebraeo,
1904 842 2006 897 hoc
2036 856 2168 911 quo-

582 942 688 997 que
717 928 983 983 invenitur
1007 928 1074 984 de
1099 929 1291 1000 Spiritu
1334 931 1476 985 malo
1504 929 1703 986 dictum
1749 930 1842 997 ita,
1875 929 2003 985 Post
2032 932 2163 985 diem

578 1029 746 1074 autem
762 1020 977 1075 alterum
995 1021 1175 1075 invasit
1193 1022 1403 1091 spiritus
1418 1020 1511 1075 Dei
1527 1023 1689 1077 malus
1707 1021 1859 1089 Saitl,
1881 1033 1928 1076 et
1944 1022 2164 1093 prophe-

576 1112 713 1165 tabat
739 1112 792 1166 in
821 1112 983 1166 medio
999 1112 1180 1167 domus
1196 1129 1308 1169 sua:
1331 1112 1375 1184 (ι
1402 1112 1530 1183 Reg.
1557 1129 1709 1182 xvm,
1737 1114 1850 1184 l0).
1874 1115 1939 1169 Et
1964 1114 2018 1169 in
2038 1115 2155 1169 aliis

579 1201 879 1258 divinarum
917 1203 1311 1274 Scripturarum
1355 1205 1486 1260 locis
1532 1220 1676 1275 saepe
1720 1206 1984 1260 invenitur
2021 1206 2164 1277 quod

580 1292 857 1362 prophetia
882 1309 993 1365 non
1024 1303 1228 1349 tantum
1254 1295 1414 1361 bona,
1442 1294 1536 1351 sed
1582 1305 1636 1351 et
1676 1297 1813 1351 mala
1842 1296 2079 1363 dicatur;
2108 1307 2163 1353 et

577 1382 854 1452 prophetae
874 1383 999 1439 dicti
1024 1394 1148 1440 sunt
1174 1385 1373 1439 Baalim
1397 1383 1484 1459 (Ill
1508 1385 1637 1457 Reg.
1660 1403 1808 1454 xvtn,
1836 1388 1924 1455 l9,
1945 1388 2036 1455 22,
2067 1389 2158 1456 25,

576 1472 699 1546 40);
745 1485 800 1530 ει
837 1476 1214 1546 exprobratum
1255 1485 1338 1531 est
1371 1476 1688 1547 quibusdam
1718 1479 1840 1548 quia
1867 1480 2160 1548 propheta.

575 1564 706 1621 bant
734 1566 787 1622 in
815 1568 941 1622 Baal
969 1566 1183 1640 (Jerem.
1210 1584 1269 1634 ιι,
1294 1567 1374 1639 8).
1406 1568 1521 1624 Non
1552 1585 1680 1641 ergo
1715 1586 1935 1626 necesse
1965 1582 2046 1626 est
2072 1572 2157 1626 in-

577 1657 745 1728 telligi
774 1666 1053 1728 propterea
1071 1660 1268 1714 bonum
1286 1659 1552 1729 spiritum,
1583 1661 1675 1731 qui
1701 1659 1875 1715 factus
1898 1670 1981 1716 est
1999 1678 2159 1732 super

575 1747 703 1805 εδει
731 1758 935 1819 postea,
959 1750 1084 1820 quia
1109 1749 1311 1806 dictum
1333 1760 1435 1819 est,
1462 1762 1509 1806 et
1533 1752 1821 1806 ambulabat
1849 1754 2151 1825 ingrediens,

573 1850 622 1896 et
646 1841 975 1912 prophetabat
992 1858 1011 1895 :
1036 1843 1131 1897 sed
1151 1843 1273 1913 quia
1296 1844 1412 1899 sine
1427 1843 1788 1899 additamento
1808 1846 2035 1915 positum
2051 1855 2150 1912 est,

571 1930 644 1986 Et
673 1936 837 2003 factus
863 1933 1014 1987 etiam
1037 1942 1112 1989 est
1136 1950 1288 2004 super
1328 1951 1443 1989 eum
1472 1935 1695 2006 Spiritus
1723 1935 1837 1990 Dei.
1869 1936 1983 1991 Non
2012 1938 2154 1992 enim

574 2023 714 2080 sicut
740 2025 792 2079 in
821 2024 915 2080 illo
946 2025 1065 2080 loco
1088 2025 1287 2081 dictum
1313 2035 1430 2081 erat
1452 2040 1634 2096 supra,
1676 2028 1900 2097 Spiritus
1930 2026 2020 2081 Dei
2042 2045 2152 2082 ma-

572 2113 684 2179 lus;
713 2124 771 2169 ut
799 2131 866 2170 ex
891 2114 993 2172 hoc
1021 2126 1203 2187 posset
1227 2117 1387 2172 etiam
1411 2117 1464 2172 in
1489 2119 1934 2188 consequentibus
1962 2119 2154 2175 subau-

572 2203 708 2260 diri:
742 2206 869 2277 quin
898 2206 1006 2262 imo
1030 2207 1307 2278 superiora
1334 2209 1500 2279 magis
1530 2209 1800 2280 magisque
1836 2218 2154 2265 attestantur

568 2296 721 2353 illum
747 2299 990 2368 spiritum
1013 2297 1110 2354 Dei
1127 2299 1324 2355 bonum
1341 2298 1506 2356 luisse
1530 2310 1582 2356 et
1611 2316 1734 2357 vere
1764 2302 2148 2372 propheticum.

570 2388 738 2445 David
768 2391 910 2446 enim
935 2399 1191 2447 eratcum
1231 2392 1503 2460 Samuele,
1531 2402 1588 2449 et
1612 2394 1757 2449 misit
1782 2394 1907 2450 εδει
1936 2396 2152 2452 nuntios

569 2482 661 2552 qui
702 2482 1170 2552 apprehenderent
1211 2483 1396 2538 David.
1447 2483 1669 2550 Quando
1710 2494 1888 2540 autem
1937 2484 2152 2542 Samuel

569 2583 686 2629 erat
712 2574 852 2630 inter
880 2577 1168 2647 prophetas
1194 2586 1248 2632 et
1288 2588 1487 2634 ctetum
1516 2576 1914 2649 prophetarum,
1942 2582 2033 2652 qui
2059 2582 2151 2637 illo

566 2672 809 2735 tempore
837 2666 1246 2737 prophetabant,
1270 2670 1441 2724 nuntii
1468 2670 1556 2740 qui
1585 2670 1738 2725 missi
1758 2681 1901 2737 sunt,
1931 2680 2150 2742 accepto

563 2755 753 2811 eodem
799 2758 987 2827 spiritu
1035 2758 1508 2828 prOphetaverunt,
1554 2760 1837 2830 missisque
1882 2761 2000 2815 aliis
2047 2762 2149 2818 hoc

564 2846 806 2918 contigit,
838 2858 894 2902 et
922 2848 1095 2903 tertiis
1134 2846 1512 2903 nihilominus:
1546 2857 1730 2917 postea
1770 2864 1891 2904 cum
1938 2860 1993 2905 et
2034 2850 2148 2920 ipse

565 2934 695 2992 Saﬁl
715 2934 969 3005 venisset,
1002 2940 1168 3007 factus
1192 2946 1267 2991 est
1291 2939 1440 2992 etiam
1465 2954 1614 3008 super
1635 2956 1747 2992 eum
1780 2939 2004 3011 Spiritus
2028 2940 2143 3009 Dei,

565 3036 612 3082 et
637 3026 925 3082 ambulabat
947 3029 1252 3097 ingrediens,
1276 3037 1322 3083 et
1347 3030 1693 3099 praphetabat.
1723 3031 1855 3086 Cum
1896 3032 2037 3088 enim
2066 3033 2147 3089 di-

565 3120 720 3187 citur,
754 3119 945 3175 Factus
967 3130 1039 3175 est
1064 3122 1215 3176 etiam
1229 3138 1382 3193 super
1401 3124 1540 3193 ipsos
1570 3124 1795 3195 Spiritus
1814 3125 1929 3192 Dei,
1952 3137 1997 3181 et
2023 3146 2145 3198 pro-

564 3210 835 3283 phetabant
861 3222 906 3266 et
935 3212 1065 3284 ipsi;
1097 3211 1239 3268 idem
1277 3212 1461 3283 utique
1502 3223 1619 3270 erat
1646 3216 1883 3285 spiritus,
1914 3219 2004 3285 qui
2030 3227 2146 3275 erat

562 3302 619 3360 in
642 3304 936 3375 pr0phetis,
964 3307 1102 3360 inter
1121 3320 1255 3376 quos
1275 3314 1330 3361 et
1351 3306 1565 3363 Samuel
1583 3308 1829 3366 inventus
1848 3320 1931 3366 est
1949 3310 1990 3383 (l
2012 3312 2140 3385 Reg.

563 3411 676 3463 xix,
703 3396 930 3468 20—23):
962 3412 1029 3453 ex
1059 3396 1161 3451 hoc
1187 3397 1364 3468 itaque
1389 3413 1610 3454 necesse
1643 3410 1726 3455 est
1751 3401 1972 3472 intelligi
1995 3405 2142 3459 illum

563 3487 809 3557 spiritum
834 3486 1053 3541 bonum.
1074 3487 1248 3558 Atque
1271 3487 1393 3544 ideo
1406 3491 1632 3559 quaestio
1657 3490 1941 3563 diligenter
1967 3494 2144 3551 discu-

562 3577 740 3633 tienda
765 3588 867 3646 est,
899 3579 1167 3650 quomodo
1210 3589 1265 3636 et
1305 3581 1380 3636 illi
1421 3596 1543 3637 cum
1585 3584 1735 3640 missi
1760 3594 1936 3641 essent
1965 3586 2029 3642 ad
2061 3596 2142 3642 te-

561 3669 797 3726 nendum
845 3670 1114 3727 hominem
1161 3679 1218 3727 et
1263 3672 1330 3728 ad
1377 3688 1564 3730 necem
1608 3674 1998 3744 adducendum,
2051 3678 2142 3734 tali

561 3762 749 3833 spiritu
773 3761 915 3817 affici
944 3774 1277 3831 meruerunt,
1326 3774 1381 3821 et
1422 3766 1549 3822 Sainl
1598 3769 1712 3838 ipse
1759 3771 1851 3840 qui
1898 3772 2137 3839 miserat,

559 3853 780 3909 veniens
805 3862 858 3909 et
883 3852 1017 3923 ipse,
1063 3863 1119 3909 et
1159 3858 1475 3925 sanguinem
1518 3856 1857 3915 innocentem
1896 3878 2141 3932 qumrens

560 3941 853 4011 ell‘undere,
899 3943 1146 4015 accipere
1185 3946 1383 4002 meruit
1424 3946 1572 4002 illum
1616 3950 1883 4020 spiritum,
1929 3963 1984 4009 et
2012 3970 2139 4025 pro-

559 4034 801 4107 phetare.

631 4130 685 4185 8.
726 4130 822 4186 Hic
838 4130 1087 4186 nimirum
1107 4132 1339 4190 occurrit
1362 4134 1515 4204 illud,
1546 4136 1689 4206 quod
1716 4139 1986 4209 apostolus
2002 4141 2139 4199 Pau-

557 4221 642 4278 lus
657 4221 989 4292 apertissime
1005 4225 1240 4292 exponit,
1263 4226 1745 4295 supereminentem
1763 4231 1900 4285 viam
1914 4232 2138 4290 demon-

558 4322 733 4368 strans
755 4330 768 4366 :
793 4311 854 4368 Si
882 4312 1068 4384 linguis
1094 4312 1353 4368 hominum
1383 4315 1580 4386 loquar,
1618 4319 1810 4390 inquit,
1842 4331 1887 4375 et
1913 4323 2138 4395 Angelo-

557 4422 693 4471 rum,
724 4405 1018 4459 charitatem
1046 4416 1213 4459 autem
1241 4422 1343 4461 non
1385 4407 1616 4476 habeam,
1667 4410 1833 4479 factus
1858 4430 1974 4468 sum
2004 4417 2135 4471 velut

556 4507 883 4553 (crumentum
907 4514 1113 4565 sonans,
1153 4508 1239 4552 aut
1279 4500 1564 4570 cymbalum
1589 4503 1825 4559 tinniens.
1865 4505 1932 4560 Et
1959 4510 2003 4562 si
2039 4511 2136 4564 Ita-

558 4590 707 4644 buero
729 4589 1042 4661 praphetiam
1059 4590 1098 4655 ί,
1122 4598 1169 4642 ει
1185 4590 1342 4645 sciero
1358 4592 1527 4646 omnia
1541 4605 1854 4650 sacramenta
1872 4607 1921 4652 et
1940 4615 2135 4656 omnem

557 4681 836 4747 scientiam,
877 4687 923 4734 et
963 4681 1007 4734 si
1050 4679 1271 4735 habuero
1299 4697 1497 4737 omnem
1542 4684 1716 4752 fidem,
1744 4688 1816 4741 ita
1850 4700 1906 4743 ut
1943 4703 2136 4749 montes

556 4776 878 4843 transferam,
905 4771 1195 4827 charitatem
1237 4781 1404 4827 autem
1431 4791 1531 4829 non
1573 4776 1801 4844 habeam,
1848 4782 1978 4836 nihil
1999 4800 2132 4840 sum.

554 4861 624 4917 Et
650 4863 695 4917 si
718 4862 1013 4918 distribuere
1039 4879 1235 4918 omnem
1262 4865 1590 4921 substantia»:
1617 4884 1800 4938 meam,
1830 4881 1877 4925 et
1904 4874 1948 4926 si
1977 4876 2136 4929 tradi-

555 4955 677 5007 dero
715 4969 896 5024 corpus
937 4970 1102 5009 meum
1132 4964 1187 5009 ut
1230 4956 1458 5025 ardeam,
1504 4959 1798 5016 charitatem
1835 4973 2004 5020 autem
2033 4984 2135 5023 non

556 5041 786 5109 habeam,
819 5044 945 5097 nihil
986 5046 1109 5099 mihi
1137 5046 1356 5117 prodest.
1387 5047 1507 5117 Quo
1545 5044 1757 5106 inloco
1794 5055 2131 5114 manifestum

554 5142 638 5189 est
667 5148 787 5188 cum
835 5151 1054 5192 munera
1102 5138 1193 5194 illa
1239 5154 1707 5211 commemorasse,
1754 5160 1875 5215 qua:
1906 5146 2133 5217 Spiritus

556 5226 725 5281 sancti
751 5224 1097 5283 divisionibus
1120 5230 1333 5300 dantur,
1365 5233 1502 5289 sicut
1531 5236 1777 5306 superius
1812 5238 1971 5294 dicit:
2006 5240 2135 5297 Uni-

553 5318 731 5389 cuique
754 5326 922 5372 autem
951 5319 1102 5373 datur
1129 5325 1467 5394 manifestatio
1492 5326 1718 5398 Spiritus
1743 5331 1810 5385 ad
1834 5333 2131 5403 utilitatem;

555 5411 645 5466 alii
684 5411 882 5481 quidem
927 5427 1016 5482 per
1044 5411 1295 5483 Spiritum
1340 5416 1494 5473 datur
1520 5437 1683 5498 sermo
1719 5424 2014 5495 sapientiae;
2041 5425 2156 5484 alii

550 5518 714 5558 sermo
737 5502 957 5558 scientia:
978 5503 1254 5588 secundum
1280 5508 1510 5563 eumdem
1548 5510 1832 5583 Spiritum;
1860 5517 2007 5572 alteri
2038 5535 2134 5575 au-

550 5639 1174 5757 .biaeltigiabantgero
1199 5642 1723 5709 wophetimmem.
1737 5651 1906 5717 Abest,
1923 5665 2131 5721 onmem,

1131 255 1219 312 DE
1259 254 1565 315 DIVERSIS
1599 255 2120 326 QUIESTIONIBUS
2160 257 2255 317 AD
2294 259 2794 338 SIMPLICIANUM,
2834 270 2892 328 Ξ.
2935 270 3301 333 AUGUSTlNl

3759 284 3866 344 I36

2282 390 2379 437 tem
2415 387 2540 456 fides
2562 389 2615 444 in
2638 391 2812 448 eodem
2842 394 3070 467 Spiritu;
3111 401 3201 455 alii
3226 402 3431 457 donatio
3459 405 3779 462 curationum
3802 409 3859 465 in

2278 490 2379 529 uno
2406 477 2637 548 Spiritu;
2664 484 2752 539 alii
2791 490 3105 557 operationes
3134 493 3390 562 uirtutum,
3433 496 3524 551 alii
3566 502 3854 570 prophetia,

2276 565 2366 619 alii
2412 569 2708 640 dijudicatio
2756 579 3063 647 spirituum,
3116 583 3261 638 alteri
3309 601 3489 656 genera
3541 565 3852 660 linguarum;
3938 599 3952 627 ·⁷

2280 658 2462 714 Omnia
2490 676 2657 718 autem
2686 667 2793 721 haec
2821 683 3058 737 operatur
3086 692 3213 729 unus
3238 689 3387 747 atque
3427 680 3559 733 idem
3605 683 3852 754 Spiritus,

2275 748 2499 806 dividens
2535 758 2739 826 propria
2770 761 3036 832 unicuique
3079 776 3226 832 prout
3264 769 3387 821 vult.
3422 768 3563 824 Satis
3591 748 3719 843 ergo
3757 748 3857 844 ap;

2274 852 2421 909 paret
2440 843 2577 899 inter
2592 847 2729 901 dona
2755 850 2981 920 Spiritus
2997 857 3162 910 sancti
3184 873 3302 911 esse
3323 861 3673 929 prophetiam,
3693 843 3852 934 quam

2274 940 2450 990 tamen
2478 937 2521 991 si
2544 940 2661 1008 quis
2687 940 2898 1005 haheat.
2923 954 2975 998 et
3005 947 3317 1003 charitatem
3345 967 3447 1005 non
3477 951 3689 1021 habeat,
3719 955 3852 1012 nihil

2271 1036 2371 1080 εει.
2416 1027 2493 1081 Ex
2536 1046 2641 1099 quo
2673 1031 2985 1104 intelligitur
3015 1036 3126 1093 ﬁeri
3168 1054 3327 1109 posse
3358 1050 3414 1095 nt
3447 1042 3660 1113 quidam
3687 1046 3848 1101 etiam

2269 1117 2469 1190 indigni
2512 1122 2613 1176 vita
2653 1134 2849 1179 interna
2894 1143 3162 1200 regnoque
3190 1134 3470 1201 cmlornm,
3501 1146 3853 1207 aspergantur
3890 1168 3895 1173 ο

2268 1218 2445 1265 tamen
2474 1214 2787 1282 quibusdam
2810 1216 3037 1289 Spiritus
3062 1224 3229 1277 sancti
3249 1227 3573 1283 “muneribus
3610 1242 3716 1281 non
3746 1227 3844 1281 ha-

2267 1297 2454 1356 bentes
2495 1302 2826 1371 charitatem,
2868 1310 2984 1364 sine
3023 1326 3124 1381 qua
3167 1313 3254 1368 illa
3300 1331 3516 1371 munera
3561 1333 3665 1372 non
3714 1318 3848 1373 nihil

2266 1398 2411 1457 sunt,
2430 1392 2524 1446 sed
2552 1394 2683 1447 nihil
2708 1396 2788 1449 eis
2807 1408 3049 1466 prosunt.
3071 1401 3351 1471 PrOphetia
3372 1406 3567 1476 quippe
3587 1407 3703 1462 sine
3717 1406 3847 1462 cha-

2265 1479 2444 1547 ritate,
2478 1483 2615 1537 sicut
2638 1486 2748 1553 jam
2776 1487 3195 1546 demonstratum
3236 1503 3340 1559 est,
3373 1511 3478 1551 non
3512 1497 3752 1567 perducit
3775 1499 3842 1554 ad

2263 1587 2486 1643 regnum
2520 1575 2643 1630 Dei:
2671 1578 2904 1636 Charitas
2928 1597 3055 1637 vero
3079 1584 3194 1639 sine
3221 1586 3493 1657 prophetia
3511 1591 3691 1660 utique
3717 1605 3843 1661 per-

2261 1662 2423 1719 ducit.
2477 1665 2609 1721 Cum
2662 1670 2802 1724 enim
2848 1671 3071 1742 loquens
3115 1674 3183 1731 de
3225 1680 3491 1733 membris
3512 1679 3707 1735 Christi
3737 1683 3831 1746 ait,

2262 1753 2527 1825 Numquid
2554 1776 2725 1815 omnes
2753 1766 3007 1833 apostoli?
3050 1769 3292 1838 numquid
3332 1786 3501 1825 omnes
3543 1774 3844 1843 pr0phette?

2259 1844 2621 1906 indubitanter
2643 1854 2873 1909 ostendit
2908 1856 3068 1911 etiam
3100 1873 3220 1912 eum
3256 1861 3344 1930 qui
3377 1861 3704 1930 prophetiam
3735 1879 3841 1919 non

2260 1937 2436 2005 habet,
2467 1958 2624 2012 posse
2652 1945 2705 1999 in
2727 1948 2980 2002 membris
3009 1950 3203 2005 Christi
3245 1955 3542 2008 numerari:
3566 1957 3653 2010 ubi
3681 1973 3839 2027 quem

2257 2030 2432 2087 locum
2474 2034 2714 2102 haberet,
2755 2038 2799 2091 si
2840 2038 3174 2106 charitatem,
3228 2044 3344 2099 sine
3392 2060 3492 2115 qua
3524 2045 3683 2101 homo
3709 2049 3840 2102 nihil

2257 2134 2358 2201 est,
2410 2141 2515 2180 non
2562 2126 2815 2183 haberet?
2861 2128 3019 2186 Nullo
3049 2143 3223 2189 autem
3277 2136 3436 2191 modo
3491 2138 3563 2192 ita
3603 2138 3836 2209 diceret,

2257 2214 2469 2284 quando
2492 2215 2559 2271 de
2588 2217 2842 2274 membris
2868 2221 3057 2291 agebat
3084 2224 3277 2293 quibus
3306 2225 3503 2280 Christi
3533 2241 3726 2298 corpus
3746 2229 3839 2284 im-

2256 2304 2452 2374 pietur,
2483 2305 2749 2378 Numquid
2771 2324 2957 2366 omnes
2979 2312 3178 2369 habent
3201 2316 3548 2372 charitatem?
3577 2319 3835 2388 quemad-

2257 2395 2471 2450 modum
2494 2397 2644 2462 disit,
2666 2398 2931 2471 Numquid
2947 2418 3117 2457 omnes
3133 2407 3386 2475 apostoli?
3404 2410 3648 2479 numquid
3666 2426 3837 2464 omnes

2256 2487 2550 2558 praphetw?
2597 2492 2840 2560 numquid
2877 2509 3048 2547 omnes
3092 2497 3295 2551 uirtutes
3316 2498 3341 2550 ?
3378 2499 3622 2568 numquid
3665 2516 3836 2555 omnes

2255 2578 2391 2632 dona
2413 2580 2592 2633 habent
2616 2583 2932 2636 curationum
2959 2584 3001 2654 (1
3032 2584 3149 2640 Cor.
3183 2602 3283 2655 ιιι,
3313 2588 3466 2655 7-11,
3492 2590 3712 2658 29,xm,
3743 2590 3835 2664 δη

2253 2681 2308 2726 ει
2325 2680 2517 2727 ctetera
2549 2673 2875 2743 hujusmodi.

2324 2763 2378 2816 9.
2417 2763 2523 2820 Sed
2549 2763 2678 2820 dicit
2701 2765 2890 2835 aliquis
2921 2782 3078 2836 posse
3105 2768 3316 2838 quidem
3344 2770 3460 2826 fieri
3499 2780 3557 2826 ut
3597 2771 3832 2843 prophe-

2253 2854 2377 2909 tiam
2424 2856 2650 2926 quisque
2678 2873 2783 2911 non
2825 2858 3035 2923 habeat,
3080 2869 3134 2915 et
3168 2870 3343 2915 tamen
3376 2860 3568 2917 habeat
3606 2863 3834 2918 charita-

2252 2952 2381 3008 tem,
2412 2955 2572 3016 atque
2592 2947 2711 3003 ideo
2730 2948 2926 3003 Christi
2955 2951 3212 3007 membris
3248 2963 3630 3009 annumeratus
3660 2955 3830 3011 iuba:-

2249 3046 2366 3093 reat
2386 3056 2400 3091 :
2422 3038 2516 3093 sed
2536 3038 2647 3094 lieri
2673 3055 2778 3095 non
2803 3056 2960 3110 posse
2989 3052 3042 3096 nt
3073 3043 3401 3113 prophetiam
3421 3044 3633 3114 habeat,
3652 3056 3830 3104 etnon

2249 3127 2443 3185 habeat
2465 3130 2811 3198 charitatem;
2846 3133 2973 3187 nihil
2999 3133 3142 3188 enim
3171 3143 3256 3189 est
3281 3134 3440 3190 homo
3472 3136 3672 3192 habens
3701 3154 3832 3208 pro-

2249 3218 2483 3290 phetiam
2510 3222 2625 3276 sine
2667 3223 2945 3278 charitate.
2987 3222 3063 3278 lta
3105 3224 3351 3293 fortasse,
3380 3228 3829 3296 quemadmodum

2248 3323 2532 3380 possumus
2558 3312 2754 3381 dicere,
2787 3314 2917 3367 nihil
2946 3329 3067 3370 esse
3097 3316 3367 3372 hominem
3395 3317 3679 3375 habentem
3705 3321 3830 3376 ani-

2246 3416 2388 3456 mam
2415 3403 2529 3458 sine
2555 3413 2762 3460 mente:
2793 3422 2898 3461 non
2938 3409 3057 3475 quia
3087 3417 3263 3476 potest
3288 3409 3514 3465 inveniri
3545 3412 3705 3468 homo
3733 3409 3824 3483 qui

2247 3502 2480 3548 mentem
2510 3510 2615 3549 non
2644 3495 2834 3551 haheat
2869 3496 3069 3552 habens
3094 3498 3355 3566 animam;
3407 3501 3499 3557 sed
3538 3504 3660 3573 quia
3691 3503 3823 3559 nihil

2246 3591 2407 3650 esset,
2434 3585 2480 3638 si
2508 3585 2728 3640 inveniri
2756 3597 2954 3655 posset.
2983 3588 3069 3643 Sic
3088 3589 3248 3644 etiam
3270 3589 3374 3645 dici
3402 3601 3593 3662 potest,
3620 3594 3676 3649 Si
3696 3610 3822 3649 cor-

2246 3688 2345 3743 pus
2373 3675 2592 3746 tiguram
2621 3677 2830 3744 habeat,
2864 3680 3099 3736 colorem
3126 3696 3231 3736 non
3256 3681 3470 3751 habeat,
3515 3685 3683 3741 videri
3714 3702 3823 3742 non

2246 3773 2453 3834 potest:
2477 3782 2581 3822 non
2611 3770 2732 3838 quia
2763 3779 2845 3824 est
2869 3786 3062 3841 corpus
3082 3774 3167 3827 cui
3197 3773 3337 3829 desit
3361 3777 3537 3842 color;
3578 3779 3672 3833 sed
3698 3780 3824 3850 quia

2246 3856 2290 3912 si
2319 3861 2650 3926 esset,,ccrni
2681 3876 2784 3915 non
2804 3870 3000 3931 posset.
3024 3862 3098 3916 lta
3124 3863 3347 3920 fortasse
3366 3865 3563 3921 dictum
3583 3877 3666 3922 est
3682 3868 3826 3938 quod

2245 3947 2291 4002 si
2316 3950 2436 4019 quis
2466 3950 2657 4007 habeat
2681 3953 3031 4023 prephetiam,
3057 3964 3112 4010 et
3136 3955 3446 4013 charitatem
3477 3976 3581 4014 non
3605 3961 3820 4032 habeat,

2245 4040 2377 4095 nihil
2403 4052 2517 4097 est:
2543 4060 2646 4099 non
2675 4046 2795 4115 quia
2822 4056 2995 4117 potest
3023 4048 3073 4103 in
3100 4064 3363 4120 quoquam
3389 4068 3512 4108 esse
3538 4055 3818 4126 prophetia

2245 4131 2364 4188 sine
2387 4132 2679 4201 charitate;
2714 4136 2807 4191 sed
2836 4138 2958 4207 quia
2986 4138 3032 4192 si
3057 4148 3201 4194 esset
3219 4179 3235 4206 ,
3281 4142 3535 4210 prodesse
3560 4160 3667 4200 non
3700 4161 3826 4217 pos-

2245 4230 2345 4278 set.
2374 4222 2519 4292 Opus
2537 4235 2619 4280 est
2645 4225 2802 4297 igitur
2828 4226 2895 4282 ad
2926 4227 3235 4285 solvendam
3262 4231 3416 4287 istam
3440 4235 3812 4306 quaestionem,

2244 4321 2303 4368 ut
2322 4315 2663 4370 ostendamus
2677 4318 2909 4388 aliquem
2932 4321 3214 4391 reprobum
3236 4322 3338 4379 hoc
3356 4324 3552 4382 donum
3572 4328 3822 4386 habuisse

2244 4403 2537 4474 praphetia:
2570 4424 2583 4460 :
2615 4407 2756 4476 quod
2787 4410 2832 4462 si
2856 4411 3123 4467 neminem
3160 4412 3553 4483 inveniremus,
3586 4417 3688 4472 hoc
3719 4418 3821 4475 iste

2243 4495 2358 4566 ipse
2384 4493 2512 4551 Saul
2540 4498 2674 4551 satis
2702 4500 3027 4556 ostenderet.
3069 4501 3173 4558 Sed
3207 4512 3380 4560 tamen
3412 4507 3501 4562 ille
3526 4507 3686 4563 etiam
3717 4509 3822 4564 Ba-

2242 4587 2379 4642 laam
2422 4589 2680 4658 reprobus
2720 4602 2970 4661 apparet;
3007 4609 3110 4648 non
3153 4596 3293 4650 enim
3336 4612 3457 4654 eum
3499 4609 3637 4657 tacet
3674 4598 3821 4659 Serio

2242 4688 2392 4748 plura
2420 4678 2599 4734 divino
2618 4680 2817 4750 judicio
2840 4698 2960 4739 esse
2988 4683 3294 4741 damnatum
3325 4706 3339 4741 :
3381 4699 3436 4745 et
3471 4700 3646 4749 tamen
3686 4710 3816 4765 pro-

2240 4770 2473 4841 phetiam
2517 4771 2773 4839 habebat;
2814 4783 2867 4829 et
2904 4777 3025 4845 quia
3064 4776 3296 4834 charitas
3320 4779 3369 4835 ei
3409 4782 3611 4851 deerat,
3646 4787 3821 4843 inerat

2239 4862 2484 4917 volunlas
2508 4862 2853 4920 maledicendi
2880 4868 3076 4937 p0pulo
3094 4866 3277 4936 Israel,
3307 4887 3467 4941 quam
3498 4874 3667 4931 hostis
3695 4894 3818 4949 [πει

2240 4956 2315 5011 tio
2339 4965 2755 5025 comparaverat,
2781 4958 2871 5026 qui
2895 4974 3015 5013 eum
3041 4959 3107 5015 ad
3137 4962 3554 5022 maledicendum
3574 4970 3818 5026 mercede

2239 5047 2597 5113 conduxerat;
2625 5047 2766 5104 dono
2794 5058 2971 5105 tamen
3000 5050 3093 5106 illo
3120 5055 3492 5125 prephetandi,
3520 5074 3624 5128 quo
3638 5076 3797 5131 asper

2239 5139 2479 5210 gebatur,
2518 5139 2867 5197 benedicebat
2894 5143 3093 5199 invitus
3135 5145 3323 5217 (Num.
3370 5155 3680 5224 xxn~xxtv).
3709 5154 3817 5210 Nec

2238 5230 2402 5285 verba
2431 5230 2519 5285 illa
2547 5246 2732 5301 parum
2776 5242 3094 5290 attestantur
3137 5236 3259 5291 huic
3286 5226 3583 5308 sementim,
3613 5260 3731 5312 qua:
3760 5245 3813 5301 in

2239 5320 2529 5391 Evangelia
2547 5323 2743 5393 scripta
2762 5334 2903 5391 sunt,
2934 5325 3127 5381 multos
3147 5326 3380 5382 dicturos
3401 5329 3451 5383 in
3470 5330 3556 5385 illa
3573 5332 3680 5401 die,
3702 5335 3812 5392 Do-

2239 5413 2393 5479 mine,
2417 5412 2645 5478 Domine,
2670 5415 2724 5469 in
2743 5416 2943 5469 nomine
2955 5425 3038 5470 tuo
3052 5416 3460 5475 manducavimus
3477 5431 3523 5476 et
3539 5422 3750 5483 bibimus
3766 5429 3808 5497 ¹,

2239 5510 2288 5556 ει
2307 5502 2359 5557 in
2379 5496 2580 5557 nomine
2600 5513 2688 5558 tuo
2708 5505 3133 5576 prophetavimus,
3156 5516 3202 5562 et
3234 5509 3287 5562 in
3314 5512 3517 5568 nomine
3546 5524 3632 5570 tue
3653 5496 3811 5574 vian

2303 5616 2321 5647 ι
2345 5615 2485 5684 miti,
2507 5622 2734 5684 commta
2753 5616 3164 5684 mmductwiims.
3187 5628 3242 5672 Al
3261 5628 3390 5680 Uss.
3424 5622 3481 5675 in
3509 5627 3698 5680 παπῦιε
3728 5636 3813 5684 tuo

2237 5675 2781 5802 mamma
2792 5678 3433 5810 eameam?"
3448 5701 3499 5738 η
3517 5686 3817 5746 "rem
