4134 6208
253 246 341 306 {Si
1570 243 1775 299 LIBER
1803 239 2177 298 SECUNDUS.

249 370 316 418 te:
343 360 530 414 multa:
556 359 767 430 fecimus
794 373 815 412 :
854 358 1046 428 quibus
1089 367 1261 414 tamen
1294 357 1532 412 dicturus
1574 367 1675 421 est,
1711 356 1833 411 Non

249 453 357 508 nari
374 446 494 514 vos;
524 449 742 504 recedite
771 467 802 502 α
832 466 928 512 me,
961 450 1180 516 aperarii
1203 449 1481 522 iniquitatis
1509 448 1716 519 (Matth.
1738 465 1830 515 vtt,

249 543 328 604 22,
354 541 474 611 25).
506 541 620 594 Non
652 541 796 594 enim
814 556 908 594 eos
932 540 1253 595 mentientes
1281 550 1524 610 putamus
1551 541 1648 594 ista
1671 539 1834 594 dictu-

252 649 330 690 ros
352 635 407 688 in
434 633 525 687 illo
551 631 776 703 judicio,
822 631 910 686 ubi
942 631 1119 686 nullus
1145 632 1246 686 erit
1284 631 1498 685 fallendi
1541 632 1707 696 locus,
1742 641 1835 687 aut

252 727 400 782 ullam
451 740 639 780 vocem
679 725 864 778 talium
918 724 1166 794 legimus,
1196 723 1506 787 dicentium,
1542 723 1833 778 Dileximus

253 831 312 876 tc.
352 819 616 874 Poterunt
646 833 774 887 ergo
801 817 1003 883 dicere,
1037 815 1100 870 In
1143 816 1344 870 nomine
1384 826 1471 869 tuo
1515 816 1835 887 prophetavi-

255 933 370 976 ιιιιιε.
402 929 526 968 cum
564 912 672 967 sint
698 911 925 980 improbi
966 919 1018 964 et
1047 909 1294 976 reprobi:
1320 926 1424 964 non
1456 919 1633 964 autem
1681 920 1833 978 pote-

255 1017 362 1062 runt
390 1007 594 1068 dicere,
624 1004 973 1059 Dilectionem
1015 1017 1172 1071 quam
1215 1002 1498 1068 mandasti,
1544 1002 1829 1055 tenuimus.

257 1100 369 1154 Nam
400 1098 448 1152 si
471 1099 648 1152 dicent
668 1097 708 1160 ί,
738 1111 844 1150 non
872 1096 951 1150 eis
979 1093 1409 1165 respondebitur,
1447 1094 1565 1148 Non
1592 1096 1705 1148 novi
1727 1112 1829 1150 vos.

260 1194 312 1244 in
344 1194 437 1242 hoc
503 1191 645 1244 enim
686 1197 1032 1258 cognoscetur,
1076 1187 1261 1256 inquit,
1305 1188 1422 1256 quia
1460 1189 1696 1256 discipuli
1739 1189 1835 1242 mei

255 1287 378 1343 dtis,
405 1281 448 1332 si
469 1296 553 1332 vos
579 1279 786 1332 invicem
808 1276 1032 1348 diligatis
1054 1277 1229 1350 (Joan.
1263 1295 1377 1342 xm,
1407 1278 1520 1349 55).

327 1372 409 1425 10.
444 1369 754 1440 Exemplum
797 1368 974 1438 itaque
1006 1368 1161 1435 hujus
1188 1369 1317 1424 Saiil
1351 1368 1549 1422 resistit
1588 1370 1832 1439 superbis

260 1461 516 1515 iwnmtllis
565 1459 864 1523 hereticis,
897 1458 984 1527 qui
1025 1458 1218 1527 aliquid
1253 1459 1374 1511 boni
1418 1459 1484 1512 de
1524 1460 1832 1514 muneribus

258 1551 413 1603 sancti
443 1548 670 1615 Spiritus
717 1559 910 1616 negant
941 1562 1096 1614 posse
1141 1548 1252 1600 dari
1282 1549 1358 1601 eis
1393 1548 1480 1618 qui
1520 1547 1585 1600 ad
1632 1556 1829 1602 sortem

259 1652 553 1696 sanctorum
598 1659 696 1692 non
740 1641 1004 1709 pertinent
1036 1658 1049 1694 :
1081 1655 1198 1693 cum
1249 1640 1326 1693 eis
1371 1639 1595 1694 dicimus
1636 1639 1833 1694 habere

260 1735 367 1789 illos
397 1750 555 1801 posse
582 1744 969 1787 sacramentum
997 1733 1250 1802 Baptismi
1269 1774 1282 1797 ,
1323 1732 1464 1801 quod
1495 1749 1616 1788 cum
1641 1733 1706 1788 ad
1730 1733 1834 1788 Ec-

259 1827 456 1880 etesia")
489 1825 805 1879 catholicam
827 1824 1075 1888 veniunt,
1107 1840 1212 1876 non
1238 1833 1320 1879 est
1349 1824 1398 1878 in
1429 1824 1507 1879 eis
1536 1824 1644 1878 ullo
1671 1825 1832 1882 modo

261 1918 577 1982 violandum,
618 1926 711 1970 aut
753 1916 901 1986 quasi
946 1931 1051 1970 non
1096 1915 1326 1970 habeant
1357 1915 1702 1979 tradendum;
1734 1917 1829 1971 sed

262 2021 424 2064 tamen
444 2024 536 2063 eos
561 2026 664 2062 non
696 2008 816 2063 ideo
853 2008 1008 2063 saluti
1036 2007 1232 2063 debere
1258 2007 1549 2070 conlidere,
1573 2007 1693 2077 quia
1725 2023 1830 2064 non

261 2101 604 2170 imrirobamus
652 2100 794 2170 quod
838 2101 955 2154 illos
999 2099 1267 2168 accepisse
1317 2099 1692 2164 concedimus;
1737 2098 1833 2154 sed

259 2207 492 2264 oportere
519 2177 1088 2262 cognoscere'uuitatis
1126 2191 1438 2246 societatem
1472 2190 1683 2244 vinculo
1703 2190 1830 2244 cha-

261 2285 413 2339 ritatis
442 2283 728 2338 iucundam
751 2325 766 2346 ,
812 2281 926 2336 sine
963 2297 1066 2353 qua
1102 2282 1318 2336 omnino
1347 2281 1601 2351 quidquid
1638 2281 1834 2338 habere

260 2377 533 2443 potuerint,
561 2375 805 2444 quamvis
844 2389 937 2442 per
961 2389 1018 2428 se
1059 2382 1301 2428 sanctum
1345 2389 1408 2427 ac
1437 2373 1793 2428 venerandum
1815 2415 1830 2439 ,

259 2468 344 2536 ipsi
375 2478 549 2521 tatnen
582 2465 714 2520 nihil
753 2473 907 2530 sunt,
941 2473 1084 2519 tanto
1131 2465 1454 2536 indigniores
1492 2464 1666 2521 effecti
1715 2467 1834 2520 vitae

257 2570 456 2614 aeterna:
487 2560 740 2628 prmmio,
772 2566 969 2628 quanto
990 2558 1092 2613 illis
1118 2557 1272 2612 donis
1303 2573 1404 2612 non
1423 2559 1559 2613 bene
1577 2558 1656 2612 usi
1685 2567 1830 2625 sunt,

254 2666 363 2721 qu.e
406 2652 456 2704 in
507 2649 607 2704 hac
652 2650 940 2719 vita,qu:e
991 2649 1294 2703 transitoria
1341 2650 1829 2717 est’acceperunt.

255 2741 358 2796 Non
402 2751 580 2796 autem
638 2740 772 2794 bene
821 2740 1000 2802 utitur.
1047 2741 1147 2794 nisi
1190 2739 1457 2805 Charitas;
1501 2748 1558 2795 et
1601 2739 1834 2794 Charitas

255 2833 420 2886 omnia
452 2834 645 2885 tolerat
671 2830 715 2901 (ι
744 2829 860 2884 Cor.
899 2846 993 2884 xm
1014 2871 1028 2894 ,
1058 2829 1136 2902 7),
1167 2839 1324 2899 atque
1353 2829 1469 2884 ideo
1499 2845 1602 2883 non
1641 2828 1834 2882 scindit

256 2926 539 2988 unitatem,
573 2925 725 2992 cujus
751 2923 862 2992 ipsa
907 2933 989 2976 est
1030 2921 1372 2976 fortissimum
1403 2923 1690 2976 vinculum.
1716 2921 1833 2977 Non

252 3015 385 3068 enim
415 3025 466 3068 et
500 3029 688 3067 servus
716 3014 802 3067 ille
841 3029 943 3066 non
976 3011 1180 3082 accepit
1207 3013 1488 3076 talentum,
1518 3022 1609 3066 aut
1637 3012 1835 3082 aliquid

252 3107 390 3160 aliud
427 3106 736 3175 intelligitur
770 3105 1023 3160 talentum
1054 3120 1208 3174 quam
1256 3119 1450 3158 munus
1493 3103 1703 3172 aliquod
1732 3104 1836 3157 nti-

251 3214 351 3266 que
397 3197 632 3251 divinum
671 3215 682 3249 :
718 3196 810 3250 sed
832 3237 848 3261 ,
884 3195 983 3262 Qui
1008 3196 1182 3260 habet,
1217 3195 1416 3248 dabitur
1444 3197 1525 3260 ei;
1549 3197 1636 3266 qui
1667 3206 1837 3249 autent

255 3304 346 3341 non
373 3289 538 3353 habet,
563 3300 610 3341 et
635 3288 770 3356 quod
791 3289 934 3340 habet
961 3292 1215 3358 auferetur
1265 3287 1326 3340 ab
1354 3304 1411 3340 eo
1465 3285 1675 3357 (Matth.
1703 3303 1832 3352 xxv,

253 3377 360 3450 29).
391 3379 541 3448 Quod
596 3395 703 3433 non
753 3381 908 3433 habet
934 3377 1126 3432 auferri
1171 3395 1273 3432 non
1315 3387 1522 3448 potest;
1569 3378 1662 3434 sed
1692 3379 1836 3434 aliud

255 3486 352 3524 non
382 3470 539 3524 habet
559 3511 575 3536 ,
607 3479 662 3522 ut
683 3470 872 3522 merito
896 3469 1164 3523 auferatur
1205 3470 1344 3539 quod
1373 3469 1530 3524 habet
1557 3487 1569 3522 :
1601 3485 1704 3524 non
1739 3471 1834 3524 ha-

251 3558 338 3616 bet
379 3561 696 3616 charitatem
744 3558 961 3624 utendi,
1005 3568 1061 3612 ut
1096 3557 1366 3613 auferatur
1412 3560 1665 3630 quidquid
1695 3560 1837 3616 aliud

252 3652 436 3716 habet,
463 3652 612 3723 quod
644 3651 761 3709 sine
789 3651 1046 3706 charitate
1077 3666 1181 3705 non
1201 3650 1440 3722 prodest.
1645 3635 1649 3640 ’

319 3744 406 3799 ii.
435 3743 554 3799 Non
577 3743 739 3814 igitur
776 3741 970 3796 mirum
1014 3753 1128 3807 est,
1159 3756 1336 3812 regem
1367 3741 1490 3797 Saﬁl
1520 3749 1573 3797 et
1608 3757 1675 3798 eo
1706 3751 1840 3797 tem-

249 3849 380 3904 pore
402 3850 505 3905 quo
532 3834 768 3904 primum
794 3841 984 3887 unctus
1013 3840 1121 3896 est,
1147 3833 1416 3902 accepisse
1443 3832 1687 3902 spiritum
1714 3849 1838 3903 pro-

248 3926 536 3998 pbctandi,
566 3935 623 3981 et
669 3931 855 3996 postea
902 3939 1022 3978 cum
1070 3932 1214 3980 esset
1255 3933 1473 3994 propter
1524 3923 1836 3978 inobedien-

248 4017 377 4072 tiam
412 4017 759 4087 reprobatus,
785 4013 1070 4070 recedente
1097 4014 1165 4070 ab
1197 4029 1262 4070 eo
1288 4015 1478 4085 spiritu
1508 4014 1715 4069 Domini
1746 4031 1836 4069 ar-

245 4119 466 4178 reptum
510 4121 625 4162 esse
674 4105 908 4177 maligno
945 4106 1132 4175 spiritu
1171 4120 1201 4159 a
1241 4105 1467 4159 Domino
1497 4123 1511 4159 :
1544 4105 1634 4174 qui
1678 4106 1838 4159 etiam

244 4196 476 4267 spiritus
504 4197 706 4251 Domini
735 4195 1034 4268 appellatus
1061 4204 1144 4252 est
1180 4208 1398 4266 prepter
1444 4195 1835 4262 ministerium;

245 4289 375 4359 quia
405 4288 649 4343 omnibus
686 4288 847 4343 etiam
889 4287 1160 4357 spiritibus
1201 4288 1356 4342 malis
1379 4287 1513 4342 bene
1540 4290 1706 4342 utitur
1730 4288 1834 4341 Do-

245 4380 463 4445 minus,
507 4380 595 4436 vel
645 4379 715 4434 ad
758 4378 1154 4433 damnationem
1201 4378 1588 4449 quorumdam,
1642 4381 1725 4434 vel
1770 4380 1836 4435 ad

244 4472 702 4536 emendationem,
732 4470 815 4524 vel
843 4470 911 4524 ad
933 4470 1299 4540 probationem
1331 4487 1344 4523 :
1378 4479 1431 4525 et
1457 4473 1699 4541 quamvis
1731 4489 1833 4526 non

241 4565 314 4620 sit
338 4565 646 4634 malignitas
671 4578 701 4616 a
731 4562 989 4624 Domino,
1022 4577 1127 4616 non
1156 4570 1240 4616 est
1267 4569 1442 4616 tamen
1473 4569 1705 4631 potestas
1734 4564 1835 4618 nisi

239 4671 269 4708 a
299 4657 415 4710 Deo
443 4654 622 4729 (Rom.
660 4670 754 4708 xm
775 4695 790 4718 ,
821 4651 893 4724 1).
931 4653 1213 4722 Dictusque
1244 4660 1326 4707 est
1350 4654 1509 4706 etiam
1539 4669 1698 4722 sopor
1730 4653 1836 4707 Do-

240 4749 371 4799 mini
397 4788 415 4809 ,
447 4748 539 4816 qui
567 4756 919 4814 occupaverat
938 4744 1134 4797 milites
1158 4742 1396 4812 ejusdem
1420 4743 1568 4810 Saul,
1589 4759 1710 4798 cum
1734 4744 1838 4800 Da-

237 4839 320 4890 vid
352 4839 569 4890 hastam
596 4846 647 4890 et
677 4835 936 4906 scyphum
963 4833 1313 4889 abstulisseta
1330 4833 1501 4903 capite
1525 4833 1839 4888 dormientis

233 4927 455 5000 (lReg.
492 4942 650 4990 nrt,
685 4926 773 4998 12)
807 4943 820 4955 ·
851 4941 958 4980 non
1000 4926 1124 4996 quia
1153 4931 1281 4980 tunc
1322 4939 1483 4994 sopor
1524 4924 1575 4978 in
1613 4923 1839 4978 Domino

231 5032 350 5074 erat
371 5063 388 5082 ,
422 5029 487 5075 ut
528 5023 641 5089 ipse
667 5019 958 5085 dormiret;
986 5018 1081 5074 sed
1111 5017 1233 5088 quia
1260 5017 1349 5071 ille
1383 5031 1564 5084 sopor,
1591 5019 1680 5086 qui
1711 5025 1838 5072 tunc

230 5113 494 5166 homines
531 5110 1000 5181 apprehenderat,
1031 5118 1161 5164 nutu
1209 5107 1300 5163 Dei
1349 5114 1463 5163 erat
1505 5106 1739 5172 infusus,
1771 5121 1840 5161 ne

227 5203 406 5258 David
455 5203 599 5259 servi
632 5203 749 5273 ejus
777 5201 800 5234 ⁸
829 5202 886 5257 in
935 5217 1002 5258 eo
1045 5201 1167 5258 loco
1209 5198 1493 5271 praesentia
1533 5199 1835 5254 sentiretur.

287 5502 312 5536 ⁸
337 5496 574 5556 Editi,'ne
602 5496 756 5572 pavid
771 5507 817 5572 et
837 5513 1086 5572 servorum
1105 5499 1226 5572 eius.
1245 5505 1302 5572 at
1320 5503 1528 5571 Μεεηηε,

1938 354 2122 424 Neque
2150 355 2276 409 illud
2314 357 2504 411 mirum
2533 368 2614 414 est
2634 401 2648 425 ,
2679 376 2891 418 rursum
2938 364 3184 421 eumdem
3213 367 3342 424 Saftl
3369 386 3529 429 acce-

1944 446 2086 516 pisse
2113 447 2354 517 spiritum
2385 449 2695 518 prophetite,
2725 467 2844 508 cum
2866 467 3275 525 persequeretur
3302 460 3528 533 justum,

1944 551 1997 596 et
2022 557 2144 595 eum
2189 543 2674 612 comprehensurus
2702 555 2757 599 et
2797 555 3078 602 necaturus
3104 551 3337 606 venisset
3361 553 3414 607 in
3445 555 3530 609 lo-

1944 646 2066 687 cum
2093 633 2180 687 llbl
2210 642 2326 686 erat
2359 637 2698 705 congregatio
2729 638 3124 706 prophetarum.
3156 641 3245 696 Sic
3278 645 3420 698 enim
3444 661 3534 700 sa-

1942 725 2010 778 tis
2039 725 2457 781 demonstratum
2501 739 2582 782 est
2626 731 2890 783 neminem
2919 731 2986 786 de
3032 733 3118 786 tali
3165 751 3386 791 munere
3418 737 3530 807 jam

1942 833 2186 872 securum
2210 834 2331 874 esse
2358 820 2572 885 debere,
2600 833 2846 892 tanquam
2877 825 2943 877 sit
2972 826 3372 896 acceptissimus
3395 829 3528 898 Deo,

1943 911 1985 964 si
2016 927 2120 964 non
2145 911 2336 967 habeat
2366 913 2676 969 charitatem
2696 934 2707 968 :
2729 916 3153 985 quandoquidem
3180 919 3308 973 illud
3330 920 3530 976 donum

1943 1014 1995 1059 ct
2024 1005 2166 1060 Sauli
2194 1006 2305 1060 dari
2345 1008 2546 1076 potuit,
2578 1017 2796 1078 pr0pter
2823 1025 3075 1065 arcanum
3123 1012 3335 1080 quidem
3366 1015 3532 1070 alicu-

1937 1095 2024 1165 jus
2047 1100 2393 1164 sacramenti;
2438 1099 2532 1155 sed
2577 1111 2751 1156 tamen
2783 1103 2895 1156 dari
2926 1103 3095 1171 potuit
3125 1106 3408 1172 reprobate
3430 1149 3446 1174 ,
3474 1116 3532 1163 et

1939 1187 2140 1255 invido,
2174 1199 2226 1244 et
2255 1190 2480 1259 ingrato,
2513 1199 2566 1245 et
2602 1192 2844 1247 reddenti
2882 1194 3017 1246 mala
3051 1209 3144 1262 pro
3168 1195 3354 1261 bonis,
3381 1206 3436 1252 et
3464 1214 3532 1254 ne

1941 1288 2061 1348 post
2101 1280 2269 1349 ipsam
2307 1282 2521 1351 quidem
2547 1284 2912 1352 acceptioncm
2961 1285 3177 1354 spiritus
3208 1300 3449 1344 correcto
3474 1290 3530 1345 in

1941 1369 2131 1425 melius
2155 1382 2312 1440 atque
2335 1381 2552 1426 mutato.

1939 1458 2156 1526 QUEST.
2186 1461 2248 1515 ll.
2278 1492 2347 1501 —
2375 1463 2452 1517 De
2473 1463 2741 1519 Deonihil
2769 1466 2977 1537 dignum
3005 1467 3208 1522 dicitur.
3239 1470 3524 1528 Prwscien-

2011 1551 2080 1603 tia
2109 1569 2175 1605 an
2205 1556 2408 1622 praprie
2443 1557 2506 1609 sit
2548 1557 2598 1608 in
2635 1555 2757 1609 Deo.
2794 1557 3016 1611 Scientia
3054 1558 3196 1628 quid,
3234 1569 3280 1613 et
3317 1579 3531 1630 quomo-

2011 1643 2076 1696 do
2127 1644 2179 1697 in
2223 1643 2348 1697 Deo.
2410 1645 2536 1708 Ira,
2589 1648 2962 1714 misericordia,
3013 1658 3058 1702 et
3106 1649 3242 1704 zelus
3292 1650 3391 1704 Dei
3424 1669 3526 1723 quo

2009 1750 2159 1790 sensu
2193 1735 2393 1789 dicitur.
2443 1736 2607 1790 Rebus
2657 1737 2840 1792 divinis
2891 1740 3132 1793 vocabula
3170 1741 3393 1796 humana
3433 1744 3529 1796 tri-

2009 1826 2258 1892 buuntur,
2291 1829 2380 1881 sed
2441 1829 2507 1881 ibi
2558 1830 2759 1883 remotis
2813 1831 3270 1902 imperfectionibus
3328 1835 3530 1890 intelli-

2010 1915 2195 1985 genda.
2225 1916 2490 1986 Sapientia
2524 1929 2569 1972 et
2597 1919 2804 1972 scientia
2829 1920 2962 1975 unde
2983 1919 3242 1987 di/ferunt.
3274 1922 3530 1980 Pwnitere

1943 1998 1947 2002 ’
2011 2007 2262 2075 quomodo
2302 2009 2528 2062 convenit
2569 2008 2697 2062 Deo.
2748 2008 3050 2065 Paenitentia
3088 2022 3135 2066 et
3162 2012 3300 2069 zelus
3325 2031 3415 2069 cur
3435 2019 3532 2070 mi-

2011 2113 2106 2150 nus
2157 2098 2420 2152 videantur
2454 2098 2556 2153 Deo
2585 2115 2857 2171 congruere
2897 2118 3047 2172 quam
3079 2106 3427 2172 preacientia,
3449 2108 3533 2161 ira

2011 2196 2057 2242 et
2084 2189 2291 2242 similia.

2012 2282 2064 2334 t.
2089 2281 2219 2348 Age,
2238 2281 2347 2351 jam
2386 2281 2660 2338 videamus
2700 2284 2968 2352 quomodo
2996 2285 3194 2341 dictum
3224 2289 3324 2353 sit,
3354 2287 3533 2344 Paeni-

1941 2379 2007 2423 tet
2029 2371 2248 2440 mequod
2262 2373 2601 2426 constituerim
2624 2390 2788 2443 regem
2802 2374 2934 2428 Satil
2948 2375 2990 2446 (Ι
3003 2377 3132 2447 Reg.
3150 2380 3273 2444 xv,l
3285 2379 3358 2448 ι).
3375 2379 3534 2448 Qua:-

1940 2461 2016 2514 ris
2045 2463 2210 2524 enim,
2241 2475 2348 2515 non
2387 2462 2565 2531 utique
2607 2463 2657 2516 in
2707 2463 2891 2517 talium
2935 2467 3217 2520 verborum
3258 2469 3536 2525 intellectu

1941 2549 2122 2613 rudis,
2146 2551 2241 2604 sed
2284 2550 2588 2606 rudimenta
2619 2545 2903 2622 explorans
2946 2569 3063 2609 mea
3112 2564 3332 2624 paterno
3353 2557 3534 2614 studio

1940 2652 1994 2696 et
2022 2642 2249 2710 benigna
2280 2657 2406 2697 cura
2431 2683 2445 2705 ,
2493 2643 2760 2712 quomodo
2803 2644 3056 2713 pmoiteat
3092 2646 3293 2715 aliquid
3323 2648 3491 2703 Deum
3511 2691 3530 2716 ,

1943 2732 1994 2786 in
2023 2747 2126 2801 quo
2148 2733 2216 2786 sit
2257 2733 2430 2788 omnis
2473 2735 2828 2802 praescientia.
2854 2736 2966 2806 Ego
2994 2751 3121 2791 vero
3143 2778 3158 2803 ,
3189 2754 3312 2794 cum
3337 2740 3438 2796 hoc
3465 2741 3537 2798 de

1943 2822 2055 2876 Deo
2081 2822 2296 2888 dicitur,
2327 2823 2600 2894 indignum
2630 2823 2829 2893 aliquid
2873 2825 2978 2880 dici
3022 2826 3331 2896 arbitrarer,
3357 2831 3403 2885 si
3431 2830 3534 2886 ali-

1944 2914 2069 2983 quid
2100 2913 2316 2983 dignum
2350 2915 2676 2969 inveniretur
2699 2915 2838 2986 quod
2869 2915 2937 2970 de
2962 2916 3055 2972 illo
3082 2917 3366 2974 diceretur.
3400 2922 3535 2980 Cum

1943 3021 2070 3060 vero
2094 3008 2253 3060 verba
2277 3005 2474 3070 omnia,
2494 3007 2686 3076 quibus
2707 3005 2936 3061 humana
2949 3008 3213 3079 colloquia
3240 3025 3536 3069 conserua-

1947 3107 2032 3152 tur
2056 3100 2071 3129 ί
2094 3140 2109 3166 ,
2142 3097 2284 3150 illius
2312 3099 2633 3166 sempiterna
2660 3098 2829 3154 virtus
2852 3106 2908 3153 et
2934 3099 3182 3156 divinitas
3213 3105 3534 3162 mirabiliter

1943 3200 2102 3258 atque
2145 3189 2512 3243 incunctanter
2551 3191 2803 3256 excedat,
2831 3191 3086 3262 quidquid
3122 3195 3190 3248 de
3220 3195 3309 3248 illo
3340 3199 3531 3252 huma-

1946 3285 2087 3338 niter
2114 3282 2340 3346 dicitur,
2374 3283 2517 3352 quod
2548 3284 2707 3337 etiam
2739 3283 3045 3339 hominibus
3092 3289 3424 3356 aspernabile
3453 3289 3534 3344 vi-

1945 3372 2154 3438 deatur,
2183 3372 2296 3440 ipsa
2325 3371 2550 3426 humana
2580 3371 2898 3426 admonetur
2924 3373 3224 3438 infirmitas,
3253 3377 3414 3433 etiam
3442 3377 3535 3436 illa

1944 3482 2062 3536 qua:
2089 3475 2443 3534 congruenter
2491 3466 2542 3518 in
2592 3465 2879 3536 Scripturis
2921 3467 3116 3522 sanctis
3153 3467 3218 3522 de
3265 3469 3370 3524 Deo
3395 3469 3534 3529 dicta

1946 3557 2236 3622 existimat,
2259 3557 2498 3610 humana:
2525 3556 2804 3625 capacitati
2819 3557 3024 3626 aptiora
3051 3572 3171 3613 csse
3207 3574 3366 3629 quam
3394 3560 3531 3615 divi-

1947 3663 2028 3700 na:
2060 3647 2410 3709 sublimitati;
2437 3662 2498 3701 ac
2525 3662 2619 3716 per
2648 3649 2746 3702 hoc
2768 3647 2926 3702 etiam
2958 3647 3071 3717 ipsa
3103 3651 3530 3709 transcendenda

1945 3754 2064 3794 esse
2110 3738 2422 3793 sereniore’
2470 3738 2779 3806 intellectu,
2821 3738 2958 3793 sicut
3015 3738 3111 3794 ista
3160 3741 3534 3812 qualicumque

1946 3836 2253 3882 transcensu
2281 3836 2422 3880 sunt.

2016 3919 2072 3971 2.
2125 3918 2255 3982 Quis
2310 3926 2392 3970 est
2442 3916 2583 3970 enim
2632 3916 2944 3982 hominum,
2997 3918 3080 3970 cui
3137 3934 3240 3972 non
3284 3929 3534 3980 occurrat

1948 4008 2000 4062 in
2027 4009 2134 4060 Deo
2157 4016 2344 4060 cuncta
2376 4006 2690 4075 praesciente
2706 4046 2720 4069 ,
2743 4005 3105 4073 paenitentiam
3128 4022 3250 4063 esse
3276 4024 3382 4063 non
3407 4025 3532 4079 pos-

1946 4099 2037 4153 se?
2067 4097 2132 4151 Et
2151 4106 2293 4152 certe
2318 4106 2491 4150 tamen
2527 4097 2638 4149 lucc
2667 4094 2773 4149 duo
2800 4095 2963 4150 verba
2981 4106 3122 4164 sunt,
3144 4101 3452 4168 pteuitentia
3473 4111 3532 4160 et

1948 4188 2301 4259 praescientia,
2332 4201 2560 4256 quorum
2583 4186 2704 4256 quia
2736 4202 2897 4240 unum
2925 4203 3219 4258 congruere
3258 4190 3532 4250 credimus

1947 4281 2079 4345 Deo,
2111 4279 2162 4332 id
2190 4286 2271 4333 est
2293 4278 2678 4347 prtescientiam
2700 4319 2715 4343 ,
2749 4293 3005 4350 negamus
3034 4280 3084 4334 in
3116 4297 3181 4335 eo
3211 4296 3331 4338 esse
3353 4285 3529 4353 pmni-

1947 4371 2184 4425 tentiam.
2204 4369 2334 4424 Cum
2363 4384 2489 4424 vero
2513 4369 2648 4424 alius
2679 4369 2960 4440 liquidiore
2984 4371 3409 4428 consideratione
3427 4377 3530 4434 ista

1945 4469 2278 4532 pertractans
2301 4502 2316 4526 ,
2346 4461 2615 4529 quzesierit
2642 4461 3090 4530 quemadmodum
3132 4463 3216 4518 vel
3243 4465 3356 4533 ipsa
3384 4482 3527 4535 pra:-

1945 4553 2167 4608 scientia
2202 4553 2308 4606 Deo
2323 4561 2578 4621 congruat
2599 4592 2615 4616 ,
2640 4561 2693 4606 et
2718 4553 2980 4608 invenerit
3007 4553 3162 4622 hujus
3185 4557 3344 4611 etiam
3374 4559 3525 4614 verbi

1945 4645 2216 4698 notionem
2255 4643 2393 4696 illius
2424 4643 2671 4697 ineffabili
2699 4643 2974 4696 divinitate
2996 4645 3150 4713 longe
3175 4645 3387 4715 lateque
3429 4662 3524 4703 su-

1945 4735 2154 4803 perari;
2185 4748 2289 4786 non
2321 4733 2544 4786 miratur
2570 4742 2852 4801 utrumque
2884 4732 2952 4786 de
2982 4733 3071 4786 illo
3106 4744 3324 4802 prOpter
3348 4735 3522 4792 homi-

1948 4840 2043 4879 nes
2074 4823 2175 4879 dici
2225 4823 2495 4892 potuisse,
2525 4822 2592 4876 de
2635 4838 2740 4892 quo
2783 4831 3064 4890 utrumque
3112 4834 3328 4890 propter
3350 4825 3527 4893 ipsum

1947 4916 2233 4984 incongrue
2262 4913 2542 4968 diceretur.
2571 4913 2707 4981 Quid
2733 4922 2815 4968 est
2859 4913 3002 4966 enim
3032 4913 3360 4980 przescientia
3385 4955 3398 4980 ,
3424 4917 3526 4972 nisi

1947 5010 2165 5064 scientia
2215 5005 2554 5061 futurorum?
2579 5004 2713 5071 Quid
2762 5011 2940 5057 autem
2994 5003 3222 5056 futurum
3262 5015 3342 5058 est
3373 5006 3481 5062 Deo
3505 5051 3522 5075 ,

1947 5101 2034 5170 qui
2064 5099 2239 5154 omnia
2287 5097 2682 5166 supergreditur
2723 5093 3078 5161 tempora?Si
3119 5095 3258 5149 enim
3305 5099 3526 5154 scientia

1946 5191 2042 5247 Dei
2090 5205 2177 5245 res
2226 5190 2368 5258 ipsas
2397 5186 2615 5250 habet‘,
2644 5200 2747 5238 non
2775 5192 2897 5238 sunt
2933 5185 2982 5240 ei
3010 5183 3199 5241 futura:
3223 5228 3237 5253 ,
3259 5189 3352 5243 sed
3384 5205 3525 5259 pra:-

2011 5412 2029 5443 ¹
2051 5413 2127 5462 ste
2147 5416 2253 5460 Mss.
2270 5407 2389 5469 Editt
2409 5412 2592 5469 autem,
2614 5404 2921 5469 conferuntur
2936 5417 2956 5456 :
2971 5412 3024 5457 et
3041 5403 3164 5454 infra
3185 5403 3290 5454 loco
3306 5401 3524 5454 hunuim'.

1947 5479 2050 5539 ter_,
2069 5472 2332 5539 habebant,
2347 5466 2633 5539 humanitus.
2702 5466 2711 5469 ’
2793 5529 2804 5539 _
2874 5537 2906 5539 Η
3166 5525 3178 5536 .

2011 5529 2045 5568 ί
2056 5541 2105 5583 ιιι
2129 5532 2289 5588 editis,
2312 5529 2532 5589 saniore;
2565 5542 2650 5592 pro
2671 5541 2768 5592 quo
2791 5529 2839 5577 in
2873 5537 3000 5585 Mss,
3020 5529 3276 5577 sereniore.

215 5564 354 5635 sine.
394 5561 896 5635 k'qrtedcgeudum,
917 5575 980 5635 ne
1000 5558 1270 5635 _unid~_et
1483 5560 1619 5635 eius;
1658 5558 1843 5635 scilicet

215 5620 391 5689 iisin;
417 5625 602 5689 A_bisai,
629 5620 715 5687 q'ui
736 5637 847 5689 cum
870 5623 1014 5689 David
1035 5623 1096 5673 ad
1115 5622 1223 5673 Saﬁl
1247 5624 1296 5673 in
1321 5630 1476 5673 castra
1498 5620 1840 5682 descenderat,

438 5687 465 5736 1
492 5685 758 5750 beg.,cap.
783 5685 863 5746 26,
887 5687 936 5748 ᾗ.
960 5686 1011 5734 6.

489 5769 723 5831 δωσεῖ.
763 5772 1041 5831 Αυσυιτ.
1096 5769 1200 5829 Vl.

2013 5599 2031 5628 ί
2055 5597 2128 5646 sic
2149 5600 2254 5643 uss.
2277 5585 2490 5653 excepto
2506 5585 2603 5641 uno
2619 5605 2650 5640 e
2670 5585 2902 5653 Vaticanis
2923 5592 3137 5652 quicum
3158 5596 3274 5636 ante
3297 5585 3439 5637 editas
3456 5585 3526 5636 fe-

1949 5658 2108 5718 rebat,
2127 5669 2178 5706 tn
2196 5651 2394 5718 scientia
2412 5651 2493 5703 res
2515 5653 2643 5720 ipsas
2662 5652 2816 5703 habet.

2991 5753 3245 5835 (ϐίης.)
