4180 6214
569 267 672 330 139

568 391 766 450 sontes;
799 399 860 440 ac
898 399 994 457 per
1019 385 1124 443 hoc
1165 397 1270 444 non
1293 389 1406 460 jam
1439 391 1791 462 prmscieutia,
1817 393 1910 448 sed
1941 399 2144 450 tantum

565 476 786 530 scientia
811 473 918 533 dici
954 487 1147 547 potest.
1174 477 1233 534 Si
1259 487 1440 536 autem
1475 482 1614 537 sicut
1642 483 1694 536 in
1723 476 1910 540 ordine
1941 494 2149 556 tempo-

564 565 755 620 ralium
769 577 1158 640 creaturarum,
1179 569 1254 626 ita
1269 571 1470 642 etapud
1491 587 1613 628 eum
1631 569 1865 629 nondum
1881 579 2006 630 sunt
2029 589 2152 649 quae

563 655 739 710 futura
785 669 940 724 sunt,
969 659 1066 714 sed
1111 675 1173 716 ea
1212 663 1474 732 praevenit
1519 651 1758 730 sciendo;
1791 663 1874 721 bis
1915 669 2042 738 ergo
2087 679 2151 724 ea

563 749 756 811 sentit,
793 761 898 802 uno
924 748 1136 820 quidem
1163 752 1324 810 modo
1363 755 1658 812 secundum
1681 757 1981 816 illiut-orum
2014 762 2149 832 prae-

562 837 862 905 scientiam,
890 837 1062 896 altero
1090 857 1218 897 vero
1259 845 1550 901 secundum
1590 851 1932 920 prmsentiuin
1976 849 2150 909 scien-

561 927 711 982 tiam.
780 920 995 1001 Aliquid
1044 947 1172 1004 ergo
1220 935 1589 1006 te'mporaliter
1643 939 1850 996 accedit
1911 942 2151 1001 scientias

561 1017 657 1074 Dei
683 1014 746 1089 ίς
787 1021 934 1094 quod
979 1023 1418 1082 absurdissimum
1464 1037 1622 1100 atque
1651 1029 1990 1090 falsissimum
2043 1031 2144 1091 est.

561 1109 676 1167 Nee
699 1113 846 1192 e’nim
873 1119 1054 1185 potest
1079 1131 1199 1187 qua:
1232 1119 1454 1174 'ventura
1496 1122 1782 1192 praenoscit
1823 1138 1981 1180 nosse
2023 1132 2146 1181 cum

558 1205 810 1260 venerint
831 1209 848 1273 ';
873 1205 979 1262 nisi
1001 1206 1084 1263 bis
1117 1207 1493 1266 innotescani'
1511 1254 1526 1278 ,
1557 1222 1609 1268 et
1639 1211 2022 1284 p'ramoscendo
2047 1221 2146 1271 ait-

561 1301 779 1365 tequ‘am
806 1297 944 1364 sint,
970 1305 1026 1353 et
1053 1299 1424 1370 cognoscendo
1449 1317 1569 1358 cum
1590 1304 1700 1374 jam
1731 1309 1872 1360 sunt.
1903 1303 1977 1362 lia
2003 1307 2062 1362 tit
2091 1309 2149 1363 ut

566 1381 746 1459 (quod
771 1387 928 1460 longe
969 1403 1000 1443 a
1040 1390 1266 1447 veritate
1309 1387 1576 1450 seclusum
1619 1395 1738 1469 est)
1789 1399 2147 1470 temporaliter

557 1477 758 1549 aliquid
801 1479 1020 1536 accedat
1065 1479 1302 1538 scientiae
1350 1471 1483 1554 Dei,
1525 1495 1646 1542 cum
1686 1489 1998 1559 temporalia
2027 1496 2147 1560 quae

557 1569 918 1640 praesciuutur
967 1571 1129 1628 etiam
1179 1577 1462 1644 praesentia
1509 1579 1810 1634 sentiuntur
1832 1622 1847 1649 ,
1877 1590 1994 1651 quae
2039 1593 2146 1636 non

557 1659 928 1718 sentiebanttir
950 1665 1239 1735 antequam
1254 1665 1465 1734 ﬁerent,
1483 1668 1577 1723 sed
1611 1671 1980 1726 tantummodo
2005 1675 2140 1741 pra:-

556 1751 882 1810 sciebantur.
927 1755 987 1812 Si
1028 1771 1158 1812 vero
1181 1759 1342 1814 etiam
1391 1763 1511 1815 cum
1545 1757 1786 1818 venerint
1807 1805 1822 1830 ,
1853 1769 1972 1834 qua!
2002 1771 2142 1835 pra:-

555 1843 866 1900 sciebantur
908 1856 1030 1902 esse
1055 1853 1299 1915 ventura,
1328 1842 1460 1904 nihil
1492 1851 1615 1906 novi
1644 1851 1862 1908 accedet
1905 1848 2144 1910 scientia:

555 1936 688 2006 Del,
718 1921 816 1994 sed
847 1939 1085 1996 manebit
1137 1935 1227 1997 illa
1266 1943 1596 2013 pmscientia
1640 1943 1776 2000 sicut
1822 1950 1936 2002 erat
1983 1946 2150 2004 etiam.

555 2029 866 2102 priusquam
909 2032 1156 2089 venirent
1201 2039 1322 2104 quae
1375 2035 1824 2104 praeﬁciebantur;
1876 2038 2144 2108 quomodo

549 2119 662 2191 jam
709 2123 1044 2192 praescientla
1091 2123 1334 2194 dicetur,
1365 2124 1579 2196 quando
1613 2137 1721 2183 non
1745 2137 1828 2184 εει
1854 2140 2030 2184 rerum
2061 2127 2147 2184 fu~

553 2220 794 2268 turarum
813 2213 840 2269 ι
862 2213 982 2270 Jam
1009 2215 1154 2271 enim
1191 2216 1475 2286 praesentia
1503 2226 1632 2274 sunt
1671 2234 1788 2289 qua:
1816 2219 1989 2273 futura
2021 2227 2142 2276 cer-

553 2301 752 2371 nebat,
781 2309 839 2361 et
873 2305 1033 2376 paulo
1069 2313 1193 2378 post
1217 2315 1376 2362 erunt
1413 2309 1699 2378 praeterita.
1747 2305 2144 2365 Praeteritarum

553 2403 733 2451 autem
771 2400 952 2452 rerum
972 2437 990 2465 ,
1014 2396 1152 2453 sicut
1189 2399 1532 2468 praesentium
1555 2439 1574 2468 ,
1605 2401 1752 2456 nullo
1790 2399 1950 2456 modo
1973 2410 2146 2472 potest

553 2487 659 2545 dici
689 2489 1044 2561 praescientia.
1065 2487 1290 2547 Reditur
1317 2505 1448 2563 ergo
1471 2492 1537 2548 ad
1565 2491 1639 2560 id,
1666 2504 1724 2548 ut
1742 2493 1831 2548 ﬂat
1859 2493 2016 2550 rebus
2031 2495 2143 2565 jam

551 2579 906 2651 praesentibus
951 2581 1346 2653 scientia,un
1383 2583 1585 2640 eisdem
1627 2583 1787 2640 rebus
1814 2584 2002 2640 futuris
2029 2587 2145 2640 crat

549 2669 886 2742 przcscientia
914 2689 927 2724 :
953 2679 1007 2726 et
1045 2684 1167 2726 cum
1203 2687 1264 2728 ea
1291 2688 1410 2744 quae
1438 2673 1774 2744 praescieritia
1805 2684 1918 2730 erat
1955 2676 2099 2746 prius
2122 2717 2139 2746 ,

551 2763 735 2833 postea
765 2763 986 2820 scientia
1010 2760 1104 2819 llat
1139 2765 1193 2820 ἰιι
1224 2765 1355 2833 Deo,
1373 2765 1603 2822 admittit
1641 2768 2041 2824 mutabiliatem
2088 2777 2144 2825 et

551 2854 862 2924 temporalis
875 2865 1115 2922 est;cum
1146 2854 1218 2910 sit
1243 2855 1404 2924 Deus,
1427 2856 1516 2928 qui
1544 2868 1671 2913 vere
1686 2870 1996 2929 summeque
2023 2865 2106 2914 est
2123 2899 2138 2924 ,

548 2961 652 3003 nec
680 2947 787 3002 ulla
825 2961 894 3004 ex
927 2947 1079 3017 parte
1114 2949 1382 3004 mutabilis
1407 2989 1422 3014 ,
1461 2963 1562 3004 nec
1603 2947 1711 3004 ullo
1758 2956 1904 3005 motu
1943 2951 2142 3006 novitio

549 3039 878 3110 temporalis.
897 3039 1079 3094 Placet
1106 3054 1234 3111 ergo
1263 3051 1320 3095 ut
1348 3043 1454 3094 non
1483 3040 1722 3096 dicamus
1753 3041 2142 3111 praescientiam

548 3127 686 3196 Dei,
711 3127 809 3184 sed
851 3131 1218 3184 tantummodo
1253 3131 1531 3186 scientiam
1565 3149 1578 3184 :
1607 3145 1906 3202 quzeramus
1949 3141 2004 3188 et
2037 3132 2142 3190 hoc

548 3219 839 3293 quomodo.
869 3217 987 3276 Non
1011 3222 1154 3276 enim
1187 3221 1465 3277 scientiam
1501 3225 1737 3278 solemus
1764 3221 1942 3278 dicere
1973 3224 2024 3276 in
2047 3237 2143 3278 no-

549 3311 654 3378 bis,
681 3309 785 3366 nisl
805 3321 930 3366 cum
950 3318 1108 3366 sensa
1131 3316 1188 3368 et
1211 3311 1480 3367 intellecta
1521 3313 1779 3368 memoria
1811 3314 2138 3380 retinemus;

551 3417 668 3456 cum
696 3401 1036 3457 meminimus
1060 3399 1259 3472 aliquid
1284 3403 1518 3458 sensisse
1539 3410 1637 3457 'nos
1666 3399 1751 3457 vel
1778 3403 2102 3458 intellexisse
2119 3441 2138 3471 ,

553 3509 608 3551 ut
639 3497 692 3551 id
711 3507 834 3552 cum
857 3496 1104 3552 volumus
1122 3497 1442 3552 recolamus.
1475 3496 1628 3566 Quod
1651 3497 1695 3552 si
1721 3496 1791 3550 ita
1823 3497 1874 3550 in
1901 3497 2008 3552 Deo
2034 3505 2136 3565 est,

547 3594 605 3646 ut
634 3590 804 3662 possit
850 3589 1066 3661 proprie
1113 3587 1254 3658 dici,
1287 3587 1538 3662 intelligit
1563 3597 1618 3646 et
1658 3589 1948 3656 intellexit,
1980 3594 2142 3646 sentit

547 3690 606 3739 et
627 3681 830 3748 sensit;
857 3679 1090 3737 admittit
1132 3691 1374 3752 tempus,
1420 3692 1475 3736 et
1521 3682 1758 3752 subrepit
1799 3681 2140 3738 nihilominus

547 3773 637 3829 illa
681 3771 1040 3837 inutabiliias,
1083 3787 1204 3843 quas
1235 3771 1390 3844 longe
1431 3787 1463 3828 a
1495 3765 1588 3828 Dei
1635 3773 1929 3828 substantia
1958 3787 2136 3828 remo-

545 3865 717 3922 venda
745 3873 849 3921 est.
889 3864 958 3919 Et
1001 3875 1181 3922 tamen
1217 3874 1272 3918 et
1300 3864 1402 3919 scit
1447 3864 1584 3919 Deus
1609 3905 1624 3931 ,
1654 3875 1706 3919 ct
1744 3865 1957 3934 prmscit
2000 3865 2140 3921 Deus

546 3957 801 4016 inetl‘ahili
829 3957 990 4012 modo
1021 3974 1036 4014 :
1066 3957 1144 4012 sic
1171 3971 1294 4012 eum
1318 3967 1369 4011 el.
1412 3957 1632 4027 paenitet
1674 3956 1925 4012 inell'abili
1956 3959 2135 4016 modo.

547 4053 680 4110 Cum
705 4050 848 4107 enim
876 4050 1098 4106 scientia
1121 4049 1216 4105 Dei
1240 4049 1399 4120 longe
1423 4049 1582 4106 distet
1607 4050 1673 4106 ab
1699 4049 1930 4104 humana
1961 4049 2137 4105 scien-

545 4147 643 4212 tia,
673 4145 744 4199 ita
784 4153 841 4197 ut
881 4141 1150 4198 irridenda
1191 4143 1263 4197 sit
1280 4143 1642 4212 comparatio,
1685 4155 1910 4214 utraque
1962 4155 2137 4200 tamen

547 4219 772 4294 scicntia
797 4244 1058 4291 vocatur:
1085 4243 1140 4290 et
1180 4231 1298 4289 haec
1343 4235 1559 4304 quidem
1601 4233 1830 4290 humana
1877 4235 1994 4292 talis
2021 4249 2134 4304 est,

545 4341 608 4388 ut
628 4317 772 4386 dicat
809 4328 879 4385 de
905 4329 993 4383 illa
1023 4321 1314 4398 Apostolus
1356 4329 1520 4384 etiam
1543 4369 1558 4395 ,
1593 4325 1824 4383 Scientia
1852 4327 2136 4384 destruetur

549 4419 595 4494 (ι
621 4421 740 4477 Cor.
768 4435 882 4488 xm,
903 4421 984 4490 8);
1001 4420 1143 4491 quod
1169 4417 1319 4474 nullo
1343 4419 1505 4474 modo
1534 4427 1678 4474 recte
1705 4418 1773 4474 de
1796 4420 2014 4476 scientia
2041 4419 2136 4475 Dei

548 4515 652 4572 dici
681 4522 873 4586 potest.
906 4513 996 4569 Sic
1023 4521 1079 4568 et
1099 4512 1178 4568 ira
1199 4511 1432 4568 hominis
1461 4511 1667 4570 turbida
1695 4521 1778 4568 est
1805 4521 1860 4568 et
1877 4527 1986 4568 non
2019 4513 2137 4568 sine

546 4608 783 4664 cruciatu
809 4606 972 4660 animi
999 4623 1010 4658 :
1035 4605 1114 4660 ira
1138 4619 1268 4661 vero
1287 4603 1488 4673 Dei,de
1503 4621 1606 4675 qua
1622 4605 1817 4662 dicitur
1832 4607 1882 4661 in
1897 4607 2140 4678 Evange-

553 4703 641 4769 lii),
659 4701 763 4756 Sed
779 4701 856 4755 ira
876 4699 972 4754 Dei
998 4706 1166 4752 manet
1184 4714 1340 4770 super
1363 4715 1478 4754 eum
1491 4697 1545 4772 (J
1553 4715 1670 4753 oan.
1695 4715 1772 4763 ill,
1794 4699 1911 4772 36);
1926 4709 1979 4755 et
1995 4704 2136 4770 Apo-

572 4793 742 4864 “plus,
774 4792 1037 4848 Revelatur
1055 4791 1188 4845 enim
1209 4791 1289 4845 ira
1309 4789 1402 4845 Dei
1429 4790 1492 4844 de
1509 4791 1632 4846 caelo
1648 4808 1798 4862 super
1825 4809 2020 4847 onmem
2041 4795 2138 4847 im-

563 4884 784 4962 ,‘ewtem
822 4881 1007 4956 (Rom.
1035 4897 1091 4950 ι,
1117 4879 1248 4953 18);
1279 4882 1372 4936 illo
1417 4879 1477 4936 in
1524 4883 1900 4952 tranquillitate
1935 4884 2136 4954 jugiter

548 4973 886 5040 manente,in
913 4981 1161 5030 creatura
1186 4971 1399 5030 subdita
1415 4982 1630 5028 exercet
1650 4973 1946 5028 admirabili
1971 4976 2132 5046 atqui-

549 5075 661 5122 tate
700 5065 1008 5121 vindictam.
1035 5061 1400 5121 Misericordia
1443 5077 1653 5134 quoque
1703 5064 1932 5120 hominis
1973 5067 2132 5124 habet

550 5155 864 5212 nonnullam
883 5154 1063 5210 cordis
1084 5153 1377 5224 miseriam,
1402 5153 1545 5210 unde
1582 5155 1742 5210 etiam
1772 5156 1825 5210 in
1847 5156 2004 5212 latina
2032 5157 2134 5212 lin-

549 5265 649 5320 gua
687 5258 880 5304 nomen
917 5246 1156 5315 accepit:
1188 5261 1308 5300 nam
1340 5245 1461 5302 inde
1490 5255 1573 5301 est
1607 5247 1766 5302 etiam
1791 5289 1804 5310 ,
1837 5248 1978 5316 quod
2024 5265 2128 5303 non

551 5341 724 5395 solum
749 5336 980 5409 gaudere
1000 5351 1122 5390 cum
1146 5337 1518 5406 gaudentibus,
1545 5335 1638 5392 sed
1664 5339 1821 5391 etiam
1850 5336 1978 5392 ﬂere
2007 5354 2126 5392 cum

553 5431 805 5490 ﬂentibus
831 5423 1502 5498 bonaturApostolusUd.
1537 5433 1630 5494 xit,
1653 5425 1760 5500 15).
1787 5429 1916 5496 Quis
1952 5437 2128 5486 autem

619 5589 636 5651 ε
663 5593 790 5651 ω,
817 5581 996 5635 accidit
1013 5579 1224 5651 scientia:
1374 5589 1427 5633 st
1449 5584 1573 5634 inira
1599 5585 1796 5646 habent,
1817 5585 2024 5651 occulat.
2043 5602 2122 5642 ac-

553 5645 1358 5718 άίέεβῖιοίὲρνωθέῗάωριῖεθεάέίκ
1415 5706 1425 5716 .
1525 5707 1536 5717 .
1581 5707 1592 5718 .

618 5711 638 5740 ³
658 5716 705 5757 lu
728 5708 892 5758 codice
915 5708 1240 5760 vemstisninw
1258 5708 1556 5768 Corbeiensi,
1573 5708 1851 5762 immineat.

1131 272 1223 332 os
1259 274 1570 335 owessrs
1605 265 2119 346 QUESTIONIBUS
2154 265 2248 338 AD
2283 281 2793 362 smmcmuuu,
2831 293 2890 351 s.
2929 295 3304 359 AUGUSTINI

3747 295 3852 368 lib

2259 411 2391 453 sano
2431 402 2607 472 capite
2633 394 2861 492 dixerit,
2895 407 3000 464 ulla
3037 413 3246 468 miseria
3284 419 3424 489 tangi
3450 414 3616 476 Deum
3637 421 3664 477 ι
3689 440 3848 495 quem

2257 495 2436 548 tamen
2461 491 2657 566 ubique
2695 483 2966 571 Scriptura
3003 483 3402 563 misericordem
3441 527 3562 568 esse
3599 483 3848 572 testatur.

2255 577 2334 639 ita
2359 583 2531 642 zelum
2555 587 2850 647 humanum
2877 610 2982 648 non
3031 596 3147 652 sine
3187 597 3336 668 peste
3386 601 3570 659 livoris
3597 606 3848 680 intelligi-

2257 674 2380 730 mus
2401 676 2696 735 :zelantem
2724 697 2853 739 vero
2875 683 3040 740 Deum
3065 703 3170 742 non
3197 689 3264 743 ita
3283 731 3298 757 ,
3329 690 3422 746 sed
3445 691 3633 749 eodem
3661 674 3846 766 verbo,

2256 779 2369 822 non
2394 766 2586 825 eodem
2615 772 2794 828 modo.

2325 853 2381 913 3.
2406 851 2647 932 Longum
2673 874 2757 920 est
2780 881 3088 934 percurrere
3116 880 3305 925 caetera
3328 915 3342 938 ,
3369 883 3422 928 ct
3447 886 3572 930 sunt
3593 877 3842 936 innume-

2253 945 2441 1008 ru'bilia
2469 951 2663 1024 quibus
2687 955 2984 1014 ostenditur
3002 961 3167 1016 multa
3189 961 3364 1020 divina
3397 966 3586 1023 iisdem
3613 972 3846 1027 nomini-

2252 1037 2353 1096 bus
2375 1043 2636 1112 appellari
2661 1047 2850 1116 quibus
2894 1048 3158 1120 humana,
3185 1069 3306 1110 cum
3333 1057 3732 1130 incomparabili
3761 1063 3846 1119 di-

2252 1133 2504 1190 versitate
2526 1135 2766 1206 sejuncta
2793 1139 2898 1195 sint
2923 1159 2936 1195 :
2957 1157 3054 1198 nec
3084 1153 3261 1200 tamen
3294 1147 3486 1204 frustra
3509 1151 3695 1209 eadem
3723 1163 3848 1212 sunt

2253 1221 2410 1280 rebus
2431 1229 2668 1299 utrisque
2695 1229 2859 1287 indita
2889 1233 3144 1291 vocabula
3165 1279 3179 1304 ,
3213 1239 3312 1294 nisi
3339 1241 3460 1310 quia
3487 1239 3600 1298 haec
3632 1247 3845 1316 cognita

2251 1315 2445 1388 quaein
2491 1319 2798 1390 quotidiana
2838 1322 3223 1384 consuetudine
3269 1344 3566 1404 versantur,
3599 1347 3656 1392 et
3681 1315 3848 1408 expeo

2251 1406 2494 1465 rimentis
2518 1411 2885 1470 usitatioribus
2924 1417 3291 1490 innotescunt,
3325 1423 3634 1482 nonnullam
3674 1406 3848 1484 adin-

2252 1497 2533 1568 telligenda
2594 1501 2682 1556 illa
2727 1503 2973 1562 sublimia
3021 1507 3260 1578 prtebent
3307 1514 3468 1570 viam.
3519 1517 3653 1574 Cum
3700 1521 3844 1576 enim

2249 1581 2532 1660 dempsere
2550 1590 2618 1648 de
2631 1589 2864 1650 humana
2885 1597 3106 1654 scientia
3137 1597 3564 1676 mutabilitatem,
3587 1619 3641 1665 et
3671 1619 3846 1666 trans-

2251 1675 2356 1732 itus
2380 1677 2638 1749 quosdam
2669 1695 2700 1736 a
2745 1685 3068 1756 cogitatione
3089 1687 3142 1743 in
3167 1675 3578 1762 cogitationem,
3608 1713 3728 1754 cum
3757 1715 3846 1757 ιθ-

2249 1767 2492 1836 colimus,
2521 1777 2580 1826 ut
2607 1779 2891 1832 cernamus
2930 1777 3112 1834 animo
3151 1781 3294 1852 quod
3334 1783 3386 1838 in
3439 1789 3680 1844 contuitu
3725 1791 3845 1862 ejus

2250 1854 2410 1928 paulo
2435 1854 2559 1916 ante
2606 1874 2711 1918 non
2760 1874 2912 1936 erat,
2944 1876 3104 1940 atque
3142 1869 3212 1926 ita
3263 1872 3330 1930 de
3371 1885 3522 1945 parte
3547 1877 3600 1933 in
3633 1854 3842 1950 partem

2248 1948 2454 2008 crebris
2495 1955 2960 2016 recordationibus
2996 1964 3362 2034 transilimus;
3395 1970 3534 2026 unde
3575 1948 3734 2028 etiam
3771 1989 3840 2032 ex

2249 2043 2402 2114 parte
2427 2040 2557 2102 dicit
2581 2062 2700 2104 esse
2723 2046 3015 2119 Apostolus
3057 2064 3292 2113 nostram
3320 2061 3598 2119 scientiam
3625 2063 3682 2138 (l
3715 2065 3837 2122 Cor.

2246 2149 2340 2190 xm
2366 2177 2382 2201 ,
2413 2133 2471 2210 9)
2506 2144 2666 2192 :‘cum
2708 2154 2836 2210 ergo
2883 2141 2998 2198 hzec
3059 2153 3250 2204 cuncta
3295 2148 3598 2221 detraxero,
3634 2133 3696 2212 et
3757 2172 3845 2213 re-

2249 2225 2457 2296 liqiiero
2500 2229 2666 2283 solam
2715 2231 3048 2290 vivacitatem
3117 2247 3280 2296 certae
3342 2248 3502 2314 atque
3555 2243 3842 2303 inconcus-

2247 2331 2322 2373 sac
2350 2309 2588 2376 Veritatis
2643 2337 2744 2378 una
2797 2333 2956 2397 atque
3008 2338 3209 2386 teterna
3237 2309 3686 2408 contemplatione
3707 2356 3842 2398 cun-

2249 2416 2330 2462 cta
2373 2407 2851 2479 lustrantls‘;imo
2892 2433 2998 2472 non
3037 2419 3342 2492 reliquero,
3391 2407 3496 2482 non
3551 2430 3694 2486 enim
3741 2433 3842 2490 ha-

2247 2497 2337 2554 bet
2379 2499 2482 2556 hoc
2527 2499 2758 2560 hamaua
2818 2508 3074 2578 scientia,
3127 2515 3222 2570 sed
3285 2531 3384 2588 pro
3451 2519 3654 2578 viribus
3703 2525 3840 2598 cogi-

2249 2599 2460 2658 tavere;
2519 2593 2820 2652 insinuatur
2865 2596 2998 2656 mihi
3065 2607 3356 2678 utcumque
3429 2612 3650 2669 scicntia
3697 2593 3839 2673 Dei:

2245 2683 2388 2753 quod
2431 2686 2607 2742 tamen
2658 2701 2890 2760 nomen,
2933 2708 3000 2748 ex
3061 2709 3128 2752 eo
3175 2699 3320 2769 quod
3377 2702 3596 2760 sciendo
3644 2689 3864 2777 aliquid

2245 2792 2350 2834 non
2373 2777 2503 2834 latet
2529 2778 2800 2838 hominem
2824 2825 2842 2851 ,
2872 2787 3044 2858 potuit
3065 2803 3186 2845 esse
3232 2792 3312 2847 rei
3341 2793 3554 2868 utrique
3599 2812 3843 2855 commu-

2245 2881 2332 2923 ne.
2355 2864 2665 2941 Quanquam
2688 2879 2743 2928 et
2772 2873 2824 2927 in
2873 2875 3001 2944 ipsis
3025 2877 3328 2937 hominibus
3374 2864 3512 2940 solet
3546 2885 3777 2944 discerni
3803 2905 3837 2946 a

2245 2961 2504 3032 sapientia
2532 2964 2784 3032 scientia,
2816 2973 2874 3021 ut
2901 2968 3061 3024 etiam
3089 2969 3377 3042 Apostolus
3399 2975 3558 3046 dicit,
3586 2977 3691 3032 Alii
3716 2981 3838 3051 qui-

2245 3053 2360 3108 dem
2409 3071 2500 3125 per
2529 3053 2781 3127 Spiritum
2819 3058 2973 3114 datur
3010 3078 3174 3118 sermo
3209 3066 3500 3136 sapientiae,
3551 3071 3642 3125 alii
3669 3089 3836 3128 sermo

2244 3145 2469 3200 scientia:
2509 3147 2784 3203 secundum
2843 3151 3071 3207 eumdem
3112 3153 3368 3226 Spiritum
3407 3157 3542 3228 (Id.
3598 3177 3706 3230 ιιι,
3733 3159 3834 3237 8):

2245 3233 2300 3290 in
2331 3233 2442 3292 Deo
2470 3245 2648 3294 autem
2675 3237 2926 3296 nimirum
2949 3256 3052 3298 non
3073 3253 3198 3300 sunt
3223 3246 3337 3302 hzec
3357 3248 3464 3304 duo
3483 3291 3498 3317 ,
3529 3252 3624 3306 sed
3650 3233 3834 3308 unum.

2246 3324 2314 3380 Et
2335 3326 2388 3379 in
2417 3326 2722 3383 hominibus
2747 3330 2961 3400 quidem
3003 3333 3118 3389 haec
3141 3336 3212 3390 ita
3236 3338 3465 3395 discerni
3496 3341 3838 3412 probabiliter

2245 3415 2454 3485 Solent,
2486 3426 2543 3472 ut
2561 3420 2821 3491 sapientia
2852 3423 3116 3492 pertineat
3151 3425 3217 3482 ad
3243 3428 3571 3487 intellectum
3601 3441 3833 3492 aatcrno-

2244 3511 2394 3575 rum,
2425 3509 2645 3564 scientia
2673 3525 2800 3566 vero
2825 3511 2892 3567 ad
2913 3527 2974 3569 ea
2995 3530 3114 3586 qua:
3138 3519 3385 3576 sensibus
3409 3526 3650 3595 corporis
3675 3541 3837 3597 expc-

2244 3599 2430 3654 rimur.
2476 3597 2582 3656 Sed
2630 3601 2754 3658 licet
2794 3604 2928 3660 alius
2969 3607 3125 3662 aliam
3167 3607 3516 3670 dili'ercntiam
3563 3617 3830 3690 proferat,

2242 3691 2346 3746 nisi
2389 3699 2565 3747 tamen
2608 3693 2817 3750 diversa
2847 3706 3058 3766 essent,
3092 3717 3197 3756 non
3229 3703 3308 3759 sic
3350 3707 3417 3762 ab
3445 3709 3702 3778 Apostolo
3725 3711 3834 3768 dis-

2243 3781 2629 3851 tinguerentur.
2661 3785 2812 3853 Quod
2846 3802 2977 3842 sane
3015 3790 3058 3843 si
3105 3793 3173 3844 ita
3201 3803 3316 3861 est,
3347 3805 3402 3849 ut
3425 3813 3621 3854 nomen
3653 3803 3834 3860 scien-

2242 3873 2328 3930 tiae
2350 3873 2508 3931 rebus
2535 3893 2667 3947 quas
2688 3894 2786 3950 per
2811 3895 2999 3936 sensus
3020 3887 3260 3954 corporis
3288 3892 3590 3958 experimur
3609 3936 3624 3959 ,
3658 3896 3826 3966 depu-

2243 3973 2410 4022 tatum
2435 3968 2536 4036 sit;
2576 3971 2720 4024 nulla
2746 3979 2827 4026 est
2872 3973 3090 4030 omnino
3134 3981 3355 4033 scicntia
3383 3981 3489 4036 Dei.
3535 3975 3647 4040 Non
3677 3988 3824 4046 enim

2243 4055 2384 4114 Deus
2412 4075 2505 4128 per
2532 4074 2590 4116 se
2629 4062 2803 4132 ipsum
2833 4079 2898 4119 ex
2931 4080 3154 4136 corpore
3183 4080 3235 4124 ct
3263 4072 3438 4128 anima
3465 4087 3694 4145 constat,
3721 4079 3830 4134 sic-

2240 4154 2298 4205 ut
2326 4149 2507 4207 homo.
2575 4151 2694 4224 Sed,
2729 4156 2916 4212 melius
2971 4155 3164 4214 dicitur
3197 4162 3352 4217 aliam
3400 4182 3518 4222 esse
3553 4149 3828 4230 scientiam

2239 4238 2370 4308 Dei,
2400 4251 2455 4298 et
2485 4259 2590 4300 non
2621 4242 2858 4318 ejusdem
2879 4251 3090 4320 generis
3109 4295 3125 4320 ,
3153 4254 3305 4324 cujus
3335 4256 3434 4313 ista
3463 4269 3544 4313 est.
3571 4276 3690 4330 qua:
3731 4262 3848 4319 ho-'

2242 4332 2448 4388 minum
2475 4328 2672 4392 dicitur
2702 4356 2716 4392 :
2751 4339 2884 4394 sicut
2910 4343 3070 4396 etiam
3097 4343 3325 4414 idipsum
3353 4349 3494 4418 quod
3521 4328 3662 4406 Deus
3690 4335 3828 4409 dici-

2243 4428 2364 4492 tur,
2419 4419 2578 4496 longe
2613 4427 2752 4482 aliud
2781 4439 2892 4494 est,
2929 4448 3087 4502 quam
3133 4439 3580 4504 quemadmodum
3627 4443 3827 4504 dictum

2239 4522 2323 4570 est
2349 4514 2471 4584 quia
2515 4514 2648 4571 stetit
2679 4517 2732 4607 in
2767 4536 3035 4607 synagoga
3079 4518 3286 4578 deorum
3313 4527 3481 4596 (Psal.
3511 4546 3708 4601 Lxxn,
3742 4523 3818 4607 1).

2242 4601 2442 4658 Tamen
2481 4601 2547 4658 ad
2575 4619 2682 4660 non
2709 4601 2877 4664 latere
2904 4625 3116 4680 quoquo
3139 4613 3299 4670 modo
3327 4617 3557 4686 pertinet
3580 4601 3828 4681 commu-

2240 4695 2436 4752 nicatio
2473 4697 2587 4768 ipsa
2631 4697 2895 4757 vocabuli.
2931 4701 3018 4758 Sic
3062 4705 3220 4762 etiam
3251 4707 3318 4765 de
3346 4710 3424 4767 ira
3463 4713 3696 4774 hominis
3733 4719 3828 4777 de-

2240 4786 2396 4842 traho
2425 4785 2782 4844 turbulentum
2811 4801 3011 4846 motum
3033 4837 3048 4860 ,
3091 4805 3149 4849 ut
3173 4811 3447 4857 remaneat
3475 4805 3723 4864 vindictae
3745 4809 3826 4864 vi-

2239 4893 2366 4950 gor;
2395 4886 2558 4948 atque
2583 4879 2652 4932 ita
2708 4889 2992 4954 utcumque
3033 4899 3254 4956 assurgo
3305 4890 3358 4945 in
3397 4895 3638 4952 notitiam
3680 4899 3822 4958 illius

2237 4983 2356 5040 quae
2398 4967 2693 5039 appel..itutl
2719 4973 2795 5029 ira
2841 4973 2954 5029 Dei.
2989 4969 3119 5032 item
3159 4977 3226 5036 de
3255 4981 3617 5045 misericordia
3655 4975 3701 5044 si
3729 5007 3824 5048 au-

2237 5057 2378 5114 feras
2397 5063 2823 5132 compassionem
2843 5107 2862 5131 ,
2883 5083 3002 5122 cum
3029 5083 3093 5124 eo
3129 5088 3284 5144 quem
3329 5077 3627 5141 misereris.
3656 5087 3822 5154 parti.

2238 5151 2428 5222 cipatce
2451 5151 2678 5210 miseria:
2704 5155 2747 5222 ³,
2765 5157 2824 5211 ut
2849 5173 3122 5216 remaneat
3145 5167 3419 5234 tranquilla
3451 5151 3669 5227 bonitas-
3691 5175 3821 5230 sub-

2239 5241 2486 5298 veniendi
2522 5253 2576 5300 et
2619 5243 2648 5298 a
2701 5247 2910 5302 miseria
2957 5247 3246 5319 liberandi,
3297 5255 3591 5315 insinuatur
3628 5263 3820 5320 divinae

2238 5334 2616 5391 misericordia:
2652 5340 3050 5410 qualiscumque
3088 5345 3340 5414 cognitio.
3381 5349 3566 5408 Zelum
3611 5372 3820 5425 quoque

2237 5423 2330 5480 Dei
2373 5441 2480 5480 non
2518 5429 2856 5496 repudiemus
2884 5439 2938 5484 et
2981 5446 3362 5505 aspernamur,
3405 5455 3525 5496 cum
3563 5423 3816 5517 scriptum

2299 5601 2316 5686 ξ
2340 5601 2412 5686 ‘Sic
2436 5604 2659 5664 praecipui
2891 5605 3026 5686 editi,
3046 5605 3385 5686 collv_straztti§.

2290 5663 2316 5751 ἶ.
2342 5663 2624 5751 ιιιξιιρυδιε,
2773 5664 2903 5751 ἕξεις,
2928 5663 3068 5751 quem
3107 5663 3400 5751 nummaria,
3431 5681 3816 5751 participant:

2231 5726 2443 5773 miserita
2470 5737 2488 5773 :
2504 5733 2750 5787 corrupte,
2773 5729 2843 5776 uti
2867 5726 3022 5792 liquet
3047 5745 3112 5781 ex
3129 5742 3234 5785 Mss.
