4134 6208
247 299 344 356 Ml

250 405 556 467 intrenimus
583 406 604 441 ί
647 401 787 463 :sed
813 400 1120 461 auferamus
1160 402 1230 459 de
1256 400 1492 458 humano
1537 399 1654 458 zelo
1694 401 1847 472 palli-

249 503 372 559 dam
426 501 603 557 tabem
648 497 882 565 doloris,
935 507 991 553 et
1045 494 1341 551 morbidam
1394 492 1843 564 perturbationem

251 593 453 659 animi;
483 598 863 661 remaneatque
910 586 1038 643 illud
1066 586 1238 643 solum
1263 585 1552 657 judicium,
1584 600 1691 655 quo
1719 598 1843 640 cor~

252 687 430 760 ruptio
485 685 746 741 castitatis
795 681 1056 752 impunita
1105 695 1226 736 esse
1271 694 1376 734 non
1403 676 1624 741 sinitur,
1677 685 1732 732 et
1760 691 1847 730 as-

254 781 524 853 surgimus
569 786 625 833 ut
676 773 995 845 incipiamus
1041 773 1218 844 aliquo
1244 770 1404 826 modo
1441 783 1634 840 capere
1670 769 1844 823 zelum

256 873 365 930 Dei.

321 966 374 1020 t.
419 965 757 1035 Quapropter
783 975 904 1015 cum
926 957 1151 1029 legimus
1176 956 1338 1013 etiam
1365 953 1532 1011 Deum
1552 953 1839 1016 dicentem,

262 1057 474 1113 Paenitet
495 1070 604 1119 me;
643 1051 1044 1110 consideremus
1066 1047 1209 1121 quod
1238 1062 1359 1104 esse
1387 1047 1555 1103 soleat
1581 1044 1634 1101 in
1669 1043 1843 1099 homi-

261 1147 414 1206 nibus
437 1160 575 1218 opus
597 1137 910 1216 paenitendi.
940 1141 1133 1197 Procul
1171 1139 1336 1197 dubio
1367 1137 1631 1209 reperitur
1661 1135 1845 1192 volun-

260 1249 334 1294 tas
359 1229 639 1293 mutandi‘
668 1252 683 1289 :
715 1232 809 1289 sed
839 1233 893 1289 in
918 1231 1137 1288 homine
1171 1245 1296 1287 cum
1325 1229 1512 1286 dolore
1538 1227 1699 1284 animi
1731 1237 1840 1293 est;

260 1327 600 1402 reprehendit
626 1327 771 1383 enim
798 1327 852 1381 in
875 1339 935 1381 se
970 1323 1110 1396 quod
1140 1330 1339 1378 temere
1364 1321 1584 1377 fecerat.
1620 1319 1843 1374 Aufera-

260 1435 377 1478 mus
403 1433 532 1492 ergo
549 1419 674 1487 ista,
692 1431 813 1490 quae
834 1411 904 1473 de
927 1415 1157 1471 humana
1182 1413 1487 1470 infirmitate
1510 1421 1666 1483 atque
1696 1413 1844 1482 igno-

261 1513 427 1569 rantia
451 1509 692 1576 veniunt,
726 1513 780 1566 et
804 1515 1080 1565 remaneat
1104 1507 1277 1563 solum
1299 1505 1435 1561 velle
1461 1510 1518 1560 ut
1541 1519 1647 1559 non
1675 1505 1747 1557 ita
1773 1504 1843 1558 sit

261 1601 481 1675 aliquid,
511 1593 956 1674 quemadmodum
997 1608 1112 1654 erat
1142 1598 1254 1654 :slc
1294 1606 1470 1668 potest
1511 1595 1842 1666 aliquantum

262 1693 494 1753 lntlmari
530 1696 694 1752 menti
731 1701 948 1760 nostrae,
978 1705 1079 1764 qua
1124 1691 1307 1763 regula
1351 1691 1673 1761 intelligatur
1699 1688 1841 1759 quod

263 1783 480 1862 penitet
513 1785 699 1844 Deum.
726 1785 859 1842 Cum
897 1787 1038 1842 enim
1068 1785 1327 1856 paenitere
1356 1783 1567 1850 dicitur,
1599 1783 1709 1836 vult
1737 1797 1842 1837 non

264 1889 376 1938 esse
399 1879 622 1952 aliquid,
652 1879 786 1935 sicut
815 1875 1012 1935 fecerat
1031 1885 1088 1932 ut
1107 1885 1251 1932 esset
1278 1893 1290 1929 :
1316 1873 1410 1931 sed
1437 1882 1615 1930 tamen
1642 1881 1840 1928 etcum

267 1969 329 2030 ita
349 1977 513 2040 esset,
545 1972 617 2026 ita
645 1975 763 2026 esse
792 1963 1052 2034 debebat;
1093 1975 1148 2022 et
1174 1981 1295 2023 cum
1340 1967 1411 2021 ita
1450 1975 1571 2020 esse
1596 1965 1705 2034 jam
1735 1977 1841 2018 non

266 2065 462 2130 suitur,
494 2063 606 2135 jam
631 2073 738 2119 non
763 2051 923 2118 debet
964 2061 1035 2116 ita
1079 2071 1216 2127 esse,
1248 2065 1505 2129 perpetuo
1531 2055 1757 2128 quodam
1788 2063 1844 2110 et

267 2153 545 2228 tranquillo
575 2151 838 2224 aequitatis
877 2152 1098 2222 judicio,
1141 2163 1247 2221 quo
1278 2149 1420 2205 Deus
1447 2155 1636 2203 cuncta
1665 2157 1841 2200 muta-

264 2245 379 2303 bilia
407 2241 832 2302 incommutabili
861 2243 1132 2299 voluntate
1161 2239 1416 2312 disponit.

330 2335 381 2393 5.
419 2329 530 2393 Sed
570 2335 821 2406 quoniam
874 2333 1261 2405 prae-scientiam
1302 2340 1357 2387 et
1398 2330 1673 2386 scientiam
1719 2341 1838 2383 cum

263 2427 411 2485 laude
468 2424 706 2482 solemus
772 2425 824 2480 in
886 2423 1188 2479 hominibus
1245 2421 1549 2492 appellare,
1605 2420 1843 2490 iramque

264 2519 424 2592 ipsam
455 2519 593 2575 solet
629 2518 916 2573 humanum
946 2531 1115 2588 genus
1155 2515 1209 2570 in
1251 2513 1456 2586 magnis
1489 2510 1842 2584 potestatibus

260 2611 486 2668 timore'
517 2611 689 2681 potius
713 2623 871 2680 quam
906 2606 1318 2678 reprehendere,
1363 2611 1723 2674 congruenter
1748 2616 1843 2672 pu-

251 2699 432 2758 lamus
453 2696 575 2756 talia
601 2699 702 2756 dici
727 2693 794 2756 de
820 2695 947 2756 Deo.
972 2699 1074 2766 Qui
1096 2706 1274 2753 autem
1301 2699 1455 2761 zelat,
1485 2703 1537 2751 et
1558 2709 1716 2766 quem
1743 2693 1840 2747 ali-

259 2794 375 2864 quid
408 2794 652 2865 ptenitet,
693 2793 942 2863 quoniam
986 2791 1070 2846 vel
1107 2790 1310 2860 culpari
1360 2789 1517 2854 solet,
1549 2788 1640 2842 vel
1691 2789 1741 2842 in
1784 2802 1842 2842 se

258 2880 468 2956 culpam
521 2881 810 2954 corrigere,
859 2891 1021 2952 atque
1077 2879 1196 2936 ideo
1245 2895 1369 2936 cum
1424 2879 1842 2950 reprehensione

258 2977 354 3032 ista
389 2975 458 3032 de
499 2975 805 3031 hominibus
831 2967 968 3040 dici;
997 2981 1281 3044 prepterea
1315 2982 1514 3038 movet,
1545 2987 1667 3026 cum
1710 2971 1844 3041 legi—

260 3077 378 3124 mus
396 3083 517 3124 esse
545 3059 747 3138 aliquid
774 3063 828 3122 in
859 3065 968 3122 Deo
996 3065 1279 3137 ejusmodi.
1308 3063 1415 3121 Sed
1446 3063 1538 3118 illa
1570 3064 1843 3134 Scriptura

260 3161 507 3216 omnibus
523 3160 831 3225 consulens,
866 3168 1142 3230 prepterea
1172 3159 1339 3229 magis
1365 3163 1418 3212 et
1448 3157 1546 3211 ista
1573 3155 1742 3227 ponit,
1779 3169 1846 3209 ne

257 3251 345 3308 illa
374 3265 494 3322 qua:
537 3245 753 3320 placent
794 3249 872 3305 sic
899 3245 1262 3320 intelligantur
1300 3248 1353 3304 in
1399 3245 1530 3313 Deo,
1575 3241 1844 3318 quomodo

259 3347 654 3400 consueverunt
690 3335 744 3398 in
775 3341 1076 3398 hominibus
1123 3336 1366 3412 intelligi.
1411 3340 1513 3395 Per
1556 3341 1670 3393 hzec
1701 3339 1842 3393 enim

259 3449 374 3506 quae
395 3435 704 3506 displicent,
728 3449 846 3490 cum
869 3445 931 3490 ea
958 3440 1064 3489 nun
1087 3433 1344 3488 audemus
1373 3433 1448 3488 sic
1473 3431 1768 3500 intelligere
1793 3430 1843 3484 in

261 3526 388 3594 Deo,
423 3533 482 3581 ut
529 3521 882 3580 inveniuntur
921 3523 974 3578 in
1005 3519 1244 3590 homine,
1274 3522 1527 3577 discimus
1565 3521 1724 3576 etiam
1757 3519 1844 3574 illa

258 3617 336 3672 sic
363 3623 631 3687 quaerere,
661 3623 782 3685 quae
811 3617 930 3685 apta
961 3623 1081 3669 esse
1115 3623 1275 3683 atque
1300 3611 1667 3666 convenientia
1699 3620 1846 3680 puta-

257 3705 461 3761 bamus.
489 3705 627 3762 Nam
656 3705 700 3760 si
723 3711 1001 3775 propterea
1028 3717 1132 3759 non
1158 3709 1240 3758 est
1271 3699 1401 3757 illud
1425 3702 1493 3757 de
1527 3703 1634 3756 Deo
1664 3699 1846 3755 dicen-

259 3795 402 3861 dum,
429 3797 556 3866 quia
592 3796 645 3850 in
685 3797 898 3850 homine
922 3795 1199 3864 displicet;
1235 3806 1338 3847 non
1373 3785 1612 3847 dicamus
1639 3793 1844 3847 incom-

259 3888 565 3943 mutabilem
595 3887 781 3951 Deum,
810 3881 934 3957 quia
957 3877 1025 3941 de
1065 3880 1368 3941 heminihus
1394 3899 1516 3940 cum
1551 3885 1846 3953 reprehen-

256 3979 410 4033 sione
455 3977 656 4032 diutum
719 3983 836 4042 est,
889 3973 1008 4030 Non
1053 3977 1186 4030 enim
1244 3983 1318 4029 est
1365 3973 1470 4029 illis
1525 3975 1846 4028 commutatio

255 4063 437 4140 (Pal.
474 4083 580 4135 uv,
604 4059 717 4138 ‘20).
765 4068 896 4124 Item
934 4069 1059 4124 sunt
1105 4066 1345 4138 quaedam
1373 4079 1494 4136 qum
1537 4069 1590 4120 in
1631 4065 1849 4120 homine

255 4160 550 4214 laudabilia
589 4169 733 4227 sunt,
790 4162 841 4216 to
879 4160 989 4216 Deo
1039 4169 1214 4217 autem
1267 4175 1386 4216 esse
1433 4175 1538 4214 non
1581 4170 1797 4228 possunt
1833 4179 1844 4212 :

251 4254 406 4308 sicut
443 4253 630 4323 pudor,
674 4253 819 4323 quad
857 4257 1076 4308 aetatum
1124 4252 1436 4306 viridiornm
1475 4263 1720 4320 magnum
1766 4259 1850 4304 est

253 4354 635 4399 ornamentum
666 4362 679 4396 :
713 4345 850 4397 sicut
882 4345 1041 4398 timor
1072 4344 1184 4408 Del,
1227 4358 1330 4397 non
1370 4344 1510 4396 enim
1557 4347 1756 4394 tantum
1796 4343 1844 4394 in

253 4436 532 4492 veteribus
569 4436 742 4489 Libris
766 4434 1029 4500 laudatur,
1059 4435 1150 4490 sed
1197 4433 1481 4504 Apostolus
1509 4435 1667 4488 etiam
1697 4433 1842 4497 dicit,

255 4523 594 4594 Perﬁde-nte:
629 4526 1074 4594 sanctiﬁcatione»:
1105 4526 1159 4578 in
1181 4526 1360 4578 timore
1393 4523 1485 4578 Del
1509 4522 1575 4596 (ll
1603 4523 1718 4578 Cor.
1753 4539 1844 4589 vn,

253 4617 310 4685 ft
332 4634 349 4682 ;
375 4618 470 4686 qui
495 4617 679 4684 utique
711 4616 764 4670 in
798 4616 904 4670 Deo
941 4615 1116 4669 nullus
1155 4623 1254 4670 est.
1285 4614 1434 4671 Sicut
1459 4629 1585 4684 ergo
1605 4614 1846 4684 quaedam

252 4707 555 4763 laudabilia
599 4708 875 4761 hominum
912 4721 1017 4761 non
1063 4714 1208 4761 recte
1233 4705 1478 4761 dicuntur
1513 4707 1565 4760 in
1599 4705 1741 4770 Deo;
1773 4708 1849 4760 sic

243 4800 509 4872 qundam
549 4799 833 4868 eulmbilia
874 4798 1149 4852 hominum
1194 4809 1338 4852 recte
1384 4798 1750 4866 intelliguntur
1795 4813 1849 4851 tn

245 4893 362 4949 Deo
393 4910 412 4946 :
445 4902 563 4946 non
587 4891 656 4944 ita
687 4891 826 4944 utin
855 4889 1177 4953 hominibus,
1209 4889 1306 4945 sed
1326 4889 1594 4944 vocabulis
1622 4897 1850 4942 tantum-

243 4985 421 5040 nodo
445 4981 850 5045 communibus,
877 4980 1035 5050 longe
1069 4980 1170 5034 alia
1194 4981 1403 5034 natione
1431 4989 1484 5035 et
1514 4980 1690 5035 modo.
1720 4980 1848 5033 Nam

239 5072 416 5143 paulo
447 5071 737 5143 poemati
766 5069 1004 5137 Samuel,
1034 5069 1121 5125 cui
1145 5069 1355 5126 dixerat
1375 5071 1647 5136 Dominus,
1683 5071 1855 5124 Poni-

235 5177 312 5221 ια
353 5165 608 5234 αιτιοι
633 5165 980 5217 constituerint
999 5177 1168 5235 regem
1207 5161 1358 5228 Sest,
1386 5163 1485 5232 ipsi
1509 5163 1655 5218 Sauli
1686 5165 1758 5216 ait
1787 5165 1854 5216 de

239 5259 384 5318 lico,
450 5255 710 5319 Μ
747 5269 850 5308 και
885 5262 964 5308 eu
1005 5255 1134 5308 sicut
1161 5253 1332 5319 homo,
1380 5261 1434 5305 ut
1468 5255 1699 5322 pauitant
1741 5270 1853 5306 eum

231 5350 280 5422 (ι
314 5349 468 5421 BQ
503 5361 595 5414 xv,
631 5347 733 5418 EO)
768 5365 785 5399 :
816 5347 906 5401 ubi
947 5346 1200 5402 videlicet
1235 5347 1368 5401 satis
1408 5343 1641 5401 ostendit
1689 5348 1852 5400 etiam

299 5483 323 5517 ⁸
348 5483 442 5534 tle
458 5477 539 5531 θ’.
568 5487 623 5531 et
642 5482 797 5532 nostri
813 5487 919 5531 Mss.
945 5485 1002 5531 At
1015 5483 1151 5540 Iov”

303 5547 326 5575 ‘
353 5544 497 5593 aliti
529 5556 546 5603 t
578 5541 950 5603 considet-muta
989 5538 1108 5603 quid
1135 5537 1250 5603 esse
1279 5538 1443 5603 soleat.
1494 5547 1545 5603 In
1590 5537 1854 5603 hominibus

226 5621 364 5670 opus
402 5601 684 5674 pgilmdi
705 5606 793 5658 ω,
817 5612 928 5649 cum
975 5598 1144 5661 procul
1179 5598 1326 5650 dubio
1362 5599 1601 5664 repertun
1644 5600 1856 5650 uoluntas

298 5727 755 5787 "Imm

1581 277 1786 341 LIBER
1824 235 2194 340 secessus.

3440 287 3546 345 ΗΞ

1956 413 2075 453 cum
2108 398 2245 452 Deus
2273 395 2419 466 dicit,
2458 398 2667 454 Paenitet
2705 417 2818 469 me;
2859 416 2964 459 non
2995 402 3234 463 humano
3267 419 3420 464 more
3444 422 3542 464 ae-

1949 492 2252 562 eipiendum
2292 509 2426 556 esse,
2461 494 2599 550 sicut
2635 497 2745 565 jam
2775 506 3030 566 quantum
3057 498 3323 558 valuimus
3348 499 3540 573 dispu-

1951 587 2196 641 tavimus.

1950 677 2164 746 ngs'r.
2207 678 2290 732 lll.
2329 709 2400 718 —-
2427 678 2640 735 Samuel
2671 698 2762 751 per
2795 682 3143 754 pythonissam
3171 686 3368 742 «uad
3402 701 3537 758 quo-

2023 769 2171 823 modo
2209 772 2443 839 potuerit.
2483 769 2735 824 Samuelis
2772 771 2903 841 forte
2941 773 3246 842 phantasma
3269 775 3388 848 fuit,
3429 793 3533 832 non

2014 861 2244 932 spiritus.
2269 858 2537 915 Daemones
2556 861 2806 930 quomodo
2837 864 3008 918 norint
3034 863 3234 933 futura.

2021 954 2073 1006 l.
2113 951 2244 1006 Item
2275 955 2470 1022 quaeris
2512 963 2687 1007 utrum
2717 955 2939 1025 spiritus
2963 955 3270 1014 immundus
3303 959 3394 1032 qui
3422 969 3539 1016 erat

1947 1044 2005 1100 in
2029 1044 2361 1118 pythonissa,
2393 1048 2621 1114 potuerit
2643 1062 2803 1118 agere
2831 1058 2887 1104 ut
2906 1049 3120 1106 Samuel
3149 1067 3181 1105 a
3204 1050 3365 1108 Saule
3389 1053 3539 1110 vide-

1947 1143 2095 1191 retur
2131 1145 2183 1192 et
2204 1138 2510 1207 loqueretur
2525 1153 2645 1192 cum
2673 1155 2739 1194 eo
2767 1140 2812 1211 (Ι
2831 1139 2960 1212 Reg.
2995 1159 3179 1210 xxvm,
3209 1143 3392 1216 7-19).
3424 1144 3536 1202 Sed

1947 1226 2116 1281 multo
2141 1226 2359 1297 majoris
2379 1226 2624 1282 miraculi
2644 1238 2728 1284 est
2753 1230 2893 1300 quod
2917 1232 3029 1301 ipse
3054 1242 3266 1288 satanas
3284 1234 3536 1306 princeps

1948 1319 2185 1373 omnium
2232 1318 2626 1374 imtnundorum
2673 1321 2958 1390 spirituum
3001 1324 3172 1391 potuit
3220 1324 3365 1395 loqui
3412 1341 3538 1383 cum

1948 1411 2078 1478 Deo,
2137 1420 2190 1466 et
2230 1421 2411 1483 petere
2466 1411 2774 1468 tentandum
2817 1413 2919 1468 Job
2953 1413 3312 1485 justissimum
3363 1416 3541 1475 virum

1951 1501 2088 1572 (Job.
2134 1521 2171 1570 ι,
2210 1503 2457 1578 ll):qui
2510 1505 2670 1560 etiam
2718 1506 3002 1562 tentandos
3055 1509 3342 1577 Apostolus
3389 1511 3540 1580 petiit

1948 1593 2097 1670 (Luc.
2130 1613 2258 1663 xxu,
2287 1596 2397 1669 51).
2431 1600 2536 1654 Aut
2566 1599 2609 1652 si
2633 1597 2738 1656 hoc
2777 1615 2886 1656 non
2921 1599 3042 1656 ideo
3077 1601 3239 1658 habet
3263 1601 3535 1660 difficilem

1946 1690 2316 1758 quatstionem,
2347 1691 2467 1760 quia
2508 1708 2602 1760 per
2629 1707 2788 1762 quam
2829 1693 3058 1748 voluerit
3099 1702 3423 1766 creaturam,
3448 1698 3537 1753 cui

1946 1777 2172 1834 voluerit
2206 1789 2484 1847 creaturae,
2520 1782 2712 1851 ubique
2753 1798 2993 1852 praesens
3037 1784 3233 1840 veritas
3275 1785 3533 1859 loquitur,

1947 1885 2046 1925 nec
2088 1879 2367 1942 propterea
2410 1871 2586 1942 magni
2621 1873 2798 1927 meriti
2842 1883 2927 1928 est
2955 1874 3040 1929 cui
3081 1874 3318 1945 loquitur
3353 1877 3533 1934 Deus:

1947 1960 2169 2018 interest
2206 1962 2350 2018 enim
2381 1964 2506 2034 quid
2539 1965 2817 2034 loquatur;
2841 1967 2964 2035 quia
2991 1976 3042 2020 et
3075 1967 3365 2037 imperator
3398 1971 3538 2026 mul-

1949 2053 2014 2107 tis
2035 2053 2406 2108 innocentibus
2435 2070 2541 2108 non
2569 2056 2824 2125 loquitur,
2853 2056 3046 2126 quibus
3072 2058 3539 2128 providentissime

1945 2143 2177 2199 consulit
2196 2144 2262 2199 ad
2292 2145 2553 2209 salutem;
2581 2156 2638 2200 et
2665 2161 2784 2199 cum
2817 2147 2997 2202 multis
3024 2150 3342 2206 nocentibus
3363 2151 3540 2222 loqui-
3596 2173 3602 2182 ·

1948 2245 2052 2303 tur,
2082 2251 2213 2306 quos
2238 2235 2389 2306 jubet
2415 2236 2640 2291 interfici
2673 2257 2685 2290 :
2711 2239 2757 2291 si
2783 2254 2909 2309 ergo
2932 2238 3056 2294 hinc
3086 2251 3364 2311 propterea
3391 2245 3538 2302 nulla

1947 2325 2171 2394 quaestio
2213 2336 2323 2392 est;
2363 2327 2504 2382 nulla
2553 2329 2621 2382 sit
2658 2330 2885 2400 quaestio
2923 2332 3193 2402 quomodo
3235 2335 3395 2391 etiam
3437 2337 3540 2392 im-

1947 2413 2178 2470 mundus
2208 2417 2423 2485 Spiritus
2450 2433 2570 2473 cum
2587 2419 2762 2473 anima
2784 2423 2952 2476 sancti
2980 2422 3080 2476 viri
3103 2423 3246 2494 loqui
3280 2428 3535 2496 potuerit.

1947 2506 2209 2563 Omnibus
2245 2510 2386 2564 enim
2423 2512 2619 2566 sanctis
2663 2512 2806 2567 Deus
2848 2523 3060 2568 creator
3103 2525 3156 2570 et
3182 2517 3541 2580 sanctiﬁcator

1947 2598 2104 2670 longe
2129 2599 2310 2670 utique
2354 2599 2524 2670 major
2551 2612 2649 2655 est.
2684 2601 2835 2671 Quod
2867 2604 2910 2658 si
2940 2605 3041 2660 hoc
3080 2617 3277 2678 movet,
3306 2611 3448 2681 quod
3471 2613 3539 2668 li-

1947 2689 2119 2744 cuerit
2149 2690 2380 2760 maligno
2402 2691 2610 2760 spiritui
2638 2693 2870 2749 excitare
2897 2697 3130 2750 animam
3152 2697 3302 2768 justi,
3335 2710 3388 2754 et
3418 2710 3538 2757 tau-

1947 2796 2103 2850 quam
2136 2779 2202 2835 de
2240 2781 2432 2837 abditis
2469 2793 2799 2839 mortuorum
2848 2787 3198 2857 receptaculis
3235 2795 3539 2860 evocare‘;

3640 2683 3655 2733 ι

1948 2884 2126 2926 nonne
2154 2871 2321 2944 magis
2364 2872 2663 2928 mirandum
2701 2888 2781 2930 est
2811 2875 2950 2946 quod
2982 2889 3193 2936 satanas
3221 2881 3397 2953 ipsum
3429 2883 3539 2940 Do-
3635 2869 3640 2874 ’

1948 2962 2149 3016 minum
2193 2967 2478 3034 assumpsit
2506 2975 2559 3020 et
2602 2969 2876 3023 constituit
2919 2985 3082 3042 super
3107 2973 3324 3042 pinnam
3353 2978 3543 3048 templi

1951 3053 2162 3126 (Matth.
2208 3073 2290 3120 tv,
2341 3057 2436 3127 5)?
2478 3057 2723 3126 Quolibet
2761 3062 2902 3114 enim
2965 3064 3124 3118 modo
3178 3065 3401 3134 fecerit,
3448 3069 3542 3126 ille

1949 3146 2107 3201 etiam
2146 3147 2335 3201 modus
2362 3164 2469 3216 quo
2498 3149 2732 3204 Samueli
2780 3151 2973 3205 factmn
3001 3163 3083 3208 cst
3114 3166 3169 3208 ut
3194 3159 3542 3226 excitaretur,

1949 3237 2195 3294 similiter
2223 3240 2368 3294 latet.
2402 3240 2511 3295 Nisi
2552 3242 2685 3296 forte
2724 3242 2841 3311 quis
2879 3243 3072 3298 dixerit
3102 3245 3394 3305 faciliorem
3429 3251 3546 3306 dia-
3644 3253 3651 3300 ἰ

1955 3330 2077 3385 bolo
2109 3329 2274 3386 fuisse
2305 3332 2568 3386 licentiam
2597 3333 2662 3387 ad
2687 3335 2968 3389 Dominum
2996 3337 3172 3392 vivum
3207 3340 3347 3396 unde
3379 3343 3545 3400 voluit

1950 3425 2347 3489 assumendum,
2389 3435 2441 3480 et
2483 3426 2569 3480 ubi
2607 3425 2774 3481 voluit
2802 3429 3257 3497 constituendum,
3291 3449 3446 3505 quam
3473 3436 3546 3492 ad

1949 3512 2210 3570 Samuelis
2259 3515 2489 3571 defuncti
2528 3519 2772 3587 spiritum
2815 3534 2843 3571 a
2896 3520 3005 3574 suis
3049 3523 3264 3579 sedibus
3309 3527 3545 3583 excitan-

1950 3605 2096 3660 dum.
2139 3606 2289 3674 Quod
2333 3607 2376 3661 si
2407 3607 2531 3662 illud
2577 3607 2628 3661 in
2661 3609 2953 3680 Evangelio
3000 3628 3096 3668 nos
3126 3615 3244 3670 ideo
3285 3633 3389 3673 non
3417 3635 3545 3690 ρον-

1953 3696 2145 3761 turbat,
2176 3697 2296 3767 quia
2325 3698 2577 3753 Dominus
2616 3701 2779 3754 voluit
2809 3710 2968 3773 atque
3008 3705 3248 3772 permisit
3288 3708 3428 3762 nulla
3456 3705 3544 3764 di-

1953 3789 2246 3843 minutione
2271 3803 2380 3842 suae
2407 3791 2684 3859 potestatis
2729 3800 2782 3845 et
2823 3791 3112 3847 divinitatis
3142 3793 3194 3850 id
3225 3795 3372 3862 lieri;
3405 3797 3548 3855 sicut

1953 3879 2018 3932 ab
2047 3880 2172 3950 ipsis
2201 3878 2419 3945 Judmis,
2438 3897 2739 3950 quanquam
2769 3882 3039 3950 perversis
3070 3892 3226 3953 atque
3256 3885 3548 3944 immundis

1953 3983 2006 4029 et
2028 3973 2163 4028 facta
2195 3973 2386 4028 diaboli
2417 3974 2752 4038 facientibus,
2777 3981 2831 4026 et
2863 3972 3032 4028 teneri
3062 3990 3138 4039 se,
3173 3987 3227 4030 et
3253 3977 3460 4046 vinciri,
3488 3995 3547 4038 et:
3621 4005 3650 4012 -
3706 4013 3720 4031 .

1953 4064 2121 4130 illudi,
2155 4072 2208 4115 et
2236 4063 2469 4132 οτιιοίὓεί
2507 4073 2662 4132 atque
2704 4063 2928 4118 interfici
2963 4080 3150 4134 passus
3175 4077 3256 4122 est
3285 4084 3300 4123 :
3328 4085 3434 4125 non
3460 4081 3545 4129 est

1953 4153 2241 4209 absurdum
2259 4153 2477 4208 credere
2503 4170 2567 4209 ex
2597 4154 2773 4224 aliqua
2800 4153 3203 4225 dispensatione
3233 4159 3424 4217 divina:
3450 4180 3544 4220 vo-

1955 4248 2169 4302 luntatis
2202 4248 2516 4316 permiSsum
2559 4246 2742 4316 fuisse,
2778 4259 2836 4304 ut
2867 4265 2973 4305 non
3012 4251 3211 4309 invitus
3238 4271 3338 4311 nec
3367 4254 3544 4314 domi-
3579 4256 3581 4258 ’

1954 4349 2114 4395 nante
2150 4349 2307 4410 atque
2351 4340 2665 4411 subjugantc
2706 4341 2907 4412 magica
2937 4346 3195 4414 potentia,
3229 4347 3324 4402 sed
3357 4349 3544 4406 volens

1953 4442 2113 4503 atque
2139 4432 2510 4500 obtemperans
2539 4433 2762 4487 occultie
2787 4434 3172 4504 dispensationi
3197 4438 3312 4504 Dei,
3341 4457 3460 4512 quae
3489 4452 3548 4499 et

1956 4521 2317 4592 pythonissam
2349 4521 2493 4576 illam
2519 4533 2569 4576 et
2597 4521 2811 4578 Saulem
2833 4523 3053 4590 latebat,
3082 4529 3412 4585 consentiret
3434 4533 3547 4602 spi-
3581 4558 3588 4572 ι

1954 4610 2087 4666 ritus
2114 4611 2390 4679 Propheta:
2414 4612 2584 4666 sancti
2617 4628 2672 4666 se
2701 4613 2911 4667 ostendi
2939 4618 3242 4688 aspectibus
3267 4621 3426 4690 regis,
3455 4619 3545 4678 di-
3581 4623 3586 4628 ’

1952 4700 2075 4755 vina
2122 4717 2242 4754 eutn
2281 4702 2537 4755 sententia
2596 4716 2964 4772 percussurus.
3020 4706 3127 4761 Cur
3178 4709 3321 4764 enim
3365 4707 3544 4770 anima

1955 4790 2080 4846 boni
2109 4787 2356 4856 hominis,
2388 4808 2417 4846 a
2447 4794 2598 4846 malis
2629 4793 2763 4848 vivis
2797 4807 3017 4852 evocata
3047 4798 3092 4852 si
3123 4801 3349 4868 venerit,
3377 4801 3543 4859 amit-

1956 4893 2071 4940 tere
2099 4883 2338 4938 videatur
2365 4883 2674 4954 dignitatem
2705 4903 2892 4955 suam;
2936 4904 3057 4943 cum
3084 4899 3137 4946 et
3164 4893 3267 4946 vivi
3308 4894 3545 4963 plerum-
3579 4871 3613 4937 ’ἷ

1957 4992 2061 5046 que
2085 4975 2211 5030 boni
2247 4977 2415 5031 vocati
2445 4977 2509 5030 ad
2545 4979 2711 5032 malos
2736 4979 2970 5046 veniant,
3019 4989 3072 5036 et
3106 4989 3264 5052 agant
3302 5000 3423 5041 cum
3463 4992 3543 5046 eis

1958 5067 2097 5136 quod
2128 5066 2358 5122 ollicium
2391 5069 2623 5137 postulat
2662 5067 2947 5138 mquitatis,
2993 5081 3206 5128 servato
3248 5085 3410 5148 atque
3455 5079 3545 5137 in-

1959 5173 2216 5211 concusso
2254 5157 2448 5212 decore
2485 5160 2690 5212 virtutis
2734 5175 2865 5226 suze,
2912 5171 2964 5216 et
3007 5164 3216 5222 illorum
3264 5169 3406 5226 vitiis
3444 5189 3542 5243 pro

1961 5262 2136 5302 rerum
2167 5248 2500 5315 prtesentittm
2519 5248 2602 5303 vel
2629 5265 2728 5304 usu
2749 5253 2829 5307 vel
2853 5256 3172 5314 necessitate
3191 5264 3471 5317 mactatis?

2030 5339 2086 5393 2.
2123 5339 2434 5410 Quanquam
2461 5339 2512 5393 in
2541 5341 2642 5395 hoc
2663 5343 2798 5397 facto
2828 5354 3004 5414 potest
3031 5359 3153 5406 esse
3175 5347 3314 5407 alius
3329 5351 3542 5414 facilior

1960 5431 2132 5488 exitus
2155 5439 2207 5485 et
2233 5430 2533 5500 expeditior
2567 5433 2886 5504 intellectus,
2926 5448 2986 5495 ut
3007 5457 3117 5498 non
3137 5458 3265 5499 vere
3290 5445 3539 5514 spiritum

1960 5523 2221 5580 Samuelis
2243 5524 2530 5581 excitatum
2568 5542 2602 5584 a
2640 5531 2824 5602 requie
2866 5545 2960 5588 sua
2985 5535 3287 5604 credamus,
3313 5539 3408 5595 sed
3433 5537 3541 5601 Ill-

1962 5669 3007 5779 Dntﬁguﬁfmaumme:
3042 5680 3196 5733 etde
3233 5679 3543 5739 inibit-Id

3687 4089 3706 4164 ἰ
