4134 6208
579 209 686 269 με

577 321 721 394 quod
755 321 1088 393 phantasma,
1135 329 1191 375 et
1230 316 1594 389 imaginariam
1640 312 1941 368 illusionem
1969 305 2165 361 diaboli

575 411 1062 470 machinationibus
1100 409 1314 475 factam,
1369 422 1526 478 quam
1571 411 1851 475 propterea
1896 399 2166 467 Scriptura

575 502 794 560 nomine
833 500 1095 558 Samuelis
1132 499 1387 570 appellat,
1423 497 1547 568 quia
1587 494 1762 550 solent
1800 492 2058 563 imagines
2084 504 2169 544 re-

573 612 696 652 rum
742 610 926 652 earum
971 592 1273 649 nominibus
1316 589 1594 662 appellari,
1639 601 1863 658 quarum
1910 583 2168 654 imagines

575 698 722 746 sunt.
751 688 900 745 Sicut
932 687 1110 742 omnia
1137 702 1256 757 qua:
1285 685 1575 756 pinguntur
1614 689 1774 751 atque
1802 679 2072 749 tinguntur
2100 691 2167 731 ex

542 780 754 851 ~aliqua
797 778 1021 834 materie
1064 776 1264 832 metalli
1305 784 1397 831 aut
1434 773 1584 847 ligni,
1625 772 1707 828 vel
1748 770 2005 841 cujusque
2047 766 2167 822 ‘rei

574 880 715 941 aptae
742 871 808 927 ad
840 885 1002 941 opera
1031 866 1355 937 hujusmodi,
1386 880 1610 938 quaeque
1646 864 1807 920 etiam
1844 860 2089 917 videntur
2113 858 2165 912 in

574 963 801 1027 somnis,
833 969 890 1018 et
926 975 1114 1016 omnes
1145 961 1254 1015 fere
1288 959 1564 1030 imagines,
1598 971 1781 1011 earum
1823 968 2003 1009 rerum
2032 965 2166 1023 qua-

574 1070 694 1110 rum
724 1055 980 1125 imagines
1010 1062 1153 1119 sunt,
1181 1051 1436 1123 appellari
1467 1048 1774 1105 nominibus
1802 1046 1997 1103 solent.
2035 1043 2166 1112 Quis

574 1155 658 1213 est
686 1147 826 1201 enim
853 1145 943 1216 qui
982 1144 1255 1200 [nominem
1303 1144 1502 1215 pictum
1531 1141 1737 1197 dubitet
1772 1152 1964 1193 vocare
1996 1135 2166 1189 homi-

568 1237 740 1311 nem?
779 1236 1219 1307 Quandoquidem
1266 1245 1321 1290 et
1361 1233 1691 1304 singulorum
1735 1243 2064 1299 quorumque
2090 1226 2168 1296 pi-

572 1341 781 1385 cturam
817 1346 937 1386 cum
987 1329 1293 1399 aSpicimus,
1333 1326 1549 1397 propria
1593 1336 1807 1394 quoque
1844 1321 2056 1375 nomina
2089 1318 2169 1371 in-

580 1433 896 1479 cunctanter
912 1420 1267 1476 adhibemus:
1300 1418 1448 1474 velut
1482 1432 1603 1473 cum
1643 1417 1909 1469 intuentes
1935 1409 2167 1465 tabulam

574 1525 666 1570 aut
689 1514 963 1584 parietem,
996 1512 1246 1577 dicimus,
1278 1510 1371 1565 Ille
1397 1507 1587 1564 Cicero
1613 1515 1713 1570 est,
1747 1504 1836 1560 ille
1864 1500 2165 1566 Sallustius,

577 1605 665 1660 ille
710 1604 968 1667 Achilles,
1028 1601 1119 1656 ille
1164 1599 1382 1664 Hector,
1430 1597 1533 1653 hoc
1577 1594 1775 1650 ﬂumen
1819 1592 2035 1658 Simois,
2080 1587 2169 1644 illa

577 1698 773 1759 Roma;
826 1711 947 1751 cum
986 1694 1127 1749 aliud
1163 1694 1295 1749 nihil
1336 1692 1443 1747 sint
1478 1706 1634 1762 quam
1683 1688 1838 1761 pictae
1886 1685 2166 1756 imagines.

579 1789 731 1848 Unde
771 1787 1062 1847 Cherubim
1102 1804 1225 1844 cum
1266 1786 1374 1841 sint
1405 1785 1656 1841 caelestes
1696 1789 2002 1852 potestates,
2048 1779 2170 1833 ficta

579 1893 755 1939 tamen
782 1884 803 1915 ³
840 1897 903 1935 ex
937 1879 1174 1945 metallo,
1206 1878 1348 1949 quod
1379 1877 1660 1948 imperavit
1692 1876 1852 1941 Deus,
1893 1887 2054 1943 super
2078 1887 2167 1926 ar-

546 1982 551 1987 ‘
577 1991 698 2031 eam
726 1973 1073 2038 Testameuti,
1104 1986 1308 2043 magnae
1344 1970 1423 2026 rei
1456 1966 1818 2040 significanda:
1844 1962 2032 2038 gratia,
2061 1977 2166 2018 non

576 2066 724 2121 aliud
754 2080 912 2137 quam
949 2063 1242 2119 Cherubim
1278 2062 1367 2116 illa
1404 2076 1617 2132 quoque
1653 2059 1902 2129 figmenta
1928 2055 2166 2111 vocitan-

578 2167 667 2213 tur
703 2156 899 2231 (Exod.
927 2171 1062 2223 xxv,
1098 2155 1211 2226 18).
1254 2154 1384 2209 Item
1425 2152 1665 2225 quisquis
1707 2149 1853 2205 videt
1879 2145 2167 2210 somnium,

579 2267 687 2306 non
717 2250 867 2314 dicit,
903 2247 1020 2302 Vidi
1050 2248 1331 2317 imaginem
1375 2244 1654 2316 Augustini
1691 2250 1782 2296 aut
1806 2237 2167 2311 Simpliciaui;

578 2342 696 2409 sed,
747 2341 867 2396 Vidi
915 2341 1268 2412 Augustinum
1317 2346 1412 2392 aut
1455 2336 1861 2409 Simplicianum
1889 2352 1902 2387 :
1931 2348 2054 2388 cum
2104 2346 2170 2387 co

580 2444 824 2505 tempore
865 2432 1007 2503 quod
1056 2432 1160 2487 tale
1197 2429 1397 2501 aliquid
1425 2430 1576 2493 vidit,
1622 2443 1721 2483 nos
1764 2428 2168 2499 ignoraremus;

580 2540 749 2596 usque
774 2526 909 2579 adeo
950 2522 1292 2579 manifestum
1323 2532 1428 2589 est,
1470 2537 1577 2576 non
1606 2521 1751 2592 ipsos
1777 2518 2043 2582 homines,
2076 2516 2171 2572 sed

580 2616 844 2687 imagines
863 2630 1051 2671 eorum
1082 2613 1270 2669 videri.
1304 2614 1370 2668 Et
1408 2612 1615 2668 Pharao
1644 2612 1817 2680 Spicas
1847 2625 1904 2663 se
1933 2608 2065 2663 dixit
2094 2607 2173 2661 vi-

581 2706 726 2764 disse
751 2710 802 2762 in
834 2708 1037 2764 somnis
1063 2715 1118 2762 et
1137 2707 1301 2761 boves
1321 2703 1473 2779 (Gen.
1498 2720 1607 2767 xu,
1633 2701 1843 2770 17-28),
1870 2717 1972 2756 non
1996 2701 2172 2771 spica-

580 2815 701 2855 rum
732 2788 841 2854 aut
881 2798 1039 2853 boum
1088 2797 1367 2869 imagines.
1417 2794 1474 2852 Si
1522 2796 1679 2866 igitur
1724 2793 1925 2864 liquido
1965 2798 2177 2847 constat

582 2890 891 2946 nominibus
919 2904 1102 2946 earum
1134 2904 1313 2944 rerum
1341 2902 1564 2959 quarum
1593 2885 1851 2957 imagines
1882 2891 2023 2948 sunt,
2052 2896 2173 2937 eas-

583 2980 707 3038 dem
749 2980 1007 3051 imagines
1035 2979 1328 3051 appellari;
1374 2993 1480 3032 non
1520 2975 1713 3031 mirum
1743 2982 1829 3029 est
1851 2973 1995 3045 quod
2030 2972 2175 3028 Scri-

584 3081 742 3146 ptura
761 3072 892 3129 dicit
920 3072 1225 3128 Samuelem
1255 3072 1446 3136 visum,
1477 3068 1682 3125 etiamsi
1710 3064 1847 3122 forte
1874 3066 2047 3137 imago
2075 3062 2173 3120 Sa.

583 3168 779 3225 muelis
812 3167 1076 3237 apparuit,
1107 3164 1535 3220 machinamento
1569 3162 1685 3232 ejus
1712 3160 1799 3230 qui
1842 3158 2180 3228 transfigurat

586 3276 647 3317 se
666 3262 810 3316 velut
837 3259 1085 3330 angelum
1112 3257 1265 3321 lucis,
1305 3265 1362 3311 et
1402 3254 1677 3309 ministros
1706 3266 1831 3307 suos
1852 3250 1997 3305 velut
2026 3249 2182 3304 inini-

589 3364 734 3412 stt-os
749 3352 970 3424 justitize
996 3350 1064 3418 (II
1086 3348 1204 3405 Cor.
1234 3363 1309 3413 XI,
1336 3348 1423 3413 M,
1458 3345 1567 3416 15).

660 3446 715 3501 3.
756 3444 1006 3501 Jamvero
1037 3441 1082 3495 si
1111 3439 1243 3494 illud
1284 3446 1486 3498 movet,
1513 3434 1782 3507 quomodo
1812 3441 1866 3489 et
1893 3448 1922 3486 a
1950 3432 2183 3503 maligno

590 3538 782 3610 spiritu
808 3532 955 3593 Sauli
985 3548 1113 3589 vera
1142 3531 1395 3604 praedicta
1425 3536 1577 3592 sunt;
1621 3533 1800 3598 potest
1824 3535 1879 3580 et
1914 3524 2042 3580 illud
2081 3524 2182 3579 mi-

591 3647 712 3690 rum
734 3628 924 3695 videri,
953 3625 1222 3699 quomodo
1248 3624 1521 3679 daemones
1564 3620 1878 3691 agnoverint
1913 3618 2183 3674 Christum

592 3722 809 3798 (Matth.
833 3737 928 3778 vut
947 3762 964 3788 ,
993 3718 1111 3789 29),
1142 3733 1302 3790 quem
1323 3714 1493 3772 Judaai
1515 3729 1617 3769 non
1645 3713 2019 3784 agnoscebant.
2051 3709 2186 3766 Cum

594 3815 742 3874 enim
768 3813 886 3869 vult
919 3810 1061 3867 Deus
1086 3808 1249 3866 etiam
1275 3822 1374 3880 per
1412 3805 1623 3860 intimos
1663 3802 2005 3874 infernosque
2033 3801 2191 3873 spiri-

596 3919 685 3964 tus
724 3903 958 3976 aliquem
998 3916 1125 3957 vera
1174 3913 1522 3970 cognoscere,
1569 3896 1880 3966 temporalia
1933 3895 2191 3949 duntaxat

597 4007 760 4071 atque
783 3996 854 4052 ad
881 3995 1038 4051 istam
1064 3991 1437 4049 mortalitatem
1471 3989 1807 4059 pertinentia,
1832 3987 1982 4042 facile
2007 3995 2108 4050 est,
2137 3993 2191 4041 et

597 4105 708 4149 non
746 4088 1119 4158 incongruum,
1154 4092 1211 4138 ut
1237 4081 1575 4151 omnipotens
1605 4090 1659 4135 et
1691 4079 1867 4148 justus
1902 4076 1969 4131 ad
2001 4089 2189 4132 eorum

601 4193 839 4252 penam,
868 4176 1061 4246 quibus
1087 4174 1189 4230 ista
1215 4171 1605 4243 praedicuntur,
1638 4180 1695 4223 ut
1728 4168 1921 4222 malum
1947 4166 2087 4237 quod
2114 4165 2193 4220 eis

601 4269 899 4345 impendet,
939 4275 1226 4337 antequam
1255 4264 1435 4319 veniat
1478 4260 1861 4333 praenoscendo
1904 4258 2190 4329 patiantur,

603 4362 819 4423 occulto
846 4366 1103 4432 apparatu
1133 4358 1550 4413 ministeriorum
1572 4354 1593 4387 ³
1619 4370 1836 4411 suorum
1878 4355 2037 4407 etiam
2081 4352 2194 4420 spi-

603 4457 797 4517 ritibus
819 4454 1015 4511 talibus
1041 4450 1244 4523 aliquid
1272 4449 1613 4505 divinationis
1641 4446 1929 4516 impertiat,
1962 4452 2020 4499 ut
2052 4442 2197 4515 quod

605 4549 834 4608 audiunt
854 4546 922 4604 ab
947 4545 1182 4617 Angelis,
1217 4541 1568 4614 praenuntient
1608 4537 1932 4594 hominibus.
1967 4536 2195 4591 Tantum

605 4652 786 4700 autem
814 4638 1058 4706 audiunt,
1080 4643 1334 4708 quantum
1360 4633 1597 4689 omnium
1630 4629 1883 4685 Dominus
1903 4636 2063 4698 atque
2084 4641 2198 4682 mo-

608 4732 827 4791 derator
852 4729 940 4788 vel
963 4729 1117 4801 jubet
1152 4726 1240 4784 vel
1283 4725 1429 4781 sinit.
1474 4722 1629 4779 Unde
1669 4722 1829 4778 etiam
1859 4720 2076 4791 spiritus
2102 4734 2199 4791 py-

610 4826 828 4884 thonius
864 4822 887 4857 ‘
916 4823 969 4879 in
1018 4821 1239 4878 Actibus
1279 4817 1656 4890 Apostolorum
1702 4823 1981 4869 attestatur
2032 4813 2198 4867 Paulo

611 4917 874 4990 apostolo,
915 4923 970 4972 et
1006 4914 1323 4985 evangelista
1352 4924 1474 4966 esse
1513 4915 1737 4962 conatur
1766 4904 1902 4972 (Act.
1939 4919 2047 4969 xvi,
2080 4900 2197 4976 t7).

611 5012 839 5073 Miscent
866 5018 1046 5066 tamen
1073 5008 1160 5063 isti
1188 5004 1442 5071 fallacias,
1467 5010 1521 5057 et
1544 5013 1731 5056 verum
1754 4996 1894 5068 quod
1920 5010 2079 5052 nosse
2099 5010 2200 5066 po-

592 5131 603 5161 ε

594 5172 604 5183 “
678 5182 877 5244 two,
920 5181 1413 5245 οαάιωεωκσυεςμυ
1450 5188 1550 5241 quo
1579 5172 1911 5245 ,Αμευειίηιιεν
1949 5171 2197 5238 adusque.

613 5247 745 5314 quod
771 5235 1501 5319 hic'nts.'constanter'babent,
1523 5235 1653 5310 solet
1663 5235 1921 5309 usurpare.
2001 5235 2013 5310 ς

677 5313 699 5346 a
719 5306 1025 5346 rmhaiamds
1043 5311 1148 5346 Ms:
1178 5300 1312 5346 unde
1334 5299 1607 5346 alterum.
1639 5311 1753 5346 eum
1777 5304 1872 5346 amt
1901 5295 2013 5346 mla

619 5295 1025 5361 ’ἶ
1043 5311 1148 5356 us:
1178 5300 1312 5355 unde
1334 5295 1607 5356 cherubim.
1639 5311 1753 5352 cum
1777 5295 1872 5350 sint
1901 5295 2083 5352 amittes
2115 5311 2202 5361 po-

612 5376 842 5431 testates.
886 5366 1002 5434 ﬁda
1038 5370 1216 5434 ιωηαιν
1257 5368 1458 5434 φαίη
1694 5358 1983 5434 ιθεθδθιυιδ
2023 5358 2201 5434 ﬁde-2

616 5481 952 5546 Ῑῖεἷίᾶιὼεν
971 5481 1312 5541 aii-Dulcitium
1325 5486 1527 5557 habept,
1548 5484 1638 5536 tua
1657 5481 1841 5548 quoque
1860 5481 2103 5554 ﬁgi'nénla.

680 5557 701 5589 '
725 5554 864 5629 mm:
889 5558 1040 5629 "'98.?
1045 5550 1602 5629 ἷίίζ¹ζ³1⁷1⁸,·,η¹ἓ-.ν.9ί¹.⁰ἷῗὲι
1611 5546 2202 5629 ἕδῗῖἳ-..Ἶ²Ἦ1’.ἶίῖἶὲίῘ¹⁸ἶ

616 5631 716 5689 quo
736 5608 1072 5684 nomine"alias_
1094 5608 1433 5673 nonnunquam
1455 5608 1664 5671 Angelos
1673 5615 1822 5680 .vocat
1838 5612 2145 5670 Augustinus.

678 5678 853 5742 ιω,
876 5676 1173 5745 putantnam.
1196 5680 1306 5725 uss.
1329 5681 1465 5734 vero,
1487 5669 1774 5737 pythontus;
1800 5667 1899 5730 vel,
1932 5670 2168 5737 pythonis.

1144 203 1232 261 DE
1270 200 1583 260 DIVERSIS
1617 189 2136 269 ρυΑῑετιυΝιΒυε
2169 225 2178 247 4

2301 188 2808 266 SIMPLICIANUM,
2848 196 2909 254 S.
2941 195 3311 255 AUGUSTINI

3763 198 3867 261 1M

2278 305 2496 375 tuerint,
2526 324 2630 364 non
2646 310 2873 366 docendi
2898 313 3065 383 magis
3085 329 3243 384 quam
3264 312 3563 384 decipiendi
3592 314 3695 369 fine
3724 329 3865 384 prat-

2277 400 2541 455 nuntiant.
2589 401 2656 456 Et
2687 402 2822 458 forte
2859 404 2960 459 hoc
2992 414 3075 460 est
3116 406 3256 476 quod
3287 422 3405 462 cum
3434 408 3521 462 illa
3560 408 3735 478 imago
3763 407 3864 465 Sa-

2275 492 2465 547 muelis
2490 491 2703 550 Saﬁlem
2733 497 3047 565 prtediceret
3076 499 3414 565 moriturum,
3445 499 3579 554 dixit
3597 501 3757 556 etiam
3778 515 3864 556 se-

2272 597 2396 638 cum
2418 583 2656 642 futurum
2688 588 2867 659 :quod
2894 590 3078 660 utique
3105 591 3293 646 falsum
3325 601 3425 647 est.
3459 591 3649 664 Magno
3669 593 3865 666 quippe

2273 673 2555 731 intervallo
2601 687 2719 747 post
2761 688 2987 734 mortem
3042 681 3279 751 separari
3318 681 3488 736 bonos
3529 697 3560 736 a
3613 684 3767 739 malis
3808 684 3862 740 in

2272 765 2569 840 Evangelio
2585 771 2834 842 legimus,
2849 787 2968 827 cum
2984 772 3240 827 Dominus
3259 773 3400 829 inter
3412 774 3699 844 superbum
3715 776 3862 831 illum

2273 858 2510 930 divitem,
2535 877 2655 918 cum
2672 865 2783 932 jam
2810 865 2947 936 apud
2976 865 3176 921 inferos
3204 876 3467 922 tormenta
3492 876 3782 938 pateretur,
3810 877 3865 926 et

2271 952 2419 1009 illum
2462 957 2553 1026 qui
2592 956 2658 1011 ad
2689 960 2808 1027 ejus
2832 957 3051 1028 januam
3088 960 3361 1015 ulcerosus
3402 962 3628 1032 jacebat,
3656 961 3767 1032 jam
3807 964 3860 1018 in

2272 1048 2455 1116 requie
2482 1049 2848 1116 constitutum,
2894 1067 3141 1122 magnum
3182 1053 3347 1108 chaos
3377 1052 3713 1122 interjectum
3740 1069 3862 1112 esse

2274 1145 2494 1192 testatur
2521 1136 2668 1212 (Luc.
2694 1155 2806 1207 xvr,
2831 1139 2948 1212 26).
2969 1143 3071 1196 Aut
3092 1142 3138 1196 si
3167 1153 3448 1213 propterea
3471 1144 3682 1200 Samuel
3715 1144 3863 1203 Sauli

2272 1229 2420 1295 dixit,
2446 1228 2644 1285 Mecum
2656 1232 2772 1297 eris,
2791 1242 2848 1288 ut
2864 1250 2970 1289 non
2986 1236 3051 1290 ad
3074 1237 3427 1307 aequalitatem
3448 1236 3734 1302 felicitatis,
3765 1238 3862 1296 sed

2272 1324 2337 1377 ad
2364 1339 2543 1394 parem
2565 1326 2928 1382 conditionem
2950 1331 3140 1385 mortis
3160 1330 3441 1400 referatur,
3480 1331 3621 1403 quod
3642 1342 3865 1404 uterque

2272 1417 2435 1473 homo
2470 1418 2647 1484 fuerit,
2679 1430 2734 1475 et
2765 1430 2990 1492 uterque
3024 1425 3159 1479 mori
3189 1426 3438 1494 potuerit,
3465 1425 3680 1497 jamque
3714 1440 3862 1482 mor-

2275 1521 2399 1567 tuus
2427 1521 2652 1567 mortem
2695 1515 2817 1577 vivo
2845 1516 3267 1585 praenuntiabat;
3300 1518 3571 1588 perSpicit,
3605 1529 3866 1591 quantum

2272 1602 2482 1673 opinor,
2523 1602 2803 1674 prudentia
2850 1616 2956 1672 tua,
2994 1608 3286 1665 secnndum
3334 1621 3618 1682 utrumque
3655 1612 3867 1668 intelle-

2272 1704 2416 1750 ctum
2444 1695 2644 1753 habere
2670 1699 2869 1753 exitum
2908 1700 3053 1754 illam
3082 1701 3365 1759 lectionem
3387 1704 3478 1774 qui
3505 1720 3613 1759 non
3641 1705 3713 1761 sit
3737 1720 3867 1763 con-

2275 1796 2354 1843 tra
2396 1788 2553 1844 fidem
2583 1808 2595 1844 :
2627 1791 2727 1846 nisi
2760 1790 2894 1848 forte
2914 1792 3257 1863 profundiore
3285 1804 3340 1852 et
3369 1797 3708 1867 perplexiore
3726 1799 3744 1832 ⁸
3774 1799 3862 1855 in-

2273 1880 2557 1951 quisitione
2580 1923 2596 1948 ,
2625 1899 2743 1953 quae
2765 1884 2852 1939 vel
2890 1885 3081 1939 virium
3112 1901 3354 1942 mearum
3378 1887 3464 1944 vel
3487 1888 3743 1958 temporis
3764 1905 3866 1947 ex-

2273 1973 2416 2030 cedit
2442 1975 2735 2046 angustias,
2760 1975 3059 2031 iuveniatur
3083 1976 3151 2031 ad
3177 1977 3456 2048 liquidum,
3487 1979 3572 2034 vel
3594 1994 3751 2050 posse
3772 1981 3866 2037 vel

2274 2079 2379 2119 non
2407 2080 2567 2135 posse
2596 2064 2827 2122 animam
2872 2066 3176 2134 humanam,
3219 2084 3341 2123 cum
3379 2084 3447 2125 ex
3483 2069 3583 2125 hac
3625 2072 3730 2127 vita
3759 2072 3864 2128 mi-

2274 2158 2525 2227 graverit,
2567 2159 2785 2229 magicis
2820 2160 3145 2216 carminibus
3188 2171 3464 2216 evocatam
3494 2161 3735 2218 vivorum
3759 2179 3864 2235 ap-

2273 2264 2466 2320 parere
2508 2250 2902 2321 conspectibus,
2943 2251 3101 2305 etiam
3144 2251 3385 2321 corporis
3415 2252 3736 2311 lineamenta
3772 2269 3870 2325 ge-

2275 2348 2526 2404 stantem,
2552 2348 2610 2395 ut
2637 2355 2744 2396 non
2773 2341 2947 2396 solum
2974 2341 3143 2397 videri
3168 2342 3360 2407 valeat,
3410 2341 3501 2397 sed
3533 2352 3588 2398 et
3622 2344 3865 2412 agnosci.

2276 2432 2343 2486 Et
2369 2433 2411 2487 si
2444 2440 2639 2503 potest,
2680 2448 2881 2511 utrum
2909 2436 3069 2489 etiam
3105 2432 3235 2503 justi
3274 2434 3471 2501 anima,
3513 2450 3619 2490 non
3646 2434 3869 2506 quidem

2276 2536 2496 2592 cogatur
2524 2524 2743 2594 magicis
2765 2526 2953 2591 sacris,
2977 2524 3072 2580 sed
3099 2525 3347 2596 dignetur
3374 2525 3582 2581 ostendi
3605 2527 3872 2584 occultio-

2277 2615 2425 2672 ribus
2456 2617 2694 2686 imperiis
2724 2631 2948 2673 summa:
2979 2617 3110 2686 legis
3143 2619 3519 2689 obtemperans
3547 2636 3561 2672 :
3593 2629 3652 2674 ut
3674 2621 3717 2675 si
3747 2619 3872 2677 ﬁeri

2278 2722 2383 2761 non
2423 2721 2578 2775 posse
2625 2707 2897 2772 claruerit,
2954 2722 3061 2763 non
3106 2716 3334 2779 uterque
3373 2724 3565 2764 sensus
3612 2709 3666 2765 in
3708 2710 3874 2781 hujus

2279 2795 2569 2869 Scriptum
2608 2799 2923 2852 tractatione
2954 2809 3115 2867 atque
3158 2798 3492 2867 expositione
3532 2798 3870 2869 admittatur,

2281 2887 2374 2941 sed
2406 2886 2498 2942 illo
2524 2888 2760 2953 excluso,
2815 2888 3121 2957 imaginaria
3162 2888 3429 2943 simulatio
3453 2888 3718 2946 Samuelis
3747 2892 3870 2945 dia—

2281 2977 2459 3033 bolico
2490 2979 2597 3034 ritu
2624 2977 2763 3033 facta
2798 2979 3141 3050 intelligatur.
3171 2979 3277 3036 Sed
3302 2982 3574 3051 quoniam,
3606 2982 3718 3037 sive
3739 2982 3876 3039 illud

2284 3069 2402 3126 fieri
2442 3070 2628 3140 possit,
2676 3073 2787 3126 sive
2828 3086 2933 3125 non
2972 3072 3163 3141 possit,
3207 3081 3383 3128 tamen
3430 3070 3633 3129 fallacia
3671 3082 3880 3129 satana

2283 3173 2443 3234 atque
2481 3162 2770 3234 imaginum
2797 3151 3214 3217 simulandarum
3241 3162 3433 3219 callida
3465 3165 3700 3234 operatio
3722 3164 3883 3221 deci-

2288 3256 2496 3327 piendis
2540 3256 2786 3312 humanis
2826 3256 3073 3312 sensibus
3111 3257 3457 3317 multiformis
3497 3259 3753 3330 invigilat,
3785 3278 3886 3331 pe-

2286 3345 2545 3403 detentim
2583 3348 2818 3418 quidem,
2846 3349 2951 3403 ne'
2978 3348 3414 3418 inquisitionibns
3450 3350 3886 3423 diligentioribus

2290 3441 2720 3511 praescrihamus,
2770 3440 2865 3495 sed
2917 3451 3091 3495 tamen
3143 3441 3319 3511 potius
3370 3443 3733 3500 existimemus
3774 3446 3887 3502 tale

2290 3531 2489 3603 aliquid
2532 3532 2728 3587 factum
2761 3531 2994 3603 maligno
3034 3531 3361 3604 pythonissa:
3392 3534 3534 3589 illius
3562 3536 3887 3603 tninisterio,

2292 3624 2545 3696 quamdiu
2573 3624 2727 3680 nobis
2755 3623 2956 3694 aliquid
2996 3623 3228 3695 amplius
3252 3625 3559 3696 excogitare
3595 3635 3753 3698 atque
3780 3643 3889 3684 ex-

2290 3716 2489 3786 plicare
2515 3731 2618 3771 non
2644 3716 2820 3771 datur.

2404 3828 2416 3845 ο
2461 3808 2679 3878 ρυεετ.
2724 3809 2895 3864 ιν...
2924 3808 3038 3878 Quo
3061 3810 3162 3865 situ
3189 3811 3416 3879 corporis
3445 3811 3713 3867 orandum.

2367 3900 2518 3967 Quod
2544 3910 2721 3957 autem
2741 3901 2958 3972 quieris,
2980 3902 3104 3973 quid
3126 3902 3194 3956 sit
3216 3902 3357 3971 quod
3383 3903 3639 3973 scriptum
3659 3912 3762 3970 est,
3792 3903 3898 3960 In-

2296 3994 2445 4048 travit
2464 4011 2555 4050 rea:
2571 3994 2756 4061 David,
2776 4004 2824 4048 et
2840 3994 2963 4050 sedit
2979 4003 3096 4050 ante
3109 3993 3385 4049 Dominum
3400 3995 3469 4066 (ll
3491 3995 3619 4067 Reg.
3645 4012 3735 4063 vn,
3758 3996 3860 4068 i8)
3878 4015 3896 4053 :

2297 4087 2423 4158 quid
2454 4086 2597 4143 aliud
2626 4087 3025 4158 intelligendum
3054 4096 3157 4153 est,
3208 4086 3312 4142 nisi
3330 4088 3455 4157 quia
3493 4087 3632 4143 sedit
3670 4087 3723 4143 in
3749 4102 3902 4143 oon-

2299 4195 2487 4255 spectu
2520 4184 2763 4249 Domini;
2808 4184 2921 4240 sive
2951 4182 3038 4237 ubi
3075 4190 3192 4238 erat
3239 4196 3361 4238 arca
3402 4182 3748 4248 Testamenti,
3793 4198 3905 4253 per

2300 4292 2462 4347 quam
2503 4276 2764 4331 sacratior
2796 4284 2851 4330 et
2875 4274 3298 4330 commendatior
3325 4273 3565 4344 quaedam
3604 4275 3909 4342 praesentia
3950 4276 3987 4297 ‘

2305 4368 2514 4423 Domini
2539 4367 2706 4435 accipi
2735 4374 2937 4435 potest;
2975 4367 3088 4421 sive
3114 4365 3236 4436 quia
3267 4373 3513 4421 oraturus
3539 4362 3698 4431 sedit,
3720 4365 3909 4435 quod

2305 4475 2411 4514 non
2442 4460 2502 4514 tit
2529 4467 2677 4514 recte
2701 4458 2801 4513 nisi
2829 4459 2882 4512 in
2909 4467 3200 4528 conspectu
3230 4456 3346 4519 Dei,
3378 4456 3479 4511 hoc
3499 4464 3580 4511 est
3606 4456 3659 4509 in
3686 4455 3913 4512 intimis

2302 4551 2513 4608 cordis?
2551 4551 2735 4606 Potest
2778 4551 2922 4606 enim
2960 4559 3017 4606 et
3059 4551 3138 4606 sic
3162 4549 3331 4618 accipi
3360 4548 3500 4620 quod
3536 4548 3735 4603 dictum
3786 4559 3913 4613 est,

2303 4656 2422 4701 ante
2451 4645 2761 4708 Dominum;
2792 4644 2880 4699 ubi
2910 4645 3082 4699 nullus
3122 4654 3264 4698 esset
3293 4643 3592 4709 hominum,
3619 4642 3708 4712 qui
3734 4643 3916 4701 audi-

2304 4751 2387 4796 ret
2405 4748 2667 4795 orantem.
2692 4736 2816 4792 Sivc
2840 4751 2970 4806 ergo
2990 4746 3207 4807 propter
3221 4749 3397 4790 arcam
3417 4733 3764 4796 Testamenti,
3784 4735 3925 4791 sive

2307 4842 2525 4903 propter
2565 4838 2828 4884 secretmn
2872 4827 3051 4883 locum
3089 4837 3351 4883 semotum
3389 4826 3457 4880 ab
3502 4824 3738 4892 arbitris,
3785 4825 3924 4881 sive.

2306 4931 2524 4994 propter
2548 4920 2791 4975 intimum
2819 4919 2994 4976 cordis
3015 4919 3104 4974 ubi
3127 4927 3243 4974 erat
3279 4918 3483 4974 orantis
3504 4916 3747 4983 affectus,
3768 4932 3891 4973 con

2309 5015 2588 5071 venienter
2604 5012 2801 5067 dictum
2830 5020 2935 5078 est,
2969 5011 3114 5067 Sedit
3144 5021 3261 5065 ante
3299 5008 3598 5065 Dentium.
3620 5006 3735 5063 Nisi
3762 5006 3933 5066 forte

2313 5104 2456 5178 quod
2481 5104 2675 5161 sedens
2699 5104 2888 5168 oravit,
2923 5103 3025 5159 hoc
3048 5113 3262 5168 movet;
3287 5117 3410 5158 cum
3430 5112 3489 5158 et
3510 5110 3728 5158 sanctus
3758 5099 3937 5160 Elias

2310 5201 2414 5258 hoc
2432 5200 2637 5266 fecerit,
2650 5200 2863 5270 quando
2875 5197 3106 5270 pluviam
3123 5194 3327 5252 orando
3337 5194 3642 5265 impetravit
3661 5193 3753 5264 (Ill
3774 5195 3934 5269 Reg.

2311 5311 2458 5362 xvnt,
2489 5292 2699 5364 4245).
2717 5292 2918 5361 Quibus
2932 5288 3282 5346 admonemur
3309 5286 3602 5358 exemplis,
3646 5299 3759 5342 non
3790 5301 3943 5344 esse

2309 5390 2523 5462 prescri
2529 5397 2673 5459 ptum
2686 5385 2952 5457 quomodo
2967 5398 3161 5456 corpus
3174 5385 3524 5439 constituatur
3537 5378 3605 5434 ad
3620 5380 3942 5451 orandum,

2375 5550 2390 5579 ι
2417 5546 2611 5608 Aliquot
2624 5550 2752 5601 Mss,
2776 5538 3053 5608 prolixiora.

2372 5612 2391 5642 ²
2417 5595 2670 5663 Pariicula,
2708 5595 2786 5661 ne,
2810 5602 3080 5651 restituitur
3104 5601 3181 5663 hic
3207 5612 3271 5649 ex
3295 5607 3405 5663 Mss.
3425 5596 3593 5663 confer
3628 5595 3826 5649 librum
3860 5600 3946 5655 de

2312 5680 2421 5723 octo
2445 5668 2630 5723 Dulcitii
2652 5659 3021 5725 QuaeStionibus,
3046 5663 3095 5713 in
3118 5661 3212 5714 nne
3236 5661 3517 5726 quaestio-ts
3537 5659 3584 5711 6.
