4180 6214
351 496 485 551 dum
514 493 725 551 animus
749 491 861 548 Deo
889 503 1122 563 praesens
1146 498 1359 560 peragat
1388 488 1735 544 intentionem
1774 501 1943 540 suam.

352 588 490 645 Nam
518 597 572 644 et
600 596 799 642 stantes
818 600 1051 647 oramus,
1084 581 1489 651 sicutscriptum
1511 588 1611 641 cst,
1642 576 1952 632 Publicanus

353 690 526 735 autem
555 679 618 732 de
651 677 925 748 longinquo
972 673 1134 728 stabat
1178 671 1327 737 (an.
1374 687 1535 737 xvm,
1572 671 1696 740 l5);
1744 678 1799 723 et
1835 668 1953 722 ﬁxis

353 773 606 846 genibus,
635 772 769 825 sicut
821 770 874 823 in
905 767 1129 823 Actibus
1157 766 1529 836 Apostolorum
1555 764 1780 834 legimus
1810 760 1949 835 (Act.

358 882 459 934 vn,
493 865 586 931 59,
620 876 666 919 et
696 880 786 928 xx,
817 862 938 932 36);
968 870 1021 915 et
1046 860 1311 924 sedentes,
1346 859 1481 914 sicut
1512 873 1638 914 ecce
1666 855 1852 923 David,
1896 864 1952 911 et

356 958 527 1014 Elias.
579 956 688 1009 Nisi
744 962 924 1009 autem
982 952 1142 1007 etiam
1187 951 1427 1021 jacentes
1477 964 1791 1012 orat-emus,
1845 965 1950 1003 non

359 1051 619 1118 scriptum
647 1054 795 1103 esset
825 1046 877 1100 in
906 1044 1152 1099 Psalmis.
1186 1041 1391 1097 Lavabo
1420 1060 1507 1113 per
1534 1042 1761 1113 singulas
1787 1050 1953 1095 noctes

360 1141 547 1195 lectum
585 1154 788 1204 meum;
828 1137 880 1190 in
907 1135 1147 1206 lacrymis
1178 1135 1300 1188 meis
1328 1143 1541 1188 stratum
1572 1149 1736 1187 meum
1779 1132 1954 1203 rigabo

360 1229 536 1299 (Psat.
588 1244 658 1295 ιιι,
690 1229 767 1299 7).
808 1227 943 1283 Cum
973 1226 1113 1281 enim
1151 1225 1375 1296 quisque
1413 1224 1704 1279 orationem
1740 1224 1949 1294 qumrit,

356 1320 591 1377 collocat
618 1318 875 1382 membra,
904 1317 1041 1373 sicut
1060 1316 1109 1371 ei
1131 1315 1425 1371 occurrerit
1444 1313 1836 1369 accommodata
1858 1328 1954 1383 pro

362 1421 615 1482 tempore
678 1411 873 1482 positio
929 1409 1205 1480 corporis‘
1235 1408 1300 1464 ad
1330 1407 1647 1463 movendum
1693 1408 1951 1462 animum.

358 1501 493 1557 Cum
536 1510 719 1557 autem
774 1518 878 1558 non
932 1499 1224 1571 qumritur,
1269 1498 1362 1553 sed
1417 1497 1640 1553 infertur
1689 1498 1954 1568 appetitus

359 1592 575 1657 orandi,
598 1592 701 1649 hoc
724 1603 825 1659 est,
843 1608 961 1648 cum
990 1589 1186 1662 aliquid
1205 1598 1423 1659 repente
1451 1590 1597 1643 venit
1624 1587 1677 1642 in
1697 1598 1950 1655 mentem,

362 1698 471 1754 quo
492 1683 820 1755 supplicandi
842 1680 1353 1738 moveaturall‘ectus
1376 1679 1662 1751 gentilibus
1680 1678 1954 1733 inenarra-

361 1774 579 1844 bilibus,
608 1791 943 1848 quocumque
961 1774 1120 1831 modo
1142 1772 1403 1829 invenerit
1425 1773 1715 1840 hominem,
1739 1788 1844 1826 non
1870 1780 1953 1827 est

363 1867 545 1938 utique
570 1867 861 1923 dill'erenda
908 1868 1098 1934 oratio,
1142 1875 1201 1921 ut
1236 1880 1535 1938 quaeramus
1575 1880 1682 1936 quo
1737 1864 1953 1920 seceda-

362 1974 486 2015 mus
499 1957 545 2029 ³,
577 1970 670 2015 aut
702 1959 791 2014 ubi
821 1969 1043 2026 stemus,
1080 1967 1173 2014 aut
1201 1957 1288 2013 ubi
1321 1966 1741 2029 prosternamur.
1774 1954 1953 2027 Gignit

362 2050 513 2107 enim
537 2050 637 2106 sibi
663 2051 852 2106 mentis
883 2049 1106 2105 intentio
1135 2048 1495 2114 solitudinem,
1535 2056 1589 2102 ct
1617 2062 1759 2119 saepe
1792 2048 1952 2103 etiam

361 2140 732 2196 obliviscitur'
753 2141 836 2197 vel
855 2141 923 2196 ad
952 2154 1110 2210 quam
1137 2140 1256 2196 C(Bli
1286 2148 1511 2210 partem,
1537 2138 1620 2193 vel
1652 2139 1703 2193 in
1731 2153 1833 2208 qua
1861 2153 1954 2209 po-

362 2232 557 2289 sitione
584 2234 823 2304 corporis
854 2232 1090 2288 membra
1113 2231 1237 2287 illud
1260 2240 1468 2302 tempus
1494 2227 1775 2285 invenerit.

363 2321 583 2392 00551.
614 2323 754 2380 V.—
774 2322 842 2379 In
872 2323 1019 2380 verba
1052 2323 1186 2379 Elia:
1218 2323 1469 2395 querentis
1487 2320 1596 2377 Deo
1612 2321 1675 2375 de
1689 2329 1847 2376 morte
1857 2321 1955 2391 filii

1079 2414 1263 2468 vidute.

436 2503 496 2562 In
522 2505 698 2561 verbis
718 2513 895 2561 autem
924 2503 1064 2560 beati
1092 2504 1244 2571 Elim,
1287 2504 1477 2575 quibus
1505 2504 1599 2572 ait,
1633 2501 1678 2560 ο
1715 2504 1950 2572 Domine,

364 2598 505 2653 testis
551 2598 705 2668 hujus
740 2597 925 2666 vidum,
962 2614 1076 2651 cum
1114 2614 1213 2666 qua
1240 2613 1329 2669 ego
1353 2597 1577 2663 inhabile
1602 2598 1743 2668 apud
1764 2599 1949 2669 ipsam,

365 2697 421 2741 tu
450 2689 587 2743 male
609 2688 768 2761 fecisti
798 2698 852 2742 ut
877 2688 1128 2743 occideres
1162 2686 1324 2757 ﬁlium
1346 2689 1491 2758 ejus;
1521 2687 1651 2743 nihil
1691 2694 1949 2756 moveret,

365 2776 414 2832 si
459 2791 584 2833 vera
616 2778 975 2848 pronuntiatio
1005 2788 1328 2835 servaretur.
1378 2778 1490 2833 Vox
1522 2786 1605 2834 est
1653 2779 1795 2835 enim
1844 2793 1952 2834 non

367 2869 637 2925 credentis
666 2869 804 2940 quod
824 2852 943 2925 'tam
975 2870 1114 2926 male
1141 2868 1342 2924 faceret
1372 2869 1511 2924 Deus
1531 2885 1651 2927 cum
1681 2886 1742 2926 ea
1774 2869 1949 2939 vidua,

365 2975 486 3031 quae
517 2969 623 3016 tam
671 2962 759 3031 pie
805 2960 1124 3032 Pr0phetam
1182 2968 1512 3030 susceperat,
1561 2975 1626 3015 eo
1652 2962 1952 3031 praesertim

365 3060 611 3123 tempore
635 3068 738 3123 quo
766 3052 838 3109 ibi
860 3062 994 3120 erat,
1018 3054 1102 3109 cui
1128 3053 1418 3123 protulerat
1445 3052 1529 3108 illa
1560 3061 1727 3109 totum
1755 3052 1952 3108 victum

366 3160 526 3207 suum
553 3156 657 3201 tam
683 3146 931 3218 exiguum
964 3147 1018 3201 in
1050 3155 1155 3202 tam
1201 3161 1390 3216 magna
1428 3153 1482 3204 et
1520 3160 1724 3202 summa
1754 3146 1950 3219 inopia.

366 3237 447 3294 Ita
495 3254 625 3308 ergo
663 3239 860 3296 dictum
893 3248 1005 3306 est,
1036 3255 1099 3295 ac
1137 3241 1180 3295 si
1211 3240 1430 3311 diceret,
1467 3237 1771 3306 ODomine,
1817 3241 1955 3296 testis

368 3330 524 3402 hujus
548 3332 729 3397 vidua,
757 3349 872 3387 cum
897 3349 997 3403 qua
1025 3349 1116 3403 ego
1155 3332 1381 3386 inhabito
1421 3331 1564 3403 apud
1597 3331 1783 3403 ipsam,
1827 3339 1955 3388 tune

369 3424 504 3477 male
526 3425 685 3495 feciin
711 3434 767 3478 ut
804 3425 1054 3479 occideres
1077 3424 1242 3495 ﬁlium
1263 3425 1413 3496 ejus?
1446 3432 1504 3479 ut
1530 3423 1956 3496 subintelligatur

370 3514 518 3585 quod
547 3516 724 3585 utique
754 3516 1012 3571 Dominus
1035 3517 1184 3572 testis
1205 3516 1383 3571 cordis
1413 3516 1554 3571 illius
1575 3516 1833 3578 mulieris,
1864 3518 1953 3572 ubi

372 3605 591 3661 videbat
611 3616 806 3677 quanta
834 3617 976 3664 esset
997 3612 1187 3677 pietas,
1215 3607 1356 3663 unde
1370 3608 1530 3663 etiam
1544 3608 1714 3663 Eliam
1746 3607 1861 3679 ipse
1888 3608 1955 3665 ad

372 3713 492 3754 eam
516 3699 752 3765 miserat,
801 3716 911 3755 non
938 3701 1305 3757 malefaciendi
1335 3715 1494 3757 causa
1544 3702 1957 3758 mortiﬁcaverat

374 3791 542 3847 lilium
567 3793 703 3864 ejus,
725 3794 820 3851 sed
839 3793 1121 3850 exhibendi
1150 3794 1388 3849 miraculi
1420 3794 1485 3849 ad
1525 3794 1750 3866 gloriam
1779 3794 1956 3853 nomi-

370 3883 461 3939 nis
487 3883 590 3949 sui,
636 3900 742 3954 quo
784 3892 991 3939 tantum
1023 3883 1381 3956 Prophetam‘
1420 3893 1475 3941 et
1507 3892 1633 3941 tunc
1658 3884 1958 3941 viventibus

370 3982 433 4029 et
454 3975 678 4043 posteris
703 3974 1101 4030 commendaret
1140 3994 1153 4030 :
1185 3977 1321 4031 sicut
1346 3976 1474 4031 dicit
1516 3976 1807 4041 Dominus,
1850 3991 1956 4031 non

369 4062 444 4119 ad
471 4073 699 4121 mortem
728 4074 992 4120 mortuum
1023 4065 1185 4121 fuisse
1213 4066 1490 4133 Lazarum,
1532 4067 1628 4139 sed
1658 4076 1716 4122 ut
1752 4067 1958 4138 gloriﬁ-

370 4166 592 4211 caretur
619 4156 757 4211 Deus
786 4158 837 4210 in
863 4156 999 4212 Filio
1028 4173 1123 4212 suo
1149 4157 1327 4227 (Joan.
1356 4173 1431 4222 xl,
1456 4155 1548 4229 4).
1581 4156 1650 4212 Et
1678 4157 1799 4213 ideo
1824 4173 1959 4214 con-

371 4247 655 4319 sequentia
682 4247 920 4318 probanl,
954 4258 1006 4304 et
1032 4250 1145 4319 ipsa
1188 4249 1347 4306 etiam
1377 4247 1565 4303 fiducia
1591 4264 1692 4319 qua
1734 4247 1961 4306 credidit

344 4339 544 4406 ‘Elias,
569 4354 673 4394 non
699 4338 765 4395 ad
788 4340 886 4395 hoc
913 4339 1038 4396 illud
1066 4341 1369 4411 contigisse,
1393 4349 1448 4395 ut
1473 4339 1667 4396 acerbo
1694 4340 1833 4395 luctu
1861 4338 1959 4395 ho-

373 4428 519 4500 spita
543 4428 658 4499 ejus
681 4429 1002 4500 alﬂigerctur
1025 4447 1038 4484 :
1061 4428 1156 4485 sed
1184 4430 1358 4499 potius
1380 4429 1445 4483 ad
1471 4429 1572 4485 hoc
1594 4427 1786 4484 factum
1817 4445 1957 4498 esse,

372 4529 440 4577 ut
465 4522 601 4577 Deus
630 4521 1051 4593 magniﬁcentius
1095 4522 1401 4576 ostenderet
1431 4521 1601 4576 vidum
1626 4522 1836 4592 qualem
1870 4522 1959 4576 Dei

377 4611 634 4667 famulum
670 4614 1013 4682 suscepisset.
1053 4612 1301 4683 Sequitur
1342 4611 1635 4684 Scriptura,
1666 4623 1719 4669 et
1748 4614 1873 4670 dicit
1897 4616 1959 4669 ἐ

377 4701 451 4757 Et
479 4703 743 4774 insufflauit
771 4721 928 4774 puero
954 4712 1047 4769 ter,
1076 4715 1123 4759 et
1146 4705 1391 4758 invocavit
1418 4703 1707 4769 Dominum,
1735 4714 1782 4759 et
1811 4706 1959 4771 dixit,

377 4793 599 4849 Domine
625 4793 759 4849 Deus
784 4811 943 4861 meus,
974 4805 1247 4849 revertatur
1271 4812 1404 4849 nunc
1433 4795 1602 4849 anima
1627 4797 1770 4865 pueri
1813 4796 1964 4866 hujus

374 4886 435 4941 in
465 4902 604 4940 eum.
646 4882 714 4938 Et
751 4889 937 4957 factum
974 4896 1046 4942 est
1073 4887 1166 4942 sic.
1202 4887 1325 4942 Haec
1351 4901 1479 4956 ergo
1504 4886 1829 4957 deprecatio,
1860 4902 1963 4958 qua

378 4974 538 5046 petiit
562 4974 710 5030 Elias
737 4985 841 5030 tam
872 4976 1105 5031 breviter
1130 4985 1186 5032 et
1227 4984 1332 5030 tam
1375 4977 1599 5032 ﬁdenter
1637 4988 1692 5030 ut
1721 4985 1966 5049 resurgat

379 5082 538 5137 puer,
565 5068 695 5124 satis
718 5068 922 5124 indicat
958 5083 1066 5139 quo
1102 5067 1295 5125 aﬂ’ectu
1335 5069 1476 5124 dicta
1521 5070 1629 5123 sint
1666 5069 1961 5139 superiora.

379 5159 450 5215 Et
477 5160 589 5230 ipsa
620 5160 810 5216 mulier
844 5160 1078 5216 ostendit
1121 5160 1186 5215 ad
1234 5160 1336 5216 hoc
1380 5159 1751 5215 mortificatum
1796 5160 1962 5217 illium

378 5269 539 5308 suum
568 5252 752 5319 fuisse,
780 5254 849 5309 ad
884 5254 1026 5325 quod
1053 5255 1197 5309 Elias
1227 5254 1424 5308 factum
1456 5267 1576 5307 esse
1612 5266 1968 5324 praesumpse-

446 5366 463 5429 ξ
488 5366 566 5429 sic
586 5372 687 5429 uss.
714 5372 769 5415 Αι
791 5364 928 5429 editi,
950 5362 1092 5428 positi
1111 5362 1341 5429 corporis.

442 5428 464 5458 ⁸
490 5426 629 5491 lidili,
652 5439 745 5491 quo
766 5423 1037 5491 sedeamus.
1061 5433 1117 5476 At
1140 5423 1264 5486 Mss,
1286 5438 1379 5490 quo
1399 5423 1695 5476 secedamus.
1718 5429 1859 5475 Forte
1880 5424 1966 5475 ad-

412 5461 1169 5544 ουὰὖῖἱ’ὶιῆ“ξ”εἴ”αῖί“ἶέἰι“ἓᾶιῆἱιὲἶ

442 5560 465 5581 ο
490 5549 626 5608 editi,
648 5547 939 5600 obtinui-itur
961 5562 1029 5601 se.
1059 5553 1221 5612 Abest,
1244 5561 1313 5612 se,
1333 5556 1482 5601 aMss.

441 5613 464 5675 ξ
492 5618 617 5675 Mss,
645 5617 943 5675 quatantum
962 5610 1262 5675 Prephetam.

439 5674 465 5706 ³
481 5670 736 5743 _Plures'.et
763 5671 999 5746 meliores
1016 5670 1144 5722 Mss.
1172 5679 1227 5722 Et
1245 5671 1358 5724 ideo
1387 5671 1731 5746 consequentia
1747 5670 1967 5746 probant.

378 5731 939 5807 zizipsdennimhﬁdgcia
1214 5731 1547 5807 suscepissetf
1581 5731 1791 5807 sectatur
1844 5732 1972 5783 scri-

495 5793 771 5909 aee‘tcaicit'.
808 5799 951 5848 Forte
972 5793 1241 5860 legendum
1265 5812 1279 5849 :
1306 5793 1363 5850 εἰ
1396 5796 1449 5849 id
1489 5793 1820 5861 consequentia
1859 5808 1971 5861 pro-

1626 6008 1662 6021 ..ι

1701 369 1900 427 LIBER
1938 366 2312 435 SECUNDUS.

3546 373 3651 436 HC

2060 499 2163 558 rat,
2204 505 2327 545 cum
2355 488 2441 545 illa
2477 485 2639 547 verba
2666 505 2776 548 non
2810 486 3196 563 continuando,
3231 492 3331 551 sed
3367 494 3648 552 renuendo

2058 582 2447 636 enuntiaverat.
2502 581 2639 638 Cum
2694 584 2835 640 enim
2890 583 3068 655 vivum
3132 584 3424 657 recepisset
3479 584 3648 641 tilium

2060 688 2236 739 suum,
2263 673 2360 740 ait,
2390 671 2524 728 Ecce
2559 676 2766 745 cognovi
2798 674 3037 747 quoniam
3063 676 3214 732 homo
3253 674 3352 731 Dei
3380 692 3432 732 es
3472 689 3559 745 tu,
3601 681 3648 733 et

2059 767 2259 821 uerbum
2278 766 2486 822 Domini
2503 767 2558 822 in
2576 785 2662 824 ore
2680 778 2767 823 tuo
2789 768 3124 824 certissimum
3145 769 3165 842 (
3177 768 3245 826 lll
3266 770 3393 842 Reg.
3414 786 3639 834 xvn-xx.

2058 859 2221 916 21-24
2240 860 2284 932 ).
2312 861 2473 914 Multa
2504 871 2630 916 sunt
2660 870 2836 917 autem
2867 862 2919 916 in
2946 860 3257 932 Scripturis,
3276 877 3398 934 quae
3424 863 3528 918 nisi
3553 864 3649 921 illo

2061 948 2229 1007 modo
2250 953 2684 1021 pronuntientur,
2715 952 2767 1007 in
2807 954 3128 1009 contrariam
3157 954 3477 1010 sententiam
3510 955 3649 1012 recl-

2060 1043 2230 1099 dunt:
2260 1044 2415 1099 sicuti
2450 1052 2550 1107 est,
2584 1043 2712 1113 Quis
2738 1045 2994 1101 accusabit
3028 1045 3267 1101 adversus
3302 1045 3482 1101 electos
3520 1045 3648 1101 Dei?

2060 1133 2200 1188 Deus
2228 1135 2312 1205 qui
2350 1134 2600 1206 justi/ient
2638 1134 2831 1205 (Rom.
2872 1150 2987 1201 vnt,
3025 1136 3157 1207 53),
3204 1136 3248 1191 si
3274 1137 3424 1208 quasi
3452 1136 3647 1194 contir-

2063 1240 2220 1280 mans
2257 1225 2604 1296 respondeas,
2649 1226 2799 1283 vides
2827 1236 3026 1298 quanta
3065 1228 3385 1298 perversitas
3422 1230 3645 1285 oriatur.

2062 1316 2153 1371 Sic
2182 1332 2309 1388 ergo
2338 1318 2788 1388 pronuntiandum
2815 1328 2915 1383 est,
2955 1334 3018 1374 ac
3046 1320 3089 1373 si
3119 1318 3405 1387 diceretur,
3434 1321 3645 1377 Deus:ie

2061 1412 2151 1480 qui
2174 1409 2462 1480 justiticat?
2486 1420 2543 1466 ut
2566 1410 2932 1478 subaudiatm,
2958 1410 3072 1466 Non
3096 1413 3295 1483 utique.
3322 1413 3399 1468 Ac
3425 1430 3520 1484 per
3546 1415 3648 1470 hoc

2060 1512 2298 1570 apertam
2329 1512 2454 1572 puto
2481 1518 2600 1557 esse
2631 1503 2775 1558 illam
2808 1503 2937 1558 Elite
2966 1504 3309 1570 sententiam,
3341 1519 3499 1575 quam
3539 1520 3647 1563 non

2060 1606 2271 1649 servata
2300 1595 2664 1665 pronuntiatio
2694 1594 2922 1650 faciebat
2948 1594 3253 1650 obscuram.

2058 1708 2276 1776 Quns'r.
2304 1707 2388 1764 Vl.
2410 1738 2483 1751 —
2518 1708 2596 1763 De
2618 1709 2802 1779 spiritu
2824 1708 3072 1764 mendacii
3097 1709 3249 1765 misso
3286 1709 3354 1765 ad
3388 1710 3648 1780 decipien-

2643 1802 2766 1856 dum
2786 1798 2980 1855 Achab.

2134 1913 2211 1970 De
2234 1913 2424 1984 spiritu
2451 1928 2585 1969 vero
2612 1913 2873 1969 mendacii
2892 1915 2934 1979 ³,
2982 1928 3076 1982 per
3098 1928 3259 1983 quem
3283 1913 3539 1985 deceptus
3563 1924 3649 1971 est

2058 2004 2243 2060 Achab
2289 2003 2396 2077 (Ill
2438 2006 2567 2076 Reg.
2610 2021 2723 2060 χιιι
2748 2046 2763 2070 ,
2802 2003 3047 2074 20—23),
3096 2003 3200 2060 hoc
3244 2004 3644 2075 intelligamus,

2058 2096 2198 2166 quod
2230 2096 2340 2167 iam
2378 2096 2625 2167 superius
2661 2098 2792 2152 satis
2829 2105 3012 2167 aperte
3051 2103 3333 2152 tractatum
3369 2096 3646 2154 arbitror:

2060 2187 2229 2243 Deum
2257 2187 2462 2243 scilicet
2485 2187 2903 2257 omnipotentem
2938 2195 2994 2242 et
3011 2186 3217 2257 justum
3242 2186 3646 2244 distributorem

2058 2288 2335 2346 pinnarum
2365 2279 2813 2350 praemiorumque
2835 2292 2932 2348 pro
2957 2278 3182 2343 meritis,
3211 2293 3319 2334 non
3344 2277 3519 2334 solum
3543 2279 3647 2335 bo-

2060 2369 2144 2425 nis
2162 2377 2217 2424 et
2236 2369 2436 2424 sanctis
2454 2369 2712 2424 ministris
2730 2369 2804 2423 uti
2825 2368 2892 2423 ad
2912 2383 3075 2439 opera
3092 2383 3350 2440 congrua,
3367 2368 3462 2425 sed
3480 2370 3645 2426 etiam

2058 2458 2216 2515 malis
2233 2457 2302 2514 ad
2322 2473 2483 2529 opera
2504 2458 2694 2529 digna;
2716 2472 2840 2514 cum
2883 2458 2959 2513 illi
2998 2474 3095 2527 pro
3132 2472 3229 2514 sua
3270 2473 3521 2529 perversa
3544 2474 3647 2516 cu-

2060 2548 2281 2619 piditate
2309 2550 2331 2582 ³
2371 2562 2565 2605 nocere
2606 2556 2892 2619 appetant,
2933 2548 3177 2603 sinantur
3214 2557 3392 2605 autem
3437 2559 3645 2605 tantum

2058 2646 2312 2709 quantum
2353 2638 2444 2694 ille
2471 2638 2675 2709 iudicat
2695 2679 2711 2701 ,
2741 2638 2834 2707 qui
2860 2638 3040 2694 omnia
3065 2638 3119 2695 in
3145 2654 3394 2696 mensura
3421 2648 3476 2696 et
3505 2656 3643 2712 pon-

2056 2729 2187 2786 dere
2210 2739 2266 2785 et
2291 2744 2514 2786 numero
2539 2728 2776 2800 disponit
2801 2727 2974 2802 (Sap.
3013 2744 3091 2797 ιι,
3116 2727 3181 2784 2|
3207 2726 3250 2802 ).
3297 2730 3437 2786 Dixit
3463 2740 3647 2787 autem

2059 2819 2161 2875 hoc
2193 2819 2440 2877 Micbtnas
2473 2818 2733 2890 propheta
2769 2818 3039 2890 quomodo
3072 2820 3177 2877 sibi
3224 2819 3386 2877 fuerit
3412 2820 3643 2878 demon-

2056 2922 2303 2968 stratum.
2346 2911 2566 2969 Occulta
2597 2912 2741 2968 enim
2770 2926 2860 2968 res
2896 2920 2953 2967 et
2993 2912 3153 2968 nimis
3194 2921 3403 2969 secreta
3444 2913 3525 2969 ita
3543 2912 3646 2970 de-

2058 3013 2383 3062 monstratur
2409 3004 2705 3077 prophetis,
2732 3004 2871 3060 sicut
2897 3013 3074 3075 potest
3096 3020 3291 3077 capere
3317 3020 3510 3062 sensus
3546 3006 3649 3062 hu-

2059 3112 2272 3163 manus,
2310 3112 2433 3152 cum
2474 3097 2636 3151 etiam
2664 3111 2844 3150 rerum
2874 3095 3191 3166 imaginibus
3218 3097 3272 3151 in
3315 3096 3646 3155 revelatione

2059 3201 2310 3261 tanquam
2340 3189 2518 3245 verbis
2547 3189 2844 3244 instruitur.
2873 3187 3004 3243 Nam
3034 3187 3301 3257 quomodo
3344 3189 3484 3244 Deus
3529 3189 3646 3245 haec

2058 3291 2200 3355 agat,
2227 3281 2424 3352 ubique
2449 3289 2591 3336 totus
2626 3294 2690 3335 ac
2721 3294 2932 3350 semper
2968 3293 3239 3350 praesens;
3282 3289 3334 3335 et
3375 3280 3645 3351 quomodo

2058 3377 2178 3447 ejus
2205 3376 2502 3446 simplicem
2528 3383 2584 3431 et
2613 3374 3097 3430 incommutabilem
3124 3382 3484 3445 aeternamque
3503 3375 3647 3430 veri-

2060 3477 2223 3526 tatem
2265 3467 2548 3524 consulant
2588 3467 2756 3523 sancti
2778 3467 2987 3539 Angeli,
3018 3481 3311 3538 omnesque
3347 3468 3416 3523 ab
3451 3466 3642 3523 eodem

2008 3576 2017 3585 '
2063 3562 2174 3619 Deo
2218 3561 2383 3618 creati
2423 3560 2680 3616 sublimes
2719 3567 2775 3615 et
2818 3559 3154 3616 mundissimi
3195 3560 3433 3631 spiritus,
3483 3568 3645 3632 atque

2062 3652 2114 3709 id
2158 3651 2301 3724 quod
2346 3651 2399 3706 in
2435 3666 2502 3707 eo
2549 3651 2874 3721 sempiterne
2911 3650 3116 3721 justum
3144 3650 3345 3716 vident,
3383 3666 3479 3722 pro
3522 3666 3647 3708 con-

2061 3744 2304 3814 gruentia
2352 3756 2533 3798 rerum
2581 3741 2892 3798 inferiorum
2945 3742 3308 3812 temporaliter
3354 3751 3640 3813 peragant:

2062 3832 2333 3905 quomodo
2357 3833 2519 3889 etiam
2547 3833 2680 3903 lapsi
2706 3834 2944 3903 spiritus,
2966 3834 3056 3903 qui
3082 3835 3134 3888 in
3160 3834 3380 3888 veritate
3406 3848 3511 3888 non
3536 3843 3647 3889 ste-

2064 3932 2264 3993 terunt,
2284 3935 2501 3995 propter
2515 3926 2901 3980 immunditiam
2922 3936 2976 3981 et
3001 3926 3362 3980 inﬁrmitatem
3386 3926 3645 3995 concupi-

2063 4016 2388 4071 scentiarum
2420 4024 2477 4071 et
2514 4030 2791 4085 poenarum
2829 4029 3044 4070 suarum
3071 4029 3179 4071 non
3220 4016 3461 4072 valentes
3502 4031 3645 4087 pra:-

2063 4118 2271 4167 sentem
2302 4108 2623 4165 intrinsecus
2650 4108 2889 4163 contueri
2934 4116 2989 4163 et
3030 4108 3310 4165 consulere
3342 4109 3645 4178 veritatem,

2065 4202 2214 4271 signa
2250 4200 2548 4257 forinsecus
2584 4214 2681 4271 per
2723 4207 3025 4256 creaturam
3066 4209 3417 4271 exspectent,
3462 4201 3649 4273 eisque

2065 4300 2381 4348 moveantur
2422 4291 2535 4346 sive
2570 4289 2639 4347 ad
2673 4288 2974 4347 faciendum
3001 4290 3224 4362 aliquid,
3270 4290 3384 4348 sive
3425 4291 3494 4348 ad
3538 4306 3648 4349 non

2064 4380 2397 4448 iaciendum;
2442 4395 2616 4453 quove
2651 4380 2814 4437 modo
2851 4391 3105 4452 cogantur
3136 4390 3334 4437 eterna
3375 4382 3512 4454 lege.
3543 4397 3649 4453 qua

2066 4474 2388 4532 universitas
2432 4473 2655 4544 regitur,
2699 4473 2860 4528 vincti
2900 4481 3062 4544 atque
3105 4472 3399 4539 constricti,
3447 4473 3531 4528 vel
3573 4473 3649 4530 si-

2069 4577 2283 4625 nentem
2313 4566 2480 4622 Deum
2510 4565 2732 4636 operiri,
2758 4564 2844 4620 vel
2882 4563 3075 4620 cedere
3111 4563 3354 4634 iubenti;
3400 4572 3455 4620 et
3495 4577 3651 4619 com-

2070 4660 2227 4730 plecti
2268 4658 2524 4719 arduum,
2554 4664 2610 4712 et
2648 4655 2918 4725 explicare
2951 4654 3317 4725 longissimum
3359 4663 3443 4729 est
3465 4654 3505 4708 ³.
3542 4654 3650 4711 Ve-

2068 4765 2194 4806 reor
2215 4758 2393 4805 autem
2425 4763 2493 4803 ne
2518 4748 2617 4803 ista
2642 4748 2754 4817 ipsa
2780 4761 2900 4817 que
2923 4755 3050 4802 sunt
3074 4761 3104 4799 a
3131 4760 3218 4802 me
3243 4745 3407 4812 dicta,
3448 4755 3504 4802 et
3544 4762 3653 4803 non

2068 4840 2425 4899 satisiecerint
2462 4837 2866 4909 exspectationi,
2893 4845 2950 4892 et
2988 4834 3145 4893 taedio
3174 4836 3371 4892 fuerint
3396 4834 3646 4907 gravitati

2070 4944 2209 5001 tute;
2236 4931 2663 5004 quandomiidem
2686 4946 2808 4986 cum
2834 4939 2890 4985 tu
2913 4945 2981 4986 ex
3004 4927 3249 4984 omnibus
3274 4941 3394 4997 qua:
3420 4926 3653 4983 interro-

2068 5027 2234 5100 gasti,
2264 5040 2426 5080 unum
2452 5040 2484 5079 a
2510 5039 2599 5080 me
2625 5023 2855 5079 libellum
2880 5020 3019 5077 mitti
3044 5019 3205 5077 velles
3228 5060 3245 5085 ,
3286 5032 3386 5089 ego
3414 5018 3549 5075 duos
3584 5018 3655 5076 Ii-

2071 5118 2196 5173 bros
2230 5115 2553 5184 eosdemque
2581 5112 2918 5182 longissimos
2945 5109 3101 5176 misi,
3145 5118 3200 5165 et
3232 5108 3458 5165 fortasse
3497 5126 3648 5181 quae-

2070 5205 2330 5264 stionibus
2362 5204 2465 5258 tuis
2488 5216 2822 5272 nequaquam
2869 5199 3147 5270 diligenter
3174 5199 3527 5272 expediteque
3556 5215 3647 5256 re-

2136 5363 2152 5395 ι
2180 5358 2311 5423 Apud
2332 5364 2405 5408 Er.
2433 5355 2579 5420 Lugd.
2602 5363 2721 5406 Ven.
2763 5361 2816 5405 et
2855 5361 2963 5405 Lov.
2989 5354 3191 5428 quaestio
3212 5362 3354 5407 sexta
3375 5367 3472 5405 non
3508 5365 3658 5461 setia-

2136 5423 2211 5461 tim
2233 5434 2260 5461 ιι
2282 5422 2448 5461 mtinla
2466 5424 2710 5461 tractatur.
2735 5424 2824 5461 Pro
2847 5431 2861 5461 ξ
2889 5425 2956 5461 De
2971 5420 3147 5461 mrtlu
3172 5430 3285 5461 uero
3302 5415 3560 5461 mendam
3604 5427 3658 5461 e-

2068 5415 2263 5475 νιιὶωέ
2282 5422 2449 5484 quinta
2466 5415 2715 5484 tractatur.
2735 5424 2824 5484 ljro
2847 5431 2861 5469 :
2886 5415 3147 5484 Despigitu
3172 5430 3285 5468 vero
3302 5415 3659 5484 mendacium-

2108 5486 2201 5536 itur
2224 5477 2524 5546 sinipliciter,
2549 5489 2619 5530 De
2640 5478 2813 5544 spiritu
2833 5477 3093 5546 mendacii,
3119 5484 3348 5546 totusque
3371 5477 3515 5546 liber,
3538 5489 3658 5525 con-

2108 5500 2201 5536 lull'
2224 5500 2524 5546 suuptlcucr,
2549 5500 2619 5530 uc
2640 5500 2813 5544 sptruu
2833 5500 3093 5539 metutum,
3120 5500 3348 5542 totusque
3371 5500 3515 5535 uuur,
3538 5500 3658 5525 wu-

2066 5500 2248 5610 gtnctis
2266 5544 2433 5608 quinta
2456 5549 2695 5610 gestaque
2717 5542 3083 5605 qumstionibus,
3107 5542 3326 5604 quinque
3347 5538 3503 5590 solum
3522 5548 3660 5601 qne-

2071 5604 2258 5659 stiones
2277 5604 2658 5667 comprehendit.
2725 5604 2780 5653 tit.

2139 5671 2158 5700 ι
2181 5670 2255 5717 sic
2276 5665 2463 5718 stasIAt
2484 5665 2622 5725 editi,
2638 5678 2728 5728 pro
2749 5680 2841 5728 sua
2857 5669 3181 5728 perversitate.

2139 5731 2160 5762 ³
2183 5735 2246 5778 tta
2270 5728 2486 5777 melioris
2508 5722 2760 5779 notte'blss.
2786 5722 2903 5777 th'ti
2927 5735 3109 5787 autem,
3133 5722 3206 5787 vel
3226 5725 3406 5776 amento
3430 5730 3660 5787 Degene-

2074 5802 2198 5849 rare,
2221 5788 2295 5840 vel
2316 5796 2491 5840 cedere
2501 5788 2747 5851 jubenttet
2764 5786 3094 5854 compellenti;
3113 5786 3326 5839 arduum
3345 5790 3390 5838 et
3410 5784 3663 5852 explicare

2075 5851 2400 5906 tenuissimum
2418 5863 2504 5903 est.

2154 5864 2400 5917 quamam:
2418 5863 2504 5903 est.
