4134 6208
570 416 673 475 147
1312 413 1402 471 DE
1441 413 1619 472 OCTO
1659 410 1950 470 DULCITII
1990 406 2532 478 QUASSTIONIBUS,
2572 408 2627 465 S.
2668 403 3030 465 AUGUSTINI
3748 396 3851 460 N8

572 530 785 600 spondi.
806 528 1159 598 Quamobrem
1182 544 1365 599 preces
1395 539 1509 585 tuas
1533 544 1631 600 pro
1651 528 1840 585 erratis
1862 526 1993 581 meis
2015 526 2156 579 mul-
2264 538 2427 594 opere
2466 529 2609 581 tuam
2652 521 3055 586 brevissimam,
3084 517 3177 573 scd
3207 512 3574 587 gravissimam
3616 513 3795 593 ﬂagito
3828 530 3847 585 ς

575 632 658 683 tas
680 631 737 679 ct
764 622 1005 681 assiduas
1041 629 1168 695 peto
1209 620 1324 679 ﬁeri
1379 638 1392 676 :
1432 620 1747 675 sententiam
1792 632 1916 675 vero
1953 616 2021 670 de
2056 616 2158 671 hoc
2264 625 2317 670 et
2341 615 2463 670 dum
2488 616 2555 670 sit
2583 616 2891 680 verissima,
2921 611 3308 669 severissimam
3342 622 3446 662 non
3478 622 3686 664 recuso.

1277 1110 1363 1173 IN
1400 1108 1703 1203 LIBRQM
1741 1108 1848 1169 DE
1890 1105 2097 1171 OCTO
2136 1104 2487 1167 DULCITII
2530 1102 3152 1177 QUIESTIONIBUS.

2034 1284 2405 1343 60W

670 1424 745 1479 De
774 1422 1001 1479 Dulcitio
1030 1425 1290 1495 primum,
1332 1428 1422 1498 qui
1460 1428 1578 1484 libri
1610 1427 1769 1498 hujus
1793 1428 2062 1485 scribendi
2089 1436 2456 1499 argumentum
2492 1425 2788 1497 Augustino
2816 1424 3065 1497 praebuit,
3111 1423 3238 1481 nulli
3267 1422 3570 1479 dubitamus
3595 1423 3720 1495 quin
3758 1423 3850 1480 ille

588 1516 703 1587 ipse
731 1517 801 1571 sit
826 1516 1066 1571 tribunus
1092 1526 1144 1571 et
1175 1520 1412 1574 notarius
1439 1520 1490 1574 in
1523 1520 1659 1577 libro
1681 1521 1718 1576 2
1757 1520 2242 1585 Retractationum,
2281 1535 2397 1589 cap.
2429 1520 2518 1583 59,
2553 1519 2815 1587 laudatus,
2847 1518 2932 1587 qui
2966 1519 3179 1575 circiter
3216 1532 3415 1575 annum
3447 1517 3569 1584 120,
3598 1517 3750 1579 sicuti
3780 1531 3849 1573 es

589 1608 777 1664 eodem
807 1610 926 1665 loco
956 1609 1286 1680 intelligitur,
1317 1612 1369 1665 in
1395 1610 1574 1667 Africa
1604 1612 1829 1683 agebat,
1859 1612 1998 1667 datis
2021 1612 2090 1667 ab
2115 1612 2436 1680 imperatore
2467 1610 2701 1666 llonorio
2731 1618 2913 1665 contra
2946 1609 3244 1664 Donatistae
3270 1609 3474 1681 legibus
3499 1607 3859 1682 exsequendis

587 1701 887 1772 prefectus.
918 1703 999 1757 Ad
1025 1705 1295 1772 eumdem,
1326 1721 1446 1763 cum
1474 1706 1684 1763 edoceri
1713 1716 1935 1777 cuperet
1961 1705 2090 1778 quid
2118 1706 2382 1760 haereticis
2411 1706 2515 1759 illis
2541 1703 2849 1775 responderi
2880 1711 3183 1777 oporteret,
3223 1703 3419 1775 scripta
3448 1701 3545 1757 fuit
3569 1700 3856 1773 Augustini

588 1793 814 1862 epistola
838 1794 982 1861 θοι,
1008 1796 1094 1850 cui
1126 1796 1309 1851 titulus
1328 1840 1343 1863 ,
1382 1815 1402 1848 ι
1430 1797 1654 1852 Domino
1683 1797 1912 1864 eximio,
1949 1807 2004 1853 et
2032 1796 2329 1852 honorabili
2360 1796 2465 1851 tilio
2496 1796 2749 1862 Dulcitio,
2782 1814 2802 1848 ι
2836 1793 3143 1869 ρτωίίεἰιυτ.
3176 1793 3520 1850 Mercatorem
3547 1808 3741 1869 porro,
3772 1791 3861 1859 cui

588 1901 685 1954 per
707 1885 958 1943 Albinum
990 1888 1245 1944 Romanae
1285 1889 1540 1945 Ecclesiae
1567 1890 1872 1961 acolytbum
1913 1903 1983 1946 ex
2011 1886 2188 1944 Africa
2236 1888 2657 1958 proﬁciscentem
2704 1887 2936 1959 litteras,
2982 1886 3085 1940 hoc
3121 1886 3172 1939 in
3213 1899 3375 1956 opere
3413 1884 3478 1943 ad
3508 1886 3863 1958 qumstiouem

589 1979 624 2033 5
647 1978 856 2045 citatas,
882 1981 1031 2035 misit
1056 1982 1404 2055 Augustinus,
1434 1983 1663 2037 Dulcitio
1689 1982 2027 2039 notissimum
2060 1980 2348 2037 credebat:
2382 1980 2726 2035 Laurentium
2758 1992 2887 2033 vero
2902 1975 2929 2044 ,'
2950 1979 3035 2032 cui
3062 1976 3210 2033 urbis
3238 1977 3422 2031 Romae
3452 1975 3755 2047 primicerio
3776 1976 3865 2033 in-

589 2071 839 2127 scribitur
862 2073 1072 2128 libellus
1096 2072 1270 2129 dictus
1295 2074 1664 2141 Enchiridien,
1698 2074 1908 2129 Dulcitii
1947 2073 2170 2129 fratrem
2223 2073 2308 2127 hic
2339 2072 2405 2126 ad
2434 2071 2782 2144 quzestionem
2812 2072 2835 2125 1
2872 2067 3206 2145 respondens
3229 2068 3482 2141 appellat.

659 2163 776 2219 ιω
798 2163 870 2220 de
889 2165 1261 2235 subsequentis
1286 2166 1468 2237 operis
1491 2174 1667 2229 astate,
1695 2165 1748 2220 id
1775 2165 1995 2221 omnino
2021 2171 2261 2231 constat,
2300 2162 2503 2218 editum
2531 2177 2650 2219 esse
2675 2170 2798 2233 post
2822 2159 3019 2216 Christi
3060 2174 3256 2215 annum
3288 2158 3413 2231 419,
3446 2159 3554 2216 imo
3583 2168 3701 2236 post
3727 2157 3867 2241 420;

590 2256 1020 2329 quandoquidem
1042 2260 1242 2315 citatus
1264 2260 1318 2314 in
1345 2260 1683 2330 {quaestione
1707 2256 2196 2317 liberEnchiridion
2224 2270 2365 2311 anno
2412 2256 2511 2328 (uti
2534 2272 2633 2311 suo
2657 2245 2847 2313 dicturi
2878 2268 3061 2311 sumus
3088 2256 3247 2326 loco),
3280 2272 3382 2310 non
3412 2255 3557 2326 prius
3581 2253 3676 2313 421
3701 2251 3872 2329 prod-

592 2346 672 2401 ἰὴ.
732 2347 891 2403 Aliud
938 2349 1101 2405 etiam
1127 2366 1234 2405 non
1259 2350 1438 2407 minus
1463 2350 1648 2419 liquet,
1680 2348 1971 2419 perfectum
1998 2348 2203 2404 scilicet
2230 2346 2396 2403 fuisse
2420 2346 2691 2416 aliquanto
2719 2355 2845 2402 ante
2882 2362 3078 2402 annum
3108 2345 3243 2414 430;
3271 2345 3466 2417 quippe
3507 2360 3629 2400 cum
3675 2343 3726 2398 in
3756 2343 3872 2399 Rc-

594 2440 966 2495 Iractationum
995 2441 1146 2495 libris
1172 2456 1317 2497 anno
1342 2440 1455 2496 fere
1481 2440 1585 2494 427
1612 2440 1873 2497 absolutis
1891 2447 2258 2496 recenseatnr.
2285 2437 2622 2511 Quapropter
2647 2436 3088 2517 haudimmerito
3127 2445 3350 2494 censent
3372 2434 3740 2511 corrigendam
3779 2435 3873 2493 hic

594 2528 646 2585 is
666 2530 888 2586 exordio
909 2531 1275 2602 consignatam
1302 2532 1539 2602 (tametsi
1567 2532 1779 2591 codices
1803 2532 1985 2587 excusi
2009 2540 2067 2587 et
2090 2530 2271 2600 scripti
2299 2529 2543 2587 eamdem
2566 2544 2753 2585 omnes
2783 2527 3032 2602 habeant)
3065 2540 3240 2585 notam
3263 2529 3557 2597 Paschalis,
3580 2528 3730 2603 cujus
3758 2526 3876 2585 Do-

594 2619 844 2675 minicum
873 2634 942 2675 eo
966 2634 1109 2675 anno
1136 2636 1243 2691 quo
1270 2622 1462 2677 librum
1494 2621 1636 2676 hunc
1660 2622 2000 2678 concinnavit
2022 2621 2369 2691 Augustinus,
2410 2620 2460 2675 in
2493 2620 2704 2681 tertium
2734 2621 2982 2676 calendas
3007 2622 3189 2693 aprilis
3213 2618 3461 2678 incidisse
3492 2619 3685 2677 ferunt.
3711 2618 3769 2677 ld
3794 2620 3879 2686 si-

592 2708 804 2777 quidem
832 2724 929 2780 per
950 2712 1317 2781 episcopatum
1348 2713 1630 2782 Augustini
1670 2729 1776 2769 non
1805 2714 2027 2784 contigit
2052 2728 2309 2784 unquam,
2340 2714 2438 2769 nisi
2466 2714 2620 2769 annis
2647 2712 2752 2771 419
2776 2724 2831 2772 et
2858 2713 2984 2785 450,
3012 2715 3203 2787 quibus
3231 2715 3368 2772 istud
3390 2715 3703 2793 opusculum
3732 2715 3878 2775 assi-

591 2801 741 2869 gnari
765 2816 873 2856 non
898 2816 1056 2871 posse
1076 2801 1232 2858 facile
1257 2803 1622 2859 concedimus.
1650 2804 1766 2861 Erit
1783 2804 1945 2875 igitur
1968 2819 2065 2874 pro
2091 2804 2158 2859 111
2184 2804 2288 2859 cal.
2317 2803 2619 2875 legendum,
2643 2815 2701 2860 ut
2719 2804 2935 2875 quidam
2957 2805 3159 2874 volunt,
3193 2802 3281 2865 VII
3301 2806 3404 2862 cal.
3436 2806 3639 2877 aprilis,
3662 2813 3719 2861 ut
3738 2818 3882 2875 opus

593 2891 1001 2948 adﬁhnnutn
1027 2894 1324 2962 pertineat;
1354 2902 1447 2950 aut
1478 2905 1632 2952 certe
1654 2896 2021 2967 reponendum
2056 2894 2130 2950 XI
2153 2896 2257 2952 cal.
2289 2896 2491 2969 aprilis,
2523 2912 2630 2968 quo
2669 2896 2756 2953 die
2782 2895 2987 2955 Pascha
3028 2913 3169 2955 anno
3193 2897 3298 2956 425
3337 2896 3663 2961 celebratum
3693 2912 3723 2954 a
3753 2898 3884 2969 quis

592 2985 817 3042 busdam
841 2985 1154 3045 Latinorum
1178 2986 1346 3044 fuisse
1369 2988 1561 3044 asserit
1580 2988 1896 3046 Bucherim.
2014 3030 2017 3033 λ

670 3122 757 3185 In
784 3122 1015 3187 librum
1041 3125 1118 3190 de
1148 3130 1293 3191 octo
1317 3127 1579 3192 Dulcitii
1612 3127 2113 3206 Qumstionibns,
2143 3127 2285 3193 vide
2311 3126 2421 3191 lt'b.
2443 3127 2515 3203 2,
2550 3146 2685 3208 cap.
2720 3127 2825 3203 65,
2856 3128 3438 3202 Retractationum,
3475 3134 3623 3189 (om.
3655 3128 3715 3203 1,
3746 3126 3879 3190 col.

593 3228 737 3307 656,
767 3251 809 3294 α
841 3230 1085 3307 verbis.
1112 3235 1309 3301 Liber
1332 3253 1531 3316 quem
1558 3234 1917 3314 pernotavi,
1948 3252 2142 3316 usque
2162 3233 2247 3297 ad
2272 3233 2476 3303 verba,
2510 3233 2631 3293 Fili
2658 3232 2916 3293 Dulciti.
3083 3231 3169 3292 Μ.
3692 3260 3695 3261 ν

2226 3483 3406 3752 iussn
3765 3483 3808 3488 ”

1592 3840 2357 3927 HIPPONENSIS
2392 3842 2922 3927 EPISCOPI

1834 4016 2092 4155 nn
2170 4041 2628 4161 θαι-ο

998 4267 1888 4417 DULCITII
1969 4268 3507 4449 QUAESTIONIBUS

1906 4532 2183 4625 iiber
2228 4518 2601 4630 unus(a).

2003 4706 2471 4766 «©0394

676 4849 982 4906 PREFA'I'IO.
1010 4849 1272 4920 Quantum
1294 4848 1424 4905 mihi
1455 4848 2035 4910 vidctur.dilectissime
2061 4851 2076 4881 ¹
2112 4849 2185 4904 illi
2302 4859 2457 4912 tertio
2478 4860 2730 4915 calendas
2758 4862 2958 4931 aprilis,
2985 4878 3016 4918 a
3049 4863 3370 4936 Carthagine
3401 4865 3536 4922 mihi
3572 4866 3766 4923 missas
3808 4870 3939 4926 ιίι-

606 4938 930 5008 Dnlciti,non
955 4942 1154 4997 tardavi
1183 4945 1505 5013 respondere
1530 4941 2030 5010 interrogationibus
2060 4941 2183 4995 tuis.
2301 4961 2441 5006 ιρι-εις
2470 4963 2571 5005 tum
2591 4953 2891 5009 dilectionis
2917 4958 3118 5026 ποοενί,
3147 4958 3274 5012 post
3291 4972 3387 5014 θος
3409 4968 3585 5013 autem
3612 4956 3733 5014 dies
3757 4975 3942 5019 ω,

604 5030 920 5090 Pchascha
946 5039 1138 5109 quippe
1162 5037 1261 5091 hoc
1278 5053 1437 5103 anno,
1468 5051 1572 5108 quo
1593 5033 2065 5104 Dominicus'ejus
2091 5033 2188 5088 fuit
2308 5056 2422 5100 οιοε
2464 5045 2743 5103 confestim
2783 5048 3149 5121 Carthaginem
3194 5064 3310 5106 sum
3350 5050 3661 5122 protectus:
3701 5053 3758 5108 in
3794 5070 3947 5128 ηε,

1836 5161 1996 5197 ADMON
2002 5160 2095 5196 lTlO
2127 5162 2199 5195 PP.
2235 5155 2658 5194 ιιεπιωιοπιηοιωι.

666 5228 781 5291 Huic
796 5228 860 5277 de
884 5238 991 5280 octo
1006 5233 1189 5282 Dulcilii
1208 5234 1559 5291 Qumstionibus
1577 5229 1878 5281 emendando
1902 5229 2023 5278 libro
2041 5227 2239 5278 adhibiti
2262 5237 2374 5278 sunt
2391 5234 2589 5291 veteres
2606 5226 2813 5291 Vaticani
2842 5231 2945 5278 tres
2965 5225 3094 5291 libri.
3116 5228 3440 5291 corbeiemes
3456 5228 3807 5289 (Iugulum
3842 5238 3957 5287 VI.

601 5290 791 5355 ctorini,
814 5291 968 5340 codex
994 5294 1183 5355 Regius,
1208 5288 1509 5355 Sorbonicus,
1528 5293 1854 5355 Floriacensis,
1882 5291 2201 5355 Michaelinus,
2224 5298 2273 5339 et
2290 5303 2417 5337 unus
2438 5288 2661 5337 Ecclesiae
2684 5288 3036 5355 laudunensis;
3061 5288 3301 5355 lectiones
3316 5292 3461 5355 etiam
3481 5288 3728 5341 variantes
3740 5298 3959 5347 Lava.

602 5351 844 5416 niensium
867 5365 928 5402 ex
956 5350 1158 5416 Belgicis
1172 5350 1286 5405 Mss.
1310 5350 1543 5416 quatuor;
1569 5367 1625 5403 ac
1644 5354 1843 5403 tandem
1867 5353 2110 5416 editiones
2140 5358 2240 5400 Rat.
2268 5361 2365 5399 Αῖιι.
2403 5358 2473 5398 Er.
2507 5357 2557 5399 et
2596 5356 2724 5410 t.ov.,
2750 5350 2798 5399 id
2825 5358 2901 5400 est
2932 5352 3182 5413 Augustini
3219 5352 3285 5401 de
3320 5354 3585 5416 natispona,
3608 5356 3841 5407 Joannis
3866 5359 3967 5414 de

604 5367 844 5401 meusmm
867 5367 928 5402 ex
956 5367 1038 5403 Bel
1072 5367 1158 5403 lClS
1182 5367 1286 5405 MSS.
1346 5367 1543 5415 uatuor;
1569 5367 1625 5403 ac
1644 5367 1843 5403 tandem
1867 5367 2110 5401 editiones
2140 5367 2216 5400 ﬂal

604 5413 885 5474 Amerbach,
907 5367 1143 5464 DesicFeril
1164 5369 1357 5479 Επθεηὲ,
1385 5424 1437 5467 et
1456 5416 1811 5479 'l‘heologorum
1837 5414 2216 5463 tovaniensium.

681 5496 1195 5580 Comparam'mus
1208 5510 1514 5580 praeterea
1541 5518 1640 5560 ea:
1671 5516 1876 5560 omnes
1903 5495 2203 5560 editiones
2231 5497 2414 5557 initio
2451 5498 2618 5558 Retr.
2643 5504 2699 5555 et
2720 5491 3034 5567 Confess.,
3058 5507 3104 5560 ε.
3138 5496 3198 5572 1,
3222 5503 3610 5563 memoratas.
3713 5497 3832 5565 Μ.

668 5621 683 5683 ξ
713 5620 900 5683 Αιὶεῃιοῑ
918 5630 1047 5683 Mss,
1068 5621 1359 5674 dulcissime.

665 5740 1595 5810 (“)Wforteanmautﬂii.
