4180 6214
426 236 530 292 M9

421 352 636 404 civitate
659 348 793 405 nihil
831 365 916 406 me
942 350 1142 410 dictare
1170 355 1407 425 permisit
1428 363 1855 434 occupationum,
1887 385 2006 440 quae

339 495 356 502 ,
419 439 492 493 ibi
537 453 641 494 non
686 448 861 510 potest
888 439 1094 509 deesse,
1120 444 1284 501 nimia
1313 448 1614 506 multitudo.
1648 452 1753 509 Sed
1800 439 2012 526 postea-

416 542 577 600 quam
629 529 752 585 inde
805 545 1082 601 regressus
1127 551 1277 604 sum,
1334 541 1562 608 peractis
1611 544 1750 614 apud
1800 557 2014 605 nostros

414 618 723 690 quindecim
752 621 964 690 diebus,
997 625 1087 694 qui
1117 641 1204 682 me
1234 637 1354 699 post
1380 629 1673 689 absentiam
1703 635 2010 698 diuturnam

415 725 609 767 curare
649 713 753 767 alia
783 716 1158 784 compulerunt
1199 719 1351 791 (nam
1369 732 1489 791 post
1510 732 1618 780 tres
1648 743 1863 786 menses
1890 732 2015 788 red-

412 802 492 858 ire
546 804 840 874 permissus
884 805 1069 878 sum);
1114 810 1412 868 rescribere
1444 813 1543 869 ista
1589 832 1695 872 non
1723 819 1924 892 distuli,
1957 831 2012 879 et

413 893 513 948 abs
553 903 607 949 te
646 895 826 951 missis
859 899 1261 968 quaestionibus,
1291 919 1410 974 qua:
1452 922 1481 961 a
1531 923 1617 964 me
1661 925 1758 980 per
1798 913 2008 972 diversa

411 987 666 1055 opuscula
723 1003 840 1043 mea
891 989 1000 1059 jam
1053 993 1264 1050 fuerant
1313 1009 1766 1071 pertractata,“
1803 1006 2006 1080 eisdem

409 1078 683 1145 opusculis
712 1078 944 1136 reddere
973 1082 1053 1137 vel
1096 1085 1422 1141 solutionem
1451 1090 1536 1145 vel
1564 1102 1710 1148 certe
1738 1078 2003 1168 disceptaé

409 1167 609 1222 tionem
638 1185 834 1224 meam.
862 1172 1098 1240 Denique
1124 1174 1250 1231 illud
1284 1182 1675 1250 tantummodo,
1697 1184 1783 1239 ubi
1809 1167 2003 1256 quieris

406 1272 574 1326 quare
602 1259 798 1314 dixerit
829 1260 1091 1318 Dominus
1121 1265 1372 1323 nimirum
1405 1273 1656 1340 praescius
1681 1274 1998 1352 futurorum,

406 1343 557 1418 Elegi
591 1348 752 1403 David
789 1352 1067 1408 secundum
1106 1371 1194 1410 cor
1237 1374 1405 1413 meum
1437 1359 1535 1433 (ΙΙΙ
1582 1361 1710 1435 Reg.
1745 1343 1995 1442 $1111.16),

403 1451 530 1492 cum
562 1439 658 1496 ille
695 1441 818 1496 talia
856 1452 910 1498 et
954 1452 1098 1500 tanta
1128 1449 1474 1518 commiserit,
1501 1452 1590 1506 ubi
1631 1439 1993 1530 tractaverim,

403 1540 458 1588 et
489 1535 760 1603 quomodo
811 1535 864 1590 id
909 1539 1274 1608 exposuerim,
1307 1557 1411 1596 non
1465 1544 1608 1618 potui
1658 1551 1914 1619 reperire,
1942 1560 1996 1607 et

400 1632 580 1679 utrum
608 1625 680 1680 sit
717 1625 770 1680 in
797 1626 977 1699 aliquo
997 1627 1135 1684 libro
1165 1646 1286 1686 meo
1312 1632 1395 1688 vel
1426 1634 1651 1703 epistola
1679 1639 1882 1694 nescio.
1914 1641 1993 1696 Ac

397 1731 495 1786 per
536 1714 642 1771 hoc
669 1717 930 1788 quoniam
958 1719 1090 1774 mihi
1119 1721 1185 1776 de
1225 1723 1327 1777 hoc
1368 1723 1592 1780 intulisti
1621 1741 1772 1783 nova:
1801 1727 1990 1801 dispu-

397 1805 614 1860 tationis
643 1807 1041 1878 necessitatem,
1073 1809 1126 1865 in
1153 1810 1256 1868 hac
1283 1828 1400 1869 mea
1432 1815 1783 1887 rescriptione
1819 1819 1872 1875 id
1901 1821 1988 1876 ul-

395 1895 581 1954 timum
610 1895 731 1963 feci,
763 1899 911 1968 prius
943 1899 1126 1956 volens
1154 1917 1217 1958 ea
1258 1917 1454 1974 ponere
1479 1922 1598 1976 qua}
1643 1908 1899 1967 habebam
1931 1913 1985 1980 in

392 1985 512 2041 aliis
546 1989 679 2043 meis
705 1989 1067 2048 voluminibus
1104 2004 1400 2065 praeparata
1425 2014 1438 2050 :
1467 2006 1525 2052 ut
1553 2015 1651 2056 nec
1677 2001 1854 2060 studio
1878 2012 1984 2062 tute

389 2079 687 2136 sanctitatis
731 2080 1037 2153 deessem‘,
1087 2087 1229 2157 quod
1280 2089 1412 2144 mihi
1459 2100 1542 2147 est
1588 2095 1978 2167 gratissimum;

388 2183 493 2224 nec
513 2171 617 2225 alio
641 2172 805 2229 modo
823 2174 1011 2231 eadem
1042 2175 1222 2234 dicere
1251 2193 1494 2251 cogerer,
1518 2185 1660 2256 quod
1687 2188 1818 2255 mihi
1839 2198 1981 2262 esset

383 2257 884 2332 laboriosissimum,
916 2277 1087 2323 necte
1116 2269 1291 2341 aliquo
1313 2274 1539 2345 amplius
1563 2275 1858 2348 adiuvaret.

383 2351 636 2421 QUBSTIO
671 2371 852 2414 PRIIIA.
886 2388 960 2400 --
992 2359 1072 2415 An
1099 2361 1338 2434 baptizati
1353 2376 1637 2435 peccatores
1657 2371 1842 2427 exituri
1874 2375 1977 2440 sint

452 2447 518 2502 de
543 2449 789 2519 gehenna.
825 2450 993 2508 Locus
1022 2455 1254 2526 Apostoli
1278 2458 1493 2532 difﬁcilis
1516 2462 1649 2524 male
1670 2463 1970 2524 intellectus.

448 2538 726 2613 Refutatur
754 2546 924 2615 opinio
967 2547 1361 2604 existimantium
1402 2553 1558 2622 ﬁdem
1596 2555 1707 2612 sine
1735 2558 1971 2630 operibus

448 2632 693 2704 prodesse
714 2636 780 2689 ad
806 2637 1041 2692 salutem.
1070 2638 1236 2695 Locus
1263 2641 1511 2715 Apostoli,
1539 2648 1789 2719 quomodo
1813 2651 1968 2708 intel-

447 2721 706 2793 ligendus.
728 2725 869 2782 Alius
896 2728 1127 2798 Apastoli
1148 2729 1288 2786 locus
1316 2737 1507 2806 frustra
1525 2734 1589 2790 ab
1611 2737 1675 2793 iis
1695 2738 1965 2818 adductus,

443 2814 533 2885 qui
577 2815 729 2884 fidem
765 2817 875 2872 sine
916 2820 1151 2891 operibus
1189 2823 1385 2879 salvere
1421 2825 1619 2881 docent.
1664 2814 1968 2898 Chanantetu

443 2904 576 2975 ﬁdes
599 2908 762 2977 qualis
802 2910 1012 2966 laudata
1038 2923 1130 2968 est.
1165 2912 1354 2987 Opinio
1391 2919 1746 2992 quorumdam,
1786 2924 1963 2998 ﬁdeles

442 2996 744 3068 baptizatos,
768 3005 1088 3070 quantumvis
1113 3017 1419 3082 peccatores,
1448 3011 1719 3070 solvendas
1745 2996 1855 3072 esse
1871 3034 1963 3091 per

438 3085 627 3158 ignem.
673 3088 816 3161 Ignis
867 3095 1114 3165 cujusque
1164 3114 1291 3167 Opus
1335 3100 1554 3172 probans
1595 3103 1650 3158 in
1700 3104 1797 3172 hac
1833 3085 1957 3164 vita.

437 3175 778 3251 Purgatorius
803 3186 934 3255 ignis
963 3197 1076 3260 post
1106 3188 1237 3244 hanc
1261 3192 1434 3247 uitam.

437 3272 492 3325 1.
533 3267 709 3328 Prima
758 3275 937 3346 itaque
980 3281 1272 3351 propositio
1303 3291 1391 3338 tua
1434 3293 1536 3354 est,
1575 3305 1596 3338 ‹
1643 3285 1831 3356 Utrum
1860 3291 1956 3348 ali-

365 3364 602 3435 quando,
646 3369 735 3437 qui
773 3378 896 3425 sunt
940 3381 1059 3442 post
1106 3373 1431 3444 Baptismum
1476 3389 1824 3452 peccatores,
1853 3399 1955 3440 ex-

371 3467 499 3512 eant
522 3456 593 3513 de
621 3460 884 3530 gehenna.
923 3463 1330 3534 Aliquantorum
1371 3485 1602 3543 namque
1641 3487 1807 3548 super
1825 3476 1949 3548 hoc,

365 3546 566 3620 inquis,
604 3550 815 3608 diversa
858 3557 1120 3612 sententia
1160 3567 1275 3628 est,
1315 3546 1786 3633 respondentium,
1813 3546 1952 3626 sicut

352 3636 614 3709 iustorum
655 3643 968 3715 praemium,
1004 3647 1075 3702 ita
1122 3658 1461 3720 peccatorum
1514 3656 1674 3714 linem
1714 3675 1823 3716 non
1847 3660 1946 3720 ha-e

352 3728 484 3785 bere
518 3741 800 3789 tormenta.
836 3737 1156 3796 Asseverare
1201 3743 1398 3799 etenim
1428 3745 1648 3816 cupiunt
1692 3757 1800 3806 tam
1825 3766 1946 3822 per-

351 3831 532 3892 petem
569 3826 854 3882 vindictam
909 3846 1161 3902 manere,
1199 3850 1357 3905 quam
1412 3840 1713 3908 praemium.
1742 3842 1945 3912 Quibus

352 3923 541 3972 contra
584 3919 943 3986 priescribitur
983 3924 1285 3996 evangelica
1338 3927 1426 3983 illa
1486 3933 1774 4002 sententia,
1822 3949 1942 4004 qua:

345 4005 442 4073 ait,
487 4005 610 4062 Non
654 4010 772 4064 inde
812 4011 966 4079 exies,
1007 4013 1166 4069 donec
1211 4017 1397 4075 reddas
1456 4022 1780 4080 nouissimum
1811 4040 1941 4095 qua-

342 4097 582 4151 drantem
625 4099 834 4170 (Matth.
874 4119 934 4173 'v,
972 4103 1090 4178 26).
1137 4106 1393 4178 Superest
1430 4125 1560 4184 ergo
1593 4122 1653 4168 ut
1677 4112 1780 4170 hoc
1812 4115 1938 4172 red-

340 4187 459 4244 dito
499 4190 670 4274 possit
709 4195 869 4250 exire.
915 4195 1197 4254 Credimus
1237 4198 1341 4256 hoc
1383 4210 1438 4258 et
1465 4201 1706 4274 Apostoli
1749 4204 1939 4264 deﬁni-

338 4279 489 4335 tione
507 4271 749 4338 dicentis
775 4326 789 4349 ,
829 4283 950 4358 Ipse
983 4297 1148 4342 autem
1173 4290 1344 4346 salvus
1365 4292 1481 4357 erit,
1502 4293 1575 4348 sic
1594 4301 1761 4354 tamen
1784 4299 1931 4368 quasi

337 4387 431 4440 per
470 4371 634 4442 ignem
675 4372 724 4445 (1
766 4373 882 4429 Cor.
923 4392 1000 4446 tn,
1034 4377 1147 4450 15).
1190 4377 1297 4436 Sed
1333 4384 1584 4455 quoniam
1633 4387 1759 4443 alibi
1795 4389 1930 4460 legi-

333 4475 495 4528 mus,
560 4464 766 4533 inquis,
804 4465 873 4519 Et
928 4484 1026 4522 non
1078 4472 1307 4541 cognovit
1346 4491 1478 4542 eam,
1521 4475 1679 4532 donec
1738 4481 1931 4552 peperit

328 4549 551 4620 (Matth.
588 4567 625 4618 ι,
653 4552 770 4626 25),
809 4557 951 4627 quod
991 4557 1062 4613 ita
1093 4559 1431 4634 interpretari
1452 4581 1559 4622 non
1601 4549 1920 4642 possumus;

321 4641 534 4731 idcirco
569 4644 634 4700 de
675 4647 776 4703 hoc
814 4650 1055 4720 cupimus
1098 4651 1211 4708 ﬁeri
1241 4659 1518 4717 certiores.
1554 4679 1575 4715 ι
1603 4658 1719 4719 lluc
1757 4677 1926 4735 usque

320 4711 411 4792 bst
441 4739 736 4806 propositio
764 4751 875 4796 tua.

394 4826 453 4880 2.
494 4827 593 4882 Cui
635 4832 936 4899 respondeo
973 4850 1036 4890 ex
1086 4837 1222 4894 libro
1259 4856 1401 4910 meo,
1443 4846 1534 4915 qui
1582 4846 1917 4920 inscribitur,

317 4916 388 4973 de
420 4917 557 4973 Fide
600 4929 655 4975 et
679 4920 961 4991 Operibus,
993 4927 1082 4982 ubi
1113 4929 1178 4984 de
1206 4929 1306 4987 hac
1344 4949 1402 4989 re
1428 4935 1496 4989 ita
1527 4937 1736 4994 locutus
1761 4916 1918 4996 sum:

322 5027 343 5060 ι
391 5008 647 5079 Iacobus,
678 5012 916 5084 inquam,
947 5025 1050 5072 tam
1081 5021 1429 5078 vehementer
1472 5026 1693 5084 infestus
1720 5039 1803 5086 est
1840 5032 1918 5090 eis

311 5102 404 5170 qui
437 5103 654 5170 sapiunt
685 5104 842 5160 fidem
873 5107 990 5164 sine
1012 5111 1264 5180 operibus
1297 5115 1475 5170 valere
1495 5117 1561 5171 ad
1589 5120 1836 5190 salutem,
1859 5133 1916 5178 ut

308 5192 440 5246 illos
483 5194 643 5247 etiam
683 5196 1017 5256 dremonibus
1053 5213 1346 5274 comparet,
1381 5205 1584 5272 dicens,
1613 5207 1692 5264 Tu
1722 5213 1908 5278 credis,

304 5286 560 5354 quoniam
595 5304 726 5340 unus
765 5300 836 5343 est
871 5291 1039 5348 Deus:
1066 5294 1188 5349 bene
1229 5297 1389 5369 facis;
1432 5308 1477 5353 et
1515 5299 1766 5362 dtemones
1804 5318 1911 5359 cre-

304 5375 459 5436 dunt,
493 5385 544 5427 et
589 5381 994 5436 contremiscunt.
1047 5385 1184 5454 Quid
1231 5386 1467 5456 brevius,
1499 5393 1699 5460 verius,
1741 5396 1906 5450 vehe-

303 5469 552 5524 mentius
577 5469 679 5525 dici
707 5475 897 5542 potuit,
923 5492 1043 5532 cum
1066 5487 1121 5534 et
1149 5478 1202 5534 in
1229 5479 1521 5552 Evangelio
1550 5483 1788 5554 legamus
1809 5487 1910 5544 hoc

296 5558 511 5614 dixisse
543 5559 829 5630 daemonia,
857 5579 977 5620 cum
1006 5567 1279 5625 Christum
1311 5571 1506 5629 Filium
1548 5574 1640 5630 Dei
1679 5579 1904 5634 conﬁte-

294 5658 513 5718 rentur,
562 5659 618 5707 et
657 5652 729 5709 ab
773 5653 868 5712 illo
904 5659 1307 5733 corriperentur
1356 5663 1548 5741 (Marc.
1593 5683 1634 5738 l,
1663 5667 1753 5736 24,
1785 5669 1902 5742 25),

350 5744 371 5775 ¹
416 5746 669 5808 Potiores
690 5753 838 5826 Mss,
868 5756 1102 5813 deesset.

1851 255 2054 326 LIBER
2094 258 2296 318 UNUS.

3610 304 3632 354 1
3642 303 3709 358 ,⁸ίο

2127 377 2265 446 quod
2306 380 2357 435 in
2390 380 2530 436 Petri
2559 380 2893 448 confessione
2924 394 3192 456 laudatum
3232 413 3313 460 est
3352 404 3564 480 (Matth.
3594 433 3704 482 xu,

2127 465 2377 568 16.,17)?
2423 471 2558 538 Quid
2598 480 2839 548 proderit,
2880 486 2953 540 ait
3000 488 3249 557 Jacobus,
3294 465 3479 565 fratres

2124 557 2274 623 fidem
2300 560 2435 615 dicat
2460 582 2513 618 se
2555 569 2664 637 quis
2691 571 2888 642 habere,
2923 593 3075 647 Opera
3122 595 3289 640 autent
3331 606 3430 645 non
3476 594 3700 653 habeat?

2123 647 2389 718 Numquid
2414 659 2594 724 poterit
2623 662 2750 728 ﬁdes
2779 667 2974 722 salvere
3013 676 3169 728 eum?
3215 677 3347 732 Dicit
3373 683 3552 752 etiam,
3581 693 3698 756 quia

2119 741 2246 809 ﬁdes
2272 746 2380 798 sine
2408 751 2640 817 aperibus
2670 768 2865 812 mortua
2895 771 2966 816 est
3000 762 3198 836 (Jacobi
3231 787 3286 840 ll,
3321 775 3408 839 i9,
3465 741 3552 844 14,,
3578 741 3693 853 20).

2117 831 2402 905 Quousque
2431 854 2558 909 ergo
2602 844 2871 917 falluntur,
2907 831 3096 921 qui-de
3125 858 3226 917 [ide
3256 876 3463 922 mortua
3491 871 3587 926 sibi
3621 831 3697 929 vi-

2117 931 2223 979 tam
2254 938 2564 998 perpetuam
2599 937 2962 1004 pollicentur?

2185 1017 2236 1123 5:
2285 1038 2303 1069 ι
2338 1020 2676 1098 Quapropter
2700 1030 2983 1103 diligenter
3013 1050 3224 1110 oportet
3251 1049 3524 1106 attendere
3558 1071 3693 1123 quo—

2110 1106 2271 1163 modo
2289 1113 2597 1184 accipienda
2620 1119 2686 1174 sit
2712 1127 2935 1191 apostoli
2959 1106 3105 1184 Pauli
3129 1132 3211 1188 illa
3239 1144 3519 1200 sententia.
3540 1106 3692 1212 pinna

2110 1197 2176 1252 ad
2223 1200 2626 1274 intelligendum
2673 1212 2933 1283 difﬁcilis,
2987 1221 3071 1275 ubi
3111 1226 3183 1277 ait
3224 1245 3236 1279 ε
3281 1197 3686 1292 Fundamentum

2108 1291 2240 1346 enim
2262 1294 2404 1349 aliud
2426 1315 2570 1353 nemo
2599 1313 2758 1372 potest
2788 1326 2990 1377 ponere,
3011 1325 3191 1380 praeter
3226 1320 3279 1372 id
3303 1325 3438 1390 quod
3471 1330 3687 1392 pasitum

2107 1391 2199 1446 est,
2227 1387 2361 1454 quod
2387 1397 2463 1442 est
2491 1391 2717 1448 Christus
2754 1397 2921 1454 Jesus.
2961 1402 3022 1456 Si
3059 1408 3168 1471 quis
3211 1387 3378 1466 autent
3407 1387 3684 1487 supertcdi-

2104 1471 2222 1540 ﬁcat
2247 1492 2400 1545 super
2422 1482 2804 1552 fundamentum
2826 1491 2938 1555 hoc,
2959 1511 3158 1562 aurum,
3184 1516 3470 1573 argentum,
3491 1511 3689 1580 lapides

2093 1925 2209 1982 dem
2249 1933 2482 2004 accipiet.
2530 1939 2591 1994 Si
2636 1945 2780 2011 cuius
2826 1958 2993 2004 autem
3037 1969 3165 2022 opus
3201 1962 3399 2032 arserit,
3433 1965 3675 2028 damnum

2091 2021 2311 2090 patietur
2329 2039 2350 2077 .°
2382 2025 2491 2096 ipse
2531 2041 2698 2088 autent
2726 2037 2894 2096 salvus
2927 2042 3040 2110 erit,
3072 2021 3153 2100 sic
3195 2058 3363 2106 tamen
3383 2021 3544 2126 ’φιαεὶ
3586 2079 3676 2130 per

2087 2111 2253 2210 ignem
2285 2115 2481 2188 (ICor.
2512 2137 2591 2194 ιιι,
2641 2127 2855 2202 1-1-15).
2899 2133 3051 2201 Quod
3099 2141 3311 2210 quidam
3357 2111 3427 2202 ita
3477 2111 3673 2209 ίιιιοῖιιζ

2085 2203 2316 2309 gendum
2343 2221 2552 2282 putant,
2583 2225 2639 2270 ut
2672 2217 2748 2273 illi
2777 2219 3060 2282 videantur
3083 2203 3346 2291 aediﬁcare
3377 2203 3670 2309 supervit-oc

2084 2289 2514 2370 fundamentum,
2553 2319 2765 2378 aurum,
2806 2326 3107 2385 argentum,
3138 2321 3342 2392 lapides
3381 2289 3665 2401 pretiosos,

2082 2385 2174 2460 qui
2197 2387 2322 2486 ﬁdei
2341 2406 2460 2464 qua:
2485 2394 2540 2454 in
2557 2395 2773 2456 Christo
2792 2415 2892 2470 est,
2916 2405 3054 2462 bona
3082 2385 3246 2482 opera
3267 2385 3577 2486 adjiciunt;
3592 2385 3666 2483 illi
3712 2474 3716 2478 .

2080 2484 2259 2574 autem
2287 2477 2488 2554 fenum,
2506 2485 2666 2558 ligna,
2691 2493 2961 2564 stipulam,
2979 2501 3069 2569 qui
3089 2477 3211 2558 cum
3234 2477 3475 2564 eamdem

2078 2565 2334 2674 habeant,
2353 2576 2491 2632 male
2510 2591 2818 2650 operantur.
2848 2565 3348 2653 Unde—arbitrantur
3376 2565 3659 2674 per

2076 2656 2200 2761 dam
2218 2676 2428 2765 .pmnas
2456 2669 2594 2765 ignis
2612 2687 2705 2765 eos
2731 2690 2886 2745 posse
2909 2685 3125 2754 purgari
3148 2687 3216 2743 ad
3236 2656 3460 2752 salutem
3488 2656 3658 2765 ple—rci-

2073 2749 2324 2820 piendam
2354 2759 2547 2814 merito
2572 2749 2921 2825 fundamenti.

2142 2845 2200 2902 4.
2244 2863 2266 2898 ι
2303 2848 2418 2907 Ηοο
2441 2852 2488 2907 si
2516 2853 2587 2910 ita
2617 2866 2717 2926 est,
2741 2859 2970 2919 fatemur
3011 2867 3141 2923 istos
3184 2869 3434 2931 laudabili
3477 2880 3654 2938 chari-

2071 2942 2181 2992 tate
2206 2941 2412 3008 conari,
2445 2951 2503 2998 ut
2539 2957 2728 3004 omnes
2757 2951 3043 3012 indiscrete
3079 2959 3427 3020 admittantur
3453 2969 3520 3024 ad
3552 2971 3651 3027 Ba-

2067 3028 2344 3100 ptismum,
2393 3050 2501 3092 non
2551 3038 2726 3100 solum
2777 3043 3004 3104 adulteri
3054 3060 3109 3105 et
3159 3053 3433 3125 adulterae,
3465 3074 3650 3123 contra

2065 3124 2383 3182 sententiam
2411 3126 2621 3186 Domini
2648 3131 2811 3190 falsas
2841 3139 3052 3206 nuptias
3092 3124 3518 3216 praetendentes;
3551 3170 3646 3209 ve-

2062 3225 2183 3266 rum
2220 3215 2383 3270 etiam
2414 3219 2638 3286 publicae
2677 3226 2986 3283 meretrices
3025 3230 3077 3284 in
3109 3236 3412 3302 turpissima
3445 3215 3646 3309 profes-

2062 3303 2216 3360 sione
2241 3320 2669 3379 perseverantes,
2686 3329 2819 3384 quas
2842 3327 2988 3376 certe
3016 3323 3178 3376 etiam
3206 3326 3348 3382 nulla
3373 3333 3645 3404 negligen-

2061 3391 2268 3449 tissima
2318 3398 2556 3455 Ecclesia
2613 3409 2893 3462 consuevit
2937 3411 3240 3483 admittere,
3286 3419 3387 3474 nisi
3433 3391 3640 3480 abvilla

2058 3487 2304 3557 primitus
2331 3495 2704 3562 prostitutione
2731 3499 3000 3558 liberatas.
3029 3505 3133 3563 Sed
3179 3510 3277 3565 ista
3317 3514 3523 3572 ratione
3546 3533 3642 3574 cur

2057 3594 2166 3638 non
2189 3583 2501 3641 omnimodo
2525 3589 2894 3658 admittantur,
2925 3600 3142 3654 omnino
3170 3618 3273 3658 non
3302 3606 3477 3662 video.
3509 3611 3638 3678 Quis

2054 3672 2197 3726 enim
2239 3689 2345 3730 non
2390 3679 2538 3734 malit
2562 3696 2654 3736 eas
2700 3686 2872 3752 posito
2920 3687 3288 3760 fundamento,
3322 3697 3446 3754 licet
3472 3672 3634 3772 ligna,

2053 3759 2234 3818 fenum
2258 3772 2314 3820 et
2335 3766 2582 3837 stipulam
2615 3787 2927 3845 congeram,
2950 3781 3224 3851 aliquanto
3250 3759 3397 3842 certe
3425 3759 3635 3846 diuian

2050 3854 2204 3914 niore
2251 3858 2373 3928 igne
2421 3865 2654 3932 purgari,
2689 3883 2847 3936 quam
2895 3872 2947 3925 in
2979 3883 3234 3930 aeternum
3272 3882 3497 3947 perire?
3538 3886 3631 3940 sed

2048 3943 2181 4002 falsa
2219 3960 2375 4008 erunt
2421 3953 2531 4020 illa,
2562 3971 2681 4026 quin
2711 3960 3085 4019 obscuritatem
3129 3943 3631 4045 ambiguitatemque

2046 4049 2154 4094 non
2185 4036 2385 4100 habent
2413 4059 2425 4095 :
2461 4043 2524 4098 Si
2563 4045 2773 4102 habeam
2810 4067 3004 4107 omnem
3035 4055 3207 4124 ﬁdem,
3237 4036 3308 4113 ita
3354 4072 3408 4116 ut
3437 4036 3629 4122 montes

2044 4132 2366 4200 transferam,
2406 4133 2700 4192 charitatem
2743 4151 2907 4196 autem
2950 4161 3050 4200 non
3096 4148 3325 4219 habeam,
3361 4155 3490 4210 nihil
3514 4174 3628 4213 sum

2042 4216 2165 4288 (Id.
2221 4235 2336 4289 ιιιιι,
2388 4223 2480 4294 2);
2529 4235 2612 4294 et,
2665 4231 2804 4297 Quid
2854 4236 3107 4305 proderit,
3167 4216 3351 4309 fratres
3409 4249 3526 4314 mei,
3574 4251 3620 4304 si

2039 4309 2196 4380 [idem
2232 4315 2346 4385 quis
2377 4315 2513 4373 dicat
2548 4337 2603 4376 se
2643 4323 2842 4390 habere,
2867 4344 3020 4398 opera
3056 4342 3226 4388 autem
3260 4353 3362 4391 non
3404 4309 3624 4399 habent?

2040 4400 2307 4475 Numquid
2359 4411 2540 4478 poterit
2587 4413 2715 4480 ﬁdes
2761 4418 2958 4473 salvere
2991 4425 3150 4478 eum?
3197 4425 3410 4483 Falsum
3441 4433 3542 4487 erit
3570 4446 3624 4488 et

2036 4491 2200 4550 illud:
2245 4495 2422 4554 Nolite
2461 4518 2667 4568 errare;
2692 4523 2848 4575 neque
2892 4513 3238 4582 fornicatores,
3271 4537 3427 4590 neque
3471 4525 3622 4580 idolis

2033 4586 2320 4656 seruientes,
2361 4606 2522 4660 neque
2563 4595 2716 4662 fures,
2763 4615 2920 4668 neque
2967 4605 3128 4671 avari,
3175 4586 3354 4678 neque-
3377 4613 3615 4681 adulteri,

2032 4690 2190 4747 neque
2233 4679 2430 4747 molles,
2475 4699 2632 4753 neque
2673 4689 3010 4745 masculorum
3055 4697 3415 4766 concubitores,
3459 4679 3618 4776 neque

2030 4764 2241 4835 ebriosi,
2294 4785 2452 4841 neque
2499 4774 2751 4841 maledici,
2797 4795 2955 4851 neque
2999 4798 3210 4853 rapaces
3265 4764 3474 4860 regnum
3521 4764 3616 4849 Dei

2029 4855 2352 4926 possidebunt
2373 4859 2484 4930 (Id.
2516 4879 2587 4930 Vl,
2605 4867 2658 4929 9,
2687 4867 2791 4936 ιο).
2818 4868 3028 4925 Falsum
3060 4883 3113 4928 et
3132 4875 3260 4931 illud
3287 4855 3612 4952 {Manifesta

2024 4956 2142 5010 sunt
2170 4964 2324 5019 opera
2351 4955 2540 5020 carnis,
2576 4969 2688 5027 quia
2713 4971 2828 5014 sunt
2856 4963 3234 5033 fornicationes,
3255 4968 3606 5043 immunditim,

2023 5037 2356 5110 impudicitia,
2387 5045 2610 5113 luxuria,
2643 5049 2897 5104 idolorum
2941 5054 3174 5124 seruitus,
3215 5061 3472 5132 ueneﬁcio,
3503 5037 3607 5120 ini;

2022 5131 2244 5200 micitite,
2281 5137 2636 5204 contentiones,
2676 5142 3042 5212 wraulationes,
3091 5151 3450 5223 animositates,
3501 5158 3602 5214 dis-

2019 5222 2272 5278 sensiones
2295 5264 2308 5286 ,
2337 5225 2548 5286 litereses
2583 5268 2597 5290 .
2626 5229 2828 5285 incidite
2845 5272 2858 5296 ,
2887 5233 3164 5307 ebrietates,
3197 5247 3600 5315 comessationes,

2020 5321 2066 5365 et
2094 5314 2167 5368 his
2192 5316 2398 5380 similia,
2427 5335 2541 5387 quae
2570 5321 2790 5389 prtedico
2817 5326 2974 5390 vobis,
2995 5330 3128 5385 sicut
3150 5344 3198 5388 et
3219 5339 3452 5406 praedixi,
3478 5358 3602 5408 quo-

2017 5405 2153 5471 niam
2181 5408 2267 5476 qui
2294 5409 2417 5464 talia
2445 5420 2622 5480 agunt,
2647 5430 2855 5486 regnum
2880 5417 2977 5475 Dei
3000 5438 3103 5479 non
3124 5405 3452 5498 possidebunt
3474 5405 3602 5503 (ἰθα-

2017 5495 2106 5551 lat.
2130 5514 2184 5564 γ,
2211 5500 2419 5572 19-21).
2452 5503 2605 5560 Falsa
2633 5517 2788 5564 erunt
2815 5511 2950 5569 haec.
2972 5514 3032 5571 Si
3056 5495 3200 5572 enim
3231 5495 3598 5579 tantummodo

2013 5590 2232 5646 credant
2265 5603 2319 5648 et
2345 5596 2692 5667 haptizentur,
2725 5609 2966 5673 quamvis
2990 5607 3043 5664 iu
3068 5611 3224 5668 malis
3253 5611 3445 5669 talibus
3475 5630 3595 5684 per-

2012 5693 2284 5774 severam,
2303 5686 2434 5742 salvi
2455 5701 2613 5746 erunt
2639 5710 2733 5763 per
2757 5699 2930 5768 ignem
2953 5719 2966 5758 :
2985 5711 3142 5774 atque
3162 5703 3287 5762 ideo
3300 5705 3355 5763 in
3369 5706 3593 5767 Christo

2010 5772 2286 5848 baptiutl.
2310 5775 2589 5869 qui
2607 5791 2740 5852 talia
2769 5805 2950 5864 agunt,
2979 5772 3200 5869 regnum
3226 5801 3319 5860 Del
3353 5807 3588 5881 posside-
