4134 6208
574 234 680 341 tst

571 402 722 455 bunt.
773 395 988 452 Frustra
1019 402 1196 450 autem
1226 393 1436 456 dicitur,
1473 393 1535 446 Et
1565 395 1673 447 lucc
1712 393 1908 459 quidem
1955 394 2139 464 fuistis,

569 480 659 545 sed
687 491 841 544 abluti
873 490 988 544 estis
1022 487 1071 558 (l
1098 488 1212 543 Cor.
1244 502 1316 551 Vl,
1354 485 1471 556 H);
1504 485 1713 555 quando
1747 493 1799 538 et
1826 485 1990 539 abluti
2031 485 2147 540 lucc

569 591 710 638 sunt.
754 582 984 635 luanitcr
1010 580 1164 633 etiam
1211 577 1339 632 illttd
1374 592 1403 630 a
1433 577 1589 631 Petro
1618 576 1814 629 dictum
1860 574 2142 642 videbitur,

570 674 663 729 Sic
698 682 743 726 et
789 690 874 726 vos
921 670 1074 724 simili
1124 672 1288 741 forma
1329 668 1588 729 Baptisma
1630 667 1793 720 salvos
1843 666 2001 737 facit;
2045 684 2146 721 non

569 765 737 819 carnis
770 762 1015 831 depositio
1040 759 1284 826 sordium,
1307 760 1394 814 sed
1419 759 1735 812 conscientia:
1762 758 1905 812 bona;
1927 759 2142 811 interro-

569 859 703 928 galia
734 856 785 925 (Ι
820 854 958 909 Petr.
992 870 1069 920 Ill,
1099 853 1232 923 2|);
1276 852 1321 906 si
1352 851 1563 921 quidem
1608 861 1660 904 et
1688 850 1942 905 habentes
1974 850 2143 919 pessi-

568 964 684 1004 mas
730 947 1079 1002 conscientias
1129 944 1367 1000 omnium
1424 941 1738 1011 flagitiorum
1781 950 1832 995 ct
1884 940 2142 995 scelerum

570 1042 773 1111 plenas,
802 1053 901 1094 nec
929 1050 1108 1093 eorum
1138 1037 1395 1090 malorum
1428 1033 1731 1103 pmnitenlia
1783 1040 2032 1097 mutatas,
2068 1040 2145 1085 ta-

567 1148 690 1186 men
730 1130 998 1199 Baptisma
1045 1128 1219 1182 salvos
1272 1125 1439 1181 facit:
1480 1133 1698 1193 propter
1742 1122 2140 1207 fundamentum

567 1223 710 1276 enim
739 1220 879 1290 quod
920 1220 975 1273 in
1017 1218 1204 1273 eodem
1247 1217 1573 1286 Baptismate
1623 1214 1855 1282 ponitur,
1894 1214 2021 1267 licet
2049 1227 2144 1281 per

567 1312 767 1382 ignem,
814 1310 949 1365 salvi
979 1318 1153 1365 erunt.
1181 1306 1313 1362 illud
1339 1321 1549 1375 quoque
1578 1320 1681 1359 non
1711 1303 1862 1358 video
1900 1316 1996 1357 cur
2036 1303 2141 1354 Do-

566 1403 742 1457 minus
768 1401 979 1465 dixcrit,
1008 1398 1069 1455 Si
1094 1401 1167 1454 vis
1209 1400 1375 1452 venire
1400 1397 1466 1450 ad
1508 1396 1681 1460 vitam,
1724 1410 1865 1449 serva
1904 1396 2143 1446 mandata

567 1495 778 1569 (Matth.
810 1510 924 1554 XIX,
950 1491 1060 1563 l7),
1093 1499 1147 1547 et
1170 1488 1603 1545 commemoravit
1642 1502 1701 1541 ea
1732 1501 1848 1556 quae
1874 1484 1939 1540 ad
1976 1485 2142 1538 bonos

566 1602 744 1642 mores
769 1586 1069 1655 pertinent;
1109 1583 1155 1637 si
1181 1584 1338 1638 etiam
1372 1580 1455 1635 his
1495 1595 1601 1634 non
1629 1578 1851 1633 servatis
1880 1577 1944 1630 ad
1976 1577 2139 1630 vitam

565 1678 735 1732 veniri
761 1684 935 1748 putest
969 1689 1062 1745 per
1084 1673 1251 1728 solam
1283 1671 1461 1734 fidem,
1484 1684 1601 1739 qua
1621 1668 1727 1722 sine
1754 1666 1983 1735 operibus
2006 1682 2141 1719 mor—

566 1776 652 1821 tua
690 1775 781 1821 est.
818 1764 951 1820 illud
984 1763 1175 1819 deinde
1200 1760 1465 1831 quomodo
1505 1773 1688 1814 verum
1728 1757 1851 1820 erit,
1880 1754 2021 1826 quod
2062 1755 2141 1809 eis

565 1871 703 1927 quos
730 1855 796 1911 ad
825 1854 1096 1909 sinistram
1144 1852 1411 1921 positurus
1438 1856 1522 1904 est
1547 1847 1686 1902 dicet
1716 1863 1730 1901 :
1760 1843 1839 1899 Ite
1875 1845 1927 1897 in
1974 1844 2141 1914 ignem

563 1957 824 2012 teternum,
849 1945 936 2017 qui
963 1952 1170 2015 paratus
1193 1950 1265 1997 est
1291 1940 1492 1995 diabolo
1511 1949 1557 1993 et
1590 1938 1783 2008 angelis
1806 1936 1959 2006 ejus?
1996 1934 2141 2004 Quos

564 2053 672 2094 non
713 2039 951 2106 increpat
972 2036 1095 2106 quia
1122 2035 1174 2089 in
1204 2048 1326 2089 eum
1357 2047 1463 2087 non
1491 2028 1852 2094 crediderunt,
1893 2026 1987 2082 sed
2016 2024 2139 2096 quia

562 2130 702 2186 bona
751 2143 912 2199 Opera
960 2142 1066 2183 non
1118 2126 1378 2182 fecerunt.
1431 2122 1563 2177 Nam
1622 2119 1861 2190 profecto
1922 2133 1989 2173 ne
2041 2117 2139 2171 sibi

563 2221 840 2290 quisquam
884 2218 953 2273 dc
998 2217 1122 2283 fide,
1167 2231 1284 2286 quae
1327 2215 1444 2268 sine
1494 2212 1745 2282 operibus
1786 2219 1991 2264 mortua
2036 2216 2138 2274 est,

563 2310 726 2363 vitam
768 2308 1047 2378 promittat
1078 2314 1352 2369 aeternam,
1401 2311 1677 2373 propterea
1727 2315 1913 2356 omnes
1955 2306 2141 2368 gentes

565 2407 959 2469 segregaturum
991 2412 1051 2454 se
1075 2397 1233 2460 dixit,
1268 2410 1384 2464 qua:
1413 2395 1685 2464 permixta:
1705 2391 1904 2447 eisdem
1930 2389 2142 2462 pascuis

564 2491 869 2552 utebantur,
918 2497 975 2542 ut
1022 2496 1275 2557 appareat
1324 2499 1418 2540 eos
1455 2486 1534 2539 illi
1582 2483 1851 2546 dicturos,
1904 2481 2136 2547 Domine,

563 2579 766 2649 quando
794 2590 841 2633 te
878 2577 1093 2632 vidimus
1119 2576 1208 2631 illa
1238 2583 1293 2631 et
1336 2575 1421 2629 illa
1455 2576 1761 2643 patientem,
1795 2584 1841 2628 et
1867 2589 1966 2627 non
1994 2574 2141 2627 mini-

561 2669 827 2722 stravimus
845 2669 973 2722 tibi?
998 2668 1088 2737 qui
1118 2667 1168 2720 in
1195 2681 1317 2721 eum
1346 2664 1703 2731 crediderant,
1727 2664 1820 2720 sed
1847 2664 1984 2718 bona
2014 2677 2142 2731 ope-

562 2759 670 2814 rari
703 2774 805 2814 non
832 2766 1171 2824 curaverant,
1198 2769 1443 2827 tanquam
1471 2756 1538 2811 de
1567 2757 1678 2826 ipsa
1717 2756 1817 2809 ﬁde
1843 2764 2049 2809 mortua
2072 2753 2138 2809 ad

560 2850 725 2904 vitam
749 2849 1116 2919 perveniretur
1134 2858 1407 2902 arternam.
1436 2849 1516 2902 An
1544 2846 1680 2901 forte
1715 2846 1863 2901 ibunt
1891 2846 1941 2899 in
1965 2846 2136 2914 ignem

563 2948 823 2994 aeternum
846 2940 933 3007 qui
960 2954 1119 3008 opera
1145 2937 1526 2993 misericordia:
1546 2955 1649 2993 non
1679 2937 1937 2996 fecerunt.
1958 2945 2011 2991 et
2033 2950 2139 2991 non

564 3031 715 3086 ibunt
742 3030 832 3099 qui
877 3030 1044 3083 aliena
1092 3037 1402 3099 rapuerunt.
1446 3029 1531 3082 vel
1569 3027 1960 3097 corrumpendo
2000 3027 2051 3080 in
2081 3042 2139 3082 se

563 3123 818 3193 templum
862 3123 952 3175 Dei
997 3123 1048 3175 in
1094 3137 1152 3177 se
1202 3122 1345 3192 ipsos
1402 3119 1847 3174 immisericordes
1891 3117 2135 3182 fuerunt;

563 3214 711 3284 quasi
747 3227 906 3281 opera
943 3211 1321 3265 misericordia:
1352 3211 1555 3279 prosint
1599 3208 1795 3277 aliquid
1843 3208 1957 3263 sine
2001 3208 2138 3262 dile-

562 3305 759 3371 ctione,
796 3305 1002 3357 dicente
1052 3303 1324 3370 Apostolo,
1370 3301 1430 3355 Si
1478 3301 1772 3353 distribuam
1819 3301 1989 3353 omnia
2030 3316 2140 3352 mea

563 3399 885 3470 pauperibus,
918 3396 1209 3449 charitatem
1253 3404 1420 3449 autem
1448 3411 1547 3447 non
1586 3394 1814 3456 habeam,
1846 3393 1973 3446 nihil
2015 3393 2141 3446 mihi

563 3489 764 3558 prodest
789 3488 842 3554 (Ι
872 3486 989 3542 Cor.
1024 3502 1142 3553 xm,
1178 3485 1265 3554 '5);
1300 3495 1389 3538 aut
1434 3484 1615 3552 diligat
1643 3484 1919 3553 quisquam
1964 3483 2137 3550 proxi-

564 3593 709 3633 mum
737 3578 873 3631 sicut
902 3590 959 3630 se
1003 3576 1198 3645 ipsum,
1229 3576 1315 3644 qui
1351 3589 1453 3628 non
1480 3573 1650 3642 diligit
1694 3587 1752 3627 sc
1779 3572 1988 3633 ipsum?
2037 3572 2139 3639 Qui

564 3669 705 3724 enim
733 3667 895 3738 diligit
934 3667 1266 3739 iniquitatem,
1295 3664 1400 3717 odit
1436 3664 1657 3716 animam
1696 3678 1839 3716 suam
1869 3660 2042 3733 (Psal.
2078 3678 2134 3725 x,

563 3760 639 3831 6).
670 3758 852 3828 Neque
891 3758 1017 3812 illud
1060 3757 1163 3811 dici
1210 3755 1297 3810 hic
1337 3755 1552 3824 poterit,
1585 3755 1635 3807 in
1666 3769 1772 3823 quo
1815 3753 2052 3808 nonnulli
2078 3769 2138 3809 se

562 3852 708 3920 ipsos
730 3849 989 3904 seducunt
1014 3848 1272 3911 dicentes,
1298 3846 1473 3915 ignem
1501 3853 1755 3899 asternum
1785 3843 2005 3910 dictum,
2031 3858 2136 3898 non

560 3942 729 4009 ipsam
752 3954 964 4010 pcenam
990 3947 1245 3993 aeternam
1265 3953 1280 3991 :
1304 3950 1400 4005 per
1426 3935 1603 4006 ignem
1626 3934 1838 4005 quippe,
1861 3934 1950 4004 qui
1977 3943 2136 3988 aeter-

561 4046 663 4087 nus
700 4032 820 4095 erit,
855 4030 1172 4085 transituros
1198 4029 1525 4082 arbitrantur
1553 4041 1668 4090 eos,
1700 4026 1891 4095 quibus
1921 4032 2139 4095 prepter

561 4121 720 4176 fidem
764 4129 1027 4174 mortuam
1074 4133 1168 4186 per
1196 4120 1372 4187 ignem
1419 4118 1729 4186 promittunt
1773 4117 2030 4183 salutem;
2083 4125 2140 4169 ιιι

561 4211 810 4266 videlicet
835 4209 972 4278 ignis
1008 4216 1240 4262 a2ternus
1287 4210 1375 4272 sit,
1407 4209 1704 4262 combustio
1749 4223 1879 4261 vero
1926 4221 2133 4269 eorum,

559 4302 663 4357 hoc
692 4310 774 4356 est
801 4300 1040 4368 Operatio
1080 4299 1235 4368 ignis,
1264 4312 1368 4350 non
1398 4297 1469 4353 sit
1510 4299 1561 4351 in
1606 4300 1685 4353 eis
1732 4307 1928 4353 aeterna
1967 4313 1983 4352 :
2016 4312 2135 4352 cum

561 4389 617 4446 et
645 4390 747 4445 hoc
773 4389 1080 4459 praevidens
1121 4388 1395 4449 Dominus,
1424 4397 1671 4457 tanquam
1718 4387 1992 4452 Dominus,
2016 4403 2137 4442 seu.

560 4481 781 4535 tentiam
827 4493 976 4534 suam
1018 4480 1090 4532 ita
1133 4478 1474 4540 concluserit,
1518 4480 1723 4546 dicens,
1764 4478 1854 4535 Sic
1892 4480 2034 4533 ibunt
2060 4481 2138 4534 illi

560 4572 617 4626 in
641 4569 1029 4625 combustionem
1048 4579 1308 4633 (sternant,
1330 4570 1458 4639 justi
1478 4580 1645 4622 autem
1662 4570 1715 4623 in
1730 4571 1880 4623 vitam
1899 4579 2136 4623 wternam

563 4661 774 4732 (Matth.
797 4676 921 4727 xxv,
947 4662 1009 4715 ιι
1028 4702 1042 4723 ,
1068 4661 1156 4725 44,
1177 4658 1290 4730 46).
1316 4661 1429 4715 Erit
1451 4668 1791 4730 ergoteterna
1816 4661 2135 4728 combustio,

562 4754 701 4808 sicut
727 4752 896 4825 ignis;
935 4760 990 4808 et
1018 4767 1113 4807 eos
1139 4753 1189 4805 in
1222 4753 1363 4806 illam
1391 4753 1556 4807 ituros
1590 4754 1792 4809 Veritas
1815 4755 1969 4819 dixit,
2005 4770 2137 4826 quo-

559 4859 676 4900 rum
708 4858 814 4901 non
844 4843 998 4899 fidem
1019 4884 1034 4910 ,
1067 4843 1161 4898 sed
1187 4844 1322 4898 bona
1366 4858 1526 4912 opera
1566 4844 1798 4900 defuisse
1823 4845 2131 4901 declaravit.

628 4936 682 4989 5.
714 4953 732 4985 ι
769 4935 826 4991 Si
854 4950 981 5005 ergo
1001 4934 1115 4990 haec
1138 4935 1346 4999 omnia,
1390 4943 1445 4990 et
1463 4945 1652 4990 ctutera
1683 4951 1801 5006 quae
1824 4937 2135 4993 innumera-

562 5024 683 5077 bilia
713 5038 809 5092 per
831 5039 1018 5080 omnes
1041 5023 1341 5095 Scripturas
1367 5025 1482 5080 sine
1507 5025 1849 5095 ambiguitate
1872 5026 2011 5082 dicta
2042 5043 2135 5083 re-

559 5113 722 5183 periri
749 5126 986 5182 possunt,
1019 5115 1148 5171 falsa
1180 5127 1368 5184 erunt;
1394 5118 1586 5187 poterit
1616 5133 1771 5175 verus
1797 5134 1917 5175 esse
1947 5121 2033 5176 ille
2055 5122 2136 5175 in-

560 5202 807 5257 tellectus
833 5204 901 5258 de
927 5206 1102 5273 lignis,
1124 5206 1245 5262 feno
1272 5217 1327 5263 et
1354 5209 1565 5279 stipula,
1583 5210 1725 5279 quod
1747 5210 1801 5265 hi
1831 5212 1962 5266 salvi
1981 5220 2136 5268 erunt

557 5309 654 5364 per
680 5296 880 5365 ignem,
907 5295 999 5363 qui
1026 5296 1193 5349 solam
1223 5299 1276 5351 in
1304 5297 1517 5355 Christo
1547 5300 1701 5356 tidem
1734 5312 1974 5358 tenentes
1998 5304 2134 5359 bona

558 5401 720 5457 opera
740 5385 1107 5456 neglexerunt.
1134 5386 1191 5442 Si
1210 5396 1385 5444 autem
1404 5392 1499 5445 ista
1528 5399 1579 5446 et
1598 5407 1743 5457 vera,
1762 5402 1815 5447 et
1830 5394 1971 5447 clara
1988 5403 2131 5458 sunt;

558 5478 746 5547 procul
774 5477 937 5534 dubio
963 5478 1016 5533 in
1047 5477 1134 5533 illa
1160 5478 1400 5548 Apostoli
1426 5484 1686 5537 sententia
1706 5481 1843 5538 alius
1862 5486 2137 5554 requiren-

557 5568 660 5625 dus
681 5578 766 5625 est
791 5569 1092 5627 intellectus
1109 5610 1127 5637 ,
1155 5577 1313 5638 atque
1352 5571 1405 5626 in
1437 5571 1517 5627 his
1543 5573 1842 5646 deputanda
1871 5583 1955 5631 est
1975 5618 1988 5638 ,
2015 5591 2135 5645 quze

558 5658 749 5716 Petrus
772 5660 901 5719 dicit
921 5676 1042 5719 esse
1066 5661 1120 5717 in
1149 5660 1360 5730 scriptis
1386 5662 1501 5732 ejus
1523 5665 1764 5737 quaedam
1792 5665 2023 5723 difﬁcilia
2055 5669 2136 5723 in-

560 5747 797 5821 ‘ellectn,
816 5766 936 5825 quae
959 5767 1070 5812 non
1094 5752 1293 5813 debent
1318 5753 1561 5817 homines
1584 5764 1891 5827 pervertere
1916 5756 1983 5815 ad
2010 5774 2137 5831 pro-

1252 224 1261 229 -
1318 276 1402 333 DE
1441 276 1616 367 00.Το
1658 276 1946 332 Dlll.l‘.l'l‘ll
1988 271 2532 348 QlL‘ESTIONIBUS,
2574 282 2629 337 S.
2675 281 3045 342 AUGUSTINI

3723 295 3829 352 159

2255 395 2428 464 prium
2454 411 2608 452 suum
2628 396 2898 455 interitum
2926 400 2992 476 (ll
3021 400 3163 457 Petr.
3192 419 3270 469 nt,
3294 402 3406 480 l6),
3427 416 3485 463 ut
3507 416 3694 466 contra
3712 412 3829 467 evi-

2251 485 2561 543 dentissima
2581 490 2877 547 testimonia
2903 493 3295 563 Scripturarum
3315 511 3532 554 securos
3551 500 3744 555 faciant
3759 502 3828 559 de

2253 579 2589 647 percipienda
2616 582 2786 638 salute
2827 585 3178 654 nequissimos
3197 627 3212 650 ,
3244 589 3492 657 nequitiae
3520 605 3631 645 suae
3660 592 3827 661 perti-

2252 669 2530 725 nacissime
2556 671 2905 741 cohaerentes,
2926 690 3027 731 nec
3050 678 3384 733 emendando
3409 690 3499 736 aut
3519 683 3825 751 ptenitendo
3896 727 3900 730 ι

2252 766 2500 815 mutatos.

2322 849 2374 904 6.
2400 870 2416 901 ι
2448 851 2543 906 Hie
2571 868 2600 907 a
2633 870 2718 910 me
2742 854 2966 914 fortasse
2982 869 3267 928 quaeratur,
3287 862 3356 918 de
3386 863 3497 933 ipsa
3523 865 3669 921 Pauli
3698 882 3828 937 apo-

2251 941 2371 994 stoli
2401 944 2662 998 sententia
2683 947 2808 1015 quid
2838 963 2937 1018 ego
2962 952 3209 1016 sentiam,
3228 961 3283 1007 et
3309 968 3537 1022 quonam
3567 957 3725 1012 modo
3744 959 3828 1012 in-

2253 1033 2587 1102 telligendam
2630 1046 2829 1106 putem.
2861 1039 3086 1104 Fateor,
3121 1043 3244 1097 hinc
3287 1045 3500 1099 mallem
3527 1047 3711 1103 audire
3739 1048 3821 1103 in-

2253 1122 2629 1192 telligentiores
2655 1138 2811 1196 atque
2840 1128 3124 1194 doctiores,
3157 1133 3245 1201 qui
3286 1134 3365 1188 sic
3388 1149 3504 1189 eam
3535 1147 3821 1206 exponant,

2251 1219 2307 1264 ut
2335 1211 2422 1265 illa
2448 1216 2624 1268 omnia
2650 1231 2774 1271 vera
2796 1226 2851 1271 et
2872 1218 3183 1278 inconcussa
3210 1236 3571 1293 permaneant,
3595 1242 3712 1295 qua:
3730 1242 3822 1283 su-

2249 1313 2343 1370 pra
2372 1308 2818 1374 commemoravi,
2847 1317 2902 1364 ct
2937 1325 3283 1383 quaecumque
3307 1316 3408 1370 alia
3441 1334 3544 1373 non
3583 1333 3820 1375 comme-

2248 1394 2446 1447 moravi
2468 1436 2482 1458 ,
2513 1397 2704 1466 quibus
2745 1402 3081 1468 apertissime
3105 1403 3379 1475 Scriptura
3407 1416 3662 1477 testatur,
3690 1410 3822 1466 nihil

2248 1483 2499 1550 prodesse
2531 1486 2685 1541 fidem
2706 1530 2721 1555 ,
2755 1490 2855 1544 nisi
2886 1506 3001 1546 eam
3038 1510 3193 1562 quam
3221 1496 3463 1552 definivit
3493 1500 3778 1570 Apostolus
3800 1543 3819 1568 ,

2248 1572 2297 1625 id
2328 1582 2440 1639 est,
2473 1592 2585 1645 qua:
2625 1594 2714 1647 per
2751 1580 3064 1637 dilectionem
3103 1597 3342 1656 operatur
3379 1589 3572 1663 (Gatat.
3607 1608 3674 1657 vi,
3720 1593 3819 1662 6);

2246 1664 2362 1720 sine
2390 1667 2639 1736 cperibus
2674 1682 2850 1727 autem
2892 1676 3094 1731 salvare
3122 1693 3225 1733 non
3254 1696 3408 1750 posse
3428 1723 3443 1745 ,
3478 1699 3649 1754 neque
3678 1700 3817 1755 prae-

2247 1762 2327 1808 ter
2357 1756 2528 1826 ignem
2546 1800 2560 1823 ,
2589 1775 2760 1830 neque
2785 1778 2879 1831 per
2904 1763 3076 1834 ignem
3111 1786 3123 1819 :
3155 1769 3273 1837 quia
3301 1771 3345 1823 si
3389 1786 3483 1840 per
3510 1774 3683 1842 ignem
3709 1773 3820 1829 sal-

2244 1855 2367 1911 vat,
2408 1846 2523 1916 ipsa
2554 1850 2732 1919 utique
2773 1855 2963 1909 salvat.
2994 1856 3249 1914 Absolute
3290 1870 3465 1916 autem
3510 1863 3710 1919 dictum
3741 1874 3825 1921 est

2245 1945 2298 1991 et
2320 1947 2501 2007 aperte
2519 1981 2534 2004 ,
2569 1939 2704 2008 Quid
2728 1945 2962 2015 prodest,
2986 1948 3032 2001 si
3056 1949 3187 2003 dicat
3214 1952 3325 2021 quis
3352 1968 3405 2005 se
3427 1953 3579 2022 ﬁdem
3601 1954 3783 2013 habere
3800 1997 3819 2023 ,

2244 2042 2398 2098 opera
2420 2038 2585 2083 autem
2611 2048 2711 2085 non
2732 2033 2956 2089 habeat?
2982 2035 3246 2110 Numquid
3268 2043 3450 2110 poterit
3475 2043 3602 2110 fides
3625 2046 3824 2103 sulcare

2246 2132 2357 2169 eum
2376 2116 2402 2170 ?
2432 2117 2607 2174 Dicam
2640 2129 2817 2178 tamen
2837 2166 2851 2187 ,
2885 2141 3040 2195 quam
3071 2127 3381 2187 brevissime
3412 2143 3593 2201 potero
3614 2177 3628 2199 ,
3657 2137 3821 2193 etiam

2246 2204 2360 2274 ipse
2397 2207 2521 2277 quid
2552 2212 2775 2265 sentiam
2803 2212 2870 2267 de
2896 2214 2981 2268 illa
3013 2220 3274 2273 sententia
3312 2219 3459 2276 Pauli
3485 2225 3727 2293 apostoli
3751 2225 3819 2281 ad

2246 2294 2644 2367 intclligendutn
2661 2300 2891 2368 difficili;
2913 2304 3201 2361 dummodo
3232 2309 3379 2377 illud,
3399 2312 3538 2382 quod
3563 2314 3628 2367 ad
3647 2330 3820 2370 meam

2248 2388 2630 2455 professionem
2658 2395 2889 2461 attinet,
2936 2400 3205 2469 praecipue
3249 2412 3523 2472 teneatur,
3570 2408 3708 2477 quod
3752 2408 3822 2466 de

2247 2479 2344 2535 hac
2387 2498 2471 2538 me
2508 2486 2666 2540 malle
2708 2486 2816 2542 dixi
2858 2490 3041 2545 audire
3082 2495 3348 2550 meliores.
3398 2498 3821 2557 Fundamentum

2243 2570 2485 2629 Christus
2515 2585 2596 2630 est
2625 2578 2677 2631 in
2704 2588 2968 2636 structura
2994 2584 3268 2640 architecti
3299 2590 3582 2656 sapientis;
3606 2592 3706 2648 hoc
3727 2611 3823 2649 ex-

2245 2664 2503 2731 position'c
2531 2683 2632 2721 non
2664 2669 2860 2741 indiget
2894 2689 2905 2725 :
2939 2683 3121 2743 aperte
3142 2680 3284 2733 enim
3314 2680 3510 2737 dictum
3533 2693 3614 2738 est
3633 2726 3648 2748 ,
3674 2684 3821 2740 Fun-

2244 2754 2531 2812 (Iumentum
2557 2760 2689 2814 enim
2713 2760 2858 2816 aliud
2873 2780 3016 2819 nemo
3033 2778 3194 2835 potest
3219 2786 3403 2839 ponere
3418 2784 3598 2844 preter
3619 2776 3672 2829 id
3686 2776 3824 2845 quod

2244 2846 2462 2914 positum
2504 2858 2575 2903 est
2593 2892 2606 2912 ,
2638 2851 2773 2920 quod
2799 2863 2872 2907 est
2902 2853 3130 2910 Christus
3158 2857 3329 2917 Jesus.
3360 2861 3413 2916 Si
3459 2874 3638 2920 autem
3664 2866 3821 2921 Chri-

2244 2942 2356 2988 stus
2377 2977 2392 3001 ,
2439 2939 2622 3006 procul
2661 2939 2823 2995 duhio
2867 2943 2997 2999 fides
3038 2943 3234 3002 Christi
3267 2965 3280 3002 :
3315 2966 3409 3019 per
3439 2952 3593 3008 fidem
3624 2956 3822 3026 quippe

2244 3024 2449 3081 habitat
2473 3027 2716 3085 Christus
2747 3033 2797 3086 iu
2826 3034 3073 3090 cordibus
3099 3041 3295 3097 nostris
3314 3083 3328 3107 ,
3358 3044 3489 3097 sicut
3521 3024 3658 3100 idem
3688 3024 3821 3115 apo-

2244 3116 2417 3169 stolus
2449 3114 2578 3172 dicit
2619 3118 2831 3191 (Ephes.
2874 3138 2957 3189 nt,
3000 3124 3086 3195 l7)
3140 3126 3306 3182 Porro
3335 3131 3380 3184 si
3425 3129 3556 3188 fides
3586 3114 3818 3200 Christi,

2244 3202 2332 3256 illa
2360 3205 2539 3273 utique
2560 3222 2716 3277 quam
2746 3209 2983 3266 definivit
3008 3216 3313 3284 Apostolus,
3343 3237 3457 3289 qua:
3479 3239 3567 3289 per
3595 3224 3826 3279 dilatio-

2244 3309 2357 3346 nem
2383 3307 2639 3364 operatur.
2669 3298 2783 3352 Non
2813 3301 2953 3356 enim
2982 3304 3109 3360 fides
3140 3306 3227 3360 illa
3250 3308 3548 3366 daemonum
3568 3354 3582 3377 ,
3613 3328 3732 3367 cum
3767 3324 3826 3371 et

2244 3384 2343 3453 ipsi
2388 3387 2607 3443 credant
2633 3401 2687 3445 et
2725 3395 3171 3464 contremiscunt,
3205 3409 3256 3453 et
3284 3394 3473 3456 Filium
3516 3404 3606 3459 Dei
3648 3406 3821 3461 confi-

2247 3487 2454 3533 teantur
2476 3478 2655 3535 Jesum
2680 3525 2695 3546 ,
2728 3492 2902 3553 potest
2926 3489 3091 3555 accipi
3125 3490 3174 3543 in
3216 3491 3579 3551 fundamento.
3608 3497 3781 3564 Quare
3804 3541 3821 3566 ,

2243 3567 2343 3621 nisi
2367 3568 2486 3638 quia
2520 3586 2623 3625 non
2652 3581 2735 3626 est
2762 3572 2892 3629 lides
2919 3592 3038 3647 quae
3068 3594 3161 3648 per
3183 3580 3516 3638 dilectionem
3548 3597 3821 3657 operatur,

2243 3658 2338 3714 sed
2369 3676 2486 3729 qua:
2512 3663 2825 3732 exprimitur
2855 3683 2949 3735 per
2980 3668 3257 3726 timorem?
3277 3672 3435 3728 Fides
3467 3677 3641 3746 itaque
3671 3679 3826 3733 Chri-

2242 3752 2307 3804 sti
2330 3793 2343 3815 ,
2378 3752 2507 3807 fides
2535 3756 2717 3824 gratia:
2741 3757 3076 3823 Christianae,
3114 3761 3163 3816 id
3191 3775 3271 3817 est
3289 3806 3302 3827 ,
3333 3781 3395 3819 ea
3428 3765 3559 3822 fides
3587 3786 3703 3839 qua:
3729 3787 3824 3840 per

2242 3842 2581 3901 dilectionem
2624 3861 2905 3918 operatur,
2938 3855 3106 3921 posita
3152 3855 3201 3910 in
3231 3855 3608 3927 fundamento,
3646 3864 3823 3918 nemi-

2243 3949 2362 3989 nem
2388 3938 2564 4006 perire
2587 3940 2859 4007 permittit.
2888 3940 2992 3998 Sed
3014 3946 3139 4015 quid
3161 3947 3226 4001 sit
3248 3948 3512 4005 mdiiiCarc
3537 3967 3697 4023 super
3718 3954 3827 4012 hoc

2242 4023 2640 4082 fundamentum
2662 4070 2676 4093 ,
2708 4044 2895 4086 aurum
2917 4073 2930 4096 ,
2964 4046 3275 4106 argentum,
3306 4037 3509 4109 lapides
3538 4043 3820 4112 pretiosos,

2243 4126 2298 4173 et
2333 4119 2471 4191 ligna
2490 4162 2504 4187 ,
2535 4120 2715 4176 fenum
2734 4164 2748 4187 ,
2779 4124 3026 4192 stipulam
3051 4169 3065 4192 ,
3095 4128 3137 4182 si
3164 4128 3410 4186 subtilius
3436 4131 3700 4190 disserere
3723 4150 3823 4191 co-

2243 4223 2361 4273 ner,
2389 4224 2578 4264 vereor
2604 4227 2672 4266 ne
2695 4212 2761 4267 ad
2790 4214 3181 4287 intelligendum
3209 4218 3476 4277 difficilior
3494 4224 3560 4277 sit
3588 4225 3699 4295 ipsa
3721 4241 3823 4283 ex-

2244 4300 2435 4367 positio
2468 4319 2482 4355 :
2514 4302 2685 4357 enitar
2726 4314 2900 4362 tamen
2922 4348 2937 4373 ,
2968 4319 3241 4379 quantum
3274 4312 3526 4371 Dominus
3562 4316 3783 4386 adjuvat
3804 4360 3821 4384 ,

2243 4399 2297 4445 et
2318 4391 2567 4456 breviter,
2587 4403 2641 4449 et
2665 4407 2918 4466 quantum
2938 4411 3144 4471 potero,
3161 4403 3390 4461 dilucide
3410 4407 3662 4477 expedire
3675 4412 3826 4480 quod

2242 4485 2432 4538 sentio.
2463 4484 2601 4541 Ecce
2630 4486 2717 4543 ille
2757 4490 2845 4558 qui
2875 4494 3114 4561 quaesivit
3143 4510 3174 4550 a
3203 4499 3456 4568 magistro
3483 4499 3624 4555 bono
3643 4542 3660 4567 ,
3689 4504 3826 4574 quid

2243 4573 2364 4630 boui
2393 4576 2618 4645 faceret,
2649 4589 2706 4635 ut
2731 4581 2949 4639 haberet
2992 4586 3153 4643 vitam
3180 4598 3467 4657 aeternam;
3498 4605 3550 4649 et
3575 4573 3822 4665 audivit,

2242 4664 2287 4720 si
2316 4666 2382 4720 ad
2421 4668 2585 4724 vitam
2628 4672 2811 4728 venire
2840 4675 3033 4745 vellet,
3076 4681 3332 4735 servanda
3373 4681 3473 4738 sibi
3501 4700 3619 4740 esse
3663 4664 3825 4743 man;-

2241 4755 2363 4811 data
2396 4775 2409 4810 :
2442 4770 2640 4815 etcum
2668 4774 2927 4831 quaereret
2946 4782 3066 4838 quae
3091 4770 3334 4826 mandata
3353 4812 3369 4838 ,
3399 4772 3595 4830 dictum
3624 4787 3704 4831 est
3728 4780 3778 4832 ei
3803 4820 3823 4847 ,

2247 4847 2365 4904 Non
2393 4852 2617 4916 occides,
2666 4852 2787 4908 Non
2828 4857 3183 4929 mtechaberis,
3216 4861 3337 4917 Non
3380 4868 3575 4936 furtum
3620 4867 3781 4937 [acies
3804 4914 3821 4937 ,

2245 4938 2366 4994 Non
2403 4940 2588 5009 falsum
2628 4944 2964 5001 testimonium
3006 4950 3173 5015 dices,
3208 4951 3419 5009 Honora
3455 4967 3647 5027 patrem
3676 4967 3829 5016 tuum

2240 5038 2289 5084 et
2308 5040 2516 5085 matrem
2551 5042 2727 5098 tuam;
2753 5046 2833 5104 et,
2861 5036 3056 5111 Diliges
3095 5044 3381 5114 proximum
3411 5056 3549 5101 tuum
3578 5057 3831 5119 tanquam

2241 5126 2287 5172 te
2318 5120 2504 5187 ipsum.
2549 5121 2672 5179 Hzcc
2701 5125 2896 5183 faciens
2926 5129 2977 5183 in
3006 5130 3109 5185 fide
3132 5129 3362 5198 Christi,
3393 5146 3599 5193 teneret
3636 5143 3833 5208 procul

2242 5210 2401 5297 dubio
2427 5210 2580 5267 fidem
2601 5229 2719 5283 quae
2746 5231 2841 5285 per
2867 5218 3205 5276 dilectionem
3232 5235 3502 5294 operatur.
3530 5228 3710 5299 Neque
3734 5231 3831 5287 di-

2241 5292 2427 5371 ligeret
2452 5305 2748 5372 proximum
2777 5318 3020 5381 tanquam
3053 5329 3111 5369 se
3138 5292 3310 5387 ipsum
3331 5359 3347 5385 ,
3374 5319 3471 5379 nisi
3504 5331 3713 5392 recepta
3742 5324 3827 5379 div

2242 5394 2471 5451 lectione
2502 5397 2633 5463 Dei,
2665 5399 2782 5458 sine
2807 5419 2908 5474 qua
2943 5422 3048 5461 non
3076 5407 3322 5480 diligeret
3350 5426 3407 5466 se
3433 5412 3624 5483 ipsum.
3653 5415 3835 5474 Porro

2241 5486 2284 5540 si
2312 5485 2510 5546 faceret
2531 5493 2689 5547 etiam
2717 5496 2858 5564 quod
2889 5496 3142 5555 Dominus
3162 5502 3397 5568 addidit,
3422 5504 3606 5561 dicens
3624 5547 3639 5570 ,
3663 5506 3730 5563 Si
3751 5512 3837 5565 vis

2243 5584 2489 5652 perfectus
2532 5600 2668 5651 esse,
2712 5586 2869 5654 vade,
2917 5590 3071 5646 vende
3107 5594 3276 5648 omnia
3311 5612 3425 5666 quae
3452 5597 3636 5665 habes,
3674 5607 3728 5653 et
3757 5600 3839 5656 da

2242 5675 2543 5742 pauperibus
2562 5718 2575 5738 ,
2607 5685 2652 5729 et
2694 5676 2896 5732 habebis
2918 5681 3207 5737 thesaurum
3230 5685 3282 5739 in
3306 5686 3469 5751 mlo;
3497 5696 3544 5743 et
3567 5688 3678 5742 veni
3695 5730 3712 5753 ,
3745 5706 3842 5744 se—

2245 5779 2394 5838 quere
2426 5782 2507 5822 me
2531 5764 2743 5838 (Matth.
2775 5783 2901 5839 xix,
2933 5769 3159 5845 lli-Bt);
3191 5773 3481 5834 aediﬁcaret
3502 5793 3663 5853 super
3688 5778 3843 5843 illud
