4134 6208
329 255 423 313 153

328 373 713 430 fundamentum
730 418 745 442 ,
774 391 959 432 aurum
983 419 996 442 ,
1025 385 1300 448 argentum
1322 418 1336 443 ,
1367 374 1568 445 lapides
1589 375 1851 444 pretiosos
1876 393 1888 429 :

329 480 421 518 non
447 464 582 518 enim
631 467 924 536 cogitaret,
957 468 1054 523 nisi
1097 467 1362 538 quomodo
1391 466 1624 534 placeret
1653 467 1794 528 Deo;
1841 476 1894 522 et

332 554 431 609 haec
451 556 802 625 cogitationes
851 568 1006 626 sunt,
1037 569 1290 630 quantum
1335 557 1583 613 existimo
1603 600 1617 623 ,
1662 573 1845 612 aurum
1873 600 1888 625 ,

326 657 605 714 argentum,
628 648 834 718 lapides
862 650 1098 718 pretiosi.
1127 649 1290 703 Porro
1316 649 1360 702 si
1388 650 1527 702 circa
1544 648 1754 703 divitias
1768 663 1892 703 suas

327 737 506 790 carnali
525 739 756 805 quodam
789 750 1057 796 teneretur
1081 739 1292 805 affectu,
1311 742 1550 810 quamvis
1571 757 1633 795 ex
1663 742 1740 796 eis
1757 742 1892 796 mul-

328 839 394 881 tas
417 829 785 901 eleemosynas
812 832 1041 898 faceret,
1071 847 1172 888 nec
1193 831 1258 886 ad
1283 847 1374 887 eas
1405 831 1671 902 augendas
1694 831 1890 886 fraudis

327 920 498 988 aliquid
543 923 850 990 rapinasque
888 924 1197 990 moliretur,
1228 932 1318 978 aut
1363 939 1543 978 earum
1575 923 1888 977 minuenda-

327 1027 423 1063 rum
451 1012 534 1064 vel
567 1014 976 1068 amittendarum
1008 1025 1149 1069 metu
1179 1016 1230 1068 in
1275 1014 1487 1084 aliquod
1513 1015 1714 1070 facinus
1738 1014 1889 1084 ﬂagi-

326 1102 503 1156 tiumvc
537 1103 811 1158 laberetur
841 1105 1096 1174 (alioquin
1123 1105 1232 1172 jam
1261 1120 1319 1159 se
1347 1105 1446 1158 isto
1472 1104 1631 1158 modo
1651 1105 1718 1158 ab
1749 1104 1888 1159 illius

325 1193 630 1249 fundamenti
659 1197 944 1251 stabilitate
971 1198 1362 1268 subtraheret),
1393 1197 1485 1252 sed
1517 1207 1729 1266 propter
1765 1211 1886 1250 car-

323 1289 476 1341 nalem
498 1331 511 1348 ,
542 1298 600 1344 ut
627 1289 770 1352 dixi,
819 1307 973 1360 quem
1007 1291 1057 1344 in
1099 1291 1177 1345 eis
1207 1290 1427 1345 haberet
1458 1289 1703 1345 affectum
1726 1333 1740 1356 ,
1782 1305 1887 1358 quo

321 1381 495 1434 talibus
539 1381 693 1436 bonis
716 1382 832 1436 sine
862 1382 1043 1437 dolore
1067 1397 1250 1436 carere
1274 1397 1378 1435 non
1401 1391 1616 1450 posset;
1654 1380 1884 1435 {adifica-

320 1483 390 1526 ret
411 1487 572 1541 super
598 1471 995 1526 fundamentum
1025 1472 1153 1526 illud
1183 1473 1343 1541 ligna,
1373 1471 1571 1538 fenum,
1598 1472 1842 1540 stipulam
1868 1489 1880 1522 :

321 1562 544 1616 maxime
580 1563 621 1615 si
647 1570 701 1616 et
729 1577 948 1617 uxorem
980 1563 1057 1616 sic
1096 1562 1347 1623 haberet,
1385 1570 1445 1616 ut
1484 1562 1641 1615 etiam
1671 1569 1886 1629 propter

323 1652 474 1720 ipsam
511 1653 764 1722 cogitaret
789 1668 848 1707 ea
879 1669 996 1722 quae
1023 1662 1146 1707 sunt
1170 1652 1386 1719 mundi,
1413 1650 1680 1722 quomodo
1705 1651 1883 1720 place-

321 1753 390 1796 ret
412 1745 582 1796 uxori.
616 1744 740 1798 Haec
778 1744 934 1813 igitur
967 1745 1216 1813 quoniam
1243 1743 1432 1798 affectu
1463 1743 1655 1797 dilecta
1683 1743 1881 1796 carnali

322 1850 412 1889 non
434 1837 550 1890 sine
576 1836 762 1891 dolore
787 1837 1099 1891 amittuutur
1118 1879 1132 1902 ,
1167 1847 1444 1906 propterea
1469 1836 1556 1906 qui
1587 1851 1649 1890 ea
1677 1836 1756 1890 sic
1783 1836 1880 1889 ha-

321 1925 461 1990 bent,
501 1937 557 1980 ut
587 1927 821 1982 habeant
848 1927 899 1981 in
932 1927 1276 1982 fundamento
1302 1926 1457 1980 fidem
1479 1969 1493 1991 ,
1533 1943 1651 1996 qua:
1677 1941 1771 1996 per
1797 1925 1882 1980 di-

320 2017 578 2072 lectionem
607 2027 880 2088 operatur,
905 2034 1005 2074 nec
1031 2018 1152 2072 huic
1181 2019 1278 2072 ista
1307 2018 1414 2072 ulla
1447 2017 1648 2071 ratione
1673 2017 1756 2071 vel
1785 2031 1880 2070 cu-

323 2111 518 2180 piditate
553 2122 899 2182 praeponam,
933 2114 984 2166 in
1014 2127 1195 2166 eorum
1239 2111 1522 2165 amissione
1549 2111 1685 2178 passi
1714 2108 1878 2163 detri-

317 2215 536 2260 mentum
557 2250 570 2271 ,
603 2222 699 2276 per
722 2207 898 2276 ignem
935 2205 1214 2276 quemdam
1241 2204 1442 2258 doloris
1470 2201 1782 2273 perveniunt
1815 2201 1878 2255 ad
1899 2206 1912 2216 '

314 2295 537 2350 salutem.
567 2298 609 2349 Α
634 2311 739 2366 quo
759 2295 944 2349 dolore
958 2303 1115 2362 atque
1135 2293 1456 2348 detrimento
1479 2300 1624 2346 tanto
1645 2300 1722 2346 est
1741 2291 1884 2360 quis-

311 2400 401 2454 que
424 2386 683 2449 securior,
717 2396 918 2456 quanto
943 2401 1005 2440 ea
1041 2386 1121 2440 vel
1153 2386 1328 2438 minus
1357 2383 1632 2447 amaverit,
1650 2383 1734 2436 vel
1766 2391 1883 2436 tan-

310 2493 450 2546 quam
480 2492 588 2532 non
618 2476 822 2531 habens
851 2476 1108 2529 habuerit.
1142 2474 1238 2542 Qui
1265 2489 1394 2527 vero
1435 2481 1652 2542 prepter
1679 2471 1766 2525 illa
1796 2471 1877 2524 vel

310 2568 529 2622 tenenda
570 2570 654 2623 vel
696 2567 1035 2637 adipiscenda
1059 2609 1071 2629 ,
1104 2566 1439 2620 homicidium
1467 2606 1478 2626 ,
1522 2565 1834 2618 adulterium
1861 2606 1875 2628 ,

308 2656 696 2712 fornicationem
719 2698 735 2721 ,
768 2657 1113 2712 idololatriam
1137 2699 1151 2722 ,
1185 2666 1238 2710 et
1259 2656 1448 2709 similia
1476 2671 1698 2725 qumque
1727 2669 1877 2707 com-

307 2748 534 2813 miserit,
571 2764 676 2803 non
708 2759 924 2819 propter
949 2747 1344 2802 fundamentum
1370 2761 1464 2816 per
1489 2746 1662 2814 ignem
1703 2745 1876 2798 salva-

306 2836 450 2904 bitur,
467 2839 562 2894 sed
577 2840 776 2894 amisso
792 2839 1154 2904 fundamento,
1175 2849 1372 2892 aeterno
1389 2839 1508 2908 igne
1526 2838 1873 2907 torquebitur.

368 2933 415 2986 7.
442 2952 460 2984 ι
498 2933 862 2999 Quamobrem
904 2940 957 2986 et
985 2931 1110 2984 illud
1137 2930 1276 3000 quod
1306 2929 1519 2992 dicunt,
1551 2929 1709 2983 veluti
1748 2944 1874 2998 pro-

305 3022 420 3078 bare
444 3026 726 3092 cupientes
767 3030 1019 3093 quantum
1050 3021 1220 3074 valeat
1264 3020 1372 3073 sola
1404 3018 1533 3073 ﬁdes
1554 3061 1566 3082 ,
1601 3019 1687 3072 ubi
1731 3020 1876 3086 Apo-

308 3113 466 3168 stolus
489 3115 638 3178 dicit,
666 3113 818 3177 Quod
841 3113 884 3166 si
913 3111 1130 3179 inﬁdelis
1156 3109 1384 3174 discedit,
1408 3109 1658 3170 discedat;
1679 3125 1779 3161 non
1805 3117 1876 3161 est

303 3207 423 3258 enim
449 3207 679 3260 servituti
719 3203 969 3275 subjectus
1005 3207 1166 3271 frater
1192 3201 1268 3254 vel
1295 3216 1440 3253 soror
1468 3199 1521 3252 in
1568 3198 1860 3267 hujusmodi

305 3295 339 3364 (Ι
359 3296 467 3351 Cor.
499 3313 571 3350 vn
595 3339 607 3354 .
641 3296 768 3364 15);
799 3293 850 3348 id
882 3301 981 3357 est,
1003 3301 1058 3346 ut
1087 3300 1307 3361 propter
1334 3289 1489 3344 fidem
1503 3289 1696 3344 Christi
1714 3288 1874 3342 etiam

304 3386 400 3455 ipsa
429 3402 564 3441 uxor
589 3386 825 3456 legitima
856 3383 1108 3438 societate
1130 3382 1430 3449 conjuncta,
1459 3381 1574 3434 sine
1595 3379 1697 3434 ulla
1720 3379 1873 3450 culpa

306 3476 624 3547 relinquatur
643 3519 658 3542 ,
687 3475 732 3529 si
752 3490 872 3529 cum
896 3476 1010 3527 viro
1034 3471 1324 3527 christiano
1345 3511 1358 3535 ,
1394 3480 1610 3541 propter
1629 3469 1730 3524 hoc
1751 3469 1873 3538 quia

301 3567 610 3623 christianos
650 3575 767 3633 est,
817 3579 1129 3634 permanere
1157 3563 1387 3616 noluerit
1420 3580 1432 3615 :
1463 3578 1567 3616 non
1597 3560 1874 3615 attendunt

299 3673 357 3711 eo
379 3660 534 3713 modo
562 3659 713 3713 illam
742 3657 1038 3710 rectissime
1077 3654 1303 3716 dimitti,
1348 3653 1392 3706 si
1417 3653 1531 3706 viro
1567 3667 1666 3707 suo
1691 3651 1868 3716 dicat,

299 3745 401 3802 Non
427 3763 522 3803 ero
561 3763 704 3802 uxor
730 3754 817 3800 tua
835 3785 850 3810 ,
878 3745 977 3799 nisi
1007 3744 1134 3798 mihi
1161 3745 1241 3796 vel
1269 3743 1335 3798 de
1360 3743 1635 3797 latrocinio
1658 3741 1873 3797 divitias

301 3854 545 3911 congeras
566 3882 582 3905 ,
618 3846 713 3894 aut
740 3838 840 3892 nisi
884 3837 1036 3891 solita
1065 3836 1324 3891 lenocinia
1345 3877 1360 3903 ,
1405 3836 1598 3905 quibus
1635 3844 1870 3888 nostram

296 3928 505 3984 domum
535 3928 872 3999 transigebas
891 3967 906 3992 ,
936 3926 1092 3981 etiam
1123 3926 1444 3980 christianus
1467 3938 1752 3987 exerceas;
1785 3933 1874 3978 aut

297 4019 339 4072 si
378 4020 501 4088 quid
529 4017 674 4074 aliud
707 4018 789 4072 vel
820 4017 1174 4071 facinorosum
1213 4016 1293 4069 vel
1326 4015 1643 4083 flagitiosum
1683 4013 1733 4066 in
1760 4013 1874 4068 viro

300 4119 540 4171 n0verat,
563 4125 667 4179 quo
696 4107 959 4162 delectata
984 4107 1062 4160 vel
1094 4105 1363 4161 libidinem
1388 4103 1654 4173 explebat,
1686 4103 1766 4157 vel
1799 4102 1876 4156 fa-

299 4201 456 4255 cilem
489 4202 674 4256 victum
713 4199 975 4263 habebat,
1008 4198 1090 4253 vel
1118 4199 1275 4251 etiam
1311 4195 1590 4250 incedebat
1618 4195 1870 4249 ornatior.

298 4289 446 4346 Tunc
470 4293 614 4346 enim
637 4292 725 4344 ille
749 4291 835 4344 cui
859 4290 959 4343 hoc
974 4303 1108 4342 uxor
1130 4289 1276 4348 dicit,
1296 4289 1338 4340 si
1364 4287 1623 4342 veraciter
1641 4287 1744 4357 egit
1763 4302 1876 4356 poe-

296 4385 568 4437 nitentiam
612 4383 680 4436 ab
721 4381 970 4448 operibus
1001 4380 1255 4440 mortuis,
1291 4378 1501 4448 quando
1540 4379 1764 4433 accessit
1807 4377 1871 4431 ad

296 4471 626 4543 Baptismum
647 4514 662 4538 ,
695 4472 958 4540 habetque
988 4471 1038 4524 in
1069 4469 1412 4523 fundamento
1439 4468 1595 4523 fidem
1634 4485 1750 4539 qum
1782 4483 1875 4537 per

292 4562 634 4618 dilectionem
679 4569 963 4630 Operatttr,
1010 4559 1192 4628 procul
1238 4559 1400 4613 dubio
1448 4559 1567 4628 plus
1615 4559 1876 4612 tenebitur

287 4669 472 4709 amore
510 4653 706 4707 divium
730 4653 911 4721 gratia:
933 4691 946 4713 ,
977 4665 1135 4718 quam
1162 4650 1336 4702 carnis
1359 4649 1561 4703 uxorize
1582 4689 1596 4713 ,
1626 4656 1678 4702 et
1703 4663 1874 4702 mem-

282 4748 442 4802 brum
468 4745 614 4817 quod
641 4760 761 4799 eum
787 4742 1130 4806 scandalizat,
1164 4741 1368 4797 fortiter
1392 4748 1646 4810 amputat.
1675 4739 1872 4807 Quem-

281 4854 527 4908 cumque
545 4847 720 4891 autem
739 4839 789 4889 in
817 4835 915 4889 hac
930 4835 1284 4903 diremptione
1307 4833 1547 4888 dolorem
1568 4832 1747 4887 cordis
1762 4848 1877 4902 pro-

283 4940 404 4999 pter
449 4929 729 4982 carnalem
759 4927 1002 4980 allectum
1029 4925 1268 4993 conjugis
1306 4925 1618 4988 sustinebit,
1653 4925 1754 4979 hoc
1793 4934 1878 4979 est

278 5022 672 5076 detrimentum
700 5017 840 5087 quod
883 5017 1141 5086 patietur,
1180 5017 1262 5069 hic
1298 5025 1381 5070 est
1421 5016 1554 5086 ignis
1585 5031 1677 5085 per
1717 5031 1874 5086 quem

275 5115 408 5170 feno
434 5114 668 5169 ardente
695 5113 809 5180 ipse
847 5110 1150 5165 salvabitur.
1181 5109 1237 5164 Si
1258 5118 1431 5163 autem
1468 5111 1576 5178 jam
1607 5111 1683 5163 sic
1709 5110 1874 5165 habe-

277 5205 366 5258 bat
412 5219 646 5259 uxorem
675 5212 926 5272 tanquam
954 5217 1056 5255 non
1101 5201 1300 5255 habens
1322 5241 1336 5267 ,
1365 5215 1469 5253 non
1506 5208 1720 5269 propter
1744 5215 1874 5254 cou-

273 5296 679 5366 cupiscentiam
700 5338 716 5361 ,
763 5295 854 5350 sed
886 5303 1103 5364 propter
1146 5292 1562 5348 misericordiam
1584 5333 1599 5356 ,
1643 5310 1710 5348 ne
1739 5294 1876 5350 forte

274 5403 396 5442 eam
428 5387 641 5442 salvam
673 5386 888 5451 faceret,
913 5384 1142 5438 reddens
1162 5387 1336 5454 potius
1363 5400 1518 5453 quam
1549 5384 1765 5454 exigens
1785 5385 1879 5440 de-

271 5478 454 5534 bitum
488 5478 803 5548 conjugale;
832 5476 1069 5546 profecto
1099 5492 1196 5531 nec
1221 5477 1418 5530 dolebit
1437 5477 1737 5543 carnaliter,
1757 5493 1877 5532 cum

269 5575 341 5629 ab
372 5576 477 5628 illo
523 5574 631 5628 tale
664 5571 990 5627 connubium
1034 5571 1364 5641 separabitur
1395 5588 1408 5624 :
1442 5586 1613 5639 neque
1655 5573 1794 5626 enim
1825 5572 1876 5625 in

270 5681 338 5720 ea
381 5665 694 5737 cogitabat,
741 5663 846 5717 nisi
885 5679 1005 5733 quae
1032 5672 1155 5717 sunt
1179 5663 1308 5728 Dei,
1355 5662 1623 5732 quomodo
1651 5664 1880 5732 placeret

265 5755 392 5813 Deo
420 5757 472 5827 (Ι
486 5756 606 5814 Cor.
628 5771 724 5824 vn,
739 5753 958 5825 29-34).
977 5757 1056 5811 Ac
1079 5768 1174 5824 per
1195 5752 1298 5811 hoc
1321 5769 1376 5811 tn
1400 5763 1654 5825 quantum
1670 5769 1877 5822 aurum,

1769 5909 1796 5914 »υ
1829 5897 1972 5920 ειὶὰδηδ
1999 5894 2066 5911 λ’,

1727 258 1924 313 LIBER
1964 257 2162 313 UNUS.

3484 270 3588 334 184

2003 382 2276 442 argentum
2296 413 2309 436 ,
2339 383 2386 427 et
2419 374 2618 444 lapides
2646 377 2907 446 pretiosos
2937 378 3043 434 illis
3065 381 3473 451 cogitationibus
3497 403 3588 444 εει-ρ

2001 466 2414 536 permdilicabat,
2436 469 2484 520 iu
2517 479 2716 523 tantum
2744 470 3121 527 detrimentum
3145 474 3347 530 nullum
3381 488 3588 548 patere-

2003 567 2105 622 tur,
2126 560 2176 612 in
2197 567 2398 614 tantum
2416 560 2530 629 ejus
2551 571 2835 629 structura,
2855 580 2971 634 qua:
2992 581 3094 620 non
3115 578 3230 623 erat
3247 567 3420 634 fenea,
3444 573 3586 628 nullo

1999 651 2246 706 incendio
2275 661 2621 707 cremaretur.

2069 741 2120 795 8.
2170 759 2188 791 ί
2223 741 2347 796 Sive
2390 758 2516 812 ergo
2558 743 2608 796 in
2652 743 2750 798 hac
2797 754 2999 800 tantum
3044 747 3149 802 vita
3194 749 3291 803 ista
3338 752 3580 810 homines

2000 830 2286 898 patiuntur,
2318 831 2430 885 sive
2457 833 2614 886 etiam
2650 842 2766 902 post
2794 833 2928 888 hanc
2968 836 3127 890 vitam
3173 839 3294 892 talia
3341 842 3582 909 quredam

1992 922 2188 990 judicia
2207 923 2618 992 subsequuntur,
2641 941 2745 978 non
2771 925 3040 993 abhorret,
3061 939 3312 997 quantum
3334 932 3583 994 arbitror,

1995 1025 2026 1064 a
2055 1013 2259 1066 ratione
2289 1014 2526 1068 veritatis
2554 1014 2652 1068 iste
2683 1016 2984 1070 intellectus
3025 1017 3247 1087 hujusce
3283 1023 3582 1078 sententiae.

1996 1103 2372 1160 Verumtamen
2401 1107 2557 1160 etiam
2589 1108 2631 1160 si
2657 1120 2737 1160 est
2758 1108 2910 1173 alius,
2937 1111 3023 1178 qui
3048 1111 3174 1164 mihi
3198 1127 3300 1165 non
3323 1117 3575 1182 occurrit,

1993 1197 2170 1266 potius
2196 1198 2506 1267 eligendus;
2539 1199 2696 1252 istum
2725 1201 2974 1268 quamdiu
3004 1209 3266 1268 tenemus,
3298 1220 3401 1257 non
3428 1205 3574 1275 cogi-

1994 1306 2112 1343 mur
2135 1290 2311 1344 dicere
2344 1291 2552 1359 injustis
2573 1334 2585 1357 ,
2615 1307 2718 1344 non
2742 1291 2987 1355 subditis,
3023 1294 3281 1357 scelestis,
3313 1296 3576 1362 contami-

1992 1382 2148 1445 natis,
2175 1383 2470 1450 parricidis,
2491 1383 2801 1448 matricidis,
2824 1384 3118 1450 homicidis,
3147 1388 3576 1455 fornicatoribus,

1991 1472 2350 1525 masculorum
2378 1474 2807 1527 concubitoribus
2826 1515 2840 1538 ,
2873 1474 3163 1542 plagiariis,
3197 1476 3537 1531 mendacibus
3558 1519 3573 1540 ,

1991 1563 2216 1631 perjuris
2237 1605 2250 1626 ,
2284 1572 2333 1616 et
2361 1564 2403 1616 si
2436 1563 2560 1631 quid
2588 1563 2731 1618 aliud
2760 1579 2902 1618 same
2943 1564 3200 1620 doctrina:
3240 1565 3570 1632 adversatur,

1988 1668 2105 1721 quae
2127 1662 2206 1706 est
2223 1653 2511 1706 secundum
2533 1655 2869 1722 Evangelium
2893 1654 3075 1724 glorie
3101 1655 3236 1710 beati
3257 1656 3348 1712 Dei
3373 1657 3414 1728 (ι
3439 1656 3571 1712 Tim.

1991 1763 2033 1813 ι,
2059 1747 2215 1817 9-H)
2238 1766 2249 1800 :
2274 1747 2329 1802 Si
2359 1747 2723 1802 tantummodo
2742 1749 2792 1801 in
2827 1747 3092 1802 Christum
3119 1748 3348 1804 credatis
3367 1789 3383 1815 ,
3413 1757 3466 1804 et
3489 1764 3575 1803 sa-

1986 1846 2315 1891 cramentum
2366 1837 2618 1902 Baptismi
2665 1838 2781 1904 ejus
2826 1837 3117 1907 accipiatis,
3161 1839 3370 1894 etiamsi
3408 1841 3569 1895 vitam

1985 1928 2139 1983 istam
2169 1930 2453 1998 pessimam
2482 1945 2588 1982 non
2622 1928 2974 1995 mutaveritis,
3005 1929 3134 1983 salvi
3165 1929 3336 1985 erilis.

2056 2023 2111 2077 9.
2155 2041 2174 2074 ι
2203 2023 2359 2078 Unde
2382 2039 2479 2078 nec
2502 2025 2587 2077 illa
2620 2025 2772 2078 nobis
2797 2024 2985 2079 mulier
3011 2023 3306 2079 Chananrea
3333 2025 3574 2094 praescri-

1985 2112 2058 2166 bit
2079 2155 2093 2179 ,
2122 2114 2242 2182 quia
2283 2114 2540 2168 Dominus
2568 2115 2615 2168 ei
2646 2114 2788 2183 quod
2837 2115 3048 2184 petebat
3090 2115 3269 2182 dedit,
3299 2131 3419 2170 cum
3446 2125 3570 2172 ante

1985 2203 2224 2270 dixisset,
2261 2203 2380 2258 Non
2401 2217 2471 2258 est
2498 2205 2683 2259 bonum
2710 2205 2882 2260 tollere
2909 2223 3090 2278 panem
3113 2207 3352 2275 ﬁliorum,
3380 2217 3424 2262 et
3451 2208 3569 2260 mit-

1984 2305 2086 2349 tere
2109 2298 2344 2361 canibus;
2367 2299 2487 2367 quia
2515 2299 2604 2352 ille
2633 2299 2810 2353 cordis
2836 2300 3103 2368 inspector
3129 2309 3381 2353 mutatam
3409 2299 3564 2364 vidit,

1983 2386 2195 2456 quando
2227 2388 2478 2441 laudarit.
2507 2388 2570 2441 Et
2599 2387 2716 2442 ideo
2740 2405 2845 2442 non
2877 2389 2983 2451 ait,
3004 2390 3048 2442 0
3076 2389 3242 2454 canis,
3274 2404 3461 2458 magna
3485 2398 3567 2443 est

1986 2477 2116 2532 fides
2145 2481 2263 2531 tua!
2290 2479 2381 2533 sed
2405 2522 2417 2541 ,
2452 2479 2495 2532 0
2517 2481 2713 2543 mulier,
2741 2497 2923 2551 magna
2951 2489 3022 2534 est
3051 2481 3174 2549 ﬁdes
3217 2489 3302 2532 tua
3342 2480 3563 2550 (Matth.

1982 2585 2072 2635 xv,
2101 2569 2191 2635 26,
2218 2570 2346 2639 28)!
2379 2571 2593 2624 Mutavit
2617 2572 2932 2626 vocabulum
2954 2614 2968 2638 ,
3000 2572 3122 2642 quia
3149 2581 3405 2626 mutatum
3433 2573 3564 2628 vidit

1980 2660 2251 2724 affectum,
2287 2670 2443 2730 atque
2485 2661 2626 2716 illam
2653 2664 3044 2731 correptionem
3082 2663 3147 2717 ad
3186 2662 3411 2717 fructum
3441 2679 3563 2733 pcr-

1982 2749 2190 2803 venisse
2220 2750 2486 2819 cognovit.
2512 2751 2669 2804 Miror
2696 2760 2870 2804 autem
2903 2752 2946 2804 si
2975 2750 3210 2805 laudaret
3237 2751 3288 2804 in
3313 2766 3374 2805 ea
3405 2751 3560 2805 fidem

1980 2842 2093 2894 sine
2120 2841 2368 2910 operibus
2387 2883 2401 2907 ,
2427 2842 2474 2896 id
2502 2851 2615 2907 est,
2645 2842 2800 2897 fidem
2842 2859 2946 2897 non
2983 2843 3139 2897 talem
3174 2858 3290 2912 qua:
3315 2843 3424 2912 jam
3469 2859 3562 2914 per

1980 2929 2324 2985 dilectionem
2369 2941 2548 3001 posset
2581 2934 2810 3002 operari,
2841 2933 2997 2987 fidem
3027 2941 3310 2998 mortuam,
3345 2941 3396 2988 et
3423 2933 3562 3003 quod

1977 3019 2208 3075 Jacobus
2234 3021 2412 3076 dicere
2441 3022 2660 3076 minime
2685 3023 2963 3088 dubitavit,
2996 3023 3150 3077 fidem
3183 3039 3286 3078 non
3304 3023 3561 3077 Christia-

1978 3128 2189 3177 norum,
2213 3113 2306 3166 sed
2327 3113 2647 3166 d:cmonum.
2672 3113 2948 3168 Postremo
2968 3113 3010 3166 si
3038 3114 3188 3166 istam
3207 3112 3558 3167 Chanana-am

1979 3203 2167 3258 nolunt
2212 3202 2510 3273 intelligere
2559 3212 2790 3258 mutasse
2838 3202 3070 3272 perditos
3116 3218 3320 3268 mores,
3351 3202 3560 3272 quando

1977 3309 2094 3348 eam
2121 3294 2363 3349 Christus
2387 3293 2777 3349 contemnendo
2801 3302 2856 3348 et
2882 3292 3217 3361 corripiendo
3248 3293 3515 3364 redarguit
3542 3311 3555 3348 :

1976 3399 2338 3453 quoscumque
2373 3385 2669 3438 invenerint
2715 3383 3078 3438 tantummodo
3120 3383 3356 3448 credere,
3399 3385 3557 3438 vitam

1975 3489 2104 3528 vero
2125 3475 2620 3544 inquinatissimam,
2639 3489 2738 3530 nec
2766 3475 2953 3530 saltem
2971 3474 3254 3540 occultare,
3281 3473 3373 3530 sed
3398 3474 3557 3530 etiam

1977 3562 2140 3618 libere
2164 3564 2426 3632 profiteri,
2457 3580 2518 3618 ac
2545 3565 2686 3620 nolle
2711 3573 2945 3630 mutare;
2972 3574 3165 3620 sanent
3184 3563 3318 3619 filios
3341 3581 3548 3633 eorum,

1975 3653 2018 3706 si
2052 3663 2291 3721 possunt,
2327 3655 2464 3708 sicut
2497 3663 2678 3708 sanata
2705 3664 2786 3708 est
2813 3653 2918 3709 filia
2947 3653 3260 3709 Chananzeaa
3287 3655 3554 3720 mulieris;

1977 3757 2080 3797 non
2104 3753 2276 3798 tamen
2303 3758 2396 3798 eos
2419 3744 2612 3798 faciant
2640 3743 2876 3799 membra
2901 3744 3134 3811 Christi,
3159 3759 3280 3800 cum
3308 3745 3406 3814 ipsi
3434 3759 3556 3798 esse

1978 3849 2081 3887 non
2097 3834 2342 3888 desinant
2359 3835 2595 3889 membra
2608 3836 2934 3890 meretricis»
2961 3834 3066 3905 (De
3084 3835 3186 3904 ﬁde
3217 3845 3262 3889 et
3291 3833 3553 3905 Operibus,

1977 3940 2091 3993 cap.
2129 3924 2338 3994 14-16).
2489 3931 2491 3934 ‘

2049 4014 2136 4068 lo.
2181 4014 2310 4068 ltem
2339 4015 2390 4068 in
2421 4029 2484 4069 eo
2511 4014 2647 4069 libro
2673 4014 2757 4068 cui
2784 4013 2965 4069 titulus
2993 4020 3110 4077 est,
3141 4011 3208 4069 de
3232 4011 3363 4068 Fide
3384 4055 3398 4080 ,
3427 4010 3554 4084 Spe,

1977 4113 2027 4160 et
2057 4103 2359 4168 Charitate,
2389 4119 2548 4174 quem
2591 4105 2779 4174 scripsi
2823 4104 2889 4160 ad
2932 4104 3096 4159 filium
3131 4119 3310 4160 meum
3339 4101 3558 4160 fratrem

1977 4202 2123 4248 tuum
2164 4194 2543 4261 Laurentium,
2572 4195 2671 4249 ista
2709 4194 2777 4250 de
2808 4194 2906 4250 hac
2947 4212 3009 4251 re
3045 4195 3207 4251 verba
3235 4211 3352 4250 mea
3390 4205 3554 4250 sunt:

1983 4305 2003 4339 ι
2029 4286 2358 4351 Creduntur,
2401 4290 2646 4357 inquam,
2694 4303 2724 4341 a
2763 4288 3074 4358 quibusdam
3105 4327 3120 4354 ,
3157 4287 3316 4342 etiam
3362 4287 3413 4341 hi
3467 4287 3557 4357 qui

1978 4397 2170 4435 nomen
2203 4380 2398 4435 Christi
2431 4397 2533 4436 non
2561 4381 2884 4450 relinquunt,
2917 4389 2969 4436 et
2997 4380 3112 4449 ejus
3138 4379 3350 4435 lavacro
3378 4378 3429 4432 in
3458 4379 3558 4434 Ec-

1977 4471 2138 4525 clesia
2169 4470 2522 4539 baptizantur,
2553 4485 2649 4524 nec
2675 4470 2742 4523 ab
2775 4485 2836 4525 ea
2882 4469 2991 4524 ullo
3023 4469 3308 4524 schismate
3335 4468 3417 4522 vel
3446 4467 3557 4521 ha:-

1978 4561 2084 4614 resi
2124 4560 2503 4628 prmciduntur,
2536 4559 2587 4612 in
2628 4559 2970 4628 quantislibet
3010 4559 3302 4614 sceleribus
3345 4559 3555 4623 vivant,

1977 4669 2094 4723 quae
2115 4668 2212 4707 nec
2231 4653 2432 4706 diluant
2447 4651 2772 4721 pmnitendo,
2793 4651 3254 4722 neceleemosynis
3272 4649 3553 4713 redimam,

1978 4744 2072 4798 sed
2089 4745 2140 4797 in
2156 4743 2236 4797 eis
2252 4757 2418 4812 usque
2430 4742 2495 4796 ad
2516 4741 2671 4812 hujus
2686 4743 2806 4796 vita:
2823 4741 3062 4796 ultimum
3084 4741 3222 4796 diem
3248 4742 3547 4811 pertinacis-

1979 4834 2113 4889 sime
2147 4841 2518 4903 perseverent,
2552 4833 2682 4887 salvi
2721 4833 2881 4886 futuri
2914 4847 3008 4901 per
3048 4832 3252 4900 ignem;
3298 4832 3420 4884 licet
3464 4847 3556 4899 pro

1980 4925 2340 4996 magnitudine
2369 4925 2660 4981 facinorum
2688 4924 3112 4994 ﬂagitiorumque
3139 4922 3389 4976 diuturno
3410 4964 3422 4984 ,
3449 4939 3551 4976 non

1982 5027 2154 5073 tamen
2195 5025 2394 5072 aiterno
2437 5018 2555 5086 igne
2590 5016 2776 5086 puniti.
2807 5014 2913 5069 Sed
2955 5013 3044 5084 qui
3090 5012 3190 5072 hoc
3216 5013 3468 5078 credunt,
3507 5024 3558 5067 et

1981 5117 2156 5162 tamen
2195 5108 2445 5162 catholici
2475 5116 2634 5172 sunt,
2664 5105 2892 5160 humana
2922 5105 3146 5175 quadam
3187 5105 3552 5162 benevolentia

1980 5199 2109 5252 mihi
2135 5197 2240 5250 falli
2265 5197 2694 5251 videntur:nam
2720 5195 2990 5266 Scriptura
3033 5196 3209 5253 divina
3251 5195 3394 5252 aliud
3419 5211 3554 5249 con-

1981 5291 2119 5346 sulta
2144 5290 2448 5359 respondet.
2470 5289 2685 5343 Librum
2708 5298 2883 5344 autem
2911 5290 2977 5345 de
2998 5289 3099 5346 hac
3122 5289 3413 5361 qurestione
3433 5302 3560 5342 con-

1982 5385 2164 5454 scripsi
2187 5425 2200 5450 ,
2240 5383 2392 5453 cujus
2423 5382 2603 5436 titulus
2629 5391 2742 5449 est,
2773 5382 2840 5439 de
2875 5383 3005 5438 Fide
3042 5391 3097 5438 et
3132 5380 3425 5451 Operibus;
3467 5376 3553 5433 ubi

1983 5476 2274 5533 secundum
2302 5475 2600 5543 Strtpturas
2620 5484 2850 5540 sanctas,
2871 5483 3124 5545 quantum
3148 5473 3258 5526 Deo
3277 5469 3561 5540 adjuvante

1985 5569 2165 5638 potui,
2209 5567 2572 5621 demonstravi
2596 5582 2713 5621 eam
2743 5566 2900 5621 ﬁdem
2940 5565 3114 5618 salvos
3153 5559 3360 5627 facere,
3403 5574 3559 5630 quam

1986 5660 2113 5715 satis
2157 5657 2428 5712 evidenter
2474 5659 2734 5730 expressit
2764 5657 2955 5711 Paulus
2990 5652 3294 5723 apostolus,
3328 5651 3514 5707 dicens
3545 5667 3561 5706 :

1985 5753 2052 5808 In
2075 5751 2273 5809 Christo
2304 5753 2436 5808 enim
2459 5753 2585 5810 Iesu
2609 5767 2764 5824 neque
2782 5747 3092 5804 circumcisio
3115 5745 3388 5820 quidquam
3408 5742 3564 5816 valet,

2095 5892 2140 5906 θ,
2159 5883 2218 5902 ’,σς
2256 5871 2277 5890 ‘v
2301 5878 2437 5893 ειν-ιθ-
