4134 6208
439 155 545 213 155

438 285 599 343 neque
620 265 945 341 praeputium,
973 264 1069 323 sed
1091 263 1219 337 ﬁdes
1243 280 1358 337 quae
1381 282 1472 337 per
1497 265 1817 320 dilectionem
1839 280 2024 336 opera-

438 346 522 417 tur
552 357 744 435 (Galat.
768 373 825 427 γ,
842 357 922 439 6).
944 357 1002 415 Si
1028 366 1205 415 autem
1223 358 1386 429 male,
1403 367 1458 414 et
1471 372 1579 414 non
1596 357 1734 415 bene
1753 364 2024 433 operatur,

436 450 624 526 procul
650 451 812 509 dubio
830 493 845 519 ,
877 450 1167 507 secundum
1193 451 1489 523 apostolum
1517 449 1772 507 Jacobum
1789 490 1804 515 ,
1828 458 2029 505 mortua

439 554 515 600 est
541 545 595 599 in
625 545 909 616 semetipsa.
934 543 1032 613 Qui
1063 559 1245 600 rursus
1276 544 1386 599 ait:
1413 544 1473 600 Si
1501 542 1656 615 ﬁdem
1679 541 1815 597 dicat
1835 560 1887 598 se
1918 542 2031 612 quis

440 636 645 706 habere,
670 654 825 708 opera
852 645 1018 690 autem
1043 653 1142 691 non
1176 636 1388 703 habeat,
1426 635 1671 704 numquid
1699 636 1881 707 poterit
1904 634 2030 703 ﬁdes

438 730 637 787 sulcare
669 746 784 785 eum
801 728 828 782 7
854 729 1019 785 Porro
1048 737 1224 783 autem
1265 728 1309 782 si
1353 728 1512 781 homo
1537 736 1714 782 autem
1740 726 2030 782 sceleratus

439 829 663 893 propter
689 819 845 874 ﬁdem
876 820 1043 873 solam
1072 835 1168 891 per
1198 819 1373 887 ignem
1415 818 1726 885 salvabitur,
1765 826 1820 873 et
1845 818 1922 872 sic
1949 826 2031 873 est

440 912 791 983 accipendum
822 898 963 982 quod
989 912 1061 967 ait
1085 913 1271 967 beatus
1294 911 1508 979 Paulus,
1531 910 1653 983 Ipse
1673 922 1840 969 autem
1862 911 2031 969 salvus

442 1009 558 1075 erit,
580 1008 654 1061 sic
673 1017 838 1061 tamen
854 1007 1001 1078 quasi
1016 1022 1105 1075 per
1121 1005 1306 1076 ignem,
1328 1006 1659 1075 poteritergo
1688 1005 1895 1061 salvere
1915 1004 2030 1061 sine

440 1101 696 1172 operibus
724 1099 854 1154 fides
875 1141 890 1166 ,
918 1106 973 1155 et
1016 1096 1207 1154 falsum
1234 1098 1336 1153 erit
1361 1097 1502 1169 quod
1532 1097 1666 1153 dixit
1692 1096 1808 1168 ejus
1835 1110 2032 1166 coapo-

439 1190 875 1248 stolus/Jaeobus
906 1208 918 1243 :
950 1189 1139 1245 falsum
1171 1189 1275 1244 erit
1312 1197 1367 1249 et
1394 1188 1525 1243 illud
1564 1187 1703 1258 quod
1732 1187 1877 1243 idem
1915 1186 2029 1257 ipse

440 1282 655 1350 Paulus,
687 1280 880 1348 Nolite,
914 1280 1101 1352 inquit,
1134 1297 1336 1347 errare;
1368 1295 1525 1352 neque
1550 1278 1911 1352 fornicatores,
1942 1294 2032 1332 ne-

443 1390 539 1442 que
566 1372 715 1429 idolis
741 1373 1028 1441 servientes,
1065 1389 1221 1441 neque
1245 1372 1485 1441 adulteri,
1517 1388 1674 1443 neque
1698 1369 1875 1427 molles
1892 1412 1907 1438 ,
1936 1386 2027 1426 ne-

440 1481 536 1535 que
558 1466 898 1519 masculorum
924 1464 1286 1531 concubitores,
1319 1480 1477 1538 neque
1500 1466 1659 1537 fures,
1688 1478 1845 1533 neque
1866 1462 2026 1527 avari,

440 1575 598 1630 neque
618 1558 872 1625 maledici,
901 1575 1059 1628 neque
1078 1556 1279 1624 ebriosi,
1302 1574 1459 1629 neque
1476 1573 1685 1629 rapaces
1704 1572 1915 1627 regnum
1935 1554 2032 1611 Dei

440 1650 784 1721 possidebunt.
818 1650 873 1706 Si
903 1650 1045 1709 enim
1076 1649 1236 1705 etiam
1269 1648 1322 1704 in
1352 1650 1467 1705 istis
1490 1656 1900 1720 perseverantes
1925 1645 2032 1701 Cl'l?

440 1739 708 1805 minibus,
753 1748 928 1797 tamen
979 1750 1199 1813 propter
1241 1738 1399 1796 ﬁdem
1438 1738 1640 1796 Christi
1681 1738 1813 1797 salvi
1840 1745 2026 1805 erunt,

441 1832 711 1902 quomodo
741 1832 792 1887 in
821 1847 985 1903 regno
1012 1831 1106 1886 Dei
1132 1846 1241 1887 non
1269 1831 1466 1886 erunt?

516 1923 604 1977 ll.
639 1942 658 1974 ι
693 1921 799 1978 Sed
840 1923 962 1993 quia
1004 1922 1120 1977 haec
1162 1921 1457 1993 apostolica
1500 1917 1931 1985 manifestissima
1977 1927 2033 1979 et

442 2013 775 2083 apertissima
811 2012 1112 2073 testimonia
1144 2012 1277 2079 falsa
1315 2026 1435 2068 esse
1465 2026 1571 2067 non
1609 2020 1862 2082 possunt;
1902 2008 2030 2069 illud

441 2104 582 2173 quod
613 2104 837 2159 obscure
862 2103 1060 2161 dictum
1106 2113 1221 2171 est,
1253 2103 1321 2167 de
1363 2103 1447 2159 his
1485 2103 1573 2174 qui
1605 2101 2032 2174 superaditicant

441 2210 603 2264 super
631 2194 1059 2261 fundamentum,
1091 2190 1232 2267 quod
1264 2203 1347 2250 est
1379 2193 1644 2262 Christus,
1675 2210 1782 2249 non
1811 2208 2027 2261 aurum,

440 2271 718 2355 argentum
738 2328 752 2353 ,
783 2286 986 2356 lapides
1013 2287 1276 2358 pretiosos
1296 2327 1310 2355 ,
1359 2285 1451 2341 sed
1480 2286 1616 2356 ligna
1639 2326 1653 2350 ,
1686 2283 1867 2345 fenum
1890 2326 1904 2353 ,
1935 2284 2029 2343 sli-

440 2376 618 2448 pulam
651 2377 737 2449 (de
766 2376 849 2431 his
877 2379 1018 2432 enim
1068 2378 1264 2432 dictum
1294 2387 1376 2431 est
1409 2375 1551 2451 quod
1576 2390 1672 2446 per
1695 2375 1869 2446 ignem
1897 2374 2028 2430 salvi

440 2475 629 2534 erunt,
682 2467 933 2538 quoniam
980 2467 1306 2527 fundamenti
1357 2466 1549 2521 merito
1589 2482 1694 2527 non
1730 2465 2028 2537 peribunt),

440 2559 520 2614 sic
543 2559 963 2630 intelligendum,
993 2569 1076 2615 est
1096 2568 1154 2614 ut
1176 2559 1259 2615 his
1283 2557 1579 2615 manifestis
1600 2573 1704 2614 non
1730 2559 2030 2621 inveniatur

443 2664 564 2705 esse
610 2651 956 2706 contrarium.
1005 2649 1165 2721 Ligna
1194 2650 1389 2721 quippe
1419 2657 1473 2704 et
1516 2648 1695 2705 fenum
1745 2658 1799 2705 et
1836 2648 2029 2721 stipula

440 2755 547 2796 non
572 2739 801 2795 absurde
827 2740 992 2810 accipi
1017 2750 1237 2810 possunt
1262 2755 1437 2797 rerum
1462 2739 1816 2807 saecularium,
1844 2755 2029 2807 quam-

441 2833 524 2887 vis
568 2832 708 2886 licite
738 2846 1110 2887 concessarum
1138 2872 1151 2898 ,
1200 2830 1332 2886 tales
1375 2830 1725 2901 cupiditates,
1774 2838 1832 2895 ιιι
1859 2833 2030 2901 amitti

440 2926 557 2983 sine
585 2925 745 2980 animi
770 2924 956 2980 dolore
983 2940 1087 2980 non
1115 2924 1339 2995 possint.
1369 2923 1503 2979 Cum
1533 2932 1710 2980 autem
1750 2922 1851 2979 iste
1874 2923 2033 2981 dolor

443 3017 570 3086 urit,
598 3016 642 3072 si
672 3015 915 3072 Christus
944 3016 994 3071 in
1022 3014 1182 3070 corde
1211 3013 1537 3070 fundamenti
1565 3013 1727 3070 habet
1753 3014 1945 3081 locum,
1978 3013 2031 3075 id

443 3117 556 3175 est,
585 3118 639 3164 ut
681 3108 728 3163 ei
768 3107 898 3165 nihil
937 3112 1310 3177 anteponatur,
1346 3113 1403 3160 et
1437 3106 1589 3161 malit
1618 3103 1781 3163 homo
1817 3106 1905 3179 qui
1939 3106 2029 3163 tali

443 3199 633 3257 dolore
670 3200 860 3269 uritur,
900 3199 1061 3255 rebus
1100 3212 1232 3275 quas
1262 3197 1331 3253 ita
1375 3197 1579 3269 diligit,
1623 3212 1840 3262 carere,
1871 3213 2030 3267 quam

442 3289 691 3356 Christo;
728 3306 823 3361 per
843 3290 1016 3361 ignem
1040 3289 1098 3344 fit
1119 3289 1315 3347 salvus.
1339 3286 1396 3345 Si
1416 3296 1591 3353 autem
1615 3303 1703 3355 res
1724 3287 2031 3358 huiusmodi

446 3381 774 3452 temporales
798 3396 861 3435 ac
882 3381 1164 3437 sreculares
1186 3387 1429 3451 tempore
1454 3380 1761 3437 tentationis
1786 3379 2033 3449 maluerit

443 3479 630 3528 tenere
653 3488 811 3543 quam
837 3470 1108 3535 Christum
1133 3512 1148 3543 ,
1188 3486 1308 3531 eum
1338 3470 1391 3527 in
1421 3470 1765 3525 fundamento
1793 3485 1898 3526 non
1932 3471 2029 3525 ha-

443 3562 590 3629 buit;
622 3563 742 3633 quia
791 3562 905 3618 haec
943 3563 1120 3632 priore
1162 3563 1276 3617 loco
1323 3561 1526 3631 habuit,
1560 3576 1679 3615 cum
1712 3563 1765 3619 in
1804 3561 2031 3617 mdilicio

447 3667 553 3714 non
585 3653 652 3707 sit
678 3652 873 3727 aliquid
903 3654 1047 3723 prius
1075 3652 1439 3711 fundamento.
1473 3653 1609 3723 Ignis
1636 3652 1800 3716 enim.
1830 3652 1899 3707 de
1923 3669 2030 3723 quo

446 3760 513 3802 eo
537 3745 652 3801 loco
675 3745 880 3801 locutus
904 3753 984 3800 est
1010 3745 1278 3815 apostolus
1307 3744 1521 3811 Paulus,
1551 3744 1670 3799 talis
1695 3744 1854 3801 debet
1876 3744 2033 3799 intel-

443 3835 559 3907 ligi,
582 3847 639 3893 ut
667 3836 825 3893 ambo
856 3851 951 3911 per
972 3851 1093 3903 eum
1120 3844 1426 3907 transeant;
1459 3834 1508 3901 id
1543 3843 1642 3901 est,
1672 3843 1727 3888 et
1744 3834 1837 3905 qui
1867 3835 2034 3903 aedi/i—

446 3937 528 3980 cat
555 3943 709 3997 super
737 3927 830 3980 hoc
858 3926 1262 3996 fundamentum,
1287 3941 1485 3987 nurum,
1517 3933 1801 3995 argentum,
1835 3924 2032 3993 lapides

446 4023 712 4093 pretiosos,
735 4030 790 4078 et
808 4022 898 4091 qni
918 4022 1137 4093 aedificat
1158 4021 1373 4091 lignum,
1399 4020 1591 4089 fenum,
1613 4020 1874 4087 stipulam.
1896 4017 2032 4077 Cum

446 4113 588 4179 enim
643 4112 749 4177 hoe
798 4112 1056 4179 dixiSSet,
1110 4111 1390 4180 adjunxit:
1446 4109 1850 4183 Uniuscujusque
1898 4124 2028 4177 opus

445 4204 595 4275 quale
631 4204 728 4266 sit,
769 4202 899 4272 ignis
941 4200 1183 4275 probabit.
1229 4200 1291 4263 Si
1320 4202 1465 4271 cujus
1504 4217 1631 4269 opus
1663 4199 2030 4270 permanserit,

446 4294 583 4366 quod
607 4291 1057 4363 superadiﬁcavit,
1088 4291 1362 4345 mercedem
1391 4291 1623 4360 accipiet.
1664 4290 1728 4346 Si
1758 4292 1906 4360 cujus
1938 4306 2032 4343 au-

448 4395 547 4439 tem
570 4401 697 4454 opus
722 4393 953 4441 exustum
979 4382 1149 4453 fuerit,
1183 4381 1424 4437 damnum
1453 4382 1670 4452 patietur
1688 4396 1706 4432 :
1733 4382 1841 4451 ipse
1863 4389 2035 4439 autem

447 4478 615 4537 salvus
634 4476 751 4542 erit,
779 4476 850 4531 sic
886 4482 1052 4533 tamen
1077 4475 1223 4543 quasi
1248 4490 1337 4541 per
1357 4473 1542 4543 ignem.
1577 4473 1690 4543 Non
1718 4488 1847 4544 ergo
1876 4472 2034 4535 unius

449 4583 657 4636 eorum,
683 4566 1085 4636 sed-utriusque
1109 4580 1246 4635 opus
1266 4564 1402 4635 ignis
1429 4564 1696 4636 probabit.

435 4661 451 4771 δ
524 4659 611 4715 12.
650 4677 669 4713 ‹
698 4659 792 4717 Est
833 4657 1045 4731 quidam
1086 4658 1222 4727 ignis
1269 4659 1489 4715 tentatio
1533 4655 1925 4728 tribulationis,
1966 4657 2036 4713 de

454 4766 550 4771 .___-
583 4759 760 4771 -..Α-,ΔΑ
792 4750 888 4771 AI!“
934 4749 1046 4771 I..--
1078 4750 1331 4771 ---εκ-...ιι
1367 4757 1437 4771 ..ηε
1470 4765 1482 4771 -
1528 4746 1657 4771 ΙΙ---
1690 4748 1828 4771 Δ,.-.ΙΣ
1860 4747 2034 4771 ....-L-.

436 4746 556 4841 ;quo
580 4759 765 4822 aperte
790 4750 893 4807 alio
933 4749 1050 4805 loco
1076 4750 1334 4820 scriptum
1363 4757 1441 4801 est
1469 4765 1483 4801 :
1528 4746 1657 4841 Vasa
1682 4748 1828 4819 ﬁguli
1858 4747 2035 4841 probat

436 4838 664 4956 lfarnax,
702 4852 749 4898 et
776 4842 1004 4897 homines
1028 4843 1197 4912 justas
1232 4841 1442 4896 tentatio
1478 4840 1819 4899 tribulationis
1847 4838 2032 4908 (Eccli.

454 4951 591 4956 ______-
640 4934 690 4956 D\
746 4934 843 4956 1-.-
869 4934 1002 4956 Ξμ-ξ-
1026 4936 1073 4956 ε..
1103 4934 1199 4956 ι.-η
1223 4932 1430 4956 2-...ι-2...
1456 4932 1556 4956 ..τίη
1586 4930 1702 4956 Puni:
1733 4930 1867 4956 "manu.
1906 4931 2007 4956 Ann

439 4930 615 5057 inv",
639 4934 718 5003 6).
746 4934 847 4991 Iste
869 4934 1005 5005 ignis
1026 4936 1076 4989 in
1102 4934 1203 4989 hac
1222 4932 1432 4987 interim
1456 4932 1559 4985 vita
1584 4930 1708 4985 facit
1728 4930 1867 5000 quod
1895 4931 2036 4999 Apo-

451 5026 618 5057 clnlnu
643 5024 772 5057 Λένῖι
846 5025 888 5057 ες
927 5022 1126 5057 omni...
1160 5022 1364 5057 ιΙηηΙηια
1395 5020 1637 5057 ﬁilnlilmc
1720 5019 1805 5057 nni
1835 5019 2032 5057 anilinnl

440 5019 619 5089 [stolas
643 5024 811 5089 dixit,
845 5025 890 5081 si
925 5022 1129 5078 accidat
1160 5022 1366 5077 duobus
1394 5020 1672 5084 fidelibus,
1719 5019 1806 5074 uni
1832 5019 2039 5077 scilicet

438 5085 705 5188 {cogitanti
745 5085 864 5185 qua:
902 5089 1181 5181 Dei'sunt,
1224 5113 1490 5186 quomodo
1530 5112 1731 5183 placeat
1775 5112 1905 5179 Deo,
1937 5113 2039 5168 hoc

433 5177 567 5277 'esl,
595 5177 876 5264 aediﬁcanti
902 5223 1060 5277 super
1091 5177 1358 5263 Christum
1386 5177 1791 5261 fundamentum
1823 5177 2033 5272 aurum,

455 5308 769 5371 argentum,
822 5296 1022 5365 lapides
1055 5298 1344 5366 pretiosos;
1383 5296 1535 5351 alteri
1563 5305 1739 5351 autem
1785 5298 2036 5367 cogitanti

456 5409 519 5451 ea
548 5408 666 5464 quae
690 5390 871 5446 mundi
897 5395 1055 5454 sunt,
1087 5388 1352 5457 quomodo
1390 5390 1593 5459 placeat
1619 5389 1806 5456 uxori,
1835 5389 1890 5447 id
1921 5398 2038 5456 est,

459 5484 738 5543 aediﬁcanti
782 5497 940 5552 super
981 5480 1120 5535 idem
1166 5479 1562 5536 fundamentum
1604 5482 1777 5551 ligna,
1823 5480 2035 5547 fenum,

460 5580 705 5648 stipulam
730 5596 739 5627 :
776 5576 913 5630 illius
940 5575 1081 5629 enim
1113 5585 1248 5641 opus
1271 5587 1372 5624 non
1404 5573 1667 5639 exuritur,
1697 5573 1818 5642 quia
1848 5589 1949 5626 non
1978 5588 2038 5627 ca

460 5667 665 5736 dilexit,
693 5684 919 5740 quorum
953 5667 1244 5733 amissione
1272 5664 1567 5741 crucietur;
1597 5665 1838 5719 exuritur
1859 5674 2037 5725 autem

1233 147 1323 204 DE
1361 146 1541 204 OCTO
1578 144 1877 203 DULClTll
1916 143 2459 216 QUESTIONIBUS,
2492 145 2548 203 S.
2588 146 2962 207 AUGUSTI!"

2144 277 2278 333 opus
2298 262 2474 333 hujus,
2492 263 2743 335 quoniam
2759 266 2875 322 sine
2890 267 3077 324 dolore
3090 276 3199 325 non
3210 274 3441 341 pereunt
3454 285 3579 343 qua:
3597 286 3722 329 cum

2135 369 2320 411 amore
2337 369 2578 427 possessa
2592 366 2734 425 sunt.
2753 357 2861 415 Sed
2881 360 3130 430 quoniam
3146 359 3399 431 alterutra
3414 362 3726 433 conditione

2138 449 2442 519 proposita,
2496 449 2574 505 eis
2615 450 2789 531 petius
2832 465 3017 511 carere
3062 452 3247 511 mallet
3286 469 3444 525 quam
3485 453 3722 524 Christo,

2137 555 2237 595 nec
2262 541 2452 596 timore
2477 541 2757 607 amittendi
2785 542 2907 599 talia
2935 542 3137 609 deserit
3164 543 3456 613 Christum,
3478 546 3723 618 quamvis

2136 631 2315 691 doleat
2341 630 2467 695 dum
2489 633 2711 701 amittit;
2737 634 2906 689 salvus
2926 644 2996 688 est
3021 634 3254 704 quidem,
3282 636 3354 690 sic
3381 647 3550 701 tamen
3577 637 3723 707 quasi

2140 740 2229 792 per
2248 724 2414 795 ignem
2437 739 2457 787 ξ
2480 725 2602 794 quia
2625 725 2731 783 urit
2748 741 2868 785 eum
2891 741 3068 793 rerum
3091 726 3264 792 dolor,
3288 742 3421 801 quas
3440 726 3722 797 dilexerat,

2137 816 2490 887 amissarum;
2532 818 2627 881 sed
2665 834 2774 881 non
2808 820 3067 877 subvertit
3099 836 3270 892 neque
3304 822 3571 887 consumit
3601 820 3728 879 fun-
3786 872 3799 879 -

2139 906 2375 965 dementi
2404 908 2692 975 stabilitate
2717 920 2875 985 atque
2900 913 3295 982 incerruptione
3324 915 3607 973 munitum.

2213 1000 2301 1055 l3.
2374 997 2503 1062 Tale
2564 1001 2764 1073 aliquid
2825 1003 2986 1065 etiam
3015 1014 3135 1073 post
3161 1004 3297 1065 hanc
3327 1007 3485 1063 vitam
3513 1005 3733 1065 θετίἱιιιν

2136 1090 2394 1149 credibile
2422 1104 2529 1151 non
2555 1099 2674 1167 est,
2705 1098 2761 1153 et
2790 1102 2963 1151 utrum
2995 1094 3069 1148 ita
3094 1094 3200 1161 sit,
3230 1096 3395 1165 quaeri
3424 1104 3598 1165 potest
3627 1114 3642 1157 :
3672 1104 3731 1155 et

2136 1192 2229 1239 aut
2268 1184 2491 1247 inveniri
2517 1224 2532 1253 η
2559 1191 2652 1243 aut
2676 1184 2875 1253 latere,
2903 1188 3188 1253 nonnullos
3215 1189 3400 1255 fideles
3429 1207 3522 1261 per
3548 1190 3728 1262 ignem

2137 1275 2426 1346 quemdam
2466 1278 2831 1355 purgatorium
2851 1318 2869 1349 ,
2906 1289 3103 1351 quanto
3130 1283 3298 1352 magis
3324 1284 3563 1341 minusve
3587 1283 3731 1343 bona

2137 1366 2415 1437 pereuntia
2444 1366 2781 1436 dilexerunt,
2810 1376 2961 1427 tanto
2990 1370 3192 1433 tardius
3213 1373 3472 1444 citiusque
3493 1374 3686 1437 salvari
3711 1391 3729 1443 ι

2138 1472 2245 1513 non
2270 1465 2446 1515 tamen
2479 1459 2612 1515 tales
2635 1500 2650 1527 ,
2678 1458 2745 1519 de
2769 1461 3014 1531 qualibus
3034 1461 3233 1521 dictum
3254 1465 3494 1535 estquod
3521 1483 3733 1538 regnum

2138 1544 2237 1603 Dei
2280 1563 2380 1603 non
2402 1548 2761 1618 possidebunt,
2798 1550 2900 1609 nisi
2942 1554 3321 1613 convenienter
3350 1556 3735 1627 ptenilentibus

2138 1637 2325 1701 eadem
2351 1639 2574 1707 crimina
2599 1640 2955 1705 remittantur.
2985 1643 3376 1701 Convenienter
3392 1655 3572 1709 autem
3598 1646 3733 1717 dixi,

2139 1738 2199 1784 ut
2239 1728 2446 1795 steriles
2487 1731 2541 1785 in
2582 1730 2944 1805 eleemosynis
2980 1750 3087 1795 non
3126 1736 3265 1807 sint,
3303 1737 3495 1807 quibus
3525 1747 3735 1801 tantum

2138 1822 2327 1890 tribuit
2367 1822 2640 1895 Scriptura
2682 1826 2897 1893 divina,
2926 1836 2986 1883 ut
3011 1842 3193 1887 earum
3222 1831 3590 1895 tantummodo
3621 1830 3737 1888 fru-

2140 1927 2289 1985 ctum
2328 1932 2391 1977 se
2434 1917 2816 1990 imputaturum
2857 1921 3179 1990 praenuntiet
3203 1921 3461 1985 Dominus
3484 1921 3690 1979 dextris
3712 1965 3732 1991 ,

2138 2016 2195 2063 et
2237 2023 2421 2075 earum
2465 2010 2832 2077 tantummodo
2861 2011 3193 2069 sterilitatem
3222 2012 3490 2080 sinistris;
3520 2013 3737 2083 quando

2139 2099 2225 2158 his
2244 2101 2485 2161 dicturus
2507 2110 2611 2171 est,
2647 2100 2842 2171 Venite,
2866 2100 3110 2163 benedicti
3136 2100 3312 2159 Patris
3345 2104 3462 2169 mei,
3494 2105 3737 2177 percipi“

2139 2211 2353 2268 regnum
2389 2210 2410 2251 ,ν
2445 2194 2550 2261 illis
2578 2202 2776 2261 autem,
2803 2191 2885 2249 Ite
2904 2194 2960 2249 in
2985 2194 3152 2265 ignem
3178 2203 3425 2253 tetanum
3446 2192 3548 2271 (De
3576 2193 3730 2264 Fide,

2141 2284 2251 2355 Spe
2269 2294 2315 2345 et
2342 2284 2601 2349 Chai-itala
2618 2327 2633 2353 ,
2665 2301 2779 2356 cap.
2813 2284 3023 2355 67-69).
3061 2304 3080 2338 ι
3114 2284 3242 2351 Haec
3268 2284 3336 2345 de
3364 2274 3574 2342 duobus
3599 2300 3734 2357 opu-

2139 2375 2305 2439 sculis
2331 2376 2466 2430 meis
2490 2375 2620 2433 satis
2641 2384 2769 2446 puto
2788 2375 3069 2448 quaestioni
3095 2385 3201 2437 tute
3227 2377 3389 2437 fuisse
3412 2392 3689 2448 responsa.

2215 2466 2301 2525 Η.
2333 2464 2408 2523 De
2435 2465 2523 2523 illa
2546 2479 2677 2521 vero
2701 2466 2965 2529 sententia
2996 2466 3240 2534 Domini,
3271 2465 3393 2533 Non
3414 2468 3550 2527 saties
3576 2467 3731 2535 inde,

2141 2552 2300 2609 donec
2355 2554 2539 2617 reddas
2596 2554 2921 2613 nouissimum
2970 2555 3353 2627 quadrantem;
3405 2557 3736 2627 respondere

2139 2644 2270 2709 mihi
2317 2660 2537 2713 necesse
2572 2660 2677 2703 non
2709 2644 2809 2701 fuit
2830 2686 2845 2712 ,
2877 2647 3128 2716 quoniam
3158 2658 3215 2703 tu
3240 2647 3355 2719 ipse
3381 2647 3735 2719 qumstionem

2139 2737 2303 2793 simili
2344 2752 2410 2793 ex
2450 2737 2737 2809 Evangelio
2777 2738 3046 2799 locutione
3079 2740 3097 2772 ι
3124 2738 3331 2797 solvisti
3357 2740 3447 2807 ubi
3474 2740 3735 2813 scriptun

2138 2838 2223 2884 est
2243 2871 2260 2898 ,
2300 2828 2421 2889 Non
2448 2832 2677 2903 cognorit
2702 2847 2845 2899 eam,
2873 2830 3034 2895 donec
3058 2832 3269 2904 peperit.
3301 2833 3444 2897 Sane
3469 2844 3527 2897 ut
3547 2848 3655 2903 non
3676 2844 3733 2895 to

2139 2922 2310 2989 celem
2354 2922 2423 2983 de
2458 2923 2559 2983 bac
2598 2940 2660 2991 re
2693 2924 3071 2995 cogitationem
3094 2941 3303 2995 meam,
3326 2928 3519 2985 vellem
3542 2928 3588 2985 si
3617 2930 3733 2989 lteri

2140 3022 2325 3085 posset
2368 3032 2382 3079 ;
2425 3015 2533 3075 imo
2571 3030 2701 3081 vero
2728 3016 2852 3072 volo
2871 3057 2886 3083 ,
2914 3016 2959 3072 si
2987 3016 3105 3081 ﬁeri
3130 3027 3341 3089 potest,
3371 3019 3428 3081 in
3457 3020 3557 3079 hac
3579 3036 3733 3091 quae

2139 3105 2316 3171 stione
2360 3107 2589 3171 veritate
2629 3109 2892 3183 superari.
2942 3108 3077 3171 Illud
3119 3111 3261 3169 enim
3303 3110 3446 3182 quod
3492 3111 3729 3182 dicitur,

2140 3198 2462 3269 quandoque
2483 3241 2499 3266 ,
2540 3200 2641 3257 etsi
2688 3210 2806 3270 post
2835 3202 3123 3271 plurimum
3150 3204 3405 3276 temporis
3429 3206 3453 3245 ³
3475 3246 3493 3272 ,
3518 3221 3610 3262 eos
3638 3206 3731 3277 qui

2141 3287 2197 3342 in
2234 3288 2495 3355 catholica
2523 3290 2902 3353 communione
2928 3292 3233 3352 moriuntur
3252 3333 3270 3362 ,
3296 3294 3540 3365 quamv'm
3562 3310 3732 3365 usque

2139 3379 2193 3435 in
2241 3379 2401 3443 tinem
2437 3381 2559 3437 vita:
2599 3381 2755 3452 hujus
2792 3382 3208 3453 ﬂagitiosissima
3234 3396 3290 3443 et
3315 3387 3734 3445 sceleratissimo

2138 3472 2406 3540 vixerint,
2449 3473 2517 3535 de
2559 3474 2731 3543 poenis
2770 3473 3049 3532 ultricibus
3099 3477 3374 3545 exituros,
3419 3477 3733 3543 familiarius

2139 3577 2320 3621 meum
2362 3563 2530 3633 tangit
2566 3563 2814 3626 allectum
2834 3605 2849 3629 ,
2890 3581 3050 3634 quem
3081 3565 3342 3625 habemus
3369 3583 3492 3640 erga
3518 3583 3615 3626 eos
3637 3571 3733 3641 qui

2140 3653 2417 3719 nobiscum
2462 3654 2707 3724 corporis
2747 3664 2801 3713 et
2842 3656 3116 3725 sanguinis
3154 3656 3351 3714 Christi
3387 3659 3731 3716 Sacramenta

2139 3743 2572 3807 communicant;
2608 3744 2851 3814 quamvis
2874 3760 3060 3805 eorum
3087 3760 3264 3803 mores
3292 3748 3530 3817 perditos
3554 3751 3735 3807 oderi-

2140 3849 2262 3893 mus
2282 3874 2299 3900 ,
2327 3849 2461 3903 quos
2487 3833 2767 3904 disciplina
2787 3835 3149 3895 ecclesiastica
3171 3839 3459 3897 emendare
3481 3855 3588 3899 non
3612 3856 3737 3912 pm-

2140 3938 2328 3979 sumus
2350 3965 2363 3991 ,
2392 3934 2486 3985 aut
2503 3940 2532 3981 a
2553 3939 2740 3983 mensa
2763 3925 3029 3985 dominica
3056 3942 3306 3998 separare
3334 3948 3348 3984 :
3376 3930 3474 3987 sed
3497 3946 3560 3987 ea
3586 3932 3734 3988 veri—-

2139 4022 2249 4070 tate
2271 4014 2293 4046 ⁸
2334 4015 2476 4071 vinei
2516 4017 2637 4073 volo
2653 4057 2667 4082 ,
2701 4032 2819 4085 qua.
2837 4018 3005 4075 sacris
3024 4017 3237 4074 Litteris
3254 4020 3609 4089 apertissimis
3626 4037 3733 4079 non

2140 4107 2359 4163 resistit.
2401 4106 2518 4165 Non
2557 4108 2701 4163 enim
2738 4123 2857 4178 qua:
2894 4109 3129 4176 resistit,
3157 4109 3381 4168 dicenda
3403 4120 3488 4168 est
3515 4112 3620 4170 ulla
3648 4128 3738 4169 ηρ

2140 4197 2289 4252 tione
2319 4198 2551 4263 veritas,
2584 4198 2668 4254 vel
2698 4198 2951 4268 putanda.
2984 4198 3090 4254 Sed
3117 4199 3328 4257 interim
3353 4200 3530 4258 donec
3549 4202 3735 4259 audia-

2139 4300 2261 4342 mus
2286 4287 2393 4342 tale
2417 4288 2618 4357 aliquid
2649 4298 2735 4345 aut
2766 4291 3037 4359 legamus,
3065 4292 3430 4349 auscultemus
3457 4295 3507 4349 ei
3535 4294 3623 4364 qui
3651 4294 3741 4350 di-

2140 4378 2252 4444 cit,
2298 4376 2474 4441 Nolite
2513 4394 2727 4444 errare;
2770 4397 2930 4450 neque
2968 4384 3333 4454 fornicatores,
3382 4400 3538 4456 itaque
3579 4385 3734 4441 idolis

2139 4467 2440 4545 micam,
2484 4476 2617 4535 ete.,
2636 4485 2848 4539 regnum
2875 4470 2969 4531 Dei
2996 4473 3342 4542 possidebunt.
3369 4472 3503 4542 Quia
3529 4475 3576 4530 si
3605 4476 3734 4535 talia

2139 4567 2296 4626 sunt,
2327 4574 2448 4630 qua:
2470 4569 2654 4619 contra
2682 4561 2931 4619 dicuntur
2949 4604 2964 4630 ,
2992 4573 3051 4620 ut
3072 4565 3264 4622 horum
3288 4567 3572 4624 verborum
3597 4582 3737 4639 apo-

2140 4651 2453 4711 stolicorum
2500 4650 2978 4711 manifestationem
3029 4657 3083 4711 in
3125 4657 3261 4713 alios
3300 4673 3495 4719 sensus
3534 4658 3737 4717 dueere

2141 4753 2440 4812 nequeant,
2473 4742 2712 4814 profecto
2735 4745 2995 4803 adversus
3022 4763 3086 4803 ea
3117 4763 3217 4804 nos
3241 4750 3523 4819 instruxit,
3554 4761 3611 4809 et
3636 4766 3734 4823 pa.

2148 4843 2296 4889 ratos
2338 4849 2459 4892 esse
2496 4836 2662 4897 voluit
2701 4836 2840 4893 idem
2863 4840 3137 4907 apostolus
3160 4840 3347 4897 dicens
3377 4859 3392 4897 ι
3422 4840 3541 4897 Hoc
3566 4854 3738 4901 autem

2141 4927 2317 4981 scitote
2356 4926 2694 4998 intelligent“
2726 4969 2742 4995 ,
2785 4931 3026 5000 quoniam
3068 4935 3234 4990 omnis
3272 4936 3554 5006 fornicator
3579 4978 3594 5004 ,
3645 4948 3736 4992 aut

2141 5016 2433 5073 immundus
2452 5057 2467 5083 ,
2496 5028 2589 5072 aut
2613 5034 2796 5075 auarus
2811 5062 2825 5087 ,
2850 5024 2984 5092 quod
3004 5033 3077 5079 est
3102 5024 3357 5080 idolorum
3374 5027 3608 5094 seruitus,
3630 5044 3737 5084 non

2145 5108 2290 5162 habet
2315 5108 2655 5169 Itwreditatem
2677 5110 2731 5165 in
2755 5127 2908 5183 regno
2930 5113 3116 5170 Christi
3137 5124 3186 5169 et
3208 5113 3308 5170 Dei
3326 5157 3346 5182 ,
3374 5132 3522 5173 nemo
3544 5132 3635 5173 vos
3654 5134 3737 5174 ss-

2144 5200 2293 5254 ducat
2325 5200 2558 5263 inanibus
2589 5202 2748 5258 verbis
2774 5203 2989 5277 (Ephes.
3017 5222 3078 5273 v,
3104 5206 3141 5262 5
3159 5247 3177 5274 ,
3206 5206 3289 5279 ϐ).
3319 5206 3455 5266 Cum
3479 5223 3613 5283 ergo
3637 5226 3735 5268 auo

2144 5291 2403 5348 dierimus
2421 5292 2676 5363 quosdam
2704 5293 3076 5365 fornicatam,
3099 5307 3154 5357 et
3180 5299 3506 5371 inmundos,
3532 5310 3585 5359 et
3602 5317 3732 5359 ava-

2359 5423 2589 5478 meliores
2622 5434 2815 5481 Mss.“
2852 5428 2988 5494 editi;
3030 5429 3344 5488 similemue
3382 5436 3629 5506 melii
3662 5440 3732 5493 ιε-

2210 5522 2389 5643 flgiti,
2415 5559 2460 5602 et
2484 5550 2526 5603 si
2547 5551 2743 5629 plurimi
2766 5554 3006 5619 temporis.
3027 5559 3349 5631 limendantur
3372 5569 3547 5643 cui!

2253 5626 2323 5643 ιιι.
2363 5622 2447 5643 “ac
2513 5617 2626 5643 Ωιι...
2673 5625 2833 5643 ΛιιΙηιιι
2881 5633 2906 5643 η
2938 5627 3131 5643 ..η-..ιηιη
3160 5620 3290 5643 μ...ρὲ
3319 5636 3331 5643 .
3362 5633 3400 5643 Δ.
3446 5627 3485 5643 ,Α
3518 5642 3535 5643 κ

2253 5617 2323 5689 sic
2361 5622 2465 5687 siss.
2512 5617 2906 5689 l_iditi_autem,‘a
2938 5617 3131 5689 ueritate
3160 5620 3290 5677 vinci
3313 5636 3331 5678 :
3355 5617 3568 5689 et'int‘ra
3604 5623 3728 5689 loco,

2149 5677 2463 5739 apertissimis
2480 5716 2496 5740 ,
2521 5677 2783 5740 habebant,
2806 5677 3126 5741 apertissime.
3446 5677 3453 5695 ⁸
