4134 6208
378 257 482 316 157
1806 257 2007 313 LIBER
2046 258 2237 316 UNUS.

377 387 468 428 ros
496 387 591 442 per
618 373 800 444 ignem
822 372 1044 437 salvari,
1075 381 1134 428 ut
1158 373 1386 428 habeant
1412 371 1774 432 hwretlimteiii
1798 372 1852 426 in
1873 388 1958 426 re-

371 481 480 537 gno
520 464 720 522 Christi
761 475 818 522 et
838 466 962 530 Dei,
986 482 1092 520 non
1120 465 1563 521 obsurdeseamus
1586 472 1770 519 contra
1801 464 1960 518 istum

371 557 753 612 reclamantem
792 564 845 610 et
877 555 1140 611 dicentem
1161 595 1176 619 ,
1211 554 1385 610 Omnis
1410 554 1686 623 fornicator
1706 595 1722 620 ,
1751 564 1836 607 aut
1858 553 1960 607 im-

368 647 609 712 mundus,
631 657 722 700 aut
737 662 920 700 avarus
939 663 1040 700 non
1060 645 1205 700 habet
1220 645 1560 700 hereditatem
1575 646 1628 700 in
1643 661 1797 714 regno
1814 643 1962 698 Citri-

365 744 432 796 sti
455 752 502 798 et
520 740 614 794 Dei
636 755 656 804 ;
677 750 732 796 et
752 755 822 796 ne
842 740 1243 808 acquiescamns
1259 739 1364 794 illis
1383 739 1560 794 verbis
1582 740 1598 770 ¹
1620 748 1805 794 contra
1825 753 1957 793 con-

337 833 518 934 ⁸ῑὶιιιιο
540 831 936 901 subjicientem,
974 829 1137 884 Nemo
1155 847 1241 884 vos
1264 829 1468 884 seducat
1488 830 1722 884 inanibus
1750 829 1930 883 verbis.

365 924 580 993 Qunr.
622 924 686 978 ll.
726 951 798 963 -
836 924 916 976 An
939 922 1149 976 mortuis
1179 922 1336 990 prosit
1371 921 1556 976 oblatio
1577 963 1592 988 ,
1623 936 1738 992 qua:
1765 922 1824 990 ﬁt
1860 937 1954 992 pro
2060 921 2160 976 rita
2184 962 2200 989 ,
2248 935 2306 980 ut
2335 941 2506 996 neque
2537 928 2729 984 talibus
2765 930 2907 1000 digni
2934 932 3040 990 sint
3063 933 3342 1004 adjuvari;
3391 936 3504 994 sive
3543 952 3645 1008 pro

335 1067 342 1084 λ
434 1017 581 1086 ipsis.
612 1016 917 1069 Animarum
953 1022 1068 1068 ante
1091 1015 1501 1068 resurrectionem
1545 1013 1878 1085 receptacula.
2058 1013 2136 1068 eis
2164 1030 2388 1084 quorum
2421 1027 2525 1074 tam
2557 1019 2716 1085 bona,
2752 1030 2808 1078 ut
2839 1022 3030 1079 talibus
3057 1040 3164 1080 non
3192 1025 3462 1098 indigeant
3485 1027 3640 1099 adju-

438 1113 492 1165 1.
542 1108 792 1166 Secunda
852 1117 940 1162 tua
992 1108 1215 1178 quaestio
1265 1117 1378 1173 est,
1427 1125 1447 1162 ι
1495 1104 1682 1164 Utrum
1750 1106 1951 1162 oblatio
2055 1106 2270 1162 mentis.
2302 1106 2510 1164 Genere
2550 1109 2710 1181 igitur
2738 1113 2856 1167 vitae
2897 1114 3038 1184 quod
3075 1117 3244 1186 gessit
3278 1118 3504 1189 quisque
3544 1133 3642 1191 per

3557 277 3658 335 158

2072 373 2212 428 niam
2250 375 2476 444 qundam
2527 377 2648 438 vitae
2687 395 2888 451 genere
2913 383 3241 454 acquiritur,
3285 386 3410 443 dum
3452 388 3504 444 in
3545 391 3648 447 hoc

2069 478 2294 533 corpore
2327 466 2516 522 vivitur
2541 508 2556 534 ,
2602 478 2660 526 ut
2693 471 2889 540 aliquid
2917 472 3169 542 adjuvent
3197 477 3297 538 ista
3323 477 3600 534 defunctos
3635 497 3650 533 :

2067 570 2132 610 ac
2157 572 2252 626 per
2291 557 2392 614 hoc
2434 562 2722 622 secundum
2754 579 2813 618 ea
2845 581 2964 634 qua}
2991 581 3086 636 per
3111 583 3306 640 corpus
3330 582 3647 640 gesserunt,

2067 655 2146 701 eis
2173 663 2290 718 quae
2336 659 2455 718 post
2490 666 2684 720 corpus
2715 655 2961 725 religiose
2991 671 3086 726 pro
3118 657 3221 712 illis
3244 658 3381 715 facta
3417 660 3646 726 fuerint,

2065 737 2400 808 adjuvantur.
2447 740 2580 797 Sunt
2616 745 2756 800 enim
2799 761 2933 816 quos
2972 748 3190 803 omnino
3221 750 3353 806 nihil
3397 751 3650 822 adjuvant

2063 830 2198 897 ista;
2231 833 2343 888 sive
2368 849 2464 904 pro
2493 838 2570 894 eis
2606 837 2772 904 ﬁant,
2820 855 3044 910 quorum
3076 850 3182 897 tam
3212 843 3351 899 mala
3375 856 3501 900 sunt
3531 861 3645 902 me-

358 1219 483 1275 qute
523 1202 583 1258 ﬁt
645 1215 746 1271 pro
811 1199 1208 1270 quiescentibus
1231 1240 1248 1267 ,
1306 1199 1504 1271 aliquid
1566 1213 1754 1256 eorum
1815 1214 1947 1254 con-

355 1293 498 1348 ferat
537 1291 845 1357 animabus;
879 1305 1000 1345 eum
1029 1290 1304 1346 evidenter
1343 1291 1538 1346 nostris
1566 1299 1657 1346 aut
1700 1289 1946 1346 subleve—

355 1401 484 1440 mur
521 1384 768 1450 actibus,
811 1389 905 1436 aut
948 1397 1228 1452 gravemur
1271 1399 1284 1434 :
1327 1381 1372 1435 si
1412 1381 1625 1451 quidem
1663 1382 1941 1452 legamus,

350 1476 500 1546 quod
545 1476 599 1530 in
627 1473 836 1530 inferno
883 1487 1043 1528 nemo
1077 1473 1189 1543 jam
1225 1475 1393 1544 possit
1419 1473 1647 1528 Domino
1674 1471 1938 1528 conﬁteri.

349 1568 436 1623 Ad
463 1567 612 1637 quod
638 1567 786 1620 multi
812 1565 996 1620 dicunt
1027 1563 1171 1634 quod
1197 1565 1242 1618 si
1268 1563 1464 1632 aliquis
1489 1563 1729 1620 beneficii
1757 1563 1810 1618 in
1839 1563 1938 1618 hoc

348 1661 503 1716 locus
525 1663 547 1692 ⁸
587 1661 754 1731 possit
789 1675 909 1714 esse
949 1667 1066 1728 post
1095 1667 1320 1713 mortem
1341 1699 1355 1723 ,
1398 1665 1597 1726 quanto
1635 1655 1804 1726 magis
1839 1656 1940 1710 sibi

347 1754 525 1808 anima
557 1754 724 1808 ferret
751 1751 866 1822 ipsa
897 1749 1261 1822 refrigerium,
1292 1765 1387 1805 sua
1419 1765 1513 1819 per
1539 1764 1601 1804 se
1631 1749 1739 1804 illic
1765 1748 1936 1802 conii-

348 1844 510 1900 tendo
549 1852 805 1914 peccata,
834 1858 995 1914 quam
1037 1841 1092 1896 in
1137 1857 1320 1898 eorum
1364 1840 1694 1912 refrigerium
1724 1839 1792 1896 ab
1819 1839 1934 1898 aliis

347 1937 546 1993 oblatio
575 1934 936 2004 procuratur?
970 1952 990 1987 ι

417 2027 471 2081 2.
503 2026 618 2082 Dixi
655 2026 860 2097 aliquid
894 2025 965 2081 de
990 2025 1086 2080 hac
1123 2040 1185 2080 re
1223 2026 1275 2080 in
1312 2039 1378 2080 eo
1411 2024 1548 2080 libro
1577 2038 1732 2094 quem
1763 2038 1934 2093 nuper

343 2121 407 2176 ad
436 2129 688 2176 sanetum
729 2119 1008 2174 Paulinum
1048 2117 1310 2174 Nolanum
1352 2117 1660 2186 episcopum
1701 2116 1930 2185 scripsi,

341 2227 460 2268 cum
489 2227 577 2267 me
598 2210 958 2267 consuluisset
987 2218 1162 2263 utrum
1193 2209 1462 2278 sepultura
1488 2223 1607 2276 qua:
1636 2206 1695 2264 ﬁt
1730 2208 1782 2264 in
1815 2221 1929 2262 me-

338 2304 526 2366 moriis
555 2312 892 2375 martyrum,
921 2303 1094 2372 prosit
1131 2299 1330 2371 aliquid
1372 2299 1645 2370 spiritibus
1693 2309 1932 2354 mortuo-

337 2416 477 2456 rum.
510 2400 643 2457 Inde
666 2409 748 2456 est
787 2399 922 2464 hoc,
964 2397 1104 2469 quod
1139 2396 1224 2452 his
1264 2396 1331 2450 ad
1376 2405 1428 2450 te
1467 2395 1658 2450 litteris
1698 2395 1879 2450 insero
1911 2411 1926 2447 :

342 2512 361 2545 ι
397 2493 528 2561 Diu,
557 2494 797 2564 inquam,
825 2490 1106 2547 Sanctitati
1129 2497 1253 2554 tuae,
1283 2487 1600 2557 coepiscopo
1627 2485 1929 2541 venerande

333 2585 569 2642 Pauline
587 2625 600 2650 ,
629 2584 1007 2655 rescriptorum
1031 2580 1242 2637 debitor
1265 2579 1372 2646 fui,
1401 2593 1466 2634 es
1499 2592 1608 2648 quo
1636 2576 1765 2631 mihi
1793 2576 1929 2632 scri-

332 2678 491 2749 psisti
523 2691 619 2746 per
646 2675 890 2731 homines
912 2675 1034 2728 ﬁliae
1061 2682 1258 2733 nostra:
1287 2669 1700 2740 religiosissimis
1727 2667 1922 2734 Florae,

335 2785 585 2842 quarens
624 2783 656 2822 a
702 2784 790 2824 me
830 2778 1007 2823 utrum
1051 2766 1221 2838 prosit
1270 2765 1461 2834 cuique
1503 2772 1620 2832 post
1661 2769 1920 2825 mortem,

335 2861 478 2933 quod
500 2877 704 2932 corpus
731 2860 848 2931 ejus
881 2858 1021 2930 apud
1053 2858 1222 2913 sancti
1248 2856 1471 2925 alicujus
1497 2854 1810 2914 memoriam
1837 2866 1924 2906 se-

333 2955 549 3024 pelitur.
598 2952 719 3008 Hoc
742 2952 888 3008 enim
917 2951 1010 3005 abs
1053 2959 1104 3004 te
1146 2947 1300 3004 vidua
1341 2955 1633 3004 memorata
1664 2946 1922 3015 petierat,

335 3058 436 3114 pro
461 3043 714 3099 defuncto
742 3042 796 3096 in
826 3041 906 3096 eis
931 3039 1170 3110 partibus
1199 3039 1307 3092 tilio
1333 3053 1430 3092 suo
1449 3078 1464 3104 ,
1496 3046 1551 3093 et
1575 3035 1926 3105 rescripseras

333 3137 621 3193 consolans
644 3149 794 3202 eam,
831 3133 991 3204 idque
1013 3133 1172 3188 etiam
1197 3132 1448 3187 nuntians
1475 3130 1544 3185 de
1567 3129 1827 3184 cadavere
1857 3127 1922 3181 ﬁ-

333 3229 466 3285 delis
479 3229 702 3300 juvenis
723 3225 967 3299 Cynegii,
989 3225 1128 3296 quod
1154 3234 1396 3280 materno
1421 3232 1476 3280 et
1503 3223 1589 3294 pio
1614 3221 1805 3277 aﬁ‘ectu
1831 3221 1925 3276 de-

335 3323 586 3380 sideravit
609 3363 625 3387 ,
671 3335 794 3378 esse
819 3319 1178 3389 completum,
1225 3328 1284 3372 ut
1321 3317 1524 3372 scilicet
1553 3316 1602 3369 in
1632 3313 1924 3369 beatissimi

271 3463 276 3469 .
335 3414 528 3472 Felicis
561 3411 896 3470 confessoris
921 3410 1135 3466 basilica
1169 3416 1475 3480 poneretur.
1504 3407 1617 3474 Qua
1643 3405 1922 3460 occasione

335 3507 526 3562 [aetum
555 3513 646 3560 est
682 3511 742 3559 ut
769 3517 864 3573 per
891 3502 1110 3557 eosdem
1151 3501 1444 3570 perlatores
1483 3499 1772 3554 litterarum
1805 3507 1923 3551 tua-

335 3614 449 3654 rum
476 3597 644 3654 etiam
671 3596 801 3650 mihi
822 3595 1104 3659 scriberes,
1131 3594 1378 3662 ingerens
1402 3589 1766 3661 hujuscemodi
1786 3603 1925 3658 quaa-

256 3687 273 3737 ν
336 3690 561 3745 etiettem
584 3705 600 3755 ;
628 3697 792 3757 atque
820 3693 881 3740 ut
909 3683 1286 3754 responderem
1315 3682 1441 3752 quid
1468 3681 1598 3735 mihi
1621 3679 1812 3736 exinde
1840 3681 1922 3734 vi-

241 3781 262 3838 1
341 3779 550 3836 daretur
573 3792 899 3848 exposcens,
927 3790 1028 3830 nec
1055 3781 1234 3829 tacens
1262 3773 1376 3842 ipse
1402 3773 1526 3842 quid
1551 3771 1771 3828 sentias.
1789 3771 1921 3825 Nam

342 3869 470 3925 dicis
496 3868 668 3924 videri
697 3868 789 3923 tibi
818 3882 922 3920 non
949 3880 1068 3922 esse
1093 3865 1277 3918 inanes
1311 3870 1486 3917 motus
1510 3863 1806 3916 animorum
1837 3877 1923 3916 re-

340 3959 645 4032 ligiosorum
694 3967 856 4028 atque
893 3957 1124 4010 ﬁdelium
1166 3969 1263 4024 pro
1306 3953 1420 4008 suis
1458 3952 1557 4006 ista
1599 3953 1918 4008 curantium.

350 4053 599 4123 Adjungis
626 4052 787 4106 etiam
809 4089 823 4115 ,
854 4062 1042 4102 vacare
1072 4061 1175 4100 non
1204 4060 1361 4116 posse
1387 4043 1526 4114 quod
1557 4043 1800 4096 universa
1827 4055 1923 4111 pro

350 4143 607 4202 defunctis
638 4142 873 4198 Ecclesia
912 4139 1210 4209 supplicare
1254 4135 1530 4191 consuevit
1561 4152 1572 4186 :
1605 4142 1662 4188 ut
1707 4133 1830 4188 hinc
1869 4141 1924 4192 et

347 4237 473 4294 illud
497 4236 684 4307 conjici
713 4233 905 4306 possit,
936 4231 1133 4286 homini
1165 4228 1418 4298 prodesse
1447 4235 1566 4296 post
1594 4233 1841 4293 mortem,
1870 4224 1918 4282 si

349 4329 447 4387 ﬁde
466 4343 686 4386 suorum
716 4324 986 4382 bumando
1020 4323 1136 4393 ejus
1159 4321 1370 4391 corpori
1415 4319 1536 4375 talis
1575 4318 1922 4390 providentur

348 4421 526 4488 locus,
566 4423 620 4476 in
663 4434 769 4489 quo
797 4425 1052 4487 appareat
1087 4413 1366 4484 opitulatio
1412 4413 1573 4468 etiam
1616 4413 1720 4467 isto
1762 4411 1950 4484 modo,

331 4517 555 4586 ‘quatsita
583 4522 912 4568 sanctorum.

333 4610 344 4672 i
413 4609 467 4666 3.
499 4626 517 4660 ι
553 4605 662 4664 Sed
685 4619 808 4660 cum
835 4604 950 4659 hac
977 4603 1052 4658 ita
1075 4601 1201 4668 sint,
1230 4601 1497 4672 quomodo
1522 4600 1648 4657 huic
1685 4599 1922 4670 opinioni

351 4700 663 4756 contrarium
692 4712 798 4752 non
837 4697 926 4760 sit,
955 4694 1098 4765 quod
1121 4695 1197 4748 ait
1221 4693 1506 4763 Apostolus
1529 4734 1545 4759 ,
1582 4691 1766 4747 Omnes
1790 4692 1923 4747 enim

349 4794 615 4847 estabimus
659 4798 776 4844 ante
803 4789 1022 4842 tribunal
1061 4786 1284 4852 Christi,
1315 4795 1371 4840 ut
1414 4789 1544 4853 {erat
1584 4785 1922 4854 unusquisque

351 4885 616 4940 secundum
653 4899 711 4937 ea
738 4895 852 4952 quae
877 4896 964 4950 per
991 4894 1174 4948 corpus
1209 4879 1358 4947 gessit
1381 4919 1395 4942 ,
1437 4879 1538 4932 sive
1565 4876 1752 4930 bonum
1775 4915 1790 4941 ,
1821 4877 1924 4931 sive

347 4978 528 5030 malum
562 4973 627 5045 (ll
652 4971 773 5028 Cor.
802 4988 832 5024 v
853 5014 869 5038 ,
900 4971 988 5039 10)
1015 5011 1030 5036 ,
1063 4985 1167 5024 non
1199 4977 1251 5024 te
1276 4969 1405 5024 satis
1427 4969 1608 5023 videre
1633 4968 1920 5037 signiﬁcas.

347 5069 466 5126 lite
489 5069 688 5139 quippe
712 5065 1002 5137 apostolica
1034 5063 1297 5118 sententia
1327 5071 1450 5116 ante
1479 5070 1706 5115 mortem
1731 5060 1919 5114 admo-

345 5174 432 5219 net
457 5163 572 5217 ﬁeri
597 5161 741 5232 quod
773 5159 937 5229 possit
959 5156 1214 5228 prodesse
1235 5163 1354 5234 post
1379 5165 1635 5216 mortem;
1665 5167 1771 5206 non
1795 5162 1920 5208 tunc

345 5255 555 5326 quando
592 5253 703 5324 jam
748 5249 1116 5320 recipiendum
1140 5255 1224 5300 est
1263 5243 1404 5314 quod
1444 5245 1665 5312 quisque
1703 5244 1926 5312 gesserit

344 5357 464 5402 ante
491 5353 742 5401 mortem.
779 5341 974 5396 Verum
1009 5339 1122 5394 lucc
1161 5337 1230 5390 ita
1261 5335 1482 5389 solvitur
1504 5335 1757 5404 quaestio,
1785 5350 1920 5404 quo-

409 5551 426 5581 ι
450 5547 587 5606 mm,
602 5557 665 5595 ηε
677 5552 1036 5606 acquiescanms
1053 5536 1181 5606 illius
1196 5533 1781 5606 uerbis..g)lieinniu_s_duo
1800 5541 1923 5606 sise,

341 5625 403 5664 η
752 5595 763 5606 .
935 5599 1126 5680 very“
1154 5597 1249 5658 νει,
1268 5604 1319 5645 ιιι
1339 5596 1540 5644 aliicum
1567 5595 1779 5644 editione
1802 5603 1918 5658 κει,

345 5662 1292 5790 “.W£.1“‘ia$;i’i”mm
1321 5719 1373 5772 in
1410 5717 1498 5771 hoc
1529 5718 1645 5774 loco.

2052 1210 2268 1266 corpus,
2300 1198 2528 1256 efﬁcitur
2557 1211 2615 1260 ut
2640 1203 2845 1273 prosint
2868 1207 2951 1261 vel
2981 1221 3086 1263 non
3115 1208 3341 1278 prosint,
3368 1225 3638 1281 quascum-

2051 1306 2156 1360 que
2189 1306 2287 1362 pro
2311 1293 2402 1348 illo
2428 1295 2516 1364 pie
2547 1294 2714 1361 ﬁunt,
2759 1313 2879 1360 cum
2919 1299 3196 1369 reliquerit
3238 1315 3450 1372 corpus.
3497 1301 3631 1358 Nam

2049 1383 2320 1450 meritum,
2351 1401 2446 1455 per
2470 1388 2613 1458 quod
2644 1389 2745 1452 ista
2779 1391 2986 1459 prosint
3008 1433 3023 1459 ,
3053 1393 3097 1447 si
3125 1393 3326 1456 nullum
3352 1409 3634 1466 compara-

2049 1483 2158 1534 tum
2187 1487 2271 1533 est
2297 1479 2350 1534 in
2379 1477 2479 1536 hac
2501 1480 2626 1546 vita,
2651 1480 2845 1538 frustra
2866 1485 3120 1552 quaeritur
3145 1495 3264 1556 post
3283 1483 3422 1543 banc
3447 1489 3630 1544 vitam.

2045 1568 2120 1624 lta
2152 1569 2212 1624 ﬁt
2237 1580 2294 1626 ut
2323 1586 2498 1642 neque
2535 1573 2764 1632 inaniter
2803 1574 3079 1645 Ecclesia,
3129 1579 3213 1634 vel
3250 1593 3470 1644 suorum
3500 1595 3630 1644 cura

2045 1674 2143 1728 pro
2172 1660 2434 1720 defunctis
2455 1704 2471 1730 ,
2499 1664 2640 1734 quod
2672 1666 2902 1735 potuerit
2940 1668 3212 1738 religionis
3242 1669 3545 1742 impendat,
3576 1680 3632 1728 et

2044 1758 2220 1810 tanien
2246 1750 2384 1814 ferat
2413 1756 2774 1826 unusquisque
2793 1758 3087 1821 secundum
3110 1775 3172 1814 ea
3199 1776 3317 1832 quae
3341 1761 3511 1831 gessit
3533 1777 3630 1834 per

2040 1855 2255 1911 corpus,
2282 1844 2395 1904 sive
2421 1845 2618 1908 bonum
2643 1887 2658 1914 ,
2690 1846 2804 1904 sive
2829 1848 3026 1906 malum
3051 1889 3068 1915 ,
3098 1848 3356 1906 reddente
3401 1851 3628 1908 Domino

2040 1935 2324 2006 unicuique
2348 1938 2639 2002 secundum
2682 1953 2846 2009 opera
2885 1941 3020 2011 ejus.
3065 1942 3135 1997 Ut
3169 1942 3311 1998 enim
3353 1943 3456 2000 hoc
3482 1944 3626 2016 quod

2038 2024 2382 2095 impenditur,
2416 2029 2584 2098 possit
2608 2030 2658 2090 ei
2689 2030 2942 2099 prodesse
2965 2041 3084 2102 post
3101 2047 3317 2103 corpus,
3350 2034 3402 2088 in
3427 2049 3490 2090 ea
3517 2036 3626 2092 vita

2035 2127 2118 2174 est
2133 2120 2466 2190 acquisitum,
2482 2137 2639 2192 quam
2663 2123 2834 2193 gessit
2853 2123 2910 2180 in
2935 2138 3159 2195 corpore
3181 2143 3202 2178 ι
3240 2123 3342 2198 (De
3365 2124 3503 2182 Cura
3528 2142 3624 2199 pro

2037 2208 2195 2266 Mart.
2225 2228 2356 2282 gen,
2386 2227 2502 2283 cap.
2531 2210 2606 2286 1).

2103 2303 2157 2358 4.
2194 2302 2311 2364 υἱιί
2335 2304 2497 2360 etiam
2527 2304 2632 2364 tale
2657 2305 2857 2376 aliquid
2884 2305 2952 2373 ad
2979 2305 3355 2376 Laurentium,
3381 2307 3523 2380 quod
3549 2309 3620 2364 ita

2033 2406 2093 2447 se
2121 2391 2321 2449 habet:
2359 2411 2378 2445 ι
2414 2394 2647 2464 Tempus
2671 2405 2871 2464 autem,
2913 2395 3153 2468 inquam,
3186 2397 3327 2470 quod
3353 2398 3493 2456 inter
3519 2398 3618 2454 ho-

2033 2482 2194 2538 minis
2222 2492 2449 2542 mortem
2483 2494 2538 2540 et
2577 2486 2816 2542 ultimam
2857 2489 3304 2544 resurrectionem
3333 2489 3618 2561 interposi-

2032 2582 2143 2628 tum
2173 2584 2256 2630 est
2275 2616 2291 2640 ,
2337 2576 2544 2631 animas
2570 2577 2767 2639 abditis
2803 2578 3156 2649 receptaculis
3185 2581 3449 2646 continet,
3479 2581 3618 2638 sicut

2031 2682 2360 2739 unaquaeque
2388 2669 2544 2740 digna
2569 2678 2650 2730 est
2679 2670 2761 2726 vel
2791 2672 2976 2741 requie
3016 2672 3098 2728 vel
3127 2689 3364 2730 aerumna
3383 2714 3399 2741 ,
3428 2689 3523 2744 pro
3551 2689 3617 2730 eo

2029 2760 2171 2829 quod
2195 2761 2381 2816 sortila
2405 2761 2561 2818 estin
2592 2776 2756 2817 carne
2782 2761 2908 2818 dum
2945 2764 3165 2820 viveret.
3209 2764 3392 2836 Neque
3421 2780 3618 2837 negan-

2030 2850 2156 2906 dum
2199 2862 2280 2906 est
2308 2851 2679 2918 defunctorum
2708 2854 2914 2911 animas
2954 2856 3150 2926 pietate
3182 2872 3398 2913 suorum
3429 2859 3615 2916 viven-

2030 2943 2162 3004 tium
2190 2943 2434 3012 relevari,
2460 2959 2582 3001 cum
2612 2959 2709 3016 pro
2737 2945 2844 3002 illis
2865 2947 3181 3004 sacriﬁcium
3202 2947 3508 3006 Mediatoris
3533 2950 3617 3005 of-

2028 3033 2217 3102 fertur,
2250 3036 2334 3092 vel
2359 3036 2715 3109 eleemosyna:
2741 3037 2794 3092 in
2823 3036 3062 3100 Ecclesia
3091 3040 3243 3094 ﬁunt.
3266 3040 3370 3096 Sed
3398 3043 3476 3096 eis
3501 3041 3617 3097 lucc

2029 3135 2293 3197 prosunt,
2324 3129 2417 3196 qui
2447 3142 2568 3182 cum
2609 3127 2882 3193 viverent,
2912 3137 2973 3183 ut
2994 3127 3111 3184 haec
3140 3130 3240 3184 sibi
3274 3140 3456 3200 postea
3491 3147 3617 3201 pos-

2030 3229 2151 3278 sent
2177 3219 2450 3290 prodesse,
2493 3228 2823 3280 meruerunt.
2854 3218 2952 3282 Est
2987 3222 3129 3276 enim
3157 3222 3372 3292 quidam
3401 3223 3614 3280 vivendi

2030 3313 2240 3379 modus,
2269 3321 2500 3372 nectam
2527 3312 2720 3379 bonus,
2749 3321 2932 3370 utnon
2952 3314 3190 3385 requirat
3213 3315 3311 3371 ista
3335 3325 3450 3386 post
3471 3331 3613 3372 mor-

2029 3413 2168 3470 tem;
2198 3419 2298 3460 nec
2326 3413 2433 3460 tam
2463 3403 2658 3471 malus,
2689 3413 2747 3460 ut
2772 3404 2824 3460 ei
2847 3418 2956 3460 non
2976 3404 3181 3475 prosint
3201 3406 3298 3464 ista
3323 3417 3444 3478 post
3467 3424 3614 3465 mor-

2030 3509 2135 3554 tem
2166 3516 2177 3553 :
2209 3507 2292 3554 est
2319 3512 2447 3554 vero
2474 3497 2597 3553 talis
2625 3497 2680 3552 in
2711 3496 2873 3565 bono,
2905 3506 2962 3552 ut
2990 3497 3073 3553 his
3099 3514 3204 3554 non
3237 3501 3501 3570 requirat;
3531 3509 3614 3557 est

2028 3598 2083 3645 et
2107 3602 2293 3645 rursus
2329 3587 2451 3643 talis
2479 3587 2533 3642 in
2565 3587 2738 3655 malo,
2779 3595 2837 3642 ut
2870 3601 2970 3643 nec
2995 3586 3080 3644 bis
3103 3587 3307 3656 valeat,
3344 3606 3464 3646 cum
3499 3589 3616 3648 hare

2029 3683 2136 3737 vita
2165 3681 2452 3747 transierit,
2485 3680 2746 3750 adjuvari.
2781 3679 3042 3746 Quocirca
3071 3679 3159 3736 hic
3183 3697 3342 3738 omne
3368 3684 3614 3739 meritum

2028 3784 2390 3846 comparatur,
2408 3788 2513 3844 quo
2537 3782 2655 3844 post
2678 3773 2815 3830 banc
2833 3775 2993 3829 vitam
3019 3774 3187 3843 possit
3214 3775 3434 3829 relevari
3462 3776 3612 3843 quis-

2028 3869 2206 3938 piam,
2256 3866 2340 3921 vel
2375 3867 2603 3936 gravari.
2638 3866 2804 3921 Nemo
2829 3880 2889 3920 se
2911 3873 3090 3920 autem
3115 3874 3327 3935 speret,
3357 3866 3498 3935 quod
3526 3866 3615 3928 hic

2030 3959 2300 4030 neglexit,
2329 3973 2449 4012 cum
2481 3957 2708 4023 abierit,
2746 3955 2888 4025 apud
2927 3955 3094 4012 Deum
3133 3958 3451 4027 promereri.
3495 3957 3613 4014 Non

2029 4054 2190 4123 igitur
2217 4053 2317 4106 ista
2347 4065 2469 4120 quae
2500 4063 2598 4120 pro
2626 4047 2891 4105 defunctis
2909 4047 3346 4108 commendandis
3369 4048 3618 4121 frequen-

2031 4155 2109 4201 tat
2146 4144 2406 4208 Ecciesia,
2436 4143 2510 4197 illi
2535 4141 2844 4214 apostolica:
2879 4151 3005 4200 sunt
3043 4142 3262 4199 adversa
3298 4145 3613 4214 sementim,

2030 4254 2132 4310 qua
2158 4237 2360 4292 dictum
2399 4244 2514 4301 est,
2547 4234 2733 4290 Omnes
2770 4235 2904 4290 enim
2931 4234 3206 4290 astabimus
3245 4245 3364 4291 ante
3395 4237 3617 4294 tribunal

2032 4329 2236 4394 Christi,
2267 4338 2322 4382 ut
2350 4331 2480 4399 [erat
2504 4327 2844 4397 unusquisque
2869 4328 3144 4382 secundant
3169 4344 3230 4383 ea
3257 4345 3371 4398 qua:
3397 4347 3486 4400 per
3507 4346 3620 4386 cor-

2031 4437 2125 4492 pus
2153 4420 2346 4491 gessit,
2389 4419 2492 4474 sive
2513 4419 2699 4474 bonum
2730 4419 2832 4473 sive
2861 4419 3090 4484 malum;
3137 4419 3262 4489 quia
3307 4423 3464 4476 etiam
3515 4421 3619 4478 hoc

2031 4514 2276 4568 meritum
2303 4511 2404 4568 sibi
2425 4512 2652 4582 quisque
2677 4525 2799 4565 cum
2823 4511 2874 4564 in
2901 4525 3131 4580 corpore
3157 4511 3363 4568 viveret
3391 4526 3612 4580 compa—
3673 4495 3678 4498 ’

2031 4606 2190 4669 ravit,
2214 4613 2274 4659 ut
2302 4604 2350 4659 ei
2381 4611 2596 4672 possent
2620 4601 2720 4656 ista
2748 4599 3022 4670 prodesse.
3048 4599 3163 4655 Non
3198 4601 3341 4656 enim
3367 4602 3617 4668 omnibus

2033 4706 2286 4770 prosunt;
2316 4702 2371 4751 et
2395 4708 2563 4765 quare
2587 4708 2694 4748 non
2718 4691 2967 4748 omnibus
2995 4701 3240 4762 prosunt,
3269 4693 3369 4748 nisi
3401 4702 3616 4763 propter

2031 4788 2382 4846 diﬁ‘erentiam
2425 4785 2548 4840 vita:
2582 4799 2743 4856 quam
2783 4783 3010 4854 quisque
3047 4783 3215 4853 gessit
3255 4784 3305 4839 in
3349 4786 3616 4852 corpore?

2031 4882 2166 4940 Cum
2192 4894 2320 4952 ergo
2347 4875 2628 4944 sacriﬁcia,
2658 4875 2772 4932 sive
2793 4873 2998 4938 altaris,
3017 4872 3132 4930 sive
3155 4887 3616 4943 quarumcumque

2032 4975 2490 5043 eleemosynarum
2531 4981 2627 5038 pro
2655 4964 2933 5034 baptizatis
2956 4962 3220 5020 defunctis
3253 4964 3504 5024 omnibus
3535 4964 3616 5020 of.

2032 5065 2279 5120 feruntur
2303 5103 2316 5128 ,
2358 5077 2455 5132 pro
2493 5058 2646 5115 valde
2686 5056 2842 5114 bonis
2865 5056 3154 5126 gratiarum
3182 5055 3418 5114 actiones
3456 5065 3614 5124 sunt;

2035 5172 2134 5228 pro
2174 5171 2278 5209 non
2313 5151 2466 5207 valde
2506 5149 2663 5205 malis
2702 5147 3106 5219 propitiationes
3136 5158 3291 5214 sunt;
3339 5164 3436 5218 pro
3462 5148 3616 5204 valde

2036 5250 2214 5313 malis,
2239 5244 2446 5301 etiamsi
2477 5242 2617 5297 nulla
2639 5249 2763 5296 sunt
2783 5240 3090 5309 adjumenta
3111 5252 3462 5301 mortuorum,
3488 5254 3615 5306 qua~

2036 5342 2343 5408 lescumque
2362 5335 2603 5389 vivorum
2628 5332 3019 5388 consolationes
3045 5341 3185 5386 sunt.
3215 5330 3414 5398 Quibus
3439 5338 3639 5383 autem.

2038 5439 2291 5504 prosunt,
2323 5436 2414 5482 aut
2441 5426 2508 5480 ad
2538 5424 2639 5479 hoc
2672 5434 2937 5496 prosunt,
2968 5437 3025 5481 ut
3058 5426 3127 5480 sit
3153 5425 3304 5494 plena
3333 5421 3578 5477 remissio
3599 5463 3614 5490 ,

2037 5530 2283 5579 autccrte
2315 5527 2368 5573 ut
2398 5516 2724 5572 tolerabilior
2752 5516 2967 5586 iiatipsa
2985 5514 3252 5571 damnatio
3277 5533 3295 5565 ι
3329 5509 3571 5584 (Enchir.
3594 5554 3611 5580 ,

2037 5632 2188 5688 capp.
2225 5610 2348 5676 i09,
2383 5609 2533 5681 110).
3288 5632 3292 5634 -

2111 5705 2333 5774 Qun".
2371 5698 2460 5758 ill.
2484 5729 2558 5744 —
2587 5700 2640 5756 1.
2664 5696 2848 5755 Utrum
2893 5700 2949 5754 in
2996 5697 3213 5752 adventu
3253 5693 3464 5754 Domni
3494 5709 3619 5754 Μ
