4134 6208
447 212 551 271 159

464 350 688 420 futurum
706 340 770 397 sit
777 337 1053 412 judicium,
1078 351 1206 393 anile
1230 334 1308 388 illi
1335 332 1566 387 morituri
1587 330 1706 395 sint,
1728 327 1814 397 qui
1839 339 2038 393 rapien-

452 442 536 489 tur
558 433 612 488 in
640 430 850 488 nubibus
876 429 1071 486 obviam
1095 426 1333 484 Domino.
1362 426 1659 498 Symbolum
1682 428 1855 497 regula
1885 426 2024 495 ﬁdei.

520 525 760 582 LTertia
784 534 869 579 tua
892 523 1113 594 quaestio
1136 529 1235 587 est,
1266 537 1285 571 ι
1321 520 1506 576 Utrum
1527 518 1705 574 statim
1725 518 1778 572 in
1798 516 2025 571 adventu

466 617 672 674 Domini
686 614 1005 673 credendum
1032 613 1100 668 sit
1114 612 1343 684 futurum
1361 625 1481 666 esse
1488 609 1765 680 judicium,
1780 623 1847 662 an
1859 608 2031 678 spatio

453 707 767 778 interposito
791 706 1065 775 temporis.
1107 702 1162 758 In
1188 703 1339 772 cujus
1358 701 1547 756 diebus
1578 700 1839 756 adventus
1861 741 1876 764 ,
1898 714 2035 770 quo-

454 800 595 854 niam
618 798 863 867 legimus,
887 795 1082 866 inquis,
1110 793 1252 863 quod
1272 793 1361 863 qui
1384 791 1732 862 superabunt.
1762 790 2036 861 rapientur

453 887 755 943 in'nubibus
777 885 985 940 obviam
1011 884 1222 939 Christo
1251 885 1303 938 in
1330 899 1474 948 aera,
1506 893 1559 938 et
1581 883 1660 938 sic
1684 896 1897 953 semper
1916 896 2035 936 cum

455 978 683 1034 Domino
709 976 868 1033 futuri
891 985 1048 1042 sunt;
1079 989 1238 1030 nosse
1258 974 1527 1040 desidero,
1550 984 1727 1029 utrum
1750 988 1870 1029 mox
1887 972 2035 1044 judi-

455 1074 599 1129 cium
644 1074 925 1128 comitetur
962 1071 1275 1135 adventum;
1304 1077 1357 1125 et
1386 1070 1417 1123 ii
1444 1068 1831 1139 quirapientnr
1858 1068 1910 1121 in
1934 1083 2034 1121 nu-

457 1164 570 1229 bes,
596 1180 662 1219 an
684 1164 959 1227 solvantur
980 1162 1031 1215 in
1053 1170 1279 1215 mortem
1307 1178 1320 1213 :
1345 1160 1446 1214 nisi
1469 1160 1601 1213 forte
1622 1158 1687 1213 ad
1710 1158 1878 1213 vicem
1902 1172 2037 1211 mor-

454 1255 523 1311 tis
544 1257 712 1325 ipsam
739 1253 1159 1309 immutationem
1182 1252 1468 1308 debeamus
1494 1251 1757 1318 accipere.
1798 1269 1815 1301 ι

522 1348 580 1403 ‘2.
611 1347 744 1403 Huic
771 1345 1166 1417 interrogationi
1205 1354 1340 1410 tuae,
1384 1360 1487 1415 qua
1531 1344 1726 1413 qureris
1766 1351 1941 1396 utrum
1981 1342 2033 1397 in

452 1438 687 1494 adventu
715 1436 925 1492 Domini
952 1452 1074 1490 mox
1100 1435 1424 1491 credendum
1456 1434 1524 1487 sit
1548 1433 1782 1488 futurum
1809 1447 1928 1488 esse
1945 1431 2033 1501 ju-

456 1529 676 1597 dicium,
710 1540 835 1599 puto
859 1527 1002 1599 quod
1032 1526 1261 1581 sufﬁciat
1282 1524 1412 1580 ﬁdes
1435 1523 1673 1595 Symboli
1695 1564 1710 1589 ,
1740 1538 1842 1593 qua
1866 1522 2035 1577 conﬁ-

456 1631 633 1678 temur
669 1620 936 1677 Christum
965 1634 993 1672 a
1023 1619 1198 1673 Patris
1231 1617 1449 1672 dextera
1478 1630 1597 1671 esse
1637 1623 1920 1670 venturum
1968 1612 2036 1668 ad

451 1717 603 1772 vivos
627 1724 681 1771 et
722 1720 958 1769 mortuos
982 1709 1319 1781 iudicandos.
1366 1709 1497 1764 Cum
1546 1722 1674 1777 ergo
1717 1708 1830 1776 ipsa
1875 1706 1945 1760 sit
1987 1705 2037 1760 ei

454 1820 612 1863 causa
649 1804 928 1869 veniendi,
957 1802 1084 1873 quid
1110 1802 1250 1857 aliud
1282 1812 1497 1856 acturus
1524 1807 1607 1855 est
1636 1814 1754 1855 mox
1786 1807 1845 1854 ut
1873 1812 2037 1854 vene-

455 1899 545 1965 rit,
586 1898 686 1953 nisi
715 1905 930 1967 propter
958 1894 1099 1965 quod
1130 1893 1345 1949 veniet?
1375 1893 1449 1947 De
1482 1893 1586 1947 illis
1612 1901 1788 1947 autem
1826 1891 1915 1961 qui
1952 1906 2035 1944 ra-

454 1993 664 2061 pientur
689 1990 739 2043 in
771 1988 997 2044 nubibus
1022 2028 1037 2053 ,
1072 1988 1122 2041 in
1153 1986 1376 2057 quadam
1413 1984 1632 2055 epistola
1661 1999 1819 2055 quam
1847 1982 2035 2051 scripsi

455 2060 523 2136 ad
549 2081 718 2136 ﬁlium
746 2094 922 2134 meum
948 2060 1165 2133 nomine
1202 2077 1546 2132 Mercatorem
1577 2077 1594 2107 ί
1617 2117 1631 2140 ,
1663 2074 1849 2146 procul
1874 2073 2037 2128 dubio

457 2172 793 2229 notissimum
815 2170 985 2237 vobis,
1011 2183 1132 2224 cum
1154 2183 1240 2223 me
1259 2167 1613 2223 consuluisset
1633 2166 1701 2220 de
1719 2164 2036 2230 quibusdam

454 2263 834 2334 quaestionibus
863 2262 1283 2333 Pelagianorum,
1316 2261 1403 2330 qui
1431 2267 1624 2329 negant
1650 2266 1876 2312 mortem
1911 2269 2035 2325 pec-

454 2366 574 2414 cato
625 2371 742 2412 esse
790 2355 1099 2411 retributam
1125 2396 1139 2418 ,
1195 2361 1457 2423 quatenus
1503 2348 1883 2419 disputaverim
1914 2390 1928 2415 ,
1982 2348 2035 2402 in

457 2449 681 2504 subditis
712 2448 829 2519 lege
857 2465 870 2501 :
908 2465 927 2499 ς
965 2445 1039 2500 Illi
1066 2456 1243 2499 autem
1265 2484 1278 2507 ,
1307 2443 1554 2511 inquam,
1587 2440 1653 2494 de
1688 2440 1881 2511 quibus
1905 2437 2039 2493 dixit

456 2538 745 2610 Apostolus
763 2580 777 2603 ,
804 2553 923 2593 cum
956 2537 1261 2607 loqueretur
1288 2533 1355 2588 de
1379 2532 1770 2587 resurrectione
1796 2539 2036 2585 mortuo-

457 2647 598 2698 rum,
635 2631 702 2684 Et
729 2646 820 2685 nos
839 2630 1052 2683 viventes
1079 2627 1164 2698 qui
1191 2626 1371 2696 reliqui
1396 2640 1588 2689 sumus,
1616 2623 1768 2678 simul
1795 2639 1909 2676 cum
1934 2620 2038 2675 illis

456 2724 710 2795 rapientur
727 2723 780 2775 in
808 2720 1020 2775 nubibus
1040 2719 1234 2774 obviam
1255 2717 1454 2771 Christo
1485 2717 1535 2769 in
1562 2732 1721 2781 aera;
1749 2724 1795 2769 et
1821 2716 1890 2768 ita
1909 2730 2039 2768 sent-

459 2830 549 2886 per
573 2831 687 2868 cum
710 2812 928 2867 Domino
952 2812 1174 2875 erimus;
1199 2810 1423 2865 aﬂertmt
1447 2809 1658 2879 quidem
1680 2807 1874 2879 aliquid
1894 2823 2039 2878 quaa-

459 2905 668 2969 stionis,
707 2903 799 2959 sed
838 2919 932 2974 per
961 2919 1020 2958 se
1046 2905 1189 2972 ipsos
1212 2904 1263 2966 ³,
1300 2918 1403 2955 non
1438 2912 1655 2971 propter
1694 2900 1824 2955 istos
1856 2917 1871 2956 :
1914 2916 2036 2955 nam

458 3006 513 3053 et
541 2998 585 3052 si
611 3011 713 3052 non
741 3004 865 3050 sunt
887 2997 1045 3050 etiam
1074 2995 1172 3065 ipsi
1195 2995 1459 3060 morituri,
1489 2992 1615 3064 quid
1637 2994 1767 3048 istos
1791 2992 2040 3063 adjuvent

459 3089 678 3144 omnino
705 3104 810 3143 non
833 3087 1005 3151 video,
1031 3103 1151 3143 cum
1181 3087 1299 3141 talia
1330 3086 1397 3141 de
1418 3086 1500 3140 bis
1522 3085 1623 3139 dici
1657 3086 1882 3155 possint,
1911 3100 2039 3155 qna-

460 3181 528 3235 lia
556 3180 624 3235 de
646 3180 746 3235 illis
774 3179 912 3235 dicta
941 3186 1063 3233 sunt
1104 3178 1310 3231 duobus
1331 3219 1346 3243 ,
1382 3177 1564 3231 Enocli
1599 3177 1801 3231 scilicet
1823 3186 1878 3231 et
1907 3176 2037 3231 Elia.

458 3272 562 3328 Sed
588 3285 802 3329 revera.
835 3281 1090 3340 quantum
1119 3269 1183 3323 ad
1218 3269 1376 3323 verba
1421 3268 1560 3323 beati
1598 3268 1838 3337 Apostoli
1878 3269 2041 3338 perti-

461 3375 572 3430 net,
616 3364 826 3419 vidctnr
864 3378 1108 3417 asserere
1145 3362 1400 3431 quosdam
1436 3362 1486 3414 in
1520 3361 1621 3414 ﬁne
1657 3362 1836 3415 saeculi
1877 3360 2039 3416 adve-

461 3456 639 3509 niente
669 3455 922 3514 Domino.
966 3468 1084 3505 cum
1119 3451 1289 3504 l‘utura
1329 3459 1411 3503 est
1438 3451 1758 3504 resurrectio
1805 3459 2042 3504 mortuo-

461 3560 599 3608 rum,
630 3560 733 3598 non
764 3558 883 3598 esse
908 3544 1210 3607 morituros,
1236 3541 1327 3596 sed
1361 3541 1509 3596 vivos
1530 3551 1790 3611 repertos,
1824 3542 1874 3596 in
1899 3542 2040 3596 illam

463 3634 933 3690 immortalitatem.
965 3648 1084 3704 qua:
1108 3633 1307 3686 sanctis
1334 3633 1495 3687 etiam
1524 3633 1732 3686 cmteris
1756 3632 1929 3694 datur.
1955 3647 2039 3688 re-

463 3735 619 3793 pente
650 3726 930 3779 mutandos
956 3766 970 3791 ,
1002 3734 1055 3779 et
1082 3724 1241 3778 simul
1266 3740 1378 3776 cum
1409 3723 1512 3777 illis
1556 3723 1825 3794 rapiendos
1845 3766 1860 3789 ,
1906 3725 2046 3779 sicut

462 3818 611 3880 dicit,
640 3818 691 3872 in
719 3817 930 3873 nubibus
961 3833 979 3870 :
1007 3832 1106 3872 nec
1144 3816 1342 3887 aliquid
1370 3815 1512 3871 aliud
1544 3816 1671 3870 milii
1712 3818 1881 3871 visum
1920 3826 2004 3872 est
2025 3858 2041 3884 ,

463 3912 668 3980 quoties
693 3911 759 3965 de
784 3909 864 3963 bis
888 3908 1065 3964 verbis
1093 3909 1234 3963 volui
1256 3908 1509 3980 cogitare.

533 4002 587 4058 3.
631 4019 649 4052 ε
686 4000 789 4056 Sed
818 4000 1008 4055 vellem
1038 4001 1161 4054 hinc
1201 4000 1373 4069 potius
1402 3999 1590 4055 audire
1624 3998 1929 4066 doctiores;
1975 4016 2045 4056 ne

464 4091 569 4146 illis
621 4091 779 4146 etiam
820 4091 908 4158 qui
959 4098 1144 4158 putant
1196 4091 1401 4159 aliquos
1442 4102 1612 4146 morte
1673 4106 1779 4146 non
1845 4107 2047 4163 praece-

466 4180 626 4234 dente
650 4179 947 4234 viviﬁcatos
970 4222 984 4246 ,
1032 4180 1097 4233 ad
1136 4180 1299 4234 vitam
1340 4190 1647 4249 perpetuam
1686 4183 2042 4250 transituros,

465 4272 646 4325 dicere
674 4270 973 4325 inveniatur
999 4271 1284 4340 Apostolus
1317 4288 1330 4326 :
1363 4269 1547 4337 Stulte,
1574 4284 1626 4327 tu
1645 4273 1781 4344 quod
1802 4276 2041 4342 seminus,

465 4377 566 4415 non
593 4361 902 4430 vivi/icamr.
933 4362 1031 4415 nisi
1067 4362 1311 4415 moriatur
1338 4362 1378 4415 ³.
1404 4362 1534 4417 Nam
1574 4373 1626 4418 et
1666 4364 1788 4419 illud
1816 4367 1959 4435 quod
1990 4368 2045 4421 in

465 4454 732 4525 plerisque
757 4454 1027 4510 codicibus
1057 4455 1269 4524 legitur,
1302 4444 1487 4510 Omnes
1513 4473 1832 4529 resurgeinus
1861 4460 1903 4532 (Ι
1925 4460 2043 4516 Cor.

470 4565 556 4617 xv,
581 4549 669 4616 36,
702 4548 816 4619 5i),
842 4549 979 4605 unde
1012 4551 1122 4603 ﬁeri
1150 4550 1361 4619 poterit,
1387 4551 1483 4604 nisi
1508 4567 1695 4606 omnes
1716 4554 2045 4608 moriamur?

470 4641 813 4696 Resurrectio
837 4639 1054 4711 quippe,
1083 4641 1181 4696 nisi
1213 4656 1359 4696 mors
1389 4642 1742 4712 praecesserit,
1773 4644 1913 4699 nulla
1940 4656 2041 4701 est.

469 4733 533 4786 Et
552 4731 696 4803 quod
726 4733 962 4788 nonnulli
1000 4731 1211 4788 codices
1237 4732 1454 4797 habent,
1486 4731 1671 4788 Omnes
1700 4735 2006 4791 dormiamus
2026 4778 2042 4804 ,

468 4824 634 4879 multo
663 4823 872 4881 facilius
901 4833 956 4879 et
984 4825 1222 4895 apertius
1249 4824 1301 4879 id
1325 4824 1467 4894 cogit
1493 4824 1748 4895 intelligi;
1774 4836 1828 4881 et
1853 4829 1895 4882 si
1920 4828 2045 4897 quid

468 4913 609 4968 aliud
638 4915 740 4969 tale
768 4916 821 4970 in
849 4918 1049 4970 sanctis
1073 4914 1290 4970 Litteris
1317 4915 1613 4980 invenitur,
1654 4915 1721 4969 ad
1747 4916 1798 4970 id
1839 4918 2047 4973 videtur

468 5001 759 5072 impellere,
786 5015 846 5061 ut
866 5007 1040 5061 nullus
1066 5006 1339 5061 hominum
1363 5006 1699 5061 existimetur
1729 5008 2044 5065 immortali-

468 5101 650 5159 tatem,
700 5095 801 5150 nisi
850 5112 997 5151 mors
1049 5099 1403 5168 praecesserit,
1452 5097 1761 5168 adepturus.
1816 5100 2044 5158 Proinde

467 5185 555 5240 ubi
581 5184 714 5240 dixit
742 5184 1060 5256 Apostolus,
1095 5189 1163 5244 Et
1200 5206 1293 5245 nos
1318 5190 1532 5247 viventes
1555 5192 1643 5262 qui
1667 5193 1847 5264 reliqui
1873 5213 2046 5252 sumus

465 5275 519 5329 in
561 5275 829 5332 adventum
869 5274 1113 5345 Domini,
1154 5296 1255 5335 non
1292 5282 1649 5353 prteveniemus
1682 5300 1766 5341 eos
1800 5288 1890 5357 qui
1932 5300 2048 5344 ante

532 5395 797 5470 {pditinad
818 5394 972 5462 lilium
1173 5406 1499 5470 mercatorem,
1520 5415 1627 5466 qum
1646 5404 1849 5470 incinit:
1883 5412 2056 5460 Procul

468 5456 612 5530 άωῳρ
629 5456 928 5530 mminit
949 5460 1095 5510 vobis.
1112 5463 1408 5530 sinceriores
1420 5456 1656 5530 sunt'ttss.
1676 5456 1899 5530 plerique
1918 5456 2051 5521 hisce

468 5521 647 5592 verbis,
675 5535 783 5592 qua:
798 5520 984 5592 insint,
1009 5524 1183 5592 merito
1206 5533 1455 5592 carentes;
1480 5527 1659 5592 quippe
1676 5520 1797 5576 'eum
1820 5520 1881 5592 'e,
1904 5520 2051 5583 istoito

468 5579 559 5630 hoc
580 5579 907 5634 loco'laudatte'
929 5579 1114 5634 initium
1136 5587 1215 5642 sit,
1248 5604 1269 5628 α
1287 5579 1474 5634 nam
1498 5579 1768 5639 iiil'ei'tionis
1791 5579 1901 5641 tuai.
1930 5610 1949 5637 ν

532 5642 554 5715 ξ
576 5644 651 5715 sic
802 5654 852 5715 at
878 5648 1234 5715 ρόιιιηυίοριενΔ
1252 5660 1302 5696 se
1326 5646 1469 5715 ipsos:

468 5703 872 5818 ‘eLEl‘i‘ﬁz‘plziﬁts
910 5703 1161 5760 moriatur.
1191 5703 1354 5770 Abest,
1389 5708 1541 5772 prius,
1578 5724 1605 5762 a
1628 5720 1731 5765 Mss.
1761 5723 1811 5766 et
1842 5728 1869 5765 ι
1893 5731 2054 5782 graeco

525 5776 610 5813 χιιι
633 5776 854 5817 Λιλοδιοη.

1205 214 1292 270 DE
1332 214 1509 270 ocvo
1549 216 1838 272 unum
1880 214 2433 286 QU.-l~;sTlU.\'IBLS,
2466 220 2523 273 s.
2571 220 2938 277 AUGUSTINI

3613 223 3717 282 160

2146 341 2474 394 dormierunt.
2508 341 2537 394 1
2541 356 2629 410 pse
2655 341 2789 395 enim
2822 338 3070 396 Dominus
3090 340 3145 395 in
3159 339 3312 411 jussu
3331 348 3381 395 et
3408 340 3464 397 in
3485 355 3603 396 voce
3637 359 3721 397 ατο

2144 432 2373 502 changeli
2395 472 2410 498 ,
2439 441 2488 487 et
2512 432 2563 485 in
2592 432 2710 486 tuba
2743 431 2838 485 Dei
2860 432 3125 487 descendet
3157 430 3222 486 de
3261 432 3418 499 coelo;
3462 443 3508 487 et
3534 436 3724 488 mortui

2144 523 2195 576 in
2220 521 2418 578 Christo
2445 533 2702 594 resurgant
2742 523 2904 593 primo
2934 524 2950 555 ⁸
2981 540 3000 577 :
3025 524 3210 578 deinde
3233 539 3322 578 nos
3354 526 3568 579 viventes
3594 566 3609 587 ,
3639 528 3722 594 qui

2144 615 2323 684 reliqui
2358 630 2551 677 sumus,
2596 616 2749 669 simul
2794 632 2909 669 eum
2952 616 3054 670 illis
3098 617 3356 686 rnpiemur
3404 618 3455 670 in
3506 619 3715 674 nubibus

2145 705 2338 759 obviam
2362 703 2562 759 Christo
2586 706 2639 759 in
2665 721 2818 771 aera;
2844 716 2891 760 et
2915 707 2987 759 ita
3013 723 3209 776 semper
3231 723 3345 760 cum
3373 706 3596 761 Domino
3615 711 3709 761 eri-

2143 814 2252 851 mus
2281 795 2325 866 (1
2358 796 2532 852 Thess.
2576 814 2646 865 tv,
2678 800 2896 869 M-l6);
2931 799 3119 854 vellem
3144 840 3159 863 ,
3189 801 3325 855 sicut
3351 801 3503 864 dixi,
3533 802 3601 857 de
3640 803 3716 856 ω.

2144 888 2319 941 verbis
2340 886 2522 943 audire
2550 887 2817 944 doctiores
2848 906 2863 944 :
2892 898 2948 944 et
2972 891 3016 943 si
3044 891 3173 945 milii
3198 893 3470 961 potuerint
3501 892 3614 946 haec
3652 895 3720 946 iti

2142 980 2333 1047 exponi
2358 1021 2373 1045 ,
2402 988 2461 1033 ut
2488 978 2545 1034 in
2572 980 2650 1035 eis
2679 981 2846 1049 possit
2884 981 3100 1051 intelligi
3130 996 3319 1037 omnes
3360 982 3601 1038 homines
3626 986 3715 1053 qui

2142 1070 2344 1133 vivunt,
2374 1070 2458 1125 vel
2508 1079 2629 1139 post
2675 1086 2772 1126 nos
2820 1072 3008 1127 victuri
3056 1083 3203 1135 sunt,
3245 1089 3364 1130 esse
3406 1077 3719 1137 morituros;

2141 1161 2462 1232 corrigerem
2507 1164 2528 1193 ί
2581 1161 2727 1231 quod
2800 1163 2923 1217 hinc
2984 1164 3270 1233 aliquando
3331 1166 3486 1220 aliter
3555 1168 3718 1222 sensi.

2142 1250 2321 1321 Neque
2361 1252 2503 1306 enim
2551 1252 2811 1307 debemus
2859 1268 2979 1308 esse
3018 1254 3275 1309 indociles
3321 1255 3567 1312 doctores
3610 1275 3624 1311 :
3666 1268 3723 1313 et

2141 1354 2286 1398 certe
2324 1344 2516 1398 melius
2555 1345 2716 1398 homo
2751 1346 3036 1415 corrigitur
3072 1359 3267 1414 pravus
3293 1346 3333 1412 ³,
3365 1362 3525 1417 quam
3575 1349 3721 1402 fran-

2141 1435 2281 1504 gitur
2346 1434 2554 1500 durus;
2619 1450 2739 1489 cum
2784 1435 2849 1489 iis
2886 1451 3004 1504 qua:
3058 1437 3379 1504 scribimus,
3421 1438 3491 1492 ita
3542 1450 3722 1495 nostra

2143 1527 2224 1580 vel
2274 1526 2498 1581 aliorum
2554 1535 2868 1581 exerceatur
2895 1536 2949 1583 et
2990 1527 3266 1583 erudiatur
3306 1528 3619 1596 inﬁrmitas,
3668 1539 3727 1586 ut

2145 1627 2317 1672 tamen
2374 1616 2426 1670 in
2478 1618 2558 1672 eis
2601 1617 2744 1672 nulla
2787 1618 2932 1673 velut
2967 1619 3225 1674 canonica
3250 1620 3604 1677 constituatur
3629 1635 3727 1676 au—

2142 1712 2379 1765 ctoritas.

2212 1803 2264 1854 4.
2303 1818 2322 1852 ι
2353 1800 2408 1855 Si
2452 1802 2630 1855 autem
2670 1801 2723 1856 in
2766 1801 2850 1856 his
2886 1801 3063 1859 verbis
3093 1804 3332 1873 Apostoli
3374 1804 3555 1860 nullus
3589 1804 3728 1860 alius

2141 1907 2328 1949 sensus
2352 1895 2544 1964 poterit
2583 1895 2837 1964 reperiri,
2881 1904 2937 1951 et
2969 1898 3071 1952 hoc
3100 1913 3221 1952 eum
3251 1898 3472 1969 intelligi
3493 1898 3730 1955 voluisse

2142 1985 2424 2053 claruerit,
2452 1986 2596 2056 quod
2632 1987 2879 2042 videntur
2916 1989 3028 2058 ipsa
3055 1991 3216 2045 verba
3242 1991 3510 2058 clamare;
3547 1993 3600 2049 id
3625 2002 3729 2062 est,

2142 2075 2285 2144 quod
2316 2075 2472 2130 futuri
2498 2077 2606 2130 sint
2630 2076 2683 2130 in
2715 2078 2820 2132 line
2844 2079 3025 2133 saeculi
3052 2088 3107 2135 et
3129 2079 3359 2136 adventu
3381 2082 3610 2150 Domini,
3638 2085 3730 2155 qui

2145 2182 2250 2220 non
2276 2166 2645 2236 exspolientur
2663 2181 2909 2237 corpore,
2932 2167 3024 2223 sed
3046 2170 3491 2240 super-induantur
3509 2173 3731 2229 immor-

2144 2258 2366 2323 talitate,
2399 2267 2456 2312 ut
2479 2259 2827 2315 absorbeatur
2850 2261 3074 2316 mortale
3108 2278 3140 2316 a
3170 2264 3272 2318 vita
3302 2263 3368 2335 (ll
3395 2265 3512 2320 Cor.
3542 2282 3596 2332 v,
3628 2267 3684 2339 4)
3711 2283 3728 2321 :

2147 2348 2270 2404 huic
2291 2350 2573 2405 sententiae
2599 2352 2780 2420 procul
2810 2350 2972 2407 dubio
2998 2354 3281 2410 conveniet
3305 2356 3447 2425 quod
3472 2357 3524 2410 iu
3550 2358 3732 2429 regula

2147 2440 2269 2494 ﬁdei
2316 2443 2667 2507 conﬁtemur,
2706 2454 2987 2498 venturum
3020 2445 3338 2512 Dominum,
3375 2448 3731 2518 iudicaturum

2146 2531 2293 2585 vivos
2320 2541 2376 2585 et
2403 2543 2679 2597 mortuos;
2711 2541 2771 2588 ut
2799 2550 2905 2588 nou
2948 2535 3035 2592 bic
3075 2536 3434 2608 intelligamus
3472 2541 3617 2597 vivos
3640 2540 3731 2609 ju-

2146 2630 2276 2684 stos,
2306 2633 2547 2677 mortuos
2572 2631 2751 2679 autem
2782 2624 3039 2693 iniustos,
3066 2628 3307 2697 quamvis
3326 2628 3598 2698 judicandi
3626 2632 3735 2688 sint

2142 2713 2269 2782 justi
2296 2721 2351 2768 et
2379 2712 2596 2783 iniusti;
2628 2714 2725 2770 sed
2754 2716 2903 2770 vivos
2928 2732 3063 2787 quos
3089 2718 3323 2775 nondum
3349 2721 3563 2786 exiisse.
3591 2738 3735 2777 mor-

2149 2816 2268 2861 tuos
2291 2816 2468 2860 autem
2497 2821 2632 2876 quos
2653 2807 2763 2877 jam
2787 2809 2982 2865 exiisse
3006 2809 3075 2866 de
3098 2812 3411 2881 corporibus
3426 2855 3440 2877 ,
3473 2813 3737 2873 adventus

2146 2898 2264 2966 eius
2293 2898 2543 2951 inveniet.
2576 2897 2707 2966 Quae
2741 2899 2785 2952 si
2828 2900 2897 2954 ita
2934 2915 3053 2955 esse
3090 2904 3418 2970 constiterit,
3453 2903 3545 2959 illa
3573 2905 3735 2961 verba

2147 2987 2458 3042 excutienda
2486 2996 2677 3054 erunt,
2714 2990 2981 3059 quomodo
3010 2991 3088 3046 sic
3112 2993 3463 3062 accipiamus,
3499 2993 3574 3048 Tu
3601 2996 3738 3066 quod

2147 3081 2396 3147 seminus,
2428 3097 2529 3134 non
2560 3081 2837 3151 vivificatur
2856 3124 2869 3144 ,
2900 3084 2998 3138 nisi
3027 3085 3304 3151 moriatur;
3332 3096 3408 3151 et,
3444 3087 3630 3144 Omnes
3656 3105 3740 3144 ro-

2149 3188 2430 3242 surgemus,
2453 3174 2588 3240 sive,
2617 3172 2805 3228 Omnes
2823 3176 3148 3240 dormiemus.
3180 3187 3235 3233 ut
3259 3194 3364 3239 non
3387 3180 3738 3238 adversentur

2152 3263 2274 3318 huic
2299 3266 2595 3327 sententias,
2621 3281 2721 3334 qua
2748 3266 2962 3336 quidam
2986 3269 3276 3325 creduntur
3297 3273 3457 3329 etiam
3480 3288 3599 3331 eum
3623 3274 3738 3331 suis

2151 3357 2464 3426 corporibus
2493 3357 2546 3410 in
2577 3366 2834 3411 :eternum
2865 3374 2969 3412 non
2998 3370 3208 3429 gustata
3241 3374 3414 3419 morte
3442 3365 3650 3419 victuri.

2224 3448 2277 3502 5.
2314 3465 2333 3498 ι
2362 3446 2467 3502 Sed
2495 3448 2796 3503 utrumlibet
2824 3448 3013 3504 borum
3042 3453 3280 3508 veracior
3307 3462 3362 3510 et
3387 3455 3742 3525 perspicacior

2154 3538 2453 3594 intellectus
2503 3539 2802 3594 inveniatur
2828 3540 2870 3606 ⁸,
2913 3541 3038 3609 quid
3080 3542 3146 3597 ad
3190 3558 3404 3599 causam
3460 3547 3745 3615 pertinebit

2156 3631 2413 3697 istorum,
2444 3632 2557 3686 sive
2599 3647 2788 3687 omnes
2828 3631 3006 3687 debita
3046 3643 3216 3690 morte
3258 3636 3584 3705 plectantur,
3627 3639 3744 3698 sive

2154 3722 2418 3791 aliquibus
2457 3722 2526 3775 ab
2566 3720 2665 3776 liae
2689 3722 2711 3753 ⁸
2738 3722 3040 3778 conditione
3082 3736 3357 3793 parcatur;
3397 3742 3518 3783 cum
3563 3738 3741 3789 tamen

2155 3821 2366 3869 constet
2393 3828 2498 3867 non
2524 3814 2695 3868 solum
2728 3824 2952 3869 mortem
2983 3816 3194 3880 animae,
3226 3832 3407 3873 verum
3435 3819 3594 3886 etiam
3622 3836 3746 3885 cor—

2157 3905 2301 3974 poris
2327 3912 2626 3959 secuturam
2658 3920 2763 3959 nou
2794 3904 2977 3969 fuisse,
3005 3906 3050 3960 si
3082 3916 3352 3975 peceatum
3382 3925 3488 3963 non
3515 3925 3745 3979 princes-

2156 3999 2347 4061 sisset;
2378 4005 2433 4051 et
2457 3997 2640 4067 gratia:
2670 3997 2993 4053 mirabiliore
3018 3999 3211 4054 virtute
3228 3998 3400 4070 jnstos
3423 4017 3453 4056 a
3479 4013 3648 4059 morte
3671 4004 3742 4060 ad

2158 4098 2412 4145 aeternam
2456 4087 2834 4143 beatitudinem
2880 4089 3227 4154 reviviscere,
3266 4106 3423 4160 quam
3465 4091 3516 4146 in
3557 4093 3767 4163 mortis,

2158 4182 2540 4253 experientiam
2573 4198 2679 4237 non
2703 4182 2924 4238 venire?
2950 4182 3075 4237 H:ec
3105 4193 3319 4254 propter
3346 4185 3495 4251 illos,
3527 4186 3594 4242 de
3618 4189 3744 4258 qui-

2162 4275 2257 4329 bus
2287 4275 2416 4329 milii
2441 4276 2718 4343 scripsisti,
2753 4277 2882 4331 satis
2911 4276 3051 4332 dicta
3076 4277 3215 4340 sint;
3244 4281 3484 4347 quamvis
3510 4296 3604 4335 eos
3626 4283 3739 4351 jam

2159 4380 2266 4421 non
2295 4365 2592 4421 existimem
2621 4365 2819 4431 dicere,
2850 4367 3008 4421 etiam
3040 4369 3084 4423 si
3115 4382 3219 4423 nea
3252 4381 3518 4439 peccasset
3545 4373 3742 4436 Adam.

2159 4456 2320 4511 fuisse
2344 4457 2428 4511 vel
2450 4471 2674 4527 corpore
2698 4458 3031 4513 nmriturum.

2232 4548 2284 4602 6.
2323 4566 2341 4598 ι
2369 4546 2631 4602 Ctetcrum
2670 4548 2809 4617 quod
2850 4551 3038 4606 attinet
3075 4552 3141 4607 ad
3179 4555 3525 4623 qumstiunem
3562 4571 3745 4610 resur-

2164 4639 2413 4693 rectionis
2434 4680 2447 4702 ,
2479 4648 2693 4709 propter
2722 4640 2843 4695 illos
2871 4640 2961 4709 qui
2990 4643 3279 4699 creduntur
3306 4659 3409 4699 neu
3440 4659 3555 4700 ωδε
3583 4648 3719 4700 muri

2166 4740 2268 4785 turi
2288 4770 2302 4795 ,
2329 4729 2424 4785 sed
2451 4744 2516 4784 ex
2549 4729 2649 4786 bac
2676 4731 2997 4787 mortalitate
3034 4732 3100 4789 ad
3140 4734 3590 4792 immortalitatem
3629 4739 3747 4791 sine

2165 4832 2336 4876 morte
2378 4819 2549 4876 media
2600 4820 2904 4889 transituri,
2944 4822 3214 4894 inquisitio
3252 4825 3551 4896 diligentior
3589 4829 3711 4880 mihi

2167 4912 2336 4968 benda
2371 4922 2484 4975 est;
2517 4918 2572 4966 et
2609 4911 2653 4964 si
2690 4910 2817 4980 quid
2859 4912 2981 4968 liiuc
3022 4913 3321 4970 absolutum
3362 4931 3424 4971 ac
3470 4916 3705 4972 deﬁtili‘u;

2166 5002 2520 5072 disputatione
2546 5001 2844 5057 rationabili
2871 5013 3030 5074 atque
3054 5006 3283 5075 perfecta
3310 5008 3393 5063 vel
3421 5009 3632 5073 audisti,
3662 5026 3751 5064 ve.

2168 5093 2373 5163 legisti,
2406 5093 2488 5147 vel
2515 5092 2676 5148 etiam
2718 5093 2833 5164 ipse
2865 5094 3039 5150 adhuc
3079 5097 3263 5152 audire
3303 5107 3395 5153 aut
3438 5099 3616 5170 legere
3659 5116 3759 5156 ait

2167 5186 2468 5255 excogitare
2498 5186 2729 5255 potueris
2748 5228 2763 5254 ,
2794 5198 2913 5256 peto
2942 5187 3071 5243 mihi
3104 5190 3318 5245 mittere
3357 5206 3460 5247 non
3486 5207 3729 5263 graveris

2173 5276 2284 5346 Ego
2312 5277 2488 5342 enim,
2520 5276 2662 5348 quod
2687 5277 3043 5334 conﬁtendum
3072 5287 3157 5335 est
3181 5278 3436 5337 Cliaritati
3468 5290 3602 5352 tuze,
3633 5283 3754 5354 plus

2235 5512 2250 5541 ί
2278 5510 2409 5568 Editi,
2435 5506 2595 5573 primi.
2618 5511 2821 5573 διῇξε,
2844 5504 3031 5573 primo:
3049 5505 3372 5573 juxta.graac..,
3391 5500 3577 5573 ρνόῳη.

2235 5576 2254 5604 ﬁ
2278 5573 2350 5620 Sic
2374 5561 2476 5620 ags.
2497 5577 2553 5619 Al.
2577 5569 2708 5624 editi.
2736 5561 2976 5631 corrigere
2998 5561 3124 5629 quod
3148 5561 3259 5614 hinc
3275 5561 3537 5627 aliquando

2238 5634 2259 5667 ³
2280 5633 2473 5693 Aliquot
2488 5640 2587 5680 Mss.
2598 5666 2612 5690 ,
2631 5642 2821 5693 porrus.

2237 5699 2258 5727 ⁸
2281 5692 2497 5743 Nonnulli
2522 5690 2647 5744 mss}
2664 5690 2886 5739 im'emut.
3384 5746 3391 5751 _

2240 5758 2262 5791 ⁸
2283 5758 2366 5807 llic
2388 5755 2506 5808 editi
2525 5753 2724 5813 addunt,
2753 5756 3000 5815 exceptis;
3024 5764 3152 5817 quoa
3173 5763 3202 5799 ι
3224 5755 3329 5800 Mss.
3355 5750 3510 5798 abest.
