4134 6208
298 268 392 326 161
1716 257 1920 314 LIBER
1959 258 2154 315 UNUS.

300 400 417 440 amo
433 385 635 440 discere
654 398 816 454 quam
835 381 1029 438 docere
1049 399 1062 435 :
1080 391 1201 434 nam
1225 378 1328 434 hoc
1347 375 1694 432 admonemur
1713 378 1872 431 etiam

298 483 498 538 dicente
525 477 774 546 apostolo
802 474 1001 530 Iacobo
1021 515 1034 536 ,
1064 471 1145 528 Sit
1175 483 1341 525 autem
1368 471 1529 524 omnis
1559 469 1705 522 homo
1734 469 1880 522 velox

297 577 359 630 ad
401 571 746 634 audiendum,
796 568 972 621 tardus
1017 575 1184 620 autem
1229 565 1298 616 ad
1344 563 1644 630 loquendum
1678 562 1878 634 (Jacobi

299 685 337 734 ι,
369 666 478 734 19).
510 663 581 719 Ut
607 676 735 730 ergo
761 661 1030 715 discamus
1052 701 1066 724 ,
1092 658 1312 712 invitare
1339 672 1435 710 nos
1461 655 1622 710 debet
1647 656 1878 709 suavitas

298 757 558 819 veritatis;
591 764 650 809 ut
676 762 854 808 autem
885 751 1190 812 doceamus,
1223 764 1412 820 cogere
1440 750 1730 803 necessitas
1755 748 1880 802 cha-

302 850 465 905 ritatis
495 867 507 902 :
536 848 628 902 ubi
655 846 830 916 potius
858 843 1142 914 optandum
1174 845 1292 896 est‘
1327 851 1384 896 ut
1406 850 1639 895 transeat
1662 839 1759 894 ista
1788 857 1880 894 ne-

299 943 511 998 Cessitas
541 954 643 1007 qua
677 937 948 991 hominem
979 935 1135 1003 docet
1162 933 1360 1003 aliquid
1393 933 1585 998 homo,
1627 941 1681 986 et
1714 933 1877 986 simus

298 1046 476 1086 omnes
503 1029 760 1083 docibiles
788 1027 880 1081 Dei
903 1029 956 1090 ²;
984 1025 1225 1095 quamvis
1251 1033 1304 1079 et
1329 1024 1428 1078 hoc
1456 1025 1642 1089 simus,
1671 1039 1788 1077 cum
1816 1039 1877 1078 ea

300 1140 413 1196 qua:
449 1124 515 1178 ad
557 1137 740 1176 veram
787 1121 1034 1190 pietatem
1076 1117 1344 1186 pertinent
1384 1116 1670 1180 discimus,
1721 1115 1876 1169 etiam

299 1217 500 1288 quando
542 1216 627 1270 illa
687 1213 884 1268 docere
928 1210 1135 1264 videtur
1178 1208 1358 1262 homo.
1407 1208 1539 1274 Quia
1591 1222 1748 1276 neque
1794 1205 1880 1274 qui

299 1312 484 1383 plantat
513 1317 582 1362 est
631 1305 844 1376 aliquid,
896 1320 1053 1373 neque
1101 1301 1187 1372 qui
1239 1300 1412 1370 rigat;
1465 1299 1552 1352 sed
1590 1300 1675 1368 qui
1718 1299 1879 1352 incre-

301 1413 511 1457 mentum
549 1400 638 1453 dat
680 1398 820 1451 Deus
849 1397 888 1467 (I
919 1395 1035 1449 Cor.
1069 1410 1155 1457 ut,
1187 1393 1262 1463 7).
1301 1392 1429 1446 Cum
1461 1393 1638 1460 itaque
1667 1391 1708 1444 si
1743 1391 1879 1444 Deus

300 1497 676 1550 incrementum
709 1506 814 1544 non
854 1489 1037 1551 daret,
1076 1487 1207 1541 nihil
1245 1495 1426 1541 essent
1458 1485 1694 1555 Apostoli
1725 1485 1879 1554 plan-

304 1596 491 1642 tatores
517 1593 571 1639 et
593 1585 888 1653 rigatores;
916 1590 1112 1650 quanto
1141 1578 1308 1648 magis
1327 1593 1426 1648 ego
1449 1577 1533 1632 vel
1559 1586 1633 1640 tu,
1659 1578 1739 1631 vel
1765 1577 1881 1646 qui-

302 1678 420 1732 libet
446 1675 602 1745 lmjus
630 1674 887 1743 temporis
915 1660 1159 1725 homines
1179 1711 1192 1734 ,
1217 1669 1428 1738 quando
1458 1668 1611 1722 nobis
1639 1667 1881 1722 videmur

301 1782 409 1824 esse
430 1766 678 1820 doctores
707 1783 727 1814 ι
763 1762 952 1833 (Epist.
984 1761 1105 1825 195,
1134 1776 1247 1830 cap.
1275 1759 1328 1822 4,
1360 1776 1411 1812 n.
1443 1759 1639 1828 9-15)?

333 1859 539 1926 Quatsr.
571 1856 660 1910 IV.
691 1885 763 1896 -—
791 1852 1053 1921 Quomodo
1086 1853 1341 1922 justorum
1386 1850 1506 1918 ﬁliis
1549 1850 1599 1903 in
1631 1847 1840 1902 Psalmo

932 1943 1255 1999 benedicitur.

371 2044 419 2097 l.
449 2042 640 2109 Quarta
673 2049 760 2092 tua
798 2037 1023 2108 qumstio
1049 2044 1164 2102 est,
1204 2053 1220 2084 ‹
1251 2034 1426 2102 Quare
1460 2032 1651 2087 dixerit
1690 2031 1873 2096 David,

309 2133 477 2188 Potens
529 2133 580 2185 in
640 2141 775 2185 terra
822 2131 915 2183 erit
950 2144 1116 2183 semen
1169 2129 1304 2198 ejus,
1352 2127 1605 2197 generatio
1632 2134 1879 2178 rectorum

306 2226 602 2281 benedicatur
659 2222 827 2293 (Psal.
885 2237 1002 2289 ext,
1031 2221 1122 2290 2);
1175 2235 1296 2274 cum
1344 2219 1573 2273 sciamus
1614 2218 1878 2287 justorum

306 2316 424 2371 lilios
451 2325 505 2371 et
543 2314 711 2369 fuisse
752 2322 805 2367 et
853 2327 973 2367 esse
1028 2309 1356 2375 maledictos,
1409 2317 1463 2363 et
1487 2307 1800 2378 injustorutn
1828 2317 1881 2362 et

303 2408 449 2464 luisse
472 2417 526 2462 et
550 2421 674 2462 esse
698 2404 1027 2460 benedictus.
1057 2423 1076 2456 ι

361 2499 410 2552 2.
444 2497 579 2552 Huic
609 2496 891 2567 quaestioni
921 2495 988 2549 de
1018 2494 1209 2548 Psalmi
1241 2493 1406 2562 ipsius
1433 2492 1761 2562 expositione
1789 2506 1878 2547 re-

303 2591 544 2661 spondeo,
573 2603 736 2658 quem
763 2601 882 2641 cum
911 2586 963 2639 iu
995 2585 1188 2654 populo
1212 2592 1491 2638 tractarem
1518 2582 1628 2636 dixi
1653 2599 1666 2636 :
1698 2600 1716 2634 ι
1744 2580 1878 2635 Bea-

303 2692 372 2737 tus
392 2682 533 2738 enim
564 2680 643 2734 vir
666 2679 752 2748 qui
773 2679 905 2730 timet
930 2676 1234 2739 Dominum,
1262 2675 1314 2728 in
1339 2672 1589 2727 mandatis
1615 2674 1723 2743 ejus
1748 2672 1881 2726 uolet

302 2773 460 2827 nimis.
483 2769 693 2826 Viderit
719 2770 858 2823 Deus
878 2809 892 2832 ,
921 2767 1009 2837 qui
1041 2768 1186 2821 solus
1214 2777 1265 2820 et
1291 2765 1553 2820 veraciter
1580 2773 1634 2819 et
1669 2763 1878 2818 miseri-

304 2861 518 2918 corditer
555 2860 784 2931 judicat,
816 2865 1070 2928 quantum
1102 2859 1203 2911 iste
1245 2856 1484 2925 proﬁciat
1527 2856 1576 2909 iu
1618 2855 1879 2909 mandatis

302 2952 424 3022 ejus.
450 2951 715 3020 Quoniam
749 2948 958 3002 tentatio
994 2955 1066 3000 est
1100 2947 1202 2999 vita
1233 2946 1454 2998 humana
1488 2961 1638 3015 super
1671 2953 1874 3012 terram,

303 3044 427 3098 sicut
446 3051 664 3098 sanctus
683 3040 788 3095 Job
808 3039 939 3093 dicit
959 3035 1078 3107 (Job
1097 3053 1192 3102 vn,
1217 3034 1292 3108 1).
1317 3035 1386 3090 Ει
1410 3037 1600 3110 iterum
1623 3036 1878 3104 scriptum

307 3143 421 3190 est:
447 3112 693 3199 Quoniam
721 3146 908 3200 corpus
934 3127 1068 3198 quod
1096 3126 1441 3198 corrumpitur
1460 3168 1475 3190 ,
1503 3135 1741 3196 aggrauat
1768 3125 1876 3177 ani-

305 3242 430 3279 mam
446 3266 462 3291 ,
488 3234 532 3278 et
567 3223 805 3293 deprimit
831 3231 1029 3277 terrena
1053 3218 1350 3273 inhabitatio
1375 3234 1574 3271 sensum
1610 3219 1768 3270 multa
1795 3233 1882 3270 co-

304 3321 525 3390 gitantem
551 3319 704 3386 (Sap.
736 3332 812 3378 ιχ,
852 3314 955 3386 15).
985 3313 1085 3382 Qui
1112 3322 1288 3368 autem
1321 3311 1518 3382 iudicat
1545 3325 1662 3376 nos,
1695 3310 1878 3364 Domi-

305 3426 394 3467 nus
418 3421 494 3466 est
522 3428 537 3465 :
567 3423 671 3464 nec
705 3416 833 3462 ante
873 3416 1081 3474 tempus
1115 3403 1354 3473 judicare
1383 3401 1665 3467 debemus,
1709 3401 1880 3456 donec

308 3506 460 3560 Veniat
487 3503 786 3568 Dominus,
814 3511 867 3555 et
897 3498 1160 3553 illumiuet
1180 3495 1486 3550 abscondita
1520 3495 1875 3558 tenebrarum,

311 3606 358 3652 et
381 3595 730 3652 manilestabit
757 3592 1104 3664 cogitationes
1140 3587 1350 3651 cordis;
1390 3595 1444 3642 et
1475 3596 1598 3640 tunc
1635 3587 1748 3640 laus
1777 3585 1881 3640 erit

307 3691 565 3758 unicuique
604 3704 639 3743 a
682 3688 794 3742 Deo
840 3684 891 3756 (l
922 3682 1039 3738 Cor.
1068 3698 1121 3737 tv
1143 3722 1158 3745 ,
1185 3681 1253 3744 «1,
1287 3680 1364 3750 5).
1398 3678 1604 3734 Viderit
1636 3693 1762 3747 ergo
1791 3677 1878 3731 ille

307 3790 540 3850 quantum
582 3780 815 3848 quisque
855 3773 1095 3844 proﬁciat
1135 3773 1185 3825 in
1223 3768 1484 3824 mandatis
1512 3769 1628 3835 eius
1657 3787 1668 3819 :
1700 3776 1877 3821 tamen

307 3874 433 3928 volet
457 3873 613 3927 nimis
652 3870 742 3940 qui
787 3883 968 3937 pacem
1009 3865 1150 3920 illius
1189 3861 1621 3919 comdilicationis
1659 3859 1874 3914 adama-

305 3969 454 4033 verit;
480 3983 577 4023 nec
601 3968 716 4036 jam
745 3963 1035 4032 desperare
1062 3957 1240 4022 debet,
1269 3955 1517 4026 quoniam
1548 3954 1599 4006 in
1629 3953 1878 4006 mandatis

306 4061 405 4128 ejus
428 4061 549 4113 solet
574 4057 726 4112 nimis
745 4097 760 4122 ,
792 4064 848 4110 et
877 4068 975 4123 pax
1008 4053 1060 4105 in
1093 4058 1230 4106 terra
1261 4047 1564 4104 hominibus
1599 4043 1752 4097 home
1780 4059 1875 4097 ve-

304 4152 514 4208 luntatis
539 4150 683 4221 (Luc.
712 4165 782 4216 ll,
810 4147 920 4217 14).

373 4245 426 4298 5.
461 4262 483 4295 ι
511 4243 658 4308 lude,
691 4241 882 4296 Potens
922 4239 976 4291 in
1018 4245 1152 4290 terra
1187 4234 1280 4288 erit
1322 4249 1488 4288 semen
1528 4233 1652 4303 ejus.
1681 4231 1876 4286 Semen

306 4337 483 4392 future
526 4335 748 4400 messis,
793 4347 956 4404 opera
1003 4344 1122 4385 esse
1165 4326 1544 4383 misericordiae
1590 4327 1875 4395 Apostolus

305 4430 439 4485 testis
466 4436 578 4495 est,
607 4427 698 4497 qui
732 4424 895 4489 dicit,
924 4421 1124 4476 Bonum
1152 4429 1320 4473 autent
1358 4417 1595 4489 facientes
1622 4433 1722 4469 non
1751 4417 1878 4483 deﬁ-

303 4521 511 4586 cimus;
540 4529 764 4587 tempore
785 4515 918 4569 enim
939 4513 1144 4584 proprio
1165 4519 1403 4564 metemus
1425 4510 1444 4539 ³
1470 4509 1660 4581 (Galat.
1687 4523 1757 4572 v1,
1781 4507 1834 4578 9)
1858 4523 1872 4561 :

303 4622 348 4667 et
371 4613 582 4678 iterum,
615 4609 728 4664 Hoc
753 4618 941 4673 autem,
973 4605 1161 4675 inquit,
1186 4603 1270 4674 qui
1295 4617 1442 4672 parce
1467 4601 1696 4665 seminat,
1727 4616 1878 4669 parce

300 4713 495 4758 ductet
519 4703 588 4773 (Il
609 4701 732 4757 Cor.
755 4715 831 4766 Ix,
857 4699 937 4767 6).
965 4696 1100 4765 Quid
1123 4705 1320 4760 autem,
1351 4693 1560 4756 fratres,
1587 4695 1873 4761 potentius,

296 4810 438 4865 quam
470 4803 526 4850 ut
557 4807 786 4864 regnum
816 4790 1097 4851 calorum,
1128 4802 1232 4842 non
1259 4786 1429 4842 solum
1457 4785 1710 4838 Zacbaeus
1736 4792 1878 4838 emat

295 4885 504 4941 dimidio
544 4900 722 4940 rerum
766 4897 980 4937 suarum
1019 4878 1166 4951 (Luc.
1197 4893 1314 4942 xix,
1351 4877 1436 4946 8),
1482 4875 1576 4931 sed
1624 4884 1677 4930 et
1719 4875 1875 4929 vidua

293 4978 485 5036 duobus
529 4978 749 5033 minutis
795 4974 984 5049 (Marc.
1030 4987 1138 5038 xu,
1177 4970 1305 5042 42),
1338 4979 1394 5024 et
1435 4968 1760 5024 tantumdem
1804 4967 1872 5021 ibi

291 5078 497 5140 uterque
524 5066 842 5138 possideat?
867 5063 992 5135 quid
1020 5063 1306 5134 potentius,
1340 5076 1498 5131 quam
1531 5069 1585 5114 ut
1616 5060 1752 5114 idem
1785 5074 1871 5113 re-

287 5176 432 5232 m
463 5170 519 5216 et
544 5157 814 5214 thesauris
838 5155 1019 5222 diviti,
1045 5164 1099 5210 et
1123 5154 1289 5210 calice
1318 5167 1468 5222 aqute
1507 5151 1711 5220 frigidae
1746 5165 1874 5218 pau-

284 5253 388 5321 peri
415 5251 632 5307 valeat?
658 5249 802 5304 Sunt
823 5255 1001 5302 autem
1030 5246 1118 5316 qui
1154 5246 1251 5300 ista
1283 5244 1479 5298 faciant
1506 5242 1632 5297 dum
1662 5249 1871 5297 terrena

280 5346 625 5418 conquirunt,
660 5350 755 5396 aut
791 5340 879 5398 hic
911 5338 1212 5396 mercedem
1248 5343 1523 5406 sperantes
1563 5349 1594 5389 a
1624 5335 1868 5402 Domino,

278 5445 364 5491 aut
403 5437 718 5493 hominibus
759 5435 971 5506 placere
998 5432 1272 5502 cupientes
1305 5449 1317 5484 :
1345 5429 1468 5494 sed,
1505 5427 1768 5484 Generatio
1791 5444 1873 5520 re-

332 5591 350 5623 ¹
375 5592 452 5642 Sic
469 5598 583 5643 Mss.
609 5590 734 5640 Editi
757 5596 946 5648 autem,
967 5586 1205 5637 orandum
1227 5589 1312 5637 est.

327 5649 906 5718 ξκᾷοράοάοίιεξυεο-
1050 5711 1094 5718 -.
1363 5707 1486 5718 .-.

324 5714 348 5746 ³
367 5707 851 5770 “renitentibus
871 5721 980 5764 uss.
1005 5711 1202 5771 addunt,
1225 5723 1318 5762 non
1339 5707 1627 5774 deﬁcientes.

3467 276 3574 336 162

1989 384 2180 427 ciorum
2201 375 2544 445 benedicetur;
2572 380 2620 435 id
2643 390 2744 448 est,
2767 397 2924 453 opera
2948 399 3134 441 eorum
3153 401 3377 458 quorum
3396 390 3572 452 bonus

1988 464 2129 518 Deus
2158 464 2345 533 Israel,
2377 471 2462 538 qui
2489 483 2637 526 recto
2662 482 2785 528 sunt
2805 475 3000 543 corde;
3030 488 3237 534 rectum
3264 492 3442 538 autem
3475 501 3572 542 cor

1985 565 2093 621 est,
2127 572 2228 610 non
2259 560 2509 616 resistere
2536 564 2672 632 patri
2697 567 3036 635 emendanti,
3079 577 3133 624 et
3169 573 3388 629 credere
3417 577 3572 645 polli-

1985 647 2123 701 centi
2162 665 2173 699 :
2213 665 2317 703 non
2363 665 2545 706 eormn
2595 655 2788 724 quibus
2837 669 3237 716 commoventur
3276 663 3473 735 pedes,
3516 676 3574 723 et

1986 740 2326 796 ell‘unduntur
2350 760 2564 814 gressus
2590 756 2746 818 atque
2772 749 3037 816 labuntur,
3064 753 3200 807 sicut
3225 755 3276 809 in
3304 757 3409 812 alio
3435 761 3574 828 psal-

1986 849 2072 887 mo
2099 836 2324 902 canitur,
2352 838 2475 892 dum
2507 842 2679 895 zelant
2708 843 2758 896 in
2787 845 3152 912 peccatoribus
3177 864 3360 918 pacem
3388 867 3572 920 pecca-

1986 933 2159 980 torum
2190 928 2450 994 videntes,
2484 941 2535 984 et
2565 941 2746 1000 putant
2772 935 2946 1003 perire
2975 951 3134 1005 Opera
3167 954 3282 1006 sua,
3313 942 3434 1013 quia
3465 959 3571 999 non

1984 1017 2062 1070 eis
2093 1033 2299 1073 merces
2338 1021 2577 1075 redditur
2613 1024 2844 1092 peritura
2883 1024 3049 1096 (Psal.
3078 1044 3253 1094 Lxxu,
3286 1031 3461 1102 1-14).
3504 1035 3575 1088 At

1986 1108 2083 1163 iste
2112 1111 2193 1164 vir
2219 1112 2304 1180 qui
2337 1113 2484 1168 timet
2511 1116 2824 1182 Dominum,
2853 1127 2906 1173 et
2945 1119 2994 1172 in
3037 1122 3290 1190 templum
3331 1135 3570 1180 sanctmn
3597 1126 3602 1128 ⁷

1986 1201 2077 1254 Dei
2105 1205 2453 1260 conversione
2480 1208 2609 1260 recti
2641 1208 2816 1262 cordis
2841 1219 3070 1279 aptatur,
3099 1227 3197 1267 nec
3226 1214 3446 1283 gloriam
3478 1216 3572 1270 ho-

1985 1292 2186 1347 minum
2214 1297 2437 1364 quaerit,
2477 1313 2576 1352 nec
2603 1309 2842 1355 terrenas
2879 1301 3090 1357 divitias
3119 1307 3479 1376 concupiscit;
3521 1317 3575 1363 et

1987 1392 2194 1448 tamen,
2229 1385 2402 1440 Gloria
2436 1400 2482 1442 et
2522 1391 2710 1445 diritiw
2744 1393 2795 1445 in
2835 1394 2983 1448 domo
3027 1397 3153 1466 ejus.
3200 1398 3396 1453 Domus
3428 1401 3573 1456 enim

1983 1476 2098 1542 ejus
2127 1491 2220 1529 cor
2253 1478 2366 1546 ejus
2395 1491 2508 1544 est;
2545 1482 2671 1548 ubi,
2709 1483 2815 1538 Deo
2841 1483 3120 1552 laudante,
3155 1489 3456 1557 opulentius
3483 1492 3572 1545 ha-

1985 1566 2114 1620 bitat
2140 1584 2258 1622 cmn
2286 1584 2379 1639 spe
2408 1572 2526 1626 vitae
2553 1583 2789 1641 aeternae,
2821 1592 2999 1645 quam,
3029 1579 3329 1635 hominibus
3354 1583 3569 1638 adulan-

1985 1659 2153 1724 tibus,
2191 1662 2241 1714 in
2273 1667 2609 1720 marmoratis
2638 1669 2997 1740 laqueatisque
3039 1673 3191 1727 tectis
3229 1689 3347 1728 cum
3384 1677 3574 1734 timore

1984 1751 2170 1804 mortis
2197 1762 2429 1808 aeternae.
2459 1755 2624 1824 Hujus
2662 1759 2802 1813 enim
2828 1760 3031 1828 justitia
3061 1773 3227 1816 manet
3254 1766 3304 1818 in
3329 1767 3574 1822 swculum

1982 1844 2154 1896 swculi
2185 1860 2203 1897 :
2231 1845 2342 1914 ipsa
2385 1847 2500 1918 ejus
2542 1849 2740 1919 gloria,
2788 1851 2915 1920 ipszr.
2954 1853 3172 1908 divitia}.
3215 1856 3357 1912 Illius
3396 1871 3572 1915 autem

1983 1950 2213 2005 purpura
2242 1947 2295 1993 et
2324 1938 2512 2010 byssus
2537 1953 2590 1997 et
2615 1943 2786 2012 epulze
2816 1944 3128 2014 splendidtc,
3154 1958 3205 2002 et
3231 1963 3350 2003 eum
3379 1963 3575 2020 prmsto

1983 2037 2140 2097 sunt,
2175 2041 2486 2098 transeunt;
2531 2044 2583 2089 et
2626 2051 2744 2091 cum
2789 2038 2854 2092 ad
2905 2039 3061 2094 linem
3109 2043 3381 2112 venerint,
3424 2060 3574 2116 aqua:

1982 2131 2183 2192 guttam
2228 2141 2292 2179 ex
2338 2125 2502 2197 digito
2534 2128 2765 2184 stillante
2794 2130 3104 2187 desiderans
3127 2176 3140 2200 ,
3174 2135 3366 2190 ardens
3397 2137 3574 2208 lingua

1983 2215 2230 2270 clamabit
2259 2237 2277 2269 ι
2313 2217 2465 2288 (Luc.
2494 2236 2585 2273 xvr
2606 2263 2620 2287 ,
2654 2221 2862 2294 19-24).
2886 2222 3032 2296 [llaec
3060 2234 3183 2280 sunt
3207 2242 3325 2296 qua:
3355 2228 3406 2281 in
3433 2228 3576 2284 dicto

1984 2308 2190 2375 psalmo
2230 2312 2540 2379 exposuisse
2585 2329 2669 2367 me
2711 2315 2928 2369 memini
2962 2317 3173 2388 (Enarr.
3215 2320 3267 2373 in
3307 2319 3453 2375 Psal.
3493 2338 3570 2390 tu,

1984 2413 2071 2450 nn.
2100 2397 2154 2462 2,
2184 2398 2270 2468 ὃ),
2299 2408 2352 2453 et
2377 2400 2441 2454 ad
2467 2403 2775 2470 quaestionis
2803 2414 2906 2459 tuae
2931 2417 3119 2476 quarto
3144 2408 3264 2464 loco
3290 2412 3573 2481 preposita:

1983 2487 2300 2542 solutionem
2330 2492 2458 2545 satis
2498 2507 2616 2548 esse
2651 2510 2792 2549 nunc
2820 2497 3064 2551 existimo
3089 2497 3150 2570 Ἴ.
3176 2500 3371 2568 Quinto
3393 2512 3569 2558 autem

1983 2577 2101 2631 loco
2143 2578 2192 2632 id
2235 2582 2588 2650 proposuisti,
2638 2585 2776 2640 unde
2812 2596 2933 2655 post
2962 2589 3141 2644 omnia
3184 2590 3572 2662 disputaturum

1983 2686 2069 2725 me
2096 2686 2214 2728 esse
2244 2673 2462 2744 promisi
2493 2675 2590 2746 (a).

1982 2761 2200 2829 Qumsr.
2251 2764 2334 2818 Vl.
2371 2796 2441 2805 -—-
2482 2766 2663 2821 Utrum
2706 2769 2917 2824 Samuel
2959 2787 3049 2840 per
3089 2773 3434 2844 pytltonissam
3463 2793 3576 2833 vere

2054 2855 2204 2922 fuerit
2226 2856 2288 2909 de
2306 2856 2504 2926 inferno
2545 2869 2794 2914 evocatus.
2819 2861 3076 2916 Samuelis
3100 2868 3230 2935 forte
3250 2865 3572 2936 phantasma,

2055 2962 2156 2998 non
2193 2947 2401 3016 spiritus
2430 2950 2688 3021 apparuit.
2716 2950 2983 3007 Daemones
3011 2958 3260 3024 quomodo
3289 2960 3457 3012 norint
3489 2964 3576 3031 fu-

2054 3047 2187 3092 tura.

2055 3133 2108 3186 1.
2140 3131 2299 3186 Sexta
2341 3141 2427 3187 tua
2466 3137 2756 3203 propositio
2790 3147 2905 3204 est,
2941 3157 2959 3190 ι
2989 3139 3176 3194 Utrum
3215 3141 3364 3210 juxta
3405 3143 3574 3199 histo-

1984 3223 2117 3276 riam
2144 3222 2264 3276 libri
2286 3225 2588 3293 Regnorum
2618 3225 2924 3296 pythonissa
2948 3229 3118 3298 ipsum
3147 3232 3458 3302 prophetam
3481 3233 3577 3290 Sa-

1984 3315 2213 3369 muelem
2240 3314 2305 3368 de
2327 3314 2530 3369 inferno
2555 3319 2855 3372 evocaverit
2893 3337 2910 3369 ›
2943 3319 2984 3391 (Ι
3013 3318 3140 3392 Reg.
3165 3338 3360 3389 xxvut,
3391 3325 3573 3399 7-19).

2053 3405 2107 3459 2.
2140 3405 2250 3460 Hoc
2279 3422 2307 3458 a
2337 3423 2422 3461 me
2461 3405 2630 3462 beata:
2669 3411 2943 3465 memoria:
2971 3411 3344 3482 Simplicianus
3371 3416 3574 3474 Medio-

1983 3499 2219 3556 lanensis
2261 3502 2544 3571 episcopus
2584 3503 2868 3570 aliquando
2909 3507 3170 3574 quaesivit.
3203 3508 3339 3576 Quid
3371 3527 3497 3584 ergo
3526 3515 3575 3568 ei

1983 3591 2350 3661 responderim
2379 3594 2400 3624 ³
2424 3634 2438 3658 ,
2471 3594 2738 3650 subditum
2785 3597 2939 3667 lege:
2977 3615 2995 3650 ι
3039 3598 3168 3654 ltem
3217 3603 3440 3671 quaeris,
3493 3605 3576 3658 in-

1983 3698 2174 3753 quam,
2205 3691 2380 3739 utrum
2420 3687 2638 3755 spiritus
2677 3687 2981 3744 immundus
3016 3692 3104 3761 qui
3141 3704 3257 3747 erat
3294 3695 3344 3748 in
3383 3696 3576 3767 pytho-

1984 3777 2156 3842 nissa,
2190 3779 2421 3846 potuerit
2447 3793 2604 3848 agere
2639 3788 2695 3833 ut
2721 3780 2937 3835 Samuel
2969 3797 2997 3834 a
3029 3781 3188 3838 Saﬁle
3225 3784 3492 3838 videretur
3523 3796 3577 3841 ct

1983 3869 2289 3937 loqueretur
2328 3885 2447 3924 cum
2489 3885 2573 3924 eo.
2617 3871 2722 3926 Sed
2763 3873 2926 3926 multo
2958 3873 3178 3942 majoris
3214 3875 3452 3930 miraculi
3494 3888 3572 3933 est

1983 3960 2123 4028 quod
2171 3961 2283 4029 ipse
2328 3970 2538 4015 satanas
2595 3963 2843 4031 princeps
2889 3963 3128 4017 omnium
3179 3964 3571 4024 immundornm

1983 4051 2262 4120 Spirituum
2297 4053 2464 4122 potuit
2499 4053 2640 4123 loqui
2663 4070 2781 4109 cum
2808 4056 2936 4120 Deo,
2966 4065 3019 4111 et
3050 4066 3233 4127 petere
3261 4064 3572 4118 tentandum

1982 4141 2084 4196 Job
2108 4142 2459 4212 iustissimum
2489 4147 2656 4199 virum
2689 4145 2807 4217 (Job
2835 4164 2872 4215 t,
2902 4147 2989 4220 ll)
3021 4168 3032 4203 :
3058 4151 3147 4220 qui
3176 4152 3335 4207 etiam
3367 4164 3573 4210 tentan-

1982 4231 2081 4287 dus
2109 4233 2392 4302 Apostolus
2424 4236 2567 4302 petiit
2600 4235 2746 4308 (Luc.
2779 4255 2914 4306 xx",
2944 4241 3056 4312 51).
3097 4244 3201 4298 Aut
3243 4245 3286 4298 si
3329 4244 3429 4300 hoc
3471 4265 3572 4302 non

1983 4325 2104 4380 ideo
2137 4325 2294 4381 habet
2323 4326 2592 4383 difﬁcilem
2619 4332 2994 4399 quaestionem,
3024 4335 3144 4404 quia
3175 4351 3268 4404 per
3294 4353 3450 4407 quam
3485 4357 3577 4392 vu-

1982 4417 2140 4472 luerit
2166 4427 2459 4473 creaturam
2481 4462 2494 4484 ,
2522 4421 2606 4474 cui
2637 4421 2862 4478 voluerit
2889 4434 3169 4493 creatura},
3200 4428 3397 4498 ubique
3432 4447 3570 4498 pne—

1983 4523 2107 4563 sens
2137 4510 2333 4563 veritas
2366 4511 2616 4580 loquitur,
2649 4529 2748 4567 nec
2775 4525 3051 4583 propterea
3085 4520 3259 4588 magni
3287 4522 3460 4574 meriti
3490 4533 3569 4576 est

1983 4599 2065 4652 cui
2096 4601 2330 4670 loquitur
2353 4602 2491 4656 Deus
2524 4620 2535 4655 :
2568 4603 2790 4658 interest
2817 4606 2956 4659 enim
2988 4607 3112 4675 quid
3141 4608 3419 4678 loquatur;
3448 4615 3571 4682 quia

1981 4702 2034 4747 et
2065 4695 2352 4762 imperator
2386 4709 2504 4748 eum
2549 4696 2728 4751 multis
2769 4699 3139 4755 inuOCeutibus
3170 4717 3273 4755 non
3318 4703 3567 4772 loquitur,

1982 4784 2170 4852 quibus
2198 4784 2660 4854 providentissime
2689 4789 2917 4843 consulit
2950 4788 3017 4842 ad
3055 4789 3317 4854 salutem;
3358 4801 3411 4845 et
3449 4811 3568 4848 cmn

1981 4878 2160 4932 multis
2203 4877 2514 4934 nocentibus
2557 4880 2819 4950 loquitur,
2860 4896 2994 4949 quos
3031 4881 3181 4948 jubet
3226 4883 3446 4939 interﬁci
3480 4903 3492 4937 :
3525 4887 3570 4941 si

1981 4985 2108 5038 ergo
2137 4971 2256 5024 hinc
2285 4979 2562 5041 propterea
2588 4971 2730 5024 nulla
2757 4971 2979 5040 qna-stio
3011 4982 3124 5036 est;
3155 4972 3296 5025 nulla
3326 4975 3394 5027 sit
3419 4992 3569 5044 quae-

1981 5061 2085 5115 stio
2116 5061 2382 5129 quomodo
2422 5061 2584 5114 etiam
2633 5060 2933 5114 imn'mndus
2976 5061 3193 5130 spiritus
3232 5078 3350 5117 cum
3392 5069 3567 5121 anima

1979 5151 2149 5205 sancti
2175 5151 2273 5204 viri
2301 5151 2440 5218 loqui
2468 5152 2714 5218 potuerit.
2748 5151 3004 5205 Omnibus
3031 5152 3172 5206 enim
3201 5155 3399 5209 sanctis
3430 5156 3568 5213 Deus

1979 5252 2190 5298 creator
2219 5249 2272 5295 et
2300 5241 2656 5295 sanetiﬁcator
2683 5241 2838 5312 longe
2873 5243 3052 5313 utique
3089 5245 3258 5315 major
3285 5256 3381 5301 est.
3415 5248 3565 5316 Quod

1980 5336 2024 5391 si
2052 5335 2154 5390 hoc
2183 5343 2396 5402 movet,
2424 5334 2565 5404 quod
2595 5335 2799 5388 licuerit
2830 5337 3060 5406 maligno
3088 5339 3294 5407 spiritui
3335 5341 3567 5396 excitare

1979 5429 2209 5483 animam
2236 5427 2399 5498 justi,
2430 5436 2482 5483 ct
2515 5437 2759 5498 tanquam
2792 5427 2858 5483 de
2887 5429 3081 5484 abditis
3113 5439 3442 5486 mortuorum
3475 5448 3564 5489 re-

2045 5585 2061 5653 ξ
2086 5592 2198 5653 Quae
2216 5581 2396 5653 ansulis
2418 5581 2496 5630 hic
2511 5581 2906 5653 distinguuntur,
2933 5582 3108 5631 absunt
3147 5594 3177 5630 a
3219 5584 3436 5646 quinque
3457 5589 3564 5635 Mss.

2043 5649 2062 5677 ²
2085 5652 2214 5703 Mss,
2242 5649 2585 5706 rescripserim.

2043 5708 2114 5770 (a)
2150 5707 2265 5756 vide
2288 5702 2606 5769 quaestionem
2640 5713 2673 5753 ν
2697 5705 2837 5767 infra,
2860 5703 2954 5756 col.
2981 5702 3090 5768 168,
3106 5709 3374 5758 tractatam.
3425 5712 3484 5757 It.
