4134 6208
525 310 628 381 ius

522 440 812 511 ceptaculis
837 452 1094 505 evocare;
1134 450 1311 493 nonne
1334 436 1501 507 magis
1527 437 1828 491 mirandum
1854 444 1936 489 est
1961 433 2102 504 quod

522 540 736 587 satanas
756 531 927 601 ipsum
950 528 1230 584 Dominum
1254 529 1544 599 assumpsit
1565 537 1619 583 et
1642 526 1920 583 constituit
1946 542 2106 595 super

523 625 739 697 pinnatn
770 624 951 694 templi
994 620 1203 695 (Matth.
1231 637 1316 687 tv,
1349 621 1448 692 5)?
1481 618 1730 687 Quolibet
1764 621 1905 674 enim
1948 618 2107 674 modo

525 715 739 780 fecerit,
782 715 870 769 ille
895 714 1053 769 etiam
1080 712 1270 769 modus
1298 728 1404 784 quo
1431 712 1663 767 Samueli
1696 711 1891 767 factum
1926 719 2011 766 est
2051 719 2108 764 ut

524 807 879 871 excitaretur,
910 806 1154 861 similiter
1184 805 1330 860 latet.
1360 804 1470 859 Nisi
1496 803 1633 859 forte
1657 804 1777 874 qttis
1805 803 2006 859 dixerit
2031 802 2109 856 fa-

525 898 764 953 ciliorem
793 896 1007 953 diabolo
1033 895 1197 953 fuisse
1220 896 1488 952 licentiam
1514 895 1579 950 ad
1611 895 1888 951 Dominum
1924 894 2105 948 vivum

526 988 666 1044 unde
701 988 867 1045 voluit
906 986 1316 1052 assumendum,
1358 996 1410 1041 et
1450 985 1537 1041 ubi
1577 984 1742 1040 voluit
1776 983 2105 1039 constituen-

526 1082 651 1137 dum
672 1123 686 1149 ,
718 1095 875 1151 quam
905 1078 971 1132 ad
996 1078 1258 1134 Samuelis
1284 1077 1514 1133 defuncti
1547 1077 1786 1146 spiritum
1817 1090 1845 1128 a
1881 1073 1994 1130 suis
2018 1088 2106 1129 se-

525 1171 680 1227 dibus
699 1170 1061 1227 excitandum.
1084 1167 1237 1236 Quod
1260 1170 1307 1224 si
1332 1168 1457 1224 illud
1483 1169 1537 1223 in
1560 1168 1844 1238 Evangelio
1867 1182 1963 1221 nos
1986 1166 2107 1221 ideo

526 1278 632 1319 non
672 1262 970 1331 perturbat,
1004 1262 1121 1333 quia
1167 1261 1420 1316 Dominus
1463 1261 1629 1316 voluit
1671 1269 1830 1329 atque
1869 1260 2110 1329 permisit

526 1356 665 1410 nulla
693 1355 1045 1411 diminutione
1070 1370 1179 1409 sum
1206 1354 1480 1425 potestatis
1502 1362 1558 1408 et
1577 1351 1867 1407 divinitatis
1886 1350 1938 1406 id
1961 1349 2104 1414 ﬁeri;

526 1447 662 1502 sicut
690 1447 757 1501 ab
784 1447 912 1516 ipsis
939 1445 1159 1510 Judzcis,
1188 1460 1486 1516 quanquam
1518 1444 1783 1515 perversis
1816 1451 1975 1512 atque
2007 1442 2109 1496 im-

527 1541 739 1596 mundis
766 1550 820 1596 et
848 1540 982 1595 facta
1009 1539 1204 1597 diaboli
1243 1538 1591 1601 facientibus,
1619 1545 1674 1593 et
1712 1534 1882 1592 teneri
1921 1549 2011 1601 se,
2054 1545 2109 1590 et

525 1634 735 1699 vinciri,
759 1642 813 1688 et
834 1632 1001 1699 illudi,
1025 1643 1078 1687 et
1098 1631 1333 1702 cruciﬁgi
1354 1639 1513 1699 atque
1534 1628 1758 1684 interiici
1787 1640 1972 1697 passus
1991 1634 2104 1681 est:

526 1741 632 1779 non
678 1734 759 1779 est
801 1723 1088 1778 absurdum
1133 1722 1353 1778 credere
1395 1736 1459 1777 ex
1498 1720 1671 1790 aliqua
1713 1717 2109 1788 dispensatione

524 1815 718 1870 divina:
759 1814 1044 1869 voluntatis
1083 1813 1400 1880 permissum
1435 1809 1628 1875 fuisse,
1673 1820 1729 1865 ut
1768 1823 1872 1865 non
1914 1807 2110 1864 invitus

525 1923 624 1963 nec
650 1906 958 1962 dominante
982 1917 1140 1977 atque
1168 1900 1482 1974 subjugante
1509 1903 1709 1973 magica
1736 1903 1989 1971 potentia,
2011 1899 2108 1955 sed

525 1999 710 2054 volens
746 2006 904 2068 atque
930 1997 1306 2066 obtemperans
1335 1994 1557 2050 occultae
1581 1990 1963 2062 dispensationi
1990 1990 2102 2056 Dei,

525 2109 643 2165 qua:
669 2102 721 2148 et
748 2090 1112 2162 pythonissam
1143 2089 1284 2143 illam
1307 2097 1363 2143 et
1383 2086 1598 2143 Saulem
1622 2083 1852 2149 latebat,
1876 2097 2107 2139 consen-

527 2184 649 2238 tiret
677 2184 893 2252 spiritus
933 2181 1211 2252 Propheta:
1252 2180 1421 2235 sancti
1462 2193 1523 2234 se
1559 2175 1767 2233 ostendi
1803 2174 2106 2245 aspectibus

524 2275 700 2345 regis,
726 2273 903 2329 divina
944 2288 1067 2329 eum
1111 2272 1369 2330 sententia
1410 2283 1778 2341 percussurus.
1818 2267 1925 2323 Cur
1962 2267 2106 2323 enim

523 2366 699 2420 anima
729 2364 853 2419 boni
880 2363 1111 2419 hominis
1129 2405 1144 2429 ,
1173 2377 1203 2418 a
1229 2363 1384 2418 malis
1410 2362 1544 2416 vivis
1569 2368 1785 2417 evocata
1813 2358 1859 2415 si
1879 2358 2102 2423 venerit,

521 2458 769 2514 amittere
797 2455 1036 2512 videatur
1064 2454 1371 2526 dignitatem
1400 2468 1587 2517 suam;
1618 2465 1739 2506 cum
1774 2460 1829 2507 et
1858 2450 1961 2505 vivi
1987 2449 2102 2520 ple-

522 2565 745 2619 rumque
781 2547 907 2603 boni
944 2547 1115 2602 vocati
1139 2545 1207 2601 ad
1232 2546 1398 2600 malos
1424 2542 1671 2609 veniant,
1702 2548 1759 2598 et
1794 2549 1953 2611 agant
1981 2554 2104 2595 cum

521 2643 601 2699 eis
643 2626 784 2713 quod
822 2640 1057 2696 ofﬁcium
1097 2638 1331 2709 postulat
1366 2637 1662 2707 :cquitatis,
1703 2644 1912 2690 servato
1945 2642 2105 2702 atque

521 2737 839 2791 inconcusso
864 2734 1059 2790 decore
1082 2732 1290 2788 virtutis
1309 2746 1453 2797 sine,
1492 2739 1547 2785 et
1581 2729 1791 2785 illorum
1824 2728 1966 2783 vitiis
2002 2741 2100 2798 pro

519 2841 697 2883 rerum
723 2824 1065 2896 praesentium
1099 2823 1181 2878 vel
1220 2837 1318 2878 usu
1352 2822 1438 2877 vel
1467 2821 1784 2895 necessitate
1823 2820 2103 2876 tractatis?

590 2919 642 2974 3.
678 2936 698 2969 ι
728 2917 1039 2989 Quanquam
1068 2916 1122 2971 in
1154 2914 1258 2971 hoc
1292 2912 1432 2969 facto
1460 2921 1636 2984 potest
1664 2926 1785 2968 esse
1813 2912 1947 2967 alius
1971 2910 2100 2966 faci-

518 3009 622 3065 lior
648 3010 823 3065 exitus
851 3017 905 3063 et
930 3005 1225 3079 expeditior
1251 3005 1553 3061 intellectus
1571 3044 1586 3070 ,
1618 3012 1677 3057 ut
1704 3018 1809 3057 non
1838 3017 1966 3059 vere
1992 3002 2103 3072 Spi-

517 3104 677 3159 ritum
698 3101 962 3158 Samuelis
985 3100 1272 3157 excitatum
1298 3114 1330 3153 a
1352 3097 1537 3169 requie
1561 3111 1657 3152 sua
1678 3095 1979 3161 credamus,
2005 3094 2101 3151 sed

516 3194 730 3267 aliquod
759 3193 1092 3265 phantasma,
1112 3200 1169 3247 et
1193 3189 1557 3262 imaginariam
1582 3188 1882 3244 illusionem
1900 3186 2100 3243 diaboli

516 3284 998 3342 machinationibus
1038 3283 1267 3347 factam,
1307 3296 1467 3352 quam
1509 3288 1787 3350 propterea
1826 3277 2099 3349 Scriptura

514 3378 734 3432 nomine
760 3358 1020 3431 Samuelis
1059 3372 1318 3442 appellat,
1349 3370 1473 3441 quia
1499 3370 1676 3425 solent
1713 3369 1969 3439 imagines
2006 3384 2097 3423 re-

515 3487 632 3526 rum
676 3484 859 3524 earum
903 3466 1203 3523 nominibus
1243 3462 1534 3534 appellari,
1573 3476 1799 3532 quarum
1841 3461 2099 3533 imagines

516 3570 658 3617 sunt.
690 3561 836 3615 Sicut
864 3558 1038 3613 omnia
1068 3573 1187 3628 qua:
1226 3556 1513 3626 pinguntur
1541 3563 1698 3625 atque
1739 3553 2005 3625 ﬁnguntur
2029 3570 2096 3610 ex

513 3654 687 3725 aliqua
715 3652 937 3707 materie
965 3649 1166 3705 metalli
1192 3657 1284 3704 aut
1307 3648 1456 3721 ligni,
1480 3647 1566 3703 vel
1586 3647 1841 3717 cujusque
1862 3647 1941 3702 rei
1958 3656 2097 3716 apte

512 3744 580 3800 ad
605 3759 765 3816 opera
796 3741 1129 3813 hujnsmodi,
1158 3756 1381 3814 qumque
1408 3740 1567 3796 etiam
1597 3738 1841 3795 videntur
1870 3740 1921 3794 in
1947 3754 2091 3795 som-

513 3838 628 3901 nis,
669 3844 722 3891 ct
759 3849 945 3893 omnes
983 3832 1093 3889 fere
1132 3833 1422 3904 imagines.
1453 3847 1637 3887 earum
1664 3846 1844 3888 rerum
1871 3847 2092 3902 quarum

514 3931 766 4001 imagines
798 3939 920 3984 sunt
942 3970 956 3996 ,
986 3926 1242 3998 appellari
1285 3924 1590 3980 nominibus
1627 3924 1822 3981 solent.
1854 3924 1984 3992 Quis
2010 3934 2096 3980 est

512 4022 651 4076 enim
683 4022 769 4091 qui
799 4020 1067 4075 hominem
1106 4020 1304 4089 pictum
1333 4016 1539 4072 dubitet
1566 4030 1757 4071 vocare
1786 4013 2093 4070 hominem?

511 4113 945 4183 Quandoquidem
989 4119 1043 4165 et
1085 4109 1411 4179 singulorum
1458 4122 1789 4177 quorumque
1830 4107 2091 4177 picturam

511 4221 631 4259 cum
660 4203 944 4272 aspicimus
963 4242 977 4266 ,
1009 4200 1224 4270 prppria
1252 4186 1461 4268 quoque
1488 4198 1701 4251 nomina
1728 4197 2092 4251 incunctanter

510 4295 821 4350 adhibemus
854 4309 866 4345 :
900 4291 1045 4345 velut
1078 4304 1197 4344 cum
1241 4288 1506 4343 intuentes
1542 4288 1770 4342 tabulam
1798 4293 1892 4340 aut
1918 4288 2093 4356 parie-

420 4453 426 4459 δ
512 4395 649 4448 tem,
697 4383 960 4446 dicimus,
991 4379 1083 4435 Ille
1123 4379 1308 4435 Cicero
1350 4387 1468 4440 est,
1516 4379 1601 4431 ille
1640 4376 1954 4443 Sallustius,
2001 4377 2092 4432 illo

429 4469 436 4477 ’
510 4475 762 4539 Achilles,
795 4473 880 4528 ille
912 4470 1126 4538 llector,
1156 4468 1258 4524 hoc
1287 4468 1486 4523 ﬁumen
1512 4467 1725 4531 Simois,
1765 4467 1854 4520 illa
1886 4466 2087 4532 Roma;

508 4586 626 4626 cum
657 4566 798 4623 aliud
828 4566 953 4620 nihil
978 4566 1086 4621 sint
1108 4579 1266 4635 quam
1298 4563 1452 4633 pictae
1478 4561 1752 4632 imagines.
1780 4558 1933 4616 Unde
1955 4559 2091 4615 Che-

508 4661 678 4715 rubim
708 4674 829 4714 cum
869 4658 975 4712 sint
1012 4656 1258 4712 cmlestes
1295 4662 1616 4724 potestates,
1652 4649 1773 4706 ﬁcta
1811 4659 1986 4707 tamen
2022 4666 2090 4707 ex

509 4752 723 4810 metallo
744 4796 758 4820 ,
790 4750 929 4822 quod
972 4750 1249 4819 imperavit
1292 4748 1459 4815 Deus,
1491 4761 1652 4817 super
1684 4760 1861 4800 arcam
1899 4743 2088 4801 Testa.-

462 4882 469 4895 κ
506 4847 693 4912 menti,
717 4859 920 4916 magna:
946 4843 1022 4899 rei
1045 4838 1403 4913 signiﬁcanda:
1424 4838 1613 4908 gratia,
1642 4851 1746 4892 non
1768 4836 1907 4890 aliud
1929 4851 2086 4904 quam

504 4940 788 4995 Cherubim
812 4936 895 4991 illa
917 4949 1125 5005 quoque
1148 4932 1397 5002 ﬁgmenta
1416 4929 1714 4983 vocitantur
1738 4926 1933 4995 (Emori.
1958 4942 2084 4989 xxv,

510 5029 619 5093 18).
652 5029 779 5082 ltcm
811 5025 1050 5097 quisq‘uis
1092 5023 1235 5078 videt
1276 5020 1577 5085 somnium,
1623 5034 1727 5072 non
1769 5015 1923 5081 dicit,
1970 5016 2083 5070 Vidi

507 5120 789 5190 imaginem
826 5115 1101 5189 Augustini
1136 5123 1227 5170 aut
1264 5110 1623 5183 Simpliciani;
1664 5109 1791 5176 sed,
1829 5108 1944 5164 Vidi
1972 5109 2084 5161 Au-

505 5212 769 5285 gustinum
795 5215 886 5262 aut
903 5206 1301 5277 Simplicianum
1328 5221 1340 5257 :
1367 5219 1487 5261 cum
1509 5217 1573 5259 eo
1594 5212 1832 5271 tempore
1851 5214 1958 5270 quo
1980 5200 2084 5256 tale

503 5302 696 5372 aliquid
745 5299 906 5363 vidit,
950 5312 1049 5353 nos
1094 5298 1497 5369 ignoraremus;
1528 5309 1695 5365 usque
1731 5293 1865 5348 adeo
1907 5292 2082 5349 mani-

504 5395 691 5449 festum
721 5401 835 5456 est,
865 5405 967 5445 non
997 5390 1139 5460 ipsos
1166 5388 1408 5444 homines
1427 5431 1442 5455 ,
1472 5389 1564 5443 sed
1606 5388 1858 5456 imagines
1895 5400 2081 5440 eorum

503 5484 689 5539 videri.
722 5484 784 5537 Et
809 5481 1018 5537 Pharao
1047 5482 1220 5550 spicas
1247 5495 1305 5534 se
1339 5479 1473 5533 dixit
1495 5477 1691 5532 vidisse
1719 5479 1770 5531 in
1798 5478 2000 5532 somnis
2028 5486 2081 5530 et

502 5576 665 5629 boves
713 5573 861 5645 (Gen.
903 5588 1023 5636 xu,
1066 5568 1287 5641 17-24),
1335 5584 1443 5624 non
1483 5570 1742 5637 spicarum
1788 5577 1881 5622 aut
1918 5568 2079 5623 boum

500 5670 775 5737 iitiagitms.
808 5668 862 5720 Si
891 5667 1049 5737 igitur
1076 5662 1273 5732 liquido
1312 5670 1518 5717 constat
1558 5661 1860 5716 nominibus
1895 5674 2077 5717 earum

499 5774 677 5817 rerum
712 5772 932 5826 quarum
975 5756 1229 5826 imagines
1266 5763 1417 5823 sunt,
1445 5752 1655 5809 easdem
1694 5754 1949 5822 imagines
1979 5771 2077 5825 ap-

1288 320 1379 379 DE
1414 319 1592 378 OCTO
1629 317 1923 376 DULClTll
1952 290 2495 389 ‘QUIESTIONIBUS,
2526 323 2582 380 S.
2632 322 3002 383 AUGUSTINI

3684 331 3790 391 164

2213 436 2432 502 pellari;
2476 454 2581 496 non
2611 445 2802 496 mirum
2834 452 2916 498 est
2941 443 3081 514 quod
3109 444 3381 515 Scriptura
3412 447 3542 505 dicit
3570 448 3794 507 Samue-

2211 527 2314 582 letn
2346 529 2548 597 visum,
2597 534 2802 589 etiamsi
2849 537 2983 591 forte
3021 538 3193 606 imago
3231 537 3491 594 Samuelis
3525 544 3788 611 apparuit,

2211 623 2639 691 machinamento
2679 627 2794 698 ejus
2831 630 2921 698 qui
2963 630 3298 700 transﬁgurat
3341 648 3400 686 se
3440 634 3583 689 velut
3625 646 3789 706 ange-

2212 715 2511 805 lumlueis,
2545 728 2600 774 et
2625 720 2897 776 ministros
2925 737 3053 778 suos
3092 723 3237 779 velut
3271 726 3542 781 ministros
3574 728 3791 797 justitia:
3832 720 3847 805 ς

2212 807 2280 875 (ll
2308 804 2425 862 Cor.
2453 825 2528 872 ιι,
2563 812 2645 876 Η,
2677 811 2785 882 l5).

2281 899 2336 952 4.
2370 918 2389 951 ι
2419 900 2666 957 Jamvero
2693 903 2740 958 si
2769 904 2897 959 illud
2927 916 3123 970 movet,
3154 908 3423 975 quomodo
3470 919 3523 964 et
3549 926 3581 965 a
3632 912 3787 966 mali-

2208 1004 2316 1059 gno
2353 991 2540 1059 spiritu
2569 990 2715 1049 Sauli
2745 1006 2867 1049 vera
2912 996 3160 1064 praedicta
3186 1008 3346 1064 sunt;
3385 1008 3557 1069 ponet
3581 1012 3636 1057 et
3664 1002 3790 1058 illud

2211 1080 2607 1145 mirumvideri,
2660 1085 2929 1153 quomodo
2978 1087 3250 1143 daemones
3291 1092 3603 1158 agnoverint
3627 1093 3788 1149 Chri-

2210 1178 2352 1224 stum
2382 1174 2402 1242 (
2431 1170 2615 1227 Matth.
2658 1189 2767 1239 vnt,
2794 1173 2867 1230 9.9
2897 1176 2937 1245 ),
2963 1190 3122 1247 quem
3166 1178 3334 1236 Judaei
3380 1188 3486 1237 neti
3525 1198 3787 1255 agnosce-

2209 1258 2355 1315 bant.
2384 1260 2514 1317 Cum
2536 1262 2678 1317 enim
2702 1263 2810 1320 vult
2836 1265 2978 1321 Deus
2997 1266 3154 1322 etiam
3169 1280 3263 1338 per
3282 1270 3492 1328 inﬁmos
3519 1272 3789 1331 infernos-

2210 1367 2314 1435 que
2334 1353 2550 1422 spiritus
2570 1356 2797 1426 aliquem
2815 1372 2938 1413 vera
2954 1374 3299 1430 cognoscere,
3324 1365 3634 1435 temporalia
3650 1367 3789 1423 dun-

2212 1452 2355 1500 taxat
2381 1456 2541 1516 atque
2564 1450 2630 1502 ad
2674 1450 2826 1504 istam
2852 1452 3225 1509 mortalitatem
3270 1455 3610 1525 pertinentia,
3634 1459 3789 1517 facile

2211 1546 2311 1604 est,
2341 1547 2394 1593 et
2433 1553 2537 1594 non
2588 1541 2963 1611 incongruum,
2998 1555 3056 1599 ut
3081 1546 3420 1616 omnipotens
3443 1556 3501 1604 et
3522 1550 3697 1620 justas
3718 1552 3790 1608 ad

2210 1644 2395 1685 eorum
2444 1646 2676 1700 pmnam,
2715 1635 2908 1705 quibus
2941 1636 3040 1693 ista
3083 1638 3461 1709 praedicuntur,
3493 1646 3553 1698 ut
3588 1645 3789 1701 inultm

2211 1723 2352 1791 quod
2405 1723 2483 1778 eis
2528 1726 2822 1794 impendet,
2878 1737 3161 1800 antequam
3190 1734 3363 1787 veniat
3402 1736 3791 1802 pmoeeendo

2212 1817 2515 1884 patiantur,
2557 1819 2766 1875 occulto
2815 1831 3072 1891 apparatu
3122 1823 3534 1881 ministeriorum
3570 1842 3794 1885 suorum

2211 1908 2369 1963 etiam
2397 1910 2676 1979 spiritibus
2697 1912 2889 1968 talibus
2906 1914 3107 1983 allquid
3137 1914 3476 1973 divinationis
3502 1919 3789 1989 impertiat,

2209 2007 2270 2054 ut
2296 2000 2437 2071 quod
2453 2001 2675 2057 audiunt
2709 2004 2777 2059 ab
2806 2005 3045 2074 Angelis,
3086 2008 3441 2074 praanuntient
3466 2010 3789 2067 hominibus.

2211 2091 2440 2148 Tantum
2480 2104 2657 2165 autem
2709 2094 2949 2160 audiunt,
2990 2108 3242 2166 quantum
3270 2101 3507 2156 omnium
3534 2102 3792 2160 Dominus

2207 2192 2367 2255 atque
2389 2184 2690 2241 moderator
2720 2188 2800 2243 vel
2821 2187 2968 2256 jubet
2992 2188 3076 2243 vel
3094 2189 3240 2244 sinit.
3262 2189 3414 2246 Unde
3431 2193 3595 2249 etiam
3634 2195 3791 2264 spiri-

2210 2282 2296 2329 tus
2323 2274 2609 2345 pythonius
2636 2276 2687 2330 in
2705 2277 2918 2333 Actibus
2942 2280 3316 2349 Apostolorum
3342 2288 3621 2338 attestatur
3642 2285 3785 2340 Pate-

2209 2365 2263 2420 lo
2300 2367 2542 2436 apostolo
2569 2410 2584 2435 ,
2638 2376 2691 2422 ct
2731 2370 3050 2438 evangelista
3095 2385 3217 2427 esse
3254 2374 3519 2441 conatur(
3536 2372 3649 2429 Act.
3673 2382 3787 2443 xvi,

2210 2459 2276 2513 i7
2299 2457 2341 2531 ).
2364 2459 2586 2515 Miscent
2612 2470 2788 2516 tamen
2809 2462 2896 2516 isti
2921 2462 3178 2530 fallacias,
3203 2472 3258 2520 et
3282 2479 3465 2521 verum
3494 2468 3634 2538 quod
3657 2474 3786 2524 ilos-

2206 2563 2267 2606 se
2292 2550 2578 2620 potuerint,
2607 2566 2711 2605 non
2730 2551 2957 2607 docendi
2986 2555 3152 2624 magis
3181 2569 3341 2625 quam
3355 2556 3652 2627 decipiendi
3680 2558 3790 2615 tino

2208 2643 2582 2712 praenuntiant.
2614 2642 2683 2697 Et
2728 2644 2861 2699 forte
2887 2643 2990 2699 hoc
3031 2652 3115 2700 est
3164 2647 3305 2716 quod
3329 2661 3450 2702 cum
3479 2649 3567 2703 illa
3615 2650 3791 2720 imago

2204 2733 2465 2790 Samuelis
2511 2734 2724 2791 Saulem
2763 2735 3079 2805 praediceret
3106 2737 3442 2803 moriturum,
3473 2738 3606 2795 dixit
3624 2741 3789 2796 etiam

2202 2839 2386 2882 secum
2406 2825 2676 2882 futurum:
2708 2827 2848 2897 quod
2869 2828 3048 2899 utique
3074 2829 3260 2883 falsum
3282 2838 3382 2884 est.
3413 2830 3604 2902 Magno
3623 2834 3782 2903 quit»

2203 2930 2271 2986 pe
2294 2916 2574 2972 intervallo
2616 2929 2739 2987 post
2782 2926 3009 2972 mortem
3047 2920 3283 2989 separari
3306 2919 3522 2976 bonosa
3544 2921 3702 2977 malis
3726 2920 3787 2977 tu

2203 3009 2491 3080 Evangelia
2518 3011 2760 3081 legimus,
2799 3016 2921 3066 cum
2954 3012 3205 3068 Dominus
3229 3013 3368 3069 inter
3390 3015 3677 3085 superbum
3714 3016 3786 3071 ii;

2203 3101 2311 3156 lum
2330 3102 2572 3168 divitem,
2609 3118 2729 3157 cum
2751 3103 2859 3173 jam
2886 3104 3025 3174 apud
3056 3102 3254 3160 inferos
3272 3113 3537 3161 tormenta
3557 3108 3776 3177 patere-1

2202 3204 2309 3262 tur,
2337 3204 2393 3250 et
2436 3196 2581 3250 illum
2611 3197 2703 3266 qui
2748 3197 2814 3250 ad
2848 3198 2965 3266 ejus
2986 3196 3201 3266 januam
3230 3196 3510 3254 ulhemsus
3542 3200 3776 3269 jaeebst,

2197 3285 2307 3355 jam
2338 3286 2391 3339 in
2421 3286 2605 3356 requie
2639 3287 3008 3353 constitutum,
3064 3302 3314 3358 magnum
3352 3290 3515 3345 chaos
3559 3290 3786 3361 inludo»

2198 3386 2344 3432 etum
2363 3392 2482 3432 esse
2510 3377 2770 3448 testatur(
2796 3375 2924 3431 Luc.
2968 3393 3074 3441 xvi,
3100 3378 3171 3434 26
3200 3382 3241 3450 ).
3271 3380 3377 3435 Aut
3404 3380 3450 3435 si
3498 3389 3783 3451 proritet“
3882 3450 3885 3453 λ

2200 3468 2415 3525 Samuel
2434 3467 2580 3525 Sauli
2603 3467 2755 3533 dixit,
2791 3467 2993 3522 Mecum
3024 3470 3142 3536 eris,
3169 3478 3229 3524 ut
3250 3484 3357 3524 non
3390 3471 3460 3525 ad
3500 3469 3779 3541 mqualita-t

2199 3567 2305 3616 tem
2327 3560 2611 3626 felicitatis,
2652 3560 2746 3616 sed
2767 3560 2832 3615 ad
2854 3576 3035 3630 parent
3052 3561 3409 3617 conditionem
3435 3563 3625 3618 mortis
3641 3562 3785 3619 rufus

2198 3665 2366 3722 ratur,
2399 3655 2543 3725 quod
2568 3660 2792 3724 uterque
2814 3654 2973 3709 homo
2989 3654 3168 3721 fuerit,
3186 3663 3239 3709 et
3265 3663 3487 3724 uterque
3513 3657 3649 3710 mori
3672 3670 3775 3726 poe-

2199 3747 2377 3813 tuerit,
2413 3747 2628 3815 jamque
2670 3754 2914 3800 mortuus
2944 3755 3166 3800 mortem
3198 3747 3319 3800 vivo
3342 3747 3778 3815 ﬂammabat;

2199 3837 2468 3906 perspicit,
2495 3846 2747 3906 quantum
2790 3837 3001 3906 opinor,
3033 3836 3310 3905 prudentia
3338 3845 3451 3899 tua,
3476 3837 3776 3893 secundum

2198 3937 2483 3999 utrumque
2511 3928 2833 3983 intellectum
2857 3927 3052 3982 habere
3077 3927 3277 3981 exitum
3298 3926 3444 3981 illam
3463 3928 3775 3994 lectionem,

2198 4021 2288 4091 qui
2319 4036 2421 4075 non
2451 4022 2523 4075 sit
2569 4032 2751 4076 contra
2796 4020 2955 4075 ﬁdem
2992 4039 3002 4073 :
3042 4022 3144 4074 nisi
3192 4020 3328 4074 forte
3356 4020 3700 4088 profundiore
3722 4028 3783 4078 et

2200 4113 2531 4182 perplexiore
2558 4114 2914 4183 inquisitione,
2957 4129 3074 4182 qua:
3095 4113 3175 4166 vel
3202 4113 3393 4167 virium
3423 4120 3663 4169 mearum
3689 4115 3781 4170 vel

2200 4205 2453 4273 temporis
2489 4205 2700 4259 excedit
2745 4204 3036 4273 angustias,
3081 4203 3457 4258 inveniaturad
3485 4204 3771 4273 liquidum,

2198 4295 2278 4347 vel
2313 4308 2469 4361 posse
2510 4294 2592 4348 vel
2646 4308 2750 4346 non
2783 4306 2939 4361 posse
2963 4293 3195 4347 animam
3220 4291 3526 4356 humanam,
3554 4306 3677 4348 cunt
3698 4306 3785 4349 er

2197 4385 2295 4440 hac
2322 4386 2423 4439 vita
2481 4385 2801 4453 migraverit,
2858 4384 3074 4453 magicis
3118 4384 3446 4439 carminibus
3488 4391 3775 4441 evocatam

2195 4477 2435 4531 vivorum
2457 4491 2715 4546 apparere
2738 4477 3137 4545 conspectibus,
3168 4476 3328 4531 etiam
3352 4474 3594 4543 corporis
3612 4474 3781 4531 listen-

2196 4579 2369 4624 menta
2410 4577 2727 4638 gestantem,
2757 4580 2815 4623 ut
2844 4583 2947 4622 non
2981 4568 3154 4623 solum
3186 4568 3350 4624 videri
3378 4567 3568 4632 valeat,
3594 4566 3694 4623 sed
3721 4576 3780 4624 α

2194 4662 2426 4732 agnosci.
2453 4662 2519 4716 Et
2551 4661 2598 4715 si
2640 4668 2835 4730 potest,
2878 4670 3052 4715 utrum
3097 4661 3256 4716 etiam
3280 4660 3408 4729 justi
3436 4660 3636 4727 anima,
3664 4674 3778 4716 non

2194 4754 2402 4824 quidem
2432 4762 2650 4822 cogatur
2690 4753 2907 4821 magicis
2940 4752 3132 4821 sacris,
3165 4751 3262 4808 sed
3290 4752 3537 4821 dignetur
3562 4750 3777 4807 ostendi

2193 4845 2568 4899 occultiorihus
2629 4843 2862 4912 imperiis
2918 4856 3140 4898 sumas
3183 4843 3315 4912 legis
3361 4842 3776 4911 obtemperans:

2194 4947 2246 4990 nt
2277 4938 2319 4989 si
2344 4936 2453 4989 ﬁeri
2486 4951 2591 4989 non
2618 4948 2774 5004 posse
2799 4934 3069 5001 claruerit,
3094 4949 3198 4991 non
3244 4943 3473 5004 uterque
3504 4946 3700 4991 sensus
3717 4934 3779 4991 in

2194 5027 2348 5095 hujus
2375 5027 2660 5095 Scriptura:
2698 5026 3013 5080 tractatione
3038 5035 3196 5095 atque
3222 5024 3553 5094 expositione
3574 5023 3776 5081 adnita-

2192 5126 2353 5184 tatur,
2374 5116 2468 5173 sed
2499 5117 2587 5171 illo
2615 5117 2849 5181 excluso,
2869 5117 3178 5186 imaginaria
3198 5115 3468 5173 simulatio
3494 5114 3770 5173 Bamueiis

2189 5211 2450 5266 diabolica
2479 5210 2583 5265 ritu
2611 5209 2748 5265 facta
2774 5209 3115 5278 intelligatur.
3132 5207 3237 5264 Sed
3260 5207 3537 5277 quoniam,
3558 5208 3674 5263 sive
3700 5207 3774 5263 ila-
3811 5280 3817 5285 Α

2189 5304 2275 5358 luti
2306 5304 2420 5359 ﬁeri
2446 5303 2635 5371 possit,
2676 5302 2790 5357 sive
2819 5317 2924 5356 non
2954 5300 3146 5369 possit,
3172 5307 3356 5356 tamen
3390 5300 3601 5357 fallacia
3625 5308 3781 5357 sata-

2190 5410 2271 5447 na:
2298 5402 2455 5463 atque
2503 5394 2789 5463 imaginum
2839 5390 3259 5447 simulandarum
3295 5389 3485 5447 callida
3531 5391 3782 5458 operatio

2189 5482 2514 5555 decipiendis
2558 5484 2801 5539 humanis
2845 5483 3089 5537 sensibus
3128 5481 3466 5536 multiformis
3509 5480 3775 5550 invigilat,

2189 5575 2513 5646 pedetentim
2541 5574 2774 5644 quidem,
2806 5576 2876 5627 ite
2898 5570 3328 5643 inquisitionibus
3342 5556 3784 5643 diligentioribus

2189 5669 2628 5738 prmscribamus,
2678 5664 2774 5720 sed
2818 5674 2999 5721 tamen
3035 5665 3211 5733 potius
3250 5664 3618 5722 existimemus
3660 5665 3785 5721 ω,

2190 5759 2381 5828 aliquid
2427 5758 2621 5831 factum
2650 5754 2878 5826 maligno
2905 5755 3228 5825 pythonissm
3274 5755 3416 5813 illius
3444 5755 3788 5827 ministerio,
