4134 6208
260 358 350 419 165

262 473 498 550 quamdiu
518 472 679 530 nobis
703 469 900 542 aliquid
923 468 1152 539 amplius
1173 467 1475 539 excogitare
1485 474 1647 536 atque
1666 464 1837 535 expli-

261 583 369 625 care
398 581 509 622 non
537 563 726 619 daturi
753 560 1125 636 (Quaestionum
1151 558 1223 613 ad
1248 556 1645 628 Simplicianum
1669 555 1760 612 tib.
1778 555 1835 624 2,

387 656 559 709 8.3).

262 652 678 802 sunt
700 756 822 812 quas
867 748 993 796 tunc
1039 739 1107 793 de
1160 739 1467 811 pythonissa
1507 748 1562 793 et
1589 737 1842 793 Samuele

264 836 441 906 scripsi
468 835 509 887 ¹.
536 832 643 889 Sed
670 846 829 903 quam
861 846 966 885 non
1010 830 1207 885 frustm
1235 829 1483 892 dixerim,
1517 827 1840 898 pedetentim

268 945 347 984 nos
377 929 434 982 in
458 926 561 981 hac
586 939 647 980 re
671 933 823 995 gesta
873 920 1175 978 simulatam
1203 923 1226 953 ¹
1252 919 1521 977 Samuelis
1551 920 1840 989 imaginem

270 1020 486 1089 maligno
534 1015 867 1088 pythonissce
912 1012 1211 1068 ministerio
1238 1017 1618 1082 przesentatam
1658 1010 1842 1065 existi-

271 1125 400 1165 mare
431 1107 651 1172 debere,
671 1121 742 1161 ne
766 1103 1197 1174 inquisitionibus
1230 1100 1658 1173 diligentioribus
1700 1116 1844 1171 prae-

270 1202 586 1265 scribamus;
608 1213 732 1255 mea
760 1197 1023 1269 posterior
1047 1198 1320 1267 inquisitio
1337 1195 1645 1261 declaravit,
1674 1210 1844 1265 quan-

270 1291 520 1349 doiuveui
541 1291 595 1345 in
617 1288 754 1344 libro
793 1284 1191 1353 Eeclesiastico,
1222 1282 1313 1342 ubi
1343 1286 1529 1341 Patres
1555 1286 1842 1340 laudantur

273 1399 331 1438 ex
359 1381 567 1445 ordine,
622 1379 796 1449 ipsum
825 1378 1129 1434 Samuelem
1159 1378 1238 1432 sic
1276 1375 1441 1432 fuisse
1466 1377 1755 1442 laudatum,
1788 1384 1847 1431 ut

273 1473 616 1547 prophetasse
670 1471 832 1527 etiam
882 1478 1122 1524 mortuus
1174 1467 1485 1541 diceretur(
1512 1462 1671 1522 Eccli.
1701 1480 1841 1532 XLVI,

273 1568 333 1621 23
352 1566 388 1635 ).
422 1564 535 1621 Sed
554 1565 598 1618 si
623 1572 676 1618 et
699 1563 824 1618 huic
850 1562 988 1616 libro
1023 1576 1090 1616 ex
1117 1561 1483 1627 Hebrmorum,
1509 1561 1630 1631 quia
1657 1561 1710 1615 in
1741 1566 1834 1615 'eo-

273 1674 381 1713 rum
413 1670 519 1711 non
547 1665 628 1711 est
658 1669 887 1720 unone,
917 1652 1343 1715 contradicitur;
1392 1651 1517 1721 quid
1554 1651 1622 1707 de
1666 1651 1845 1721 Moyse

275 1747 454 1804 dicturi
474 1762 676 1810 sumus,
706 1745 795 1815 qui
823 1754 970 1800 certe
1008 1751 1064 1798 et
1090 1743 1141 1796 in
1169 1741 1578 1797 Deuteronomio
1608 1750 1848 1795 mortuus

281 1838 297 1909 (
320 1837 463 1892 Deut.
495 1852 677 1896 xxxiv.
704 1836 740 1891 5
766 1838 807 1904 ),
829 1844 883 1890 et
913 1835 966 1888 in
986 1832 1275 1903 Evangelia
1293 1846 1415 1888 cum
1458 1832 1567 1886 Elia
1587 1831 1677 1901 qui
1702 1846 1847 1885 mor-

281 1937 383 1981 tuus
400 1942 509 1984 non
536 1935 640 1991 est,
688 1925 879 1995 legitur
923 1922 1239 1994 apparuisse
1280 1910 1579 1977 viventibus
1609 1922 1628 1990 (
1656 1920 1845 1975 Matth.

282 2034 395 2082 ml,
412 2020 478 2089 ὃ)
509 2019 532 2073 2

306 2109 498 2178 Qum.
554 2108 668 2166 Vll.
694 2137 768 2178 -έ
821 2107 1123 2178 Quomodo“
1150 2116 1382 2178 stuprum
1454 2098 1744 2162 Abimelech
1771 2116 1821 2162 et

734 2177 1023 2233 Pharaonis
1050 2176 1224 2248 effugit
1246 2177 1403 2232 Sara.

343 2272 389 2326 i.
412 2270 655 2343 Septima
679 2279 764 2325 tua
787 2269 1076 2340 propositio
1091 2276 1192 2333 est,
1219 2288 1236 2318 ι
1259 2267 1499 2336 Qualiter
1535 2266 1854 2324 satisfacien-

288 2352 435 2416 tdsm
461 2362 533 2416 sit
554 2363 634 2416 eis
661 2360 751 2431 qui
772 2360 950 2415 dicunt
970 2357 1156 2415 Saram
1182 2367 1427 2427 stuprum
1455 2374 1559 2412 non
1579 2357 1850 2429 eﬂ'ugisse,

286 2470 305 2504 α
324 2467 435 2508 cum
460 2451 642 2506 dicant
680 2450 987 2505 Ahimelech
1016 2450 1081 2504 ab
1110 2450 1225 2519 ejus
1244 2449 1599 2504 conventione
1641 2449 1853 2504 somnio

288 2563 305 2595 ι
324 2560 434 2601 esse
453 2552 763 2600 revocatum
790 2546 808 2615 (
836 2540 963 2598 Gen.
986 2546 1111 2617 pix),
1130 2549 1185 2596 et
1213 2541 1507 2597 immissum
1537 2541 1591 2598 in
1618 2541 1735 2611 ejus
1762 2555 1858 2597 ce-

286 2653 304 2688 t
330 2636 505 2708 potam
540 2635 868 2690 Pharaonem
896 2632 916 2705 (
944 2631 1031 2687 Id.
1055 2648 1126 2688 xu
1157 2628 1219 2703 )?
1263 2650 1284 2684 ι

344 2726 397 2783 2.
430 2726 705 2797 Quomodo
754 2725 934 2781 dicant
984 2725 1285 2780 immissum
1330 2725 1383 2779 in
1429 2723 1552 2795 ejus
1599 2722 1854 2793 copulam

283 2812 607 2874 Pharaonem
634 2817 678 2883 ',
709 2832 815 2872 non
864 2815 1057 2883 video;
1088 2830 1209 2870 cum
1258 2814 1325 2868 ad
1380 2814 1482 2869 hoc
1524 2813 1854 2870 credendum

286 2913 547 2984 Scriptura
578 2930 687 2969 non
733 2922 910 2985 cogat.
934 2912 1155 2983 Accepit
1204 2914 1347 2970 enim
1394 2929 1516 2969 eam
1558 2914 1775 2985 quidem
1803 2915 1857 2968 in

286 3020 511 3070 uxorem,
570 3005 931 3074 continuoque
979 3004 1177 3059 ditatus
1218 3014 1302 3062 est
1350 3006 1616 3061 Abraham
1681 3005 1863 3061 multis

288 3092 649 3166 Egyptiorum
682 3095 988 3150 muneribus
1013 3105 1227 3164 propter
1249 3095 1393 3150 illum
1428 3114 1440 3147 :
1471 3094 1566 3151 sed
1593 3097 1863 3150 non-scri-

289 3194 429 3257 ptum
452 3195 546 3249 est,
581 3186 723 3257 quod
750 3202 870 3241 cum
893 3200 955 3240 ea
986 3185 1192 3240 Pharao
1218 3186 1518 3252 dormierit,
1551 3186 1710 3257 eique
1739 3201 1861 3256 per-

289 3278 474 3331 mixtus
520 3280 639 3339 sit;
683 3277 931 3347 quoniam
969 3276 1110 3332 Deus
1150 3292 1271 3330 eum
1325 3275 1510 3331 multis
1553 3277 1866 3347 magnisque

291 3368 515 3424 cladibus
540 3367 828 3437 alliigendo
854 3367 903 3420 id
928 3368 1104 3423 facere
1154 3381 1260 3420 non
1291 3367 1551 3436 permisit.
1578 3365 1691 3421 Non
1721 3368 1864 3422 enim

291 3458 483 3529 placitae
515 3458 730 3529 regibus
747 3457 811 3511 ad
832 3457 1137 3526 conjugium
1166 3455 1379 3512 feminae
1409 3472 1532 3512 mox
1560 3457 1722 3513 etiam
1748 3472 1868 3517 car-'-

293 3564 353 3603 ne
372 3550 776 3620 copulabantur.
807 3547 911 3602 Sed
929 3548 1066 3602 sicut
1080 3548 1305 3618 legimus
1328 3547 1383 3602 in
1399 3546 1533 3603 libro
1550 3548 1642 3619 qui
1658 3564 1867 3619 praeno-

289 3647 421 3693 tatur
451 3639 666 3706 Esther,
694 3655 789 3709 per
821 3638 1020 3708 aliquot
1045 3652 1276 3704 menses,
1311 3638 1420 3693 imo
1440 3650 1537 3709 per
1567 3648 1734 3696 totum
1770 3655 1870 3697 am

290 3746 423 3791 num,
452 3731 760 3802 unguentis,
790 3729 1071 3800 pigmentis
1096 3727 1142 3794 ⁸,
1164 3729 1494 3786 aromatibus
1538 3731 1868 3787 accumban-

289 3834 367 3877 tur
381 3840 562 3878 earum
595 3838 843 3894 corpora,
890 3823 1196 3893 priusquam
1238 3823 1453 3892 corpori
1495 3824 1643 3894 regio
1671 3825 1870 3882 misces

290 3917 507 3985 rentur(
543 3912 731 3966 Esther
773 3928 831 3977 ιι,
876 3910 943 3967 i2
970 3911 1014 3984 ).
1064 3911 1179 3967 Hoc
1206 3926 1334 3982 ergo
1363 3912 1539 3983 spatio
1568 3913 1703 3969 facta
1746 3924 1874 3970 sunt

289 4002 367 4056 illa
399 4020 517 4074 qua:
556 4004 754 4072 scripta
780 4010 903 4057 sunt
928 4045 942 4068 ,
970 4003 1141 4058 donec
1166 4001 1373 4058 Pharao
1417 4004 1678 4059 contritus
1699 4014 1754 4060 et
1775 4021 1873 4059 ex—

286 4097 506 4147 territus
524 4096 715 4147 marito
744 4094 1064 4149 restituisset
1084 4110 1325 4150 uxorem.
1357 4096 1665 4151 Abimeleeh
1692 4105 1873 4152 autem

286 4187 543 4256 quoniam
569 4188 770 4240 somnio
802 4198 879 4241 est
909 4186 977 4240 ab
1005 4187 1119 4258 ejus
1135 4188 1513 4243 commixtione
1535 4188 1832 4255 prohibitus
1850 4230 1870 4258 ,

286 4276 415 4332 ideo
439 4278 529 4348 qui
570 4276 747 4333 Suram
780 4287 1022 4347 stuprum
1052 4294 1157 4333 non
1179 4279 1377 4334 vitasse
1399 4278 1746 4346 contendunt,
1776 4295 1874 4349 pu-

286 4375 398 4423 lant
420 4368 604 4438 utique
638 4383 840 4439 regem,
875 4376 931 4422 ut
972 4368 1280 4431 somniaret,
1326 4368 1538 4423 nonnisi
1584 4380 1705 4438 post
1746 4369 1862 4441 ejus

283 4456 628 4511 concubitum
658 4456 894 4512 dormire
910 4457 1165 4527 potuisse.
1191 4456 1352 4526 Quasi
1374 4473 1522 4524 vero,
1547 4468 1605 4514 ut
1626 4461 1869 4516 omittam

283 4554 497 4605 temr"s
515 4563 626 4620 quo
649 4549 1056 4617 accurabamur,
1082 4559 1138 4605 ut
1165 4564 1325 4619 supra
1354 4549 1481 4616 dixi,
1508 4550 1574 4607 ad
1614 4552 1859 4622 volupta-

281 4648 389 4693 tem
418 4640 625 4711 regiam
659 4654 886 4710 corpora
929 4638 1271 4709 feminarum,
1323 4656 1433 4697 non
1458 4643 1689 4711 petuerit
1712 4644 1874 4711 Deus,

281 4732 600 4803 priusquam
653 4734 1049 4797 convenirent,
1084 4748 1207 4789 cum
1249 4749 1491 4805 mergere
1519 4735 1574 4791 in
1603 4749 1873 4805 somnum,

275 4832 329 4879 et
353 4824 663 4881 admonere
699 4839 795 4894 per
822 4824 1110 4881 somnium.

340 4914 397 4967 3.
432 4915 627 4968 Dicam
655 4914 798 4985 quod
826 4913 1024 4971 factum
1048 4914 1211 4970 estin
1252 4915 1563 4972 Mauritania
1610 4915 1876 4973 Sitifensi.

274 5005 464 5078 Neque
514 5008 664 5063 enim
712 5006 855 5063 Deus
902 5015 1206 5063 sanctorum
1235 5006 1474 5073 Patrum.
1525 5024 1635 5065 non
1664 5010 1776 5079 ipse
1798 5020 1884 5066 est

273 5099 437 5153 etiam
492 5097 645 5154 Deus
670 5106 871 5154 noster.
903 5097 1128 5155 Viduam
1157 5098 1210 5155 in
1239 5100 1513 5171 proposito
1534 5102 1880 5159 continentiae

266 5191 639 5246 constitutam
686 5188 1010 5247 Ceiticchius
1036 5192 1059 5223 '
1087 5191 1303 5263 quidam
1355 5192 1768 5250 catechumenos
1794 5194 1884 5264 ju-

326 5345 347 5376 ⁸
372 5350 486 5395 ttat.
527 5349 637 5408 Am:
662 5346 739 5408 Er.
777 5348 833 5393 et
871 5355 902 5393 e
935 5344 1174 5395 Vaticanis
1202 5351 1306 5408 μεθ.
1341 5344 1442 5408 duo
1473 5351 1773 5408 praetereunt
1804 5361 1885 5399 se-

258 5413 492 5478 αυαιιφξ
785 5412 1149 5478 *φωνβιιιιιε
1170 5406 1231 5456 δά
1251 5402 1692 5478 We,
1718 5410 1883 5471 mxi-

259 5480 344 5600 “2

310 5589 937 5680 ςᾷἓῗὶξὲίὲἓὲὶξτ...
950 5589 1320 5680 ίὲἒέἒῗῗὲἔέἶὲῖ
1346 5591 1587 5653 W0
1607 5590 1772 5644 άίθαπί
1792 5593 1885 5643 θη·

316 5651 473 5703 iss-.an
499 5649 560 5700 in
584 5648 692 5710 ejus
717 5648 938 5714 copulam
962 5650 1276 5702 Pharaonem.
1359 5648 1375 5653 “

316 5720 336 5744 ⁵
447 5713 845 5786 “fuitthe”?
868 5713 1110 5786 Ψιιοαέν
1128 5713 1407 5786 enim.
1426 5714 1628 5786 ιθεὲιπο
1649 5714 1883 5786 W-

247 5774 470 5849 ιοὲἓίλξν
880 5772 1342 5849 νριίεθέιὲευιὲοέιιξεε
1358 5772 1577 5849 (Md!
1594 5772 1882 5849 ἀτρσηαεειηι-

306 5840 332 5871 ⁸
354 5845 471 5887 nat.
503 5843 619 5884 Am.
647 5842 703 5886 et
720 5837 1010 5887 sorbonicus
1043 5844 1143 5900 Its,
1170 5837 1452 5893 cetcichius.
1464 5839 1673 5893 Vaticani
1690 5839 1886 5892 codices

1668 347 1875 406 LIBER
1907 345 2109 406 UNUS.

3425 350 3526 408 166

1945 462 2092 517 venis
2118 462 2311 531 rapuit,
2336 472 2393 515 ut
2436 461 2657 518 haberet
2680 470 2921 516 uxorem.
2951 462 3246 532 Antequam
3271 476 3528 519 concum-

1946 553 2156 617 berent,
2186 566 2402 622 pressus
2449 567 2640 607 somno
2678 563 2733 607 et
2759 553 2975 608 territus
3000 554 3230 620 somnio,
3283 554 3524 612 Sitifensi

1944 644 2195 713 episcopo
2224 643 2467 699 eamdem
2511 645 2981 701 vehementissime
3021 646 3337 716 requirenti,
3364 662 3523 704 revo-

1944 737 2086 791 cavit
2105 737 2377 790 intactam.
2422 735 2621 791 Vivunt
2659 736 2835 791 adhuc
2880 738 2947 792 de
2974 737 3167 807 quibus
3192 737 3400 810 loquor.
3433 741 3527 799 Ille

1948 829 2250 897 baptizatus
2282 837 2339 884 et
2357 829 2474 898 ipso
2492 830 2545 883 in
2573 843 2635 884 se
2663 829 2807 885 facto
2849 830 3105 885 miraculo
3142 842 3433 889 conversus
3461 834 3530 890 ad

1949 920 2254 985 Dominum,
2283 920 2347 974 ad
2373 920 2738 988 episcOpatum
2773 920 3064 975 venerabili
3110 921 3372 990 probitate
3402 938 3528 993 per-

1948 1010 2093 1065 venit
2117 1026 2134 1075 ;
2168 1008 2253 1064 illa
2279 1010 2335 1063 in
2363 1018 2545 1064 saneta
2570 1009 2827 1065 viduitate
2850 1010 3106 1079 persistit.

2017 1101 2072 1154 4.
2094 1099 2229 1166 Quid
2253 1108 2428 1156 autem
2442 1100 2667 1155 dixerim
2692 1108 2877 1154 contra
2889 1100 3142 1155 Faustum
3158 1101 3502 1158 Manichseum
3514 1144 3529 1170 ,

1946 1206 2071 1248 cum
2128 1192 2544 1247 calumniaretur
2596 1192 2730 1262 patri
2790 1191 3052 1257 Abrahae,
3105 1192 3247 1263 quod
3304 1208 3525 1250 uxorem

1948 1301 2097 1342 suam
2117 1285 2325 1340 duobus
2350 1284 2564 1355 regibus
2594 1284 2660 1340 ad
2685 1286 3026 1340 concubitum
3073 1285 3418 1353 venditasset,
3448 1288 3533 1343 in-

1948 1376 2130 1432 dicant
2155 1376 2491 1447 quassubjeci
2513 1378 2531 1410 ι
2563 1395 2581 1432 :
2612 1394 2633 1428 ι
2661 1378 2812 1445 Quod
2838 1387 3015 1433 autem
3040 1381 3263 1448 justum,
3288 1380 3530 1452 inquam,

1949 1477 2003 1523 et
2028 1467 2239 1523 ﬁdelem
2282 1468 2457 1522 virum
2481 1468 2807 1524 matrimonii
2835 1471 2918 1525 sui
2943 1470 3355 1527 infamissimum
3387 1489 3532 1529 nun-

1954 1557 2250 1613 dinatorem
2270 1558 2543 1628 appellans
2572 1561 2615 1624 ',
2646 1559 2881 1614 avaritiae
2901 1575 2964 1615 ac
2987 1561 3190 1617 ventris
3213 1575 3373 1618 causa
3393 1563 3533 1619 duov

1956 1648 2056 1702 bus
2089 1648 2321 1718 regibus,
2356 1648 2670 1704 Abimelech
2696 1664 2760 1705 ac
2805 1650 3089 1719 Pharaoni,
3134 1653 3361 1710 diversis
3400 1664 3536 1712 tem-

1952 1739 2171 1807 poribus
2194 1738 2382 1794 Saram
2416 1740 2694 1811 coniugem
2741 1756 2892 1797 suam
2940 1756 3183 1799 sororem
3226 1747 3533 1816 mentitum,

1951 1831 2076 1899 quia
2101 1841 2217 1886 erat
2238 1830 2619 1901 pulcherrima,
2670 1833 2723 1887 in
2748 1834 3087 1889 concubitum
3117 1838 3309 1892 asserit
3349 1837 3537 1894 vendi-

1952 1930 2132 1988 tasse;
2161 1938 2268 1979 non
2298 1939 2394 1980 ore
2418 1924 2653 1980 veridico
2694 1939 2727 1980 a
2771 1926 3096 1997 turpitudine
3123 1937 3335 1998 separat
3361 1929 3533 1987 hone-

1950 2022 2168 2081 statem,
2190 2013 2397 2070 sedere
2412 2015 2676 2071 maledico
2698 2023 2867 2070 totum
2907 2016 3069 2072 vertit
3096 2018 3149 2072 in
3164 2018 3389 2074 crimen.
3418 2020 3532 2077 Hoc

1954 2106 2097 2161 enim
2148 2106 2377 2162 Abrahae
2417 2106 2614 2162 factum
2670 2108 2937 2163 lenocinio
2974 2109 3150 2164 simile
3191 2110 3537 2179 videtur,sed

1955 2209 2065 2251 non
2090 2196 2391 2253 valentibus
2439 2212 2505 2254 ex
2550 2198 2690 2252 illius
2717 2207 2935 2254 aeternae
2961 2199 3095 2269 legis
3134 2199 3334 2256 lumine
3367 2216 3397 2256 a
3418 2216 3543 2272 pec-

1957 2290 2090 2344 catis
2134 2297 2281 2345 recte
2318 2289 2454 2344 facta
2495 2289 2840 2357 discernere,
2893 2291 3086 2361 quibus
3117 2299 3172 2346 et
3218 2294 3539 2361 constantia,

1961 2378 2249 2448 pertinacia
2282 2379 2448 2435 videri
2480 2388 2690 2449 potest;
2718 2390 2774 2436 et
2789 2381 2958 2436 virtus
2986 2381 3210 2448 fiduciae,
3236 2384 3421 2438 vitium
3448 2398 3548 2455 pu-

1960 2478 2104 2526 tetur
2126 2469 2364 2526 audaciae
2391 2489 2404 2534 ;
2436 2479 2493 2525 et
2538 2484 2892 2542 quaecumque
2942 2470 3191 2527 similiter
3222 2472 3546 2544 objiciuntur

1958 2560 2112 2630 quasi
2136 2575 2244 2616 non
2285 2569 2429 2615 recte
2454 2562 2735 2631 agentibus
2778 2577 2810 2614 a
2849 2577 2959 2616 non
3001 2572 3148 2618 recte
3180 2564 3543 2621 cernentibus.

1960 2650 2147 2723 Neque
2208 2651 2353 2706 enim
2415 2651 2683 2706 Abraham
2754 2651 2955 2722 ﬂagitio
2997 2655 3269 2709 consensit
3334 2655 3538 2723 uxoris,

1963 2741 2186 2811 ejusque
2211 2740 2449 2797 vendidit
2470 2740 2791 2796 adulterium
2827 2759 2840 2793 :
2869 2741 2964 2797 sed
3001 2741 3143 2797 sicut
3168 2743 3258 2797 illa
3291 2743 3543 2800 famulam

1962 2847 2116 2888 suam
2156 2847 2262 2887 nou
2288 2830 2492 2887 libidini
2519 2832 2696 2887 mariti
2729 2833 2992 2901 permisit,
3022 2833 3118 2888 sed
3148 2831 3329 2890 cilicio
3381 2848 3548 2907 gene-

1962 2923 2117 2979 randi
2164 2924 2304 2981 ultro
2348 2923 2548 2989 intulit,
2565 2937 2899 2994 nequaquam
2928 2924 3140 2980 turbato
3166 2926 3356 2982 ordine
3400 2937 3555 2984 natui-

1965 3015 2085 3080 rali,
2112 3013 2201 3069 ubi
2238 3013 2356 3083 ejus
2402 3022 2636 3083 potestas
2663 3024 2780 3069 erat
2802 3014 2999 3085 jubens
3054 3018 3231 3085 potius
3261 3018 3550 3087 obedienti,

1965 3119 2127 3173 quam
2167 3102 2366 3158 cedens
2403 3104 2845 3173 concupiscenti;
2898 3104 2979 3159 sic
3009 3114 3065 3159 et
3109 3106 3224 3175 ipse
3264 3108 3547 3178 coniugem

1967 3205 2189 3259 castam,
2244 3201 2301 3247 et
2339 3201 2488 3247 casto
2546 3193 2709 3247 corde
2746 3194 2847 3249 sibi
2872 3194 3254 3261 cohaerentem,
3286 3196 3355 3252 de
3400 3198 3553 3270 cujus

1968 3283 2182 3348 animo,
2212 3284 2305 3340 ubi
2341 3283 2609 3353 pudicitia:
2643 3285 2811 3339 virtus
2850 3284 3072 3350 habitat,
3102 3286 3249 3341 nullo
3275 3288 3438 3345 modo
3453 3290 3552 3345 due

1970 3373 2191 3440 bilabat,
2218 3374 2383 3429 tacuit
2408 3387 2653 3440 uxorem,
2694 3373 2830 3431 dixit
2879 3390 3143 3442 sororem,
3187 3393 3254 3433 ne
3278 3386 3343 3434 ee
3378 3378 3557 3437 occiso

1969 3468 2039 3523 ab
2083 3466 2397 3537 alienigenis
2442 3476 2602 3537 atque
2647 3467 2823 3537 impiis
2882 3470 3091 3538 captiva
3143 3472 3555 3540 possideretur;

1969 3571 2150 3618 certus
2170 3559 2242 3616 de
2261 3560 2373 3616 Deo
2402 3573 2501 3615 suo
2540 3559 2683 3629 quod
2709 3558 2845 3616 nihil
2874 3576 2990 3616 eam
3022 3570 3176 3632 turpe
3217 3578 3281 3618 ac
3329 3564 3561 3637 ﬂagitios

1970 3667 2090 3707 sum
2120 3652 2325 3723 perpeti
2371 3651 2589 3707 sineret.
2618 3650 2729 3707 Nec
2774 3667 2898 3708 eum
2924 3652 3058 3709 ﬁdes
3085 3668 3148 3708 ac
3187 3669 3313 3724 spes
3351 3655 3556 3712 fefellit.

1969 3742 2212 3813 Namque
2228 3742 2439 3798 Pharae
2462 3743 2677 3798 territus
2698 3743 2972 3807 monstris,
3014 3744 3303 3814 multisque
3343 3755 3561 3815 propter

1973 3850 2093 3891 eam
2118 3836 2273 3891 malis
2288 3832 2539 3900 amictus,
2589 3834 2677 3889 ubi
2702 3834 2822 3904 ejus
2863 3849 2984 3890 esse
3019 3851 3243 3891 uxorem
3297 3838 3559 3895 divinitus

1974 3927 2182 3993 didicit,
2209 3925 2429 3981 illarsam
2462 3941 2585 3980 cum
2605 3927 2808 3980 honore
2831 3927 3084 3981 restituit:
3113 3927 3420 3984 Abimelech
3459 3946 3560 3987 au-

1976 4029 2083 4077 tem
2105 4019 2312 4074 somnio
2349 4020 2701 4073 commonitus
2727 4028 2784 4074 et
2827 4020 3068 4087 edoctus,
3101 4022 3344 4081 similiter
3385 4026 3508 4083 fecit
3534 4046 3555 4082 ι

1981 4111 2000 4182 (
2024 4109 2215 4167 Contra
2238 4107 2487 4163 Faustum
2512 4108 2599 4164 lib.
2621 4108 2713 4164 22.
2744 4126 2885 4181 cap.,
2914 4112 2983 4167 55
3001 4112 3043 4183 ).

1975 4203 2193 4273 Ωυεδτ.
2221 4201 2353 4258 Vili.
2374 4232 2449 4243 —
2469 4201 2699 4274 Denique
2720 4204 2785 4259 de
2804 4203 3004 4276 Spiritu
3027 4205 3129 4261 Dei
3153 4210 3239 4278 qui
3263 4224 3417 4281 super
3429 4214 3562 4284 fere-

2073 4297 2222 4351 batur
2240 4311 2395 4365 super
2411 4312 2616 4367 aquam,
2657 4313 2727 4351 an
2754 4299 2866 4368 ipse
2882 4299 2949 4353 sit
2971 4297 3197 4371 Spiritus
3241 4311 3465 4361 sanctus.

2051 4388 2103 4442 1.
2124 4385 2428 4443 Novissime
2455 4388 2828 4457 exponendum
2848 4390 3024 4459 poscis
3042 4392 3111 4448 de
3139 4392 3327 4464 spiritu
3356 4395 3450 4452 Dei
3473 4398 3565 4469 qui

1979 4478 2410 4550 superferebatur
2434 4494 2598 4549 super
2621 4496 2832 4552 aquam.
2870 4501 2891 4533 ε
2916 4483 3142 4550 Quidam
3186 4487 3327 4542 enim
3347 4501 3566 4546 asseve-

1980 4581 2120 4636 rant,
2153 4571 2345 4640 inquis,
2371 4570 2626 4639 Spiritum
2652 4580 2927 4639 sanctum;
2958 4576 3047 4630 alii
3078 4577 3407 4633 mundanum
3444 4582 3560 4651 spi‘-‘-

1980 4662 2143 4717 ritum
2168 4661 2370 4726 dicunt,
2411 4660 2650 4716 dicentes
2678 4662 2801 4730 quia
2848 4677 2953 4717 non
3008 4666 3184 4733 potuit
3219 4666 3567 4741 historiogrs.

1981 4752 2124 4824 phus
2148 4768 2269 4808 eum
2297 4753 2560 4809 creaturis
2594 4767 2915 4809 enumerare
2941 4755 3275 4826 Creatorem,
3311 4774 3411 4817 nec
3445 4762 3571 4819 huic

1982 4844 2159 4898 locum
2179 4843 2409 4913 aliquem
2432 4843 2709 4913 deputare,
2754 4844 2844 4914 qui
2870 4846 3069 4915 ubique
3113 4848 3184 4901 sit
3237 4857 3401 4917 totus,
3446 4867 3565 4908 cum

1984 4934 2143 4989 Patre
2170 4934 2421 4990 videlicet
2446 4944 2608 5005 atque
2630 4935 2788 4991 Filio.
2822 4953 2844 4987 ι

2054 5025 2110 5081 2.
2138 5025 2275 5092 Quid
2304 5040 2431 5097 ergo
2459 5026 2685 5083 istorum
2711 5041 2812 5095 ego
2837 5026 3123 5094 senserim,
3147 5043 3213 5084 ex
3237 5033 3408 5101 primo
3433 5034 3569 5095 libro

1988 5129 2176 5171 eorum
2203 5130 2336 5184 quos
2354 5115 2424 5171 de
2452 5114 2645 5173 Genesi
2670 5114 2973 5183 duodecim,
3005 5116 3142 5173 sicut
3162 5122 3329 5191 pomi,
3360 5140 3466 5181 non
3483 5144 3569 5183 se-

1988 5205 2218 5261 cundum
2246 5206 2549 5276 allegorias,
2586 5210 2682 5262 sed
2726 5207 3023 5263 secundum
3066 5225 3246 5269 rerum
3298 5226 3567 5286 gestarum

1989 5298 2149 5355 fidem
2190 5299 2403 5368 scripsi,
2455 5300 2507 5352 in
2547 5298 2653 5357 hoc
2698 5301 3011 5370 opusculum
3055 5307 3317 5363 transtuli:
3355 5327 3376 5359 α
3407 5310 3568 5379 Inest,

1986 5472 2099 5532 duo,
2124 5468 2413 5540 εεζὶεὶςιιὶᾳε.
2434 5470 2740 5540 Oorbeiensts
2761 5480 2815 5527 et
2837 5474 3165 5540 Pici-iacendo,
3180 5479 3423 5533 callidus.
3453 5491 3573 5537 Ger.

1988 5531 2235 5603 manensis
2254 5532 2487 5603 denique,
2512 5531 2741 5603 Cictituts.
2759 5538 2818 5603 in
2835 5531 3227 5603 carthaginensis
3247 5531 3441 5596 concilii
3461 5531 3500 5597 ἕ

1988 5551 2235 5584 manensts
2255 5551 2487 5597 nemque,
2512 5551 2741 5586 c'wtttuts.
2766 5551 2818 5586 In
2835 5551 3227 5603 carmagtnensls
3247 5551 3441 5596 concilii
3469 5551 3576 5621 epi-

1988 5594 2578 5708 zmmemlestinm,
2597 5594 2884 5651 undecimus
2905 5600 3036 5653 initer
3056 5602 3310 5665 episcopos
3344 5604 3574 5663 actitatis

2055 5719 2172 5829 :22:
2189 5716 2851 5845 meum“?
2750 5718 3572 5845 view“me

1989 5846 2204 5892 aeterm
2222 5838 2485 5906 appellans.
