4144 6212
532 251 632 309 167

526 368 769 438 inquam,
803 363 912 419 Deo
941 360 1242 433 benignitas
1268 375 1496 426 summa,
1525 371 1580 416 et
1606 369 1810 427 sancta,
1858 368 1909 416 et
1930 362 2105 428 justa;

525 470 579 516 et
602 458 838 531 quidam,
868 472 973 511 non
998 471 1064 512 ex
1092 455 1395 523 indigentia,
1431 454 1524 511 sed
1552 470 1617 509 ex
1661 454 2008 509 beneficentia
2024 471 2113 510 ve-

525 552 676 608 niens
696 564 847 605 amor
876 549 931 604 in
958 562 1121 616 opera
1158 561 1273 601 sua.
1300 547 1587 616 Propterea
1628 547 1933 616 priusquam
1975 548 2110 602 scri-

522 643 758 710 beretur,
784 641 928 697 Dixit
988 639 1138 705 Deus,
1169 639 1290 694 Fiat
1341 639 1464 703 luas,
1510 640 1779 705 praeessit
1817 640 2106 708 Scriptura,

521 736 726 800 dicens,
768 731 835 787 Et
863 730 1071 802 spiritus
1114 728 1213 784 Dei
1255 729 1658 800 superferebatur
1692 746 1843 799 super
1900 746 2103 799 aquam.

519 827 655 896 Quia
684 826 799 881 sive
832 839 986 894 aqua:
1015 825 1233 880 nomine
1257 823 1529 893 appellare
1544 822 1709 876 voluit
1735 832 1897 877 totam
1916 836 2108 891 corpo-

522 918 690 973 ralem
721 915 1018 980 materiam,
1047 923 1108 969 ut
1125 929 1190 969 eo
1216 914 1375 969 modo
1405 913 1699 969 insinuaret
1725 912 1869 969 unde
1887 912 2025 969 facta
2049 922 2106 971 et

517 1012 740 1065 formata
768 1009 873 1064 sint
897 1008 1095 1073 omnia,
1124 1023 1244 1078 qua:
1265 1009 1315 1062 in
1338 1006 1449 1063 suis
1486 1006 1891 1077 generibusjam
1913 1007 2103 1077 digno-

516 1117 666 1159 scere
697 1115 997 1171 possumus,
1025 1098 1301 1169 appellans
1334 1112 1548 1168 aquam,
1599 1097 1723 1166 quia
1774 1112 1839 1151 ex
1884 1097 2100 1153 humida

516 1201 701 1247 natura
723 1189 961 1246 videmus
985 1189 1160 1245 omnia
1186 1188 1241 1243 in
1264 1196 1404 1243 terra
1435 1204 1531 1258 per
1545 1188 1753 1258 species
1777 1188 1951 1242 varias
1989 1186 2098 1243 for-

520 1291 651 1346 mari
680 1300 841 1361 atque
857 1301 1235 1353 concrescere;
1252 1286 1365 1342 sive
1382 1285 1710 1355 spiritualem
1731 1285 1890 1339 vitam
1915 1299 2101 1354 quam-

515 1382 637 1436 dam
658 1389 783 1435 ante
808 1379 1032 1435 formam
1059 1377 1428 1434 conversionis
1462 1376 1613 1446 quasi
1642 1374 1935 1429 ﬂuitantem
1961 1392 1974 1427 :
2006 1389 2098 1430 su-

518 1471 882 1540 perferebatur
909 1472 1088 1541 utique
1117 1469 1345 1538 Spiritus
1375 1468 1489 1534 Dei;
1518 1466 1639 1537 quia
1665 1466 1970 1536 subjacebat
1994 1468 2098 1521 sci-

514 1566 637 1619 lici-t
669 1565 819 1618 home
847 1562 1103 1617 voluntati
1143 1560 1432 1623 Creatoris,
1481 1558 1736 1629 quidquid
1782 1558 1911 1612 illud
1957 1568 2091 1622 erat,

510 1657 653 1721 quod
698 1655 1035 1711 formandum
1077 1652 1566 1724 perliciendumquc
1629 1651 2095 1706 inchoaveratnit

509 1749 719 1803 dicente
747 1749 856 1802 Deo
882 1748 932 1801 in
959 1745 1135 1800 Verbo
1160 1759 1276 1809 suo,
1310 1742 1429 1797 Fiat
1460 1742 1582 1806 lux;
1610 1743 1662 1796 in
1715 1742 1851 1797 bona
1905 1742 2093 1796 volun-

511 1848 636 1905 tate,
668 1839 766 1893 hoc
782 1846 885 1904 est,
913 1837 965 1890 in
998 1835 1327 1904 beueplacito
1346 1834 1484 1903 ejus.
1518 1848 1613 1902 pro
1631 1832 1790 1887 modo
1819 1833 1902 1887 sui
1924 1847 2089 1902 gene-

508 1933 584 1985 ris
615 1937 854 1985 maneret
879 1928 1020 1998 quod
1040 1929 1235 1983 factum
1256 1937 1366 1991 est;
1389 1935 1443 1981 et
1463 1926 1582 1980 ideo
1607 1933 1811 1981 rectum
1834 1935 1917 1980 est
1945 1925 2088 1995 quod

508 2021 769 2091 placuerit
796 2020 925 2086 Deo,
953 2018 1228 2087 Scriptura
1255 2017 1489 2080 dicente,
1519 2014 1589 2069 Et
1617 2016 1754 2085 facta
1793 2024 1866 2070 est
1887 2015 2017 2079 lux;
2043 2024 2090 2069 et

506 2113 627 2167 vidit
656 2112 791 2167 Deus
813 2113 976 2167 lucem
1001 2112 1121 2181 quia
1164 2111 1295 2164 bona
1324 2118 1414 2164 est.
1448 2108 1518 2165 Ut
1546 2108 1993 2178 quemadmodum
2034 2108 2087 2163 in

505 2204 621 2275 ipso
652 2204 872 2259 exordio
898 2203 1159 2258 inchoata:
1186 2211 1469 2268 creaturae,
1498 2216 1615 2271 quae
1652 2201 1772 2255 coeli
1824 2208 1880 2255 et
1930 2208 2087 2255 terra:

504 2300 737 2362 nomine.
791 2305 1006 2369 prepter
1032 2297 1085 2352 id
1121 2296 1262 2366 quod
1300 2296 1369 2350 de
1396 2295 1485 2349 illa
1536 2293 1914 2363 perliciendum
1947 2300 2082 2360 erat,

500 2396 922 2445 commemorata
990 2396 1109 2450 est,
1177 2385 1408 2440 Trinitas
1478 2384 1777 2440 insinuatur
1818 2384 2084 2439 Creatoris

501 2481 523 2556 (
549 2497 669 2538 nam
698 2481 908 2537 dicente
927 2480 1220 2547 Scriptura,
1254 2476 1318 2531 In
1355 2477 1604 2545 principio
1644 2478 1763 2548 fecit
1808 2476 1947 2531 Deus
1976 2492 2081 2531 cae-

452 2586 463 2609 ¹
508 2574 614 2630 lum
638 2583 685 2629 et
711 2585 915 2637 terram,
952 2571 1287 2641 intelligimus
1312 2569 1522 2623 Patrem
1546 2569 1599 2622 in
1623 2568 1723 2623 Dei
1765 2569 2000 2633 nomine,
2030 2576 2084 2623 et

497 2666 687 2722 Filium
708 2667 762 2719 in
792 2647 1031 2733 principii
1058 2661 1293 2727 nomine,
1322 2659 1409 2729 qui
1446 2674 1553 2713 non
1584 2658 1746 2723 Patri,
1772 2657 1867 2713 sed
1887 2673 1982 2727 per
2020 2672 2080 2712 se

495 2757 670 2829 ipsum
696 2761 888 2810 creatze
916 2754 1177 2823 primitus,
1207 2766 1269 2807 ac
1288 2751 1618 2821 potissimum
1647 2749 1905 2818 spirituaii
1928 2764 2081 2804 crea-

496 2859 650 2917 tura},
677 2857 730 2904 et
750 2856 1139 2917 consequenter
1167 2846 1326 2900 etiam
1360 2845 1621 2898 universae
1644 2851 1901 2897 creaturae
1928 2842 2078 2911 prin-

492 2941 689 3012 cipium
715 2946 797 2994 est
832 2956 844 2990 :
870 2936 1082 2991 dicente
1096 2945 1271 2990 autem
1300 2934 1596 3003 Scriptura,
1627 2932 1851 3004 Spiritus
1878 2932 1968 2987 Dei
1990 2951 2078 2988 su-

495 3032 841 3106 perferebatur
877 3046 1031 3098 super
1065 3044 1268 3099 aquant,
1326 3025 1644 3096 completam
1684 3040 2076 3079 commemora-

492 3126 692 3183 tionem
718 3122 994 3178 Triuitatis
1022 3119 1402 3191 agnoscimus);
1446 3118 1515 3171 ita
1548 3125 1599 3175 et
1630 3119 1682 3170 in
1725 3118 2076 3173 conversione

489 3227 648 3290 atque
671 3215 997 3289 perfectione
1034 3220 1316 3272 creaturae,
1348 3218 1407 3263 ut
1432 3224 1610 3264 rerum
1662 3209 1869 3278 Species
1922 3209 2073 3279 dige-

489 3321 694 3376 rantur,
720 3306 905 3363 eadem
926 3304 1157 3359 Trinitas
1183 3303 1481 3355 insinuetur
1512 3318 1525 3353 :
1562 3300 1791 3354 Verbum
1824 3300 1919 3354 Dei
1965 3301 2072 3353 sci-

488 3399 634 3465 licet,
656 3407 712 3453 et
742 3395 903 3451 Verbi
936 3394 1255 3456 Ccnerator,
1305 3405 1424 3445 cum
1469 3389 1684 3454 dicitur,
1719 3389 1858 3442 Dixit
1902 3389 2072 3453 Deus;

489 3502 543 3549 et
568 3498 749 3547 sancta
771 3488 1008 3549 Bonitas;
1052 3487 1105 3540 in
1140 3500 1243 3555 qua
1282 3483 1389 3538 Deo
1409 3482 1584 3553 placet
1622 3480 1877 3550 Quidquid
1899 3482 1945 3534 ei
1972 3496 2070 3551 pro

485 3598 599 3640 suae
628 3590 831 3637 naturae
858 3577 1076 3633 modulo
1096 3575 1388 3646 perfectum
1434 3573 1630 3644 placet,
1682 3586 1803 3625 cum
1854 3571 2065 3636 dicitur,

496 3674 634 3730 Vidit
660 3672 798 3726 Deus
821 3670 940 3743 quia
969 3669 1154 3724 bonum
1177 3677 1267 3723 est.

558 3768 611 3824 5.
640 3785 660 3818 ι
689 3764 794 3822 Sed
820 3778 916 3819 cur
934 3767 1354 3817 commemorata
1374 3758 1541 3829 prius,
1581 3755 1824 3828 quamvis
1872 3756 2068 3825 imper-

483 3859 620 3916 fecta
644 3864 909 3922 creatura,
960 3864 1140 3925 postea
1169 3856 1624 3907 commemoratur
1667 3847 1899 3918 Spiritus
1946 3846 2063 3913 Dei,

483 3952 631 4024 prius
655 3949 867 4005 dicente
909 3947 1203 4017 Scriptura,
1247 3941 1403 3997 Terra
1444 3950 1613 3995 autem
1659 3947 1763 3994 erat
1807 3938 2069 3993 invisibilis

483 4054 532 4099 et
584 4041 936 4111 incomposita,
981 4047 1027 4094 et
1076 4038 1290 4092 tenebrte
1322 4045 1465 4090 erant
1504 4049 1656 4106 super
1687 4033 1960 4105 abyssum;
2006 4047 2068 4087 ac

481 4133 676 4190 deinde
697 4132 976 4193 inferente,
1003 4128 1069 4181 Et
1097 4129 1306 4198 spiritus
1330 4128 1425 4180 Dei
1464 4126 1871 4197 superferebatur
1917 4141 2070 4195 super

481 4239 666 4293 aquam
688 4220 838 4289 (Gen.
862 4236 900 4287 t,
943 4218 1093 4287 1-4)?
1141 4221 1222 4271 An
1261 4219 1511 4285 quoniam
1552 4232 1753 4285 egenus
1797 4228 1955 4287 atque
1983 4218 2068 4272 in-

481 4313 638 4384 digus
664 4326 817 4366 amor
843 4312 912 4364 ita
958 4307 1148 4377 diligit,
1175 4316 1231 4359 ut
1254 4305 1415 4359 rebus
1437 4321 1570 4374 quas
1597 4307 1769 4374 diligit
1813 4307 2065 4375 subjicia—

484 4416 600 4471 tur;
633 4412 916 4474 propterea
957 4416 1082 4457 cum
1123 4406 1636 4454 commemoraretur
1675 4397 1905 4467 Spiritus
1950 4399 2063 4465 Dei,

481 4497 540 4554 in
565 4510 672 4567 quo
695 4501 877 4549 sancta
905 4492 1023 4560 ejus
1060 4488 1439 4547 benevolentia
1468 4488 1792 4558 dilectioque
1821 4489 2068 4558 intelligi-

426 4636 432 4641 .
481 4598 587 4656 tur,
614 4585 903 4657 superferri
924 4584 1098 4639 dictus
1121 4590 1226 4648 est,
1258 4596 1326 4636 ne
1354 4581 1593 4637 facienda
1619 4597 1779 4652 opera
1810 4596 1925 4647 sua,
1962 4597 2063 4652 per

481 4679 786 4751 indigentia:
817 4677 1189 4734 necessitatem
1232 4676 1407 4745 potius
1459 4690 1617 4745 quam
1653 4691 1747 4744 per
1789 4674 2063 4729 abundan-

481 4772 608 4829 tiam
640 4770 1007 4828 benelicentim
1039 4768 1178 4823 Deus
1219 4782 1398 4821 amare
1428 4767 1738 4837 putaretur?
1780 4766 1942 4838 Cujus
1986 4767 2063 4823 rei

480 4880 689 4921 memor
727 4862 1014 4933 Apostolus
1061 4860 1299 4915 dicturus
1327 4859 1395 4914 de
1440 4860 1720 4927 charitate,
1774 4862 2064 4929 superemi-

481 4964 695 5012 nentem
726 4955 864 5008 viam
894 4953 1378 5008 demonstraturum
1410 4965 1467 5006 se
1487 4952 1561 5005 ait
1597 4951 1640 5022 (1
1663 4950 1781 5006 Cor.
1806 4968 1899 5018 xu,
1932 4952 2021 5024 51)
2048 4972 2060 5008 :

479 5055 536 5102 et
560 5047 667 5101 alio
690 5047 830 5113 loco,
858 5045 1347 5117 Supereminentem,
1373 5042 1564 5113 inquit,
1593 5044 1812 5098 scientiis
1837 5044 2061 5099 charito-

481 5144 579 5190 tem
599 5133 786 5189 Christi
811 5133 1024 5204 (Enim.
1054 5150 1133 5201 Ill,
1166 5133 1279 5205 19).
1306 5133 1444 5187 Cum
1488 5150 1616 5205 ergo
1663 5135 1740 5189 sic
1784 5145 2055 5205 oporteret

480 5226 737 5282 insinuari
763 5222 1018 5293 Spiritum
1048 5227 1161 5291 Dei,
1193 5236 1249 5281 ut
1269 5226 1561 5295 superferri
1594 5228 1881 5295 diceretur,
1910 5244 2059 5285 com-

482 5318 693 5375 modius
717 5315 913 5373 factum
950 5325 1052 5381 est,
1083 5326 1141 5370 ut
1167 5318 1315 5386 prius
1353 5320 1715 5375 insinuaretur
1759 5321 1955 5392 aliquid
1982 5323 2064 5377 in-

478 5412 751 5470 choatum.
776 5408 862 5465 cui
891 5407 1177 5478 superferri
1201 5409 1501 5478 diceretur;
1555 5430 1659 5468 non
1701 5423 1877 5470 autem
1918 5416 2059 5485 loco,

478 5502 574 5558 sed
607 5501 780 5556 omnia
809 5509 1094 5569 superante
1117 5515 1179 5553 ac
1197 5502 1535 5568 prteeellente
1558 5506 1936 5581 potentiar(De
1958 5506 2061 5563 Ge-

477 5608 584 5655 nesi
612 5594 679 5648 ad
706 5593 941 5659 litteram,
974 5592 1061 5647 lib.
1090 5592 1141 5659 1,
1164 5608 1280 5662 cap.
1312 5593 1428 5660 5-7,
1454 5610 1507 5648 η.
1536 5597 1749 5668 11-15).
1796 5602 1801 5613 “

1276 243 1365 300 ne
1404 227 1583 302 ccio
1621 243 1914 301 DULClTlt
1953 241 2486 317 QUIESTIUNIBUS,
2523 252 2578 310 s.
2621 254 2988 318 AUGUSTINI

3691 275 3803 342 168

2465 367 2707 465 Vulgi-tie
2744 378 3014 465 gravissimo
3076 382 3184 465 loco
3239 387 3526 465 tractatur).
3659 392 3803 465 Quo-

2292 440 2463 523 modo.
2499 440 2681 523 electus
2735 444 2899 502 David
2952 453 3227 507 secundum
3263 472 3350 511 car
3557 440 3793 523 conﬂi:

2299 508 2463 561 David
2491 515 2798 582 appellatus.

2291 599 2343 695 1.
2372 599 2488 655 Jam
2518 620 2658 660 nunc
2708 607 2834 663 illud
2878 612 3018 681 quod
3046 613 3415 675 disserendum
3453 622 3782 695 distuleram,

2218 690 2485 761 paulisper
2512 696 2745 755 intende.
2789 700 2993 770 Quaeris
3041 708 3183 765 enim
3216 726 3236 764 ‹
3258 711 3433 779 Quare
3468 716 3663 774 dixerit
3689 690 3794 777 Do-

2216 782 2411 852 minus,
2460 787 2706 844 nimirum
2751 797 3006 863 praescius
3057 800 3371 867 futurorum.
3416 807 3563 880 Elegi
3623 811 3791 869 David

2214 878 2485 932 secundum
2531 898 2617 935 cor
2672 900 2835 940 meum
2881 889 2985 959 (lli
3035 892 3163 964 Reg.
3212 878 3613 970 vm,16);ettm
3662 904 3790 962 talia

2216 976 2463 1039 tantaque
2491 972 2602 1041 ipse
2629 973 2786 1031 homo
2811 982 3156 1039 commiserit.
3187 1005 3205 1037 ι

2282 1059 2334 1153 2.
2367 1060 2517 1127 Quod
2544 1063 2780 1134 quidem,
2809 1069 2857 1125 si
2892 1071 2961 1126 de
2995 1074 3111 1144 ipso
3137 1074 3334 1144 David,
3366 1082 3457 1149 qui
3495 1084 3785 1153 reprobate

2208 1148 2368 1207 Saﬁle
2395 1163 2448 1208 ct
2473 1156 2735 1212 exstincto
2765 1159 2860 1215 fuit
2908 1179 3005 1219 rex
3041 1165 3223 1233 Israél,
3273 1148 3471 1228 dictum
3516 1148 3778 1249 intelliga-

2207 1258 2360 1309 mus;
2393 1246 2701 1318 magisquia
2732 1249 2873 1307 Deus
2898 1256 3150 1322 praescius
3186 1258 3484 1318 futurorum
3510 1275 3609 1331 est,
3639 1246 3779 1338 prte-

2208 1333 2339 1388 vidit
2369 1336 2422 1390 in
2449 1352 2515 1392 eo
2546 1346 2745 1395 tantam
2776 1343 3023 1412 pietatem
3078 1356 3289 1422 tamque
3321 1369 3563 1410 veracem
3604 1333 3778 1428 poeni-

2208 1428 2445 1495 tentiam,
2478 1441 2537 1484 ut
2579 1443 2720 1487 esset
2760 1434 2812 1488 in
2843 1451 3026 1494 eorum
3079 1457 3301 1498 numero
3340 1444 3409 1502 de
3445 1448 3637 1518 quibus
3665 1451 3779 1523 ipse

2202 1517 2328 1572 dicit
2357 1537 2369 1570 :
2399 1518 2544 1573 Beati
2572 1540 2785 1594 quorum
2812 1529 3032 1584 remissa:
3054 1542 3169 1587 sunt
3206 1517 3511 1606 iniquitates,
3562 1550 3610 1595 et
3653 1517 3780 1614 quo-

2154 1640 2161 1647 -
2200 1628 2313 1665 rum
2341 1621 2467 1665 tecta
2491 1623 2604 1668 sunt
2626 1628 2848 1684 peccata.
2890 1618 3075 1676 Beatus
3118 1624 3215 1692 vir,
3245 1628 3328 1681 cui
3374 1645 3476 1684 non
3511 1631 3778 1704 imputavit

2198 1702 2447 1758 Dominus
2476 1717 2732 1773 peccatum
2758 1707 2924 1781 (Psal.
2957 1729 3102 1779 xxxx,
3126 1717 3178 1782 1,
3206 1718 3283 1788 2).
3315 1720 3447 1775 Cum
3475 1702 3603 1793 ergo
3629 1738 3775 1794 prte-

2198 1798 2356 1851 sciret
2377 1812 2497 1851 eum
2531 1799 2666 1854 Deus
2696 1812 3059 1872 peccaturum,
3087 1816 3141 1863 et
3159 1819 3376 1880 peccata
3400 1826 3497 1867 sua
3543 1813 3626 1883 pia
3672 1814 3774 1868 hu-

2198 1891 2419 1948 militate
2438 1900 2491 1947 et
2514 1892 2720 1948 sincera
2748 1898 3053 1964 pmuitentia
3082 1900 3399 1972 deleturum,
3424 1919 3521 1960 cur
3545 1921 3650 1960 non
3682 1906 3766 1961 di-

2196 1991 2361 2049 ceret,
2422 1982 2602 2038 Inveni
2650 1985 2820 2041 David
2863 1989 3141 2045 secundum
3186 2008 3273 2047 cor
3296 2010 3496 2061 meum;
3542 1995 3629 2052 cui
3667 2011 3775 2053 non

2194 2083 2308 2130 erat
2332 2075 2685 2145 imputaturus
2712 2090 2985 2150 peccatum
3017 2092 3121 2137 tam
3152 2084 3314 2139 multa
3357 2086 3496 2142 bona
3538 2087 3772 2159 facienti,

2193 2174 2247 2220 et
2274 2181 2393 2220 cum
2420 2176 2560 2223 tanta
2592 2170 2785 2239 pietate
2807 2173 3027 2241 viventi,
3055 2183 3109 2229 et
3137 2175 3247 2245 ipsa
3278 2177 3477 2247 pietate
3502 2194 3602 2250 pro
3640 2196 3772 2252 pee-

2191 2259 2325 2312 catis
2350 2259 2461 2312 suis
2490 2262 2805 2317 sacrificium
2834 2266 3050 2319 contriti
3086 2267 3303 2335 spiritus
3327 2269 3606 2327 offerenti?
3635 2275 3772 2331 Pro-

2194 2356 2308 2416 pter
2330 2348 2444 2404 bare
2469 2353 2648 2406 omnia
2691 2354 2968 2410 verissime
2992 2356 3191 2411 dictum
3239 2366 3343 2427 est,
3369 2361 3560 2418 .lnveni
3601 2363 3770 2422 David

2189 2440 2472 2494 secundum
2501 2458 2589 2496 cor
2617 2459 2802 2497 meum.
2851 2446 2982 2512 Quia
3028 2448 3150 2503 licet
3204 2452 3493 2507 secundum
3539 2470 3633 2511 cor
3675 2457 3771 2514 Dei

2187 2543 2291 2582 non
2322 2543 2484 2597 esset,
2514 2534 2653 2602 quod
2679 2534 2767 2588 ille
2816 2540 3077 2605 peccavit;
3128 2550 3304 2597 tamen
3354 2546 3645 2601 secundum
3676 2563 3771 2606 cor

2189 2619 2281 2674 Dei
2307 2619 2424 2685 fuit,
2468 2624 2606 2693 quod
2638 2640 2734 2694 pro
2768 2630 2997 2696 peccatis
3034 2632 3147 2687 suis
3176 2648 3409 2704 congrua
3453 2639 3765 2706 poenitentia

2184 2711 2455 2768 satisfecit.
2489 2715 2602 2771 Hoc
2628 2718 2798 2773 solum
2845 2736 2973 2790 ergo
2994 2722 3048 2777 in
3078 2723 3170 2777 illo
3212 2727 3504 2782 secundum
3552 2746 3646 2785 cor
3673 2732 3768 2789 Dei

2186 2818 2289 2858 non
2320 2804 2437 2873 fuit,
2465 2808 2606 2877 quod
2632 2808 2706 2863 illi
2758 2812 2895 2867 Deus
2942 2830 3049 2869 non
3105 2817 3405 2887 imputavit.
3437 2821 3549 2877 Hoc
3590 2824 3767 2895 itaque

2182 2894 2378 2962 ablato,
2404 2897 2457 2951 id
2487 2907 2697 2954 estnon
2729 2902 3009 2971 imputate,
3044 2907 3173 2976 quid
3206 2910 3477 2977 remansit,
3509 2913 3607 2968 nisi
3625 2894 3766 2971 unde

2183 2992 2459 3045 verissime
2479 2993 2761 3059 diceretur,
2780 2994 2957 3050 Inveni
2979 2997 3145 3053 David
3170 3004 3441 3057 secundum
3466 3022 3552 3059 cor
3571 3008 3765 3062 meum?

2253 3082 2391 3138 ἷκτΞί
2421 3098 2595 3140 autem
2627 3086 2729 3141 hoc
2758 3089 3062 3159 prophetice
3090 3093 3286 3149 dictum
3314 3095 3379 3151 de
3408 3094 3621 3152 Christo
3659 3114 3755 3155 ve-

2184 3172 2340 3227 limus
2387 3175 2645 3244 accipere,
2692 3179 2867 3233 nullus
2909 3181 3082 3237 nodus
3128 3186 3436 3253 quresuonis
3483 3200 3757 3256 occurret;

2178 3263 2280 3318 nisi
2312 3265 2446 3319 forte
2492 3275 2548 3319 ut
2585 3277 2852 3336 quaeratur
2895 3285 2924 3323 a
2981 3274 3135 3327 nobis
3174 3276 3440 3343 quomodo
3488 3277 3757 3336 Christum

2178 3365 2322 3408 recte
2360 3355 2463 3408 isto
2493 3358 2705 3411 nomine
2735 3373 2926 3414 vocare
2972 3364 3218 3429 potuerit.
3242 3363 3347 3419 Sed
3373 3368 3759 3436 respondemus

2178 3453 2393 3514 propter
2444 3461 2630 3500 semen
2663 3448 2846 3515 David,
2895 3466 2962 3504 ex
2989 3467 3094 3521 quo
3128 3468 3343 3509 carnem
3390 3452 3631 3512 Christus
3670 3474 3757 3515 asc

2176 3536 2418 3604 sumpsit.
2443 3534 2552 3590 Nec
2576 3538 2690 3591 sine
2719 3540 2964 3609 exemplo
2993 3544 3253 3599 rationem
3282 3544 3439 3615 hujus
3472 3547 3527 3601 in
3544 3546 3758 3605 Christo

2175 3627 2406 3681 nominis
2429 3628 2721 3683 reddimus.
2752 3630 3057 3688 Invenimus
3084 3636 3278 3705 quippe
3307 3640 3644 3708 apertissime
3667 3641 3751 3698 Je-

2172 3736 2291 3776 sum
2316 3721 2584 3776 Christum
2601 3722 2739 3793 apud
2759 3725 3070 3794 prophetam
3098 3728 3428 3785 Ezechielem
3450 3732 3613 3789 David
3634 3749 3755 3790 esse

2173 3811 2515 3880 appellatum,
2545 3812 2633 3866 ubi
2674 3813 2866 3883 legitur
2914 3831 2980 3870 ex
3023 3830 3247 3885 persona
3294 3819 3389 3875 Dei
3439 3821 3654 3877 Patris:
3685 3822 3755 3879 Et

2172 3904 2422 3959 suscitabo
2441 3922 2592 3978 super
2621 3924 2799 3977 pecora
2824 3925 2932 3963 mea
2975 3920 3228 3981 pastorem
3252 3928 3411 3967 unum
3457 3917 3544 3986 qui
3580 3926 3756 3987 pascat

2174 4012 2252 4060 ea,
2280 4013 2476 4050 servum
2495 4014 2658 4053 meum
2687 3999 2889 4066 David;
2918 4010 2965 4056 et
2994 4002 3102 4071 ipse
3129 4014 3297 4073 pascet
3326 4022 3406 4072 ea,
3437 4016 3483 4061 et
3523 4008 3633 4079 ipse
3660 4011 3755 4065 erit

2174 4088 2253 4142 Itis
2278 4089 2332 4142 in
2358 4098 2607 4159 pastorem
2632 4108 2649 4144 :
2674 4108 2763 4163 ego
2788 4102 2955 4146 autem
2981 4093 3229 4149 Dominus
3255 4113 3339 4151 ero
3363 4098 3436 4152 eis
3474 4100 3526 4154 in
3565 4099 3752 4170 Deum,

2172 4191 2220 4235 et
2246 4198 2416 4237 servus
2461 4199 2599 4238 meus
2621 4183 2786 4238 David
2837 4186 3067 4255 princeps
3116 4188 3169 4241 in
3217 4189 3380 4243 medio
3406 4207 3576 4246 eorum
3589 4211 3607 4257 ;
3656 4211 3748 4264 ego

2171 4271 2424 4327 Dominus
2447 4275 2642 4329 locutus
2682 4294 2817 4331 sum.
2852 4278 2918 4332 Et
2963 4279 3068 4333 alio
3107 4280 3225 4335 loco
3255 4298 3268 4333 τ
3300 4281 3372 4337 Et
3396 4300 3505 4350 rex,
3557 4284 3746 4355 inquit,

2173 4379 2303 4417 unus
2328 4365 2427 4416 erit
2462 4366 2693 4420 omnibus
2720 4367 2996 4437 imperans,
3027 4378 3074 4424 et
3120 4387 3220 4424 non
3267 4383 3408 4428 erunt
3453 4376 3590 4429 ultra
3638 4376 3756 4431 dum

2170 4462 2362 4524 gentes,
2386 4470 2474 4507 nec
2498 4455 2783 4510 dividentur
2809 4460 3028 4529 amplius
3047 4461 3100 4514 in
3130 4461 3229 4515 duo
3248 4478 3421 4533 regna,
3455 4481 3611 4536 neque
3638 4468 3753 4536 pol-

2172 4544 2372 4597 luantur
2400 4544 2534 4597 ultra
2553 4545 2605 4597 in
2629 4546 2780 4600 idolis
2805 4550 2910 4601 suis
2933 4568 2963 4600 ci
2996 4550 3455 4608 abominationibus
3484 4556 3588 4609 suis
3627 4568 3672 4611 et
3700 4559 3753 4612 in

2170 4634 2358 4686 cunctis
2378 4633 2721 4702 iniquitatibus
2740 4638 2843 4690 suis
2870 4648 2954 4692 :et
3000 4640 3166 4695 salvos
3191 4657 3273 4696 eos
3298 4644 3484 4713 faciam
3525 4626 3587 4700 de
3627 4648 3716 4701 uni
3726 4679 3751 4689 -

2172 4724 2324 4778 versis
2347 4724 2544 4778 sedibus
2565 4727 2670 4780 suis
2698 4728 2714 4758 ¹
2738 4727 2790 4780 in
2813 4728 2988 4797 quibus
3029 4744 3375 4799 peccaverunt,
3406 4746 3451 4789 et
3496 4737 3749 4793 mandabo

2170 4832 2273 4869 eos.
2304 4814 2369 4869 Et
2397 4825 2541 4869 erunt
2563 4816 2685 4870 mihi
2711 4819 2950 4888 populus,
2982 4829 3030 4873 et
3059 4838 3149 4892 ego
3172 4840 3257 4878 ero
3286 4825 3357 4879 eis
3385 4825 3547 4893 Deus;
3573 4838 3620 4883 et
3647 4846 3752 4884 ser-

2169 4921 2259 4960 vus
2304 4923 2442 4961 meus
2487 4906 2655 4961 David
2680 4925 2770 4962 rea:
2815 4926 2970 4981 super
3015 4929 3118 4979 eos,
3169 4924 3217 4969 et
3259 4927 3434 4987 pastor
3478 4934 3609 4972 unus
3659 4922 3752 4974 erit

2170 4998 2393 5052 omnium
2456 5014 2627 5052 eorum
2681 4997 2916 5071 (Ezech.
2948 5017 3129 5072 xxruv,
3178 5004 3270 5071 25,
3314 5005 3403 5072 24,
3470 5016 3516 5059 et
3550 5024 3749 5070 xxxvii.

2169 5090 2401 5161 2%24).
2429 5089 2566 5146 θεαὶ
2618 5107 2831 5162 quoque
2872 5097 3151 5164 propheta,
3210 5111 3327 5151 cum
3372 5097 3752 5164 prteuuntiarct

2171 5194 2379 5255 tempus
2401 5183 2726 5252 Iudaeorum,
2756 5188 2910 5257 quale
2949 5203 3087 5242 nunc
3132 5187 3346 5253 habent,
3392 5197 3447 5243 et
3482 5189 3534 5241 iu
3591 5188 3750 5245 Chri-

2170 5285 2309 5333 stum
2341 5292 2435 5334 cos
2459 5288 2643 5348 postea
2677 5280 2999 5345 credituros,
3028 5280 3276 5334 eumdem
3329 5279 3598 5337 Christum
3644 5283 3749 5338 Da-

2169 5367 2255 5423 vid
2284 5370 2499 5425 nomine
2526 5372 2876 5440 prophetavit,
2898 5370 3079 5425 dicens
3107 5388 3120 5423 :
3148 5370 3402 5439 Quoniam
3422 5372 3595 5429 diebus
3615 5377 3750 5431 mul-

2172 5462 2234 5516 tis
2260 5462 2497 5515 sedebant
2526 5462 2623 5533 ﬁlii
2663 5461 2823 5518 Israel
2850 5464 2956 5516 sine
3003 5478 3139 5534 rege,
3187 5464 3297 5518 sine
3345 5466 3589 5538 principe,
3643 5468 3751 5523 sine

2171 5555 2441 5623 sacriﬁcio,
2470 5556 2577 5609 sine
2596 5556 2763 5619 altari,
2787 5556 2893 5610 sine
2930 5558 3224 5623 sacerdotio,
3254 5560 3363 5613 sine
3387 5563 3750 5615 manifestalio-

2240 5700 2257 5731 ¹
2292 5705 2421 5751 Unus
2436 5710 2465 5748 e
2490 5699 2633 5749 Vatic.
2656 5706 2784 5759 Mss,
2808 5697 3043 5753 sordibus.
3068 5698 3200 5764 Apud
3223 5706 3334 5755 cxx
3349 5701 3682 5766 est,th
