4144 6212
1570 172 1577 175 ,
1612 174 1689 189 τ-γρο

1627 186 1659 195 ι.

301 267 426 325 169

304 380 488 435 nibus.
525 374 615 433 Sic
656 388 801 430 nunc
839 387 959 428 esse
1016 370 1231 427 Iudaeos
1278 370 1496 441 ambigit
1566 386 1745 426 nemo.
1803 372 1908 427 Sed

309 471 463 543 quod
492 470 569 525 ait
612 467 890 538 apostolus
918 467 1132 531 Paulus,
1176 464 1433 522 Gentibus
1470 466 1718 537 loquens,
1764 468 1914 524 Sicut

312 565 455 619 enim
479 579 567 617 vos
590 560 867 629 aliquando
906 576 1007 613 non
1047 559 1338 614 credidistis
1384 558 1511 627 Deo,
1560 576 1691 614 nunc
1742 570 1915 615 autem

313 653 721 710 misericordiam
745 651 997 706 consecuti
1024 652 1144 706 estis
1172 652 1227 704 in
1264 651 1471 705 illorum
1514 651 1913 718 incredulitate;

294 740 391 813 isic
418 756 463 800 et
487 745 573 799 isti
598 761 732 798 nunc
760 760 861 797 non
891 742 1210 797 crediderunt
1239 744 1293 796 in
1333 751 1499 797 vestra
1540 744 1911 812 misericordia,

317 849 373 892 ut
394 846 442 892 et
457 838 556 908 ipsi
572 834 969 889 misericordiam
981 842 1349 905 consequantur
1366 833 1541 905 (Rom.
1562 851 1633 899 xi,
1652 835 1722 891 '50
1738 844 1783 889 et
1801 836 1859 891 51
1876 836 1915 905 );

320 931 426 985 hoc
452 930 713 999 pr0plieta
741 928 844 982 iste
873 933 1020 982 tanto
1046 935 1170 982 ante
1200 926 1524 996 praedicens,
1553 935 1771 983 secutus
1823 927 1920 983 ad-

317 1022 515 1092 junxit,
548 1018 618 1073 Et
642 1028 817 1089 postea
843 1027 1155 1072 revertentur
1196 1019 1293 1087 ﬁlii
1336 1017 1523 1081 Israel,
1570 1028 1618 1072 et
1667 1019 1918 1087 inquirent

272 1114 275 1117 ’
322 1113 602 1166 Dominum
630 1109 796 1163 Deum
821 1125 971 1162 suum
1000 1118 1048 1162 et
1072 1106 1243 1162 David
1262 1126 1427 1181 regem
1452 1126 1623 1173 suum,
1654 1119 1701 1164 et
1743 1120 1917 1181 stupe-

324 1212 465 1258 scent
486 1204 539 1256 in
561 1201 782 1256 Domino
813 1210 860 1254 et
884 1201 939 1253 in
965 1199 1107 1254 bonis
1147 1200 1309 1270 ipsius
1338 1201 1389 1253 in
1420 1201 1700 1256 novissimis
1722 1200 1916 1254 diebus.

326 1296 484 1368 (Osee
507 1310 585 1359 ιιι,
616 1294 671 1359 4,
704 1291 782 1365 5).
815 1292 956 1348 Ecce
1000 1301 1053 1346 et
1081 1291 1169 1346 hic
1215 1307 1311 1362 per
1355 1292 1520 1347 David
1569 1308 1762 1349 nomen
1796 1308 1921 1363 pro-

324 1388 577 1457 phetatus
597 1395 677 1441 est
700 1382 977 1448 Christus;
1011 1383 1261 1453 quoniam
1307 1383 1520 1453 quando
1550 1384 1647 1438 ista
1687 1385 1919 1454 prophe-

325 1480 600 1543 tabantur,
631 1478 718 1531 ille
754 1475 925 1530 David
951 1490 1047 1529 rex
1090 1475 1253 1531 Israel
1290 1475 1401 1545 jam
1444 1476 1571 1529 olim
1626 1485 1751 1531 ante
1795 1476 1922 1531 dor-

324 1572 526 1625 mierat
552 1588 564 1622 :
591 1569 845 1624 Dominus
870 1576 1053 1623 autem
1079 1566 1235 1623 Jcsus
1264 1582 1328 1622 ex
1350 1567 1465 1637 ejus
1500 1569 1706 1623 semine
1744 1568 1919 1624 fuerat

326 1662 382 1716 in
415 1676 578 1716 carne
604 1667 892 1725 venturus;
927 1670 1145 1729 propter
1168 1660 1309 1729 quod
1328 1659 1638 1730 prophetico
1667 1660 1922 1730 loquendi

326 1752 494 1809 modo
520 1752 885 1821 appellabatur
934 1750 1119 1806 David.
1164 1750 1384 1805 Videtur
1420 1761 1598 1807 autem
1640 1753 1920 1822 apostolus

329 1842 527 1899 Paulus
544 1841 648 1896 hoc
674 1841 1036 1896 testimonium
1065 1841 1135 1895 ita
1158 1840 1403 1910 posuisse
1434 1842 1485 1896 in
1510 1842 1731 1897 Actibus
1771 1844 1921 1914 Apo-

329 1933 615 1999 stolorum,
645 1940 705 1986 ut
734 1946 840 1987 non
888 1931 990 1985 nisi
1028 1931 1098 1987 de
1134 1932 1224 1986 illo
1245 1946 1372 2002 rege
1416 1933 1579 1988 David
1636 1933 1725 2004 qui
1773 1934 1923 1990 Sauli

332 2023 592 2079 successit
643 2023 810 2092 possit
861 2022 1106 2092 intelligi.
1175 2022 1306 2077 Nam
1375 2022 1513 2080 inter
1570 2033 1785 2091 caetera,
1854 2024 1923 2080 Et

331 2116 535 2180 exinde,
562 2114 752 2184 inquit,
786 2114 1167 2183 postulaverunt
1192 2131 1379 2185 regem,
1412 2124 1459 2169 et
1483 2114 1621 2170 dedit
1644 2116 1750 2170 illis
1780 2115 1921 2171 Deus

331 2207 467 2264 Sail
494 2207 659 2276 [ilium
684 2205 787 2271 Cis,
810 2208 975 2260 virum
999 2207 1062 2260 de
1099 2207 1229 2260 tribu
1258 2206 1549 2278 Benjamin,
1595 2208 1742 2263 annis
1791 2225 1922 2278 qua-

332 2298 590 2369 draginta.
620 2295 691 2350 Et
740 2304 908 2351 amoto
949 2296 1041 2351 illo
1085 2297 1340 2351 suscitavit
1386 2297 1499 2351 illis‘
1538 2296 1706 2351 David
1731 2315 1920 2368 regem,

331 2390 419 2444 cui
438 2398 486 2444 et
503 2389 843 2444 testimonium
871 2389 1135 2461 perhibens
1161 2389 1308 2455 dixit,
1336 2387 1517 2443 Inveni
1543 2388 1714 2443 David
1752 2390 1917 2458 ﬁlium

1243 253 1613 312 ADMONITIO
1652 252 1718 310 lN
1755 252 2306 323 SUBSEQUENTEM
2346 254 2624 311 LIBRUM.

3481 261 3590 317 C70

2024 374 2239 428 luntates
2263 387 2419 427 meas.
2448 371 2552 428 Sed
2577 372 2832 443 quoniam
2850 372 3069 428 secutus
3095 372 3335 443 adjungit
3357 381 3414 429 et
3435 372 3600 441 dicit,

2027 464 2197 535 Hujus
2224 462 2361 518 Deus
2384 480 2446 518 ea:
2487 465 2692 529 semine,
2737 462 3012 519 secundum
3060 464 3465 533 promissionem,
3505 466 3603 519 ad-

2022 555 2167 610 duxit
2196 553 2361 609 Israel
2386 554 2703 610 Salvator-em
2719 553 2897 609 Iesum
2916 551 3051 626 (Act.
3075 570 3190 621 xm,
3216 554 3431 624 21-25);
3451 554 3609 611 altius

2023 645 2339 716 signiﬁcavit
2390 645 2443 699 in
2496 646 2721 701 Domino
2757 645 2885 702 Jesu
2929 646 3105 717 potius
3151 659 3273 701 esse
3306 646 3613 717 intelligen-

2023 738 2149 793 dum
2180 737 2312 793 illud
2336 739 2717 803 testimonium,
2749 738 2988 809 quivere
3034 738 3161 793 fecit
3189 752 3376 793 omnes
3423 739 3612 794 volun-

2025 836 2162 884 tates
2188 828 2281 885 Dei
2303 828 2495 893 Patris,
2528 844 2688 900 quam
2724 828 2778 883 in
2801 828 2894 884 illo
2934 843 3060 899 rege
3096 828 3262 883 David
3302 847 3317 883 :
3349 829 3441 900 qui
3487 830 3615 887 licet

2024 919 2317 976 secundum
2357 921 2689 990 superiorem
2728 920 3165 991 disputationem,
3204 920 3445 978 remissis
3484 937 3614 991 pec-

2023 1014 2157 1068 catis
2180 1021 2359 1068 etnon
2407 1012 2702 1082 imputatis,
2744 1020 2963 1083 propter
3004 1013 3173 1082 ipsam
3206 1028 3418 1084 quoque
3469 1016 3614 1084 piam

2026 1104 2415 1174 paenitentiam,
2446 1120 2552 1159 non
2581 1105 2851 1161 immerito
2878 1105 2984 1159 dici
3011 1106 3181 1174 possit
3225 1105 3471 1161 inventus
3523 1123 3610 1163 se-

2024 1196 2252 1251 cundum
2264 1211 2359 1251 cor
2377 1197 2489 1263 Dei;
2515 1206 2689 1252 tamen
2707 1211 2895 1251 omnes
2910 1196 3209 1252 voluntates
3233 1196 3328 1252 Dei
3342 1199 3613 1267 quomodo

2025 1288 2183 1345 fecit?
2208 1288 2308 1357 Qui
2337 1305 2459 1345 cum
2512 1288 2969 1345 excellentissime
3014 1286 3347 1354 laudaretur,
3398 1289 3612 1358 quando

2025 1385 2142 1453 ejus
2168 1391 2405 1453 tempora
2428 1391 2485 1437 et
2513 1380 2652 1437 facta
2672 1382 2951 1453 Scriptura
2972 1383 3232 1447 narravit,
3278 1389 3492 1436 notatus
3531 1389 3616 1435 est

2028 1485 2203 1531 tamen
2227 1474 2371 1545 quod
2399 1488 2507 1529 non
2555 1474 2822 1530 destruxit
2861 1473 3093 1539 excelsa,
3140 1472 3230 1527 ubi
3275 1473 3614 1528 sacriﬁcabat

2026 1570 2250 1640 p0pulus
2320 1569 2414 1624 Dei
2461 1577 2647 1623 contra
2690 1575 3011 1638 praeceptum
3058 1565 3175 1633 Dei,
3225 1565 3315 1635 qui
3377 1574 3610 1619 tantum-

2025 1660 2186 1716 modo
2210 1661 2264 1715 in
2289 1660 2631 1715 tabernaculo
2654 1658 2942 1715 testimonii
2968 1658 3072 1713 sibi
3112 1657 3406 1715 sacriﬁcari
3431 1659 3615 1727 jusse-

2027 1763 2142 1820 rat;
2171 1754 2418 1823 quamvis
2446 1760 2501 1808 et
2530 1752 2583 1807 in
2622 1752 2823 1808 eisdem
2866 1751 3098 1807 excelsis
3142 1750 3317 1805 eidem
3351 1748 3620 1805 sacriﬁca-

2027 1854 2178 1899 retur
2206 1844 2316 1899 Deo
2341 1861 2354 1896 :
2379 1859 2498 1914 qua:
2523 1842 2867 1913 postmodum
2892 1842 3106 1897 excelsa
3131 1856 3198 1895 ex
3236 1842 3404 1911 ipsius
3450 1839 3619 1896 David

2027 1936 2233 1991 semine
2281 1943 2603 2005 propagatus
2652 1949 2747 1989 rex
2793 1933 3069 1999 Ezechias,
3117 1948 3241 1988 cum
3312 1932 3619 1988 testimonio

2028 2041 2234 2098 magnae
2258 2042 2369 2082 suae
2390 2026 2563 2082 laudis
2589 2026 2783 2082 evertit
2803 2024 2893 2098 (IV
2920 2024 3048 2095 Reg.
3082 2039 3227 2089 xvni,
3258 2022 3339 2095 4).

2101 2121 2155 2174 ι.
2187 2118 2336 2175 Sicut
2378 2120 2547 2190 potui,
2590 2118 2843 2190 respondi
2891 2116 3326 2183 inquisitionibus
3390 2115 3516 2169 tuis.
3558 2114 3617 2171 Si

2027 2210 2154 2281 quid
2198 2211 2265 2267 de
2298 2212 2415 2267 istis
2458 2212 2619 2267 rebus
2659 2210 2906 2267 invenisti
2950 2208 3159 2275 melius,
3210 2210 3324 2263 sive
3380 2208 3620 2263 invenire

2030 2303 2287 2372 potueris,
2313 2303 2672 2373 gratissimum
2692 2302 3010 2357 habebimus
3029 2301 3073 2355 si
3091 2314 3190 2355 nos
3213 2299 3406 2355 feceris
3431 2314 3621 2355 nosse.

2030 2392 2140 2463 Ego
2162 2393 2326 2460 enim,
2359 2393 2501 2463 quod
2530 2402 2583 2449 et
2610 2408 2770 2463 supra
2796 2392 2866 2448 de
2904 2408 2993 2447 me
3022 2392 3457 2459 commemoravi,
3499 2404 3616 2446 ma-

332 2478 501 2550 Jesse,
532 2480 696 2537 virum
718 2480 994 2537 secundum
1020 2496 1107 2536 cor
1130 2497 1316 2549 meum,
1343 2481 1427 2552 qui
1453 2482 1601 2552 faciet
1626 2498 1798 2537 omnes
1826 2498 1915 2537 vo—
2024 2483 2106 2554 gis
2131 2497 2253 2538 amo
2280 2482 2486 2540 discere
2503 2500 2662 2555 quam
2684 2484 2904 2540 docere.

332 2643 3622 2700 Μ

1457 2824 2496 2958 ADMONITIO

1414 3079 1493 3142 IN
1536 3078 2163 3153 SUBSEQUENTEM
2203 3078 2531 3143 LIBRUM.

1822 3276 2192 3326 W

416 3468 710 3539 Augustino
737 3465 1125 3523 restituendum
1154 3465 1458 3521 curavimus
1479 3464 1795 3535 opusculum
1820 3464 2169 3536 subsequens,
2199 3464 2341 3534 quod
2362 3460 2579 3535 quidem
2597 3479 2629 3521 a
2652 3464 3074 3523 Lovaniensibus
3100 3465 3384 3539 Theologis
3408 3468 3628 3541 abjudi-

338 3569 514 3617 catum
541 3560 663 3629 ipsi,
694 3569 749 3614 et
778 3558 1114 3613 amandatum
1142 3557 1197 3611 in
1224 3556 1587 3627 Appendicem
1615 3555 1806 3619 fuerat,
1839 3556 2051 3625 prmﬁxa
2085 3556 2196 3621 illa,
2220 3570 2377 3626 quam
2404 3557 2474 3612 ab
2500 3556 2723 3612 Erasmo
2748 3558 2969 3613 mutuati
2998 3567 3142 3626 sunt,
3164 3573 3421 3616 censura:
3452 3559 3627 3618 Libel-

341 3654 423 3709 lus
464 3654 543 3707 hic
586 3668 650 3707 ea:
700 3651 911 3705 diversis
946 3650 1214 3721 Augustini
1239 3649 1465 3719 epistolis
1490 3649 1869 3703 consarcinatus
1896 3657 1989 3712 est,
2018 3648 2236 3701 maxime
2262 3648 2398 3717 quod
2421 3648 2491 3703 ad
2518 3650 2789 3705 sententias
2816 3651 3011 3705 attinet.
3060 3651 3305 3707 Addebat
3344 3654 3622 3723 Erasmus,

340 3744 613 3816 probabile
639 3743 804 3798 videri
834 3757 970 3811 opus
994 3756 1113 3796 esse
1151 3740 1385 3811 Hugonis
1413 3739 1668 3795 Victorini
1702 3757 1716 3794 :
1745 3754 1904 3810 quam
1932 3739 2047 3810 ejus
2075 3738 2435 3809 conjecturam
2461 3740 2655 3796 refellit
2679 3742 2763 3797 vel
2790 3742 2905 3797 sola
2933 3744 3172 3812 ejusdem
3197 3745 3319 3800 libri
3358 3747 3624 3815 scriptura

343 3838 396 3892 in
418 3835 825 3892 Gemmeticensi
855 3833 1041 3889 codice
1069 3844 1193 3888 ante
1222 3833 1459 3903 Hugonis
1488 3840 1697 3887 aatatcm
1724 3842 1967 3899 exarata,
1991 3842 2046 3888 et
2071 3846 2265 3902 gerens
2301 3833 2353 3887 in
2401 3830 2577 3889 fronte
2614 3848 2811 3890 nomen
2847 3836 3147 3905 Augustini.
3196 3839 3305 3894 Res
3354 3839 3513 3893 etiam
3560 3850 3628 3895 ac

342 3930 551 4001 phrasis
577 3944 683 3984 non
710 3928 984 3998 liugonem
1013 3926 1198 3997 refert,
1226 3924 1320 3981 sed
1348 3940 1567 3995 prorsus
1607 3925 1987 3995 Augustinum;
2035 3924 2124 3993 qui
2162 3932 2468 3993 postremo,
2517 3923 2660 3994 quod
2698 3924 2979 3979 Erasmum
3016 3925 3269 3995 fugiebat,
3302 3927 3355 3980 in
3380 3926 3623 3996 Epistola

340 4024 470 4088 251,
505 4023 569 4077 ad
600 4022 814 4076 Darium
845 4020 1116 4084 comitem,
1147 4027 1266 4088 post
1312 4016 1701 4073 Frobenianam
1752 4016 2038 4072 editionem
2082 4024 2315 4085 reperta,
2360 4024 2417 4071 et
2463 4016 2517 4069 in
2560 4016 2894 4071 Plantiniana
2937 4016 3349 4074 Lovaniensium
3391 4020 3624 4090 primum

341 4115 579 4183 vulgata,
600 4127 749 4166 suum
775 4126 895 4166 esse
916 4109 1133 4165 Librum
1153 4116 1485 4164 contestatur
1511 4107 1595 4162 his
1625 4107 1826 4172 verbis,
1851 4122 1903 4160 ιι.
1921 4106 1994 4161 4:
2024 4106 2148 4162 Misi
2166 4114 2216 4159 et
2238 4105 2368 4161 alios
2391 4106 2565 4174 libros,
2589 4121 2713 4174 quos
2738 4122 2840 4162 non
2866 4108 3055 4180 petisti,
3078 4125 3141 4163 ne
3161 4109 3256 4163 hoc
3274 4113 3623 4168 tantummodo

344 4219 568 4287 facerem
595 4214 724 4281 quod
767 4211 949 4282 petisti,
981 4211 1044 4264 de
1072 4207 1202 4263 Fide
1228 4223 1399 4262 rerum
1436 4220 1549 4277 quae
1585 4220 1689 4259 non
1728 4205 1976 4271 videntur,
2021 4203 2086 4258 de
2115 4202 2392 4271 Patientia,
2418 4203 2482 4257 de
2520 4199 2860 4268 Continentia,
2892 4203 2957 4259 de
2980 4200 3330 4272 Providentia,
3378 4216 3426 4263 et
3463 4224 3625 4265 unum

343 4308 591 4380 grandem
618 4307 680 4361 de
702 4304 829 4360 Fide
857 4315 903 4358 et
938 4303 1045 4373 Spe
1066 4311 1114 4357 et
1138 4301 1410 4358 Charitate.
1443 4298 1494 4355 Is
1518 4296 1660 4354 haud
1690 4297 1853 4353 dubie
1878 4297 2025 4353 locus
2058 4296 2315 4366 praeteriit
2342 4296 2503 4351 etiam
2533 4295 2935 4361 Bellarminum,
2965 4298 3053 4367 qui
3075 4297 3435 4355 Lovanienses
3464 4315 3625 4357 secu-

346 4413 452 4467 tus,
476 4400 616 4453 hunc
639 4399 827 4453 librum
851 4397 1048 4466 spuriis
1076 4392 1469 4450 accensendum
1497 4406 1562 4447 eo
1582 4390 1851 4446 lubentius
1876 4388 2113 4453 volebat,
2143 4388 2283 4457 quod
2313 4396 2527 4443 notatus
2551 4404 2659 4444 non
2684 4388 2983 4445 inveniatur
3008 4390 3061 4444 in
3094 4390 3623 4452 Retractationibus:

345 4495 511 4548 libros
542 4503 714 4546 tamen
738 4491 851 4559 ipse
881 4503 1021 4543 nunc
1046 4486 1306 4551 laudatos,
1334 4484 1402 4539 de
1420 4483 1677 4539 Patientia
1704 4490 1756 4536 et
1781 4481 1847 4535 de
1872 4479 2233 4547 Continentia,
2262 4479 2503 4549 quamvis
2527 4479 2668 4533 nulla
2688 4478 2885 4534 ibidem
2916 4479 3053 4533 facta
3079 4480 3149 4533 sit
3176 4482 3243 4533 de
3267 4481 3373 4534 illis
3401 4486 3623 4548 mentio,

348 4603 444 4660 pro
471 4585 713 4656 genuinis
740 4584 958 4647 habens,
988 4582 1110 4651 quia
1128 4595 1161 4634 a
1186 4578 1426 4634 Possidio
1445 4586 1499 4631 et
1531 4591 1563 4630 a
1594 4574 1733 4630 Beda
1762 4575 1976 4643 vulgato
2001 4574 2251 4628 citantur.
2279 4572 2405 4627 Haec
2428 4571 2678 4626 nimirum
2698 4572 2952 4641 opuscula
2978 4586 3046 4626 ex
3068 4572 3135 4626 iis
3150 4581 3273 4627 sunt
3292 4572 3629 4630 Tractatibus

348 4674 712 4747 popularibus,
738 4672 827 4743 qui
859 4671 1175 4741 Augustino,
1226 4668 1379 4723 sicuti
1419 4666 1485 4721 ad
1514 4663 1918 4733 Quodvultdeun

2025 4685 2030 4716 ι
2072 4660 2295 4731 epistola
2322 4660 2449 4727 224,
2493 4677 2549 4715 ιι.
2576 4661 2633 4726 2,
2681 4660 2885 4725 scribit,
2932 4670 3052 4729 post
3096 4662 3336 4717 absoluta
3369 4663 3481 4731 jam
3523 4664 3628 4721 duo

346 4771 414 4823 de
454 4768 706 4829 librorum
748 4780 962 4819 suorum
1009 4763 1323 4817 recensione
1361 4758 1652 4819 volumina,
1708 4754 2027 4811 retractandi
2073 4751 2493 4822 cum~Epistolis
2534 4750 2824 4806 restabant.
2871 4751 3155 4808 Nobiscum
3198 4767 3326 4808 vero
3361 4755 3629 4809 consentit

346 4859 651 4916 Bernardus
690 4857 981 4926 Vindingus
1021 4856 1073 4908 in
1121 4852 1318 4908 Critico
1358 4848 1778 4921 Augustiniano;
1826 4854 1880 4901 et
1928 4845 2133 4900 titulum
2177 4844 2265 4915 qui
2301 4845 2352 4898 in
2399 4843 2558 4899 editis
2598 4842 2849 4914 pmﬁxus
2876 4854 3021 4909 erat,
3059 4843 3127 4897 de
3164 4843 3293 4898 Fide
3322 4860 3500 4897 rerum
3538 4846 3623 4899 in-

345 4954 658 5017 visibilium,
690 4950 1080 5005 emendandum
1100 4947 1240 5002 haud
1268 4946 1537 5001 immerito
1560 4949 1772 5005 censet;
1803 4938 2015 5010 quando
2034 4938 2101 4994 de
2130 4938 2234 4994 ﬁde
2260 4938 2346 4993 hic
2370 4936 2563 5007 agitur,
2592 4952 2699 4992 non
2721 4951 2907 4992 earum
2930 4935 3297 4990 tantummodo
3314 4951 3489 4991 rerum
3506 4952 3626 5007 quae

347 5046 619 5117 corporeis
648 5046 816 5099 oculis
840 5044 1100 5112 attingere
1121 5054 1391 5109 nunquam
1421 5038 1565 5100 licet,
1594 5034 1689 5090 sed
1715 5032 2065 5105 quarumdam
2094 5031 2252 5086 etiam
2280 5046 2399 5100 qua:
2423 5031 2488 5085 iis
2511 5030 2555 5083 si
2577 5036 2867 5099 praesentes
2890 5027 3288 5091 exhiberentur,
3305 5026 3473 5082 videri
3505 5042 3627 5096 pos-

347 5147 487 5193 sent.
517 5133 838 5205 Opusculum
869 5144 989 5203 post
1008 5146 1205 5185 annum
1233 5129 1359 5195 399,
1385 5142 1491 5197 quo
1520 5127 1664 5195 leges
1688 5124 1756 5179 ab
1778 5123 2014 5178 Honorio
2032 5133 2218 5176 contra
2244 5120 2386 5176 idola
2422 5120 2562 5177 datae
2582 5127 2726 5185 sunt,
2753 5118 3123 5175 collocandum
3150 5133 3271 5177 esse
3314 5134 3381 5176 ex
3410 5119 3477 5174 iis
3504 5136 3629 5191 quas

349 5248 406 5285 ιι.
436 5229 503 5283 l0
525 5228 593 5283 de
617 5226 881 5283 idolorum
903 5223 1252 5281 subversione
1279 5220 1548 5290 leguntur,
1576 5229 1735 5272 nemo
1758 5230 1865 5270 non
1893 5219 2167 5284 agnoscet.

1782 5408 2205 5519 ΨΜ

594 5741 818 5803 SANC'I‘.
870 5746 1145 5803 Aususr.
1192 5739 1297 5801 VI.

3182 5729 3383 5811 (sinu)
