4124 6206
537 228 642 285 175

536 344 643 400 hoc
661 355 890 414 namque
909 342 1132 411 accipite
1154 355 1248 409 per
1263 339 1579 408 prophetam
1603 337 1626 391 f
1625 337 1764 391 uisse
1784 334 2118 406 praedictum:

537 433 673 489 Ecce
697 435 836 504 virgo
865 433 1073 501 accipiet
1112 432 1165 484 in
1193 441 1334 484 utero
1362 472 1375 497 ,
1419 439 1466 483 et
1493 428 1650 500 pariet
1678 427 1844 496 ﬁlium
1862 467 1875 490 ,
1905 434 1950 478 et
1977 440 2125 477 voca-

539 526 661 580 bunt
690 541 870 579 nomen
909 524 1018 593 ejus
1058 520 1394 585 Emmanuel,
1427 519 1561 590 quod
1602 526 1674 571 est
1719 517 2120 586 interpretatum,

507 657 512 662 -
539 618 820 674 Nobiscum
844 615 980 669 Deus
1009 614 1027 683 (
1045 612 1173 667 Isai.
1203 629 1296 679 vu,
1330 612 1452 682 14).
1503 610 1617 664 Νοιι
1657 625 1786 678 ergo
1815 606 2122 663 dubitabitis

535 711 795 780 virginem
823 708 1138 776 parientem,
1171 705 1214 758 si
1246 704 1418 757 velitis
1446 701 1668 757 credere
1696 700 1866 754 Deum
1897 712 2121 753 nascen-

533 810 645 852 tem
668 816 682 864 ;
714 797 896 852 mundi
926 795 1164 866 regimen
1191 809 1299 849 non
1325 794 1712 863 relinquentem
1735 833 1748 855 ,
1777 800 1831 845 et
1859 789 1924 844 ad
1953 789 2123 842 homi-

534 906 634 944 nes
661 889 715 943 in
741 903 902 942 carne
929 887 1233 942 venientem
1259 901 1274 950 ;
1304 884 1462 938 matri
1491 883 1864 938 fecunditatem
1894 881 2125 934 afferen-

534 990 680 1044 tem,
735 979 1097 1049 integritatem
1153 992 1260 1031 non
1307 975 1661 1030 auferentem.
1716 974 1804 1028 Sic
1852 973 2120 1026 hominem

516 1069 681 1133 lnasci
728 1071 1023 1140 Oportebat,
1077 1069 1176 1123 etsi
1223 1082 1436 1137 semper
1481 1078 1599 1121 erat
1641 1066 1784 1120 Deus
1813 1066 1854 1128 ⁸,
1901 1080 1970 1118 ex
2017 1079 2121 1133 quo

532 1162 802 1217 nascendo
850 1161 997 1214 ﬁeret
1048 1159 1203 1214 nobis
1248 1158 1409 1213 Deus.
1461 1157 1597 1212 Hinc
1640 1156 1708 1210 de
1760 1171 1825 1210 eo
1874 1169 2058 1210 rursus
2098 1156 2119 1186 ³

529 1255 792 1325 propheta
829 1253 958 1306 dicit
987 1270 998 1304 :
1031 1249 1267 1305 Thronus
1292 1259 1440 1316 tuus,
1473 1249 1642 1312 Deus,
1674 1249 1728 1300 in
1755 1247 1994 1301 saeculum
2020 1261 2120 1300 ste-

530 1347 669 1411 culi;
709 1347 848 1415 virga
875 1343 1160 1396 directionis
1181 1384 1195 1408 ,
1227 1343 1370 1412 virga
1393 1341 1533 1411 regni
1571 1341 1662 1393 tui.
1691 1337 1929 1392 Dilexisti
1958 1339 2117 1406 justi-

529 1439 655 1492 tiam
677 1479 689 1502 ,
724 1448 770 1490 et
808 1436 957 1490 odisti
986 1435 1341 1504 iniquitatem;
1389 1441 1651 1504 prapterea
1687 1431 1832 1485 unxit
1875 1441 1923 1483 te
1957 1429 2114 1496 Deus,

531 1527 673 1581 Deus
703 1537 816 1581 tuus
846 1528 955 1580 oleo
983 1525 1330 1578 exsultationis
1359 1540 1466 1592 pra:
1495 1523 1823 1593 participibus
1855 1522 1980 1576 luis.
2012 1521 2117 1576 Ista

525 1620 712 1674 unctio
742 1617 1033 1688 spiritualis
1076 1625 1188 1681 est,
1229 1631 1330 1686 qua
1376 1616 1517 1668 Deus
1545 1615 1694 1667 unxit
1724 1614 1923 1677 Deum,
1960 1612 2118 1666 Pater

529 1708 738 1763 scilicet
759 1707 948 1761 Filium
975 1724 987 1758 :
1017 1705 1159 1759 unde
1185 1705 1509 1774 appellatum
1536 1719 1564 1757 a
1592 1704 1898 1768 chrismate,
1931 1703 1983 1756 id
2010 1711 2113 1769 est,

525 1797 596 1855 ab
643 1796 896 1855 unctione
936 1795 1181 1849 novimus
1215 1792 1508 1848 Christum.
1561 1793 1672 1862 Ego
1715 1809 1832 1846 sum
1878 1791 2115 1846 Ecclesia

529 1891 599 1945 de
639 1905 742 1959 qua
787 1886 867 1942 illi
911 1886 966 1941 in
1014 1885 1204 1939 eodem
1253 1885 1460 1953 psalmo
1508 1885 1722 1948 dicitur,
1770 1893 1824 1937 et
1867 1893 2114 1953 tanquam

524 1979 725 2033 factum
772 1977 918 2049 quod
963 1977 1199 2032 futurum
1241 1974 1417 2031 iuerat
1467 1974 1852 2044 praenuntiatur
1889 1991 1905 2028 ε
1945 1973 2116 2027 Astitit

527 2070 703 2142 regina
730 2087 764 2122 a
791 2070 983 2124 dextris
1012 2069 1133 2134 tuis,
1163 2068 1218 2121 in
1243 2068 1424 2121 vestitu
1450 2065 1715 2133 deaurato,
1743 2065 2116 2118 circumamicta

520 2166 785 2227 varietate,
831 2162 885 2217 id
928 2170 1029 2225 est,
1063 2163 1116 2216 in
1147 2170 1481 2215 sacramento
1510 2159 1531 2192 ⁸
1576 2159 1876 2230 sapientize,
1909 2159 2116 2231 lingua-

525 2271 645 2309 rum
675 2255 930 2309 varietate
955 2253 1224 2308 decorata.
1275 2252 1347 2307 lbi
1376 2252 1505 2305 mihi
1535 2252 1762 2318 dicitur,
1793 2252 1944 2317 Audi,
1979 2253 2110 2321 ﬁlia,

525 2354 574 2398 et
601 2345 743 2408 vide,
777 2355 822 2398 et
851 2344 1040 2397 inclina
1069 2359 1243 2397 aurem
1269 2351 1407 2395 tuam
1427 2384 1442 2408 ,
1469 2351 1518 2395 et
1547 2341 1834 2395 obliviscere
1871 2342 2114 2413 populum

526 2445 690 2501 tuum,
715 2447 760 2489 et
781 2435 988 2487 domum
1015 2435 1174 2504 patris
1199 2434 1271 2487 tui
1293 2450 1312 2486 :
1331 2434 1450 2503 quia
1475 2433 1763 2502 concupivit
1788 2449 1877 2486 rea:
1896 2433 2114 2502 speciem

520 2538 664 2580 tuam
687 2543 705 2590 ;
733 2528 968 2597 quoniam
996 2527 1105 2594 ipse
1130 2535 1202 2580 est
1232 2525 1480 2578 Dominus
1504 2523 1642 2578 Deus
1669 2534 1782 2577 tuus
1801 2565 1813 2588 ,
1845 2533 1890 2576 et
1921 2523 2110 2576 adora-

523 2619 648 2671 bunt
686 2633 798 2670 eum
828 2618 949 2685 ﬁlice
972 2614 1098 2686 Tyri
1122 2617 1175 2667 in
1203 2613 1508 2677 muneribus,
1536 2615 1731 2666 vultum
1759 2622 1896 2665 tuum
1926 2613 2109 2680 depre-

525 2709 772 2761 cabuntur
801 2723 971 2761 omnes
1013 2707 1188 2758 divites
1224 2705 1402 2775 plebis.
1453 2704 1629 2756 Omnis
1657 2703 1819 2774 gloria
1848 2705 1958 2774 ejus
1987 2703 2111 2771 ﬁlite

523 2799 658 2868 regis
681 2798 999 2861 intrinsecus,
1028 2797 1082 2847 in
1109 2794 1319 2863 ﬁmbriis
1348 2796 1516 2848 aureis
1545 2794 1921 2847 circumamicta
1947 2795 2110 2848 varie-

525 2897 648 2942 tate.
679 2887 1008 2940 Adducentur
1044 2885 1150 2955 regi
1177 2885 1392 2953 virgines
1416 2893 1526 2954 post
1557 2901 1668 2938 eam
1689 2925 1702 2948 ,
1736 2885 1980 2954 proximae
2004 2885 2111 2953 ejus

524 2979 839 3034 adducentur
863 2976 947 3030 tibi
975 2993 994 3029 :
1022 2976 1339 3029 adducentur
1375 2980 1429 3028 in
1457 2977 1632 3030 ltetilia
1672 2986 1718 3030 et
1757 2976 2104 3043 exsultatione,

523 3071 841 3126 adducentur
883 3071 935 3122 in
968 3070 1209 3137 templum
1249 3069 1399 3139 regis.
1450 3068 1555 3122 Pro
1597 3070 1820 3138 patribus
1863 3072 1960 3124 tuis
2004 3071 2110 3124 nati

521 3172 642 3218 sunt
677 3162 765 3215 tibi
805 3162 939 3231 ﬁlii,
979 3160 1247 3214 constitues
1292 3176 1375 3212 eos
1420 3160 1673 3229 principes
1718 3173 1871 3229 super
1912 3177 2110 3214 omnem

523 3264 728 3310 terram.
763 3253 1011 3308 Memores
1054 3260 1200 3305 erunt
1244 3251 1460 3305 nominis
1495 3253 1600 3316 tui,
1637 3253 1690 3304 in
1729 3252 1866 3304 omni
1893 3268 2109 3322 genera-

521 3347 658 3400 tione
694 3354 739 3398 et
786 3342 1122 3415 generatione.
1177 3339 1459 3411 Propterea
1515 3341 1691 3412 populi
1740 3341 2110 3408 conﬁtebuntur

522 3437 612 3490 tibi
648 3438 702 3488 in
741 3433 1014 3498 steculum,
1059 3440 1105 3486 et
1155 3432 1208 3484 in
1237 3433 1475 3486 steculum
1521 3433 1694 3486 swculi
1745 3430 1928 3502 (Psal.
1959 3448 2104 3499 κων,

522 3523 738 3596 7-18γ

596 3617 648 3670 6.
683 3615 740 3670 Si
769 3613 905 3668 hanc
948 3613 1185 3684 reginam
1217 3628 1322 3666 non
1353 3611 1578 3678 videtis,
1617 3611 1729 3680 jam
1767 3611 1928 3666 etiam
1959 3613 2104 3682 regia

520 3707 675 3778 prole
705 3705 1005 3760 fecundam.
1037 3703 1093 3758 Si
1123 3718 1230 3757 non
1260 3702 1403 3756 videt
1433 3702 1709 3770 impletum
1736 3702 1878 3771 quod
1905 3702 2108 3757 audivit

520 3814 646 3854 esse
674 3797 1013 3890 pgomissum,
1046 3794 1130 3848 cui
1156 3793 1357 3847 dictum
1387 3800 1489 3859 est,
1523 3793 1690 3856 Audi,
1724 3793 1866 3860 ﬁlia,
1897 3803 1942 3847 et
1972 3794 2102 3847 vide.

519 3889 580 3944 Si
608 3881 953 3955 nouvreliquit
981 3885 1112 3938 ritus
1140 3883 1392 3953 pristinos
1417 3881 1632 3947 mundi,
1661 3883 1748 3936 cui
1773 3881 1973 3938 dictum
2000 3892 2102 3949 est,

525 3980 827 4034 Obliviscere
853 3977 1096 4045 populum
1123 3986 1284 4042 tuum,
1307 3983 1356 4028 et
1379 3973 1585 4028 domum
1611 3975 1769 4044 patris
1797 3977 1886 4028 tui.
1919 3974 1976 4030 Si
1997 3991 2102 4030 non

519 4072 716 4139 ubique
761 4068 1032 4122 Christum
1087 4068 1370 4121 Dominum
1419 4067 1724 4130 conﬁtetur,
1772 4067 1860 4120 cui
1903 4067 2104 4122 dictum

520 4170 639 4225 est,
672 4158 969 4225 Concupivit
993 4172 1085 4209 rea:
1111 4158 1327 4225 speciem
1353 4168 1521 4222 tuam,
1549 4158 1668 4225 quia
1694 4159 1805 4225 ipse
1831 4169 1902 4211 est
1931 4159 2103 4213 Domi-

519 4266 617 4303 nus
648 4247 785 4302 Deus
815 4257 952 4299 tuus.
982 4245 1040 4300 Si
1064 4259 1170 4299 non
1191 4245 1336 4299 videt
1365 4245 1608 4300 civitates
1632 4247 1866 4315 gentium
1891 4247 2103 4304 Christo

519 4351 708 4407 preces
737 4334 981 4400 fundere,
1007 4343 1060 4388 et
1088 4349 1306 4388 munera
1333 4333 1548 4400 oﬁ'erre,
1571 4334 1638 4388 de
1666 4350 1772 4404 quo
1802 4335 1873 4389 illi
1902 4337 2101 4392 dictum

515 4436 636 4494 est,
667 4426 963 4480 Adorabunt
1005 4441 1118 4477 eum
1156 4425 1278 4493 ﬁliai
1306 4423 1432 4496 Tyri
1459 4425 1513 4478 in
1551 4424 1857 4480 muneribus.
1905 4427 1962 4482 Si
1993 4443 2102 4484 non

515 4517 680 4574 etiam
724 4515 971 4585 superbia
1021 4514 1304 4583 deponitur
1351 4514 1594 4582 divitum,
1645 4522 1700 4570 et
1746 4515 1814 4571 ab
1860 4517 2099 4574 Ecclesia

517 4610 878 4679 deprecantur
907 4607 1160 4663 auxilium
1180 4647 1194 4671 ,
1227 4608 1312 4662 cui
1353 4607 1554 4662 dictum
1581 4617 1683 4676 est,
1722 4607 1930 4663 Vultum
1957 4621 2099 4666 tuum

516 4704 919 4773 deprecabuntur
947 4719 1117 4756 omnes
1164 4703 1338 4757 divites
1387 4703 1563 4772 plebis.
1613 4703 1670 4759 Si
1715 4720 1823 4760 non
1859 4710 2101 4778 agnoscit

515 4796 678 4851 filiam
711 4795 868 4866 regis,
899 4796 984 4849 cui
1013 4795 1193 4850 dicere
1228 4797 1375 4865 jussa
1404 4805 1506 4858 est,
1530 4795 1688 4851 Pater
1715 4808 1903 4867 noster,
1934 4802 2020 4871 qui
2046 4819 2098 4856 es

513 4888 568 4941 in
596 4888 733 4942 cazlis
763 4887 976 4956 (Matth.
1006 4903 1081 4953 vt,
1114 4887 1204 4957 9);
1238 4897 1292 4941 et
1321 4888 1373 4941 in
1401 4889 1600 4943 sanctis
1625 4890 1736 4944 suis
1762 4891 1813 4944 in
1841 4892 2096 4949 interiore

513 4977 730 5033 homine
772 4987 1059 5032 renovatur
1097 4977 1162 5031 de
1205 4977 1292 5032 die
1335 4979 1387 5032 in
1431 4979 1569 5034 diem
1614 4980 1694 5049 (ll
1725 4978 1843 5035 Cor.
1869 4999 1941 5048 IV,
1971 4981 2092 5056 16),

511 5069 581 5126 de
609 5085 712 5139 qua
752 5071 949 5126 dictum
981 5081 1098 5135 est,
1147 5070 1324 5125 Omnis
1353 5073 1515 5143 gloria
1556 5075 1665 5145 ejus
1695 5075 1817 5144 ﬁlia?
1843 5077 1974 5147 regis
2014 5078 2096 5132 in-

510 5161 756 5217 trinsecus
777 5177 796 5215 :
825 5163 1067 5231 quamvis
1103 5171 1159 5217 et
1201 5163 1384 5218 oculos
1413 5173 1788 5221 extraneorum
1831 5166 2092 5238 fulgentes

513 5253 590 5330 (a)
617 5254 760 5308 fama
786 5254 1193 5324 praedicatorum
1225 5270 1440 5310 suorum
1469 5257 1522 5310 in
1552 5257 1859 5314 diversitate
1886 5260 2090 5330 lingua-

573 5389 590 5421 ι
615 5395 811 5440 muses
855 5386 933 5440 sic
960 5385 1197 5441 hominem
1233 5388 1371 5442 nasci
1403 5389 1740 5455 oportebat,si
1764 5406 1952 5459 semper
1985 5402 2090 5450 erat

509 5457 806 5585 “aliquot
825 5511 1107 5585 ,θυῖε
1128 5520 1437 5585 Deorursus.

570 5575 592 5606 ³
608 5581 674 5624 tta
699 5574 801 5624 Mss.
821 5582 876 5624 At
901 5574 1035 5633 editi,
1060 5574 1293 5624 sacrario.

567 5634 640 5697 (a)
673 5641 830 5697 Forte,
854 5635 1078 5699 fulgente.

1211 223 1298 278 DE
1335 221 1490 278 FIDE
1529 217 1770 275 RERUM
1806 214 1972 285 QUAE
2011 209 2148 268 NON
2190 211 2555 282 VIDENTUB,
2597 215 2655 271 S.
2696 215 3070 276 AUGUSTINI

3705 233 3804 291 176

2229 343 2348 383 rum
2378 329 2519 384 velut
2557 331 2610 385 in
2655 330 2878 387 ﬁmbriis
2907 334 3088 393 aureis
3129 344 3184 392 et
3208 337 3373 394 vestis
3397 341 3654 399 varietate
3682 359 3808 416 per-

2195 453 2198 456 ~
2230 421 2474 490 stringat.
2508 420 2565 476 Si
2593 437 2699 477 non
2733 433 3074 495 posteaquam
3104 426 3407 486 diﬁ'amatur
3441 433 3496 487 in
3544 450 3808 505 quocum-

2229 526 2331 580 que
2355 512 2474 566 Ioco
2496 512 2663 568 odore
2686 514 2825 568 bono
2845 517 2981 584 ejus,
3003 519 3162 572 etiam
3184 524 3557 578 consecranda
3578 526 3812 596 virgines

2229 601 2570 659 adducuntur
2614 604 2682 658 ad
2726 604 3030 674 Christum,
3081 609 3148 664 de
3191 625 3297 680 quo
3343 612 3570 683 dicitur,
3624 625 3680 671 et
3726 620 3814 674 cui

2229 691 2447 760 dicitur,
2480 693 2812 749 Adducentur
2849 699 2956 768 regi
2992 699 3208 770 virgines
3248 710 3356 770 post
3395 719 3537 771 eam,
3569 708 3814 777 proximae

2230 784 2340 854 ejus
2369 784 2686 839 adducentur
2716 788 2822 841 tibi.
2872 789 2937 842 Et
2967 805 3036 846 ne
3065 792 3215 861 quasi
3243 794 3468 863 captiva:
3498 795 3812 868 in‘aliquem

2227 875 2372 929 velut
2417 891 2690 932 carcerem
2739 878 3048 936 viderentur
3077 882 3307 950 adduci,
3339 883 3698 954 Adducentur,
3730 889 3814 945 in-

2227 965 2337 1033 quit
2361 1007 2376 1032 ,
2405 967 2458 1019 in
2485 968 2659 1021 laetitia
2690 979 2735 1022 et
2761 969 3113 1038 exsultatione,
3145 974 3466 1030 adducentur
3492 978 3543 1031 in
3573 980 3813 1051 templum

2227 1056 2381 1125 regis.
2411 1055 2467 1110 Si
2509 1072 2614 1111 non
2645 1059 2782 1127 parit
2810 1059 2976 1128 ﬁlios,
3019 1077 3086 1117 ex
3113 1063 3306 1133 quibus
3346 1066 3538 1122 habeat
3562 1077 3812 1140 tanquam

2227 1154 2430 1214 patres,
2461 1162 2596 1216 quos
2621 1150 2911 1205 constituat
2941 1152 3041 1206 sibi
3071 1153 3266 1224 ubique
3290 1165 3549 1228 rectores,
3569 1161 3653 1214 cui
3682 1161 3814 1217 dici-

2226 1245 2332 1300 tur,
2366 1235 2472 1290 Pro
2502 1239 2731 1308 patribus
2759 1243 2858 1294 tuis
2890 1243 2996 1296 nati
3023 1254 3142 1298 sunt
3171 1246 3260 1300 tibi
3288 1247 3403 1316 ﬁlii,
3435 1253 3704 1307 constitues
3728 1269 3814 1310 eos

2227 1328 2478 1399 principes
2503 1346 2657 1400 super
2684 1348 2882 1386 omnem
2926 1343 3112 1389 terram
3140 1353 3160 1390 :
3186 1353 3410 1408 quorum
3452 1355 3511 1397 se
3551 1345 3811 1400 orationi-

2225 1419 2326 1474 bus
2364 1430 2534 1475 mater
2573 1430 2626 1476 et
2654 1423 2870 1492 praelata
2899 1433 2955 1480 et
2993 1427 3232 1496 subjecta
3262 1435 3636 1500 commendat;
3670 1437 3811 1493 unde

2224 1511 2564 1579 subjunctum
2607 1522 2691 1567 est
2709 1555 2724 1580 ,
2755 1513 3006 1570 Memores
3044 1528 3190 1572 erunt
3216 1523 3432 1577 nominis
3459 1525 3564 1592 tui,
3595 1527 3647 1580 in
3674 1529 3813 1582 omni

2222 1604 2543 1672 generatione
2591 1615 2635 1659 et
2683 1608 3020 1676 generatione.
3078 1608 3132 1664 Si
3177 1626 3280 1665 non
3333 1626 3553 1685 propter
3593 1632 3809 1672 eorum-

2221 1692 2344 1747 dem
2394 1704 2603 1764 patrum
2657 1697 3108 1767 medicationem,
3161 1702 3212 1755 in
3263 1719 3366 1773 qua
3416 1708 3646 1762 nominis
3691 1710 3811 1778 ejus

2221 1785 2337 1837 sine
2381 1785 2774 1842 intermissione
2828 1788 3208 1854 meminerunt,
3261 1802 3369 1846 tam
3417 1811 3621 1866 magna:
3651 1798 3703 1852 in
3745 1815 3810 1855 ea

2219 1874 2590 1931 multitudines
2617 1889 3030 1949 congregantur,
3059 1883 3215 1952 eique
3241 1884 3452 1939 laudem
3481 1889 3662 1955 gratia:
3691 1891 3809 1947 sine

2223 1965 2328 2020 ﬁne
2378 1966 2568 2037 linguis
2617 1970 2848 2038 propriis
2891 1973 3246 2041 confitentur,
3295 1978 3377 2030 cui
3426 1979 3638 2046 dicitur,
3670 1981 3807 2038 Pro-

2219 2065 2392 2125 pterea
2421 2060 2596 2130 papuli
2624 2063 2992 2130 conﬁtebuntur
3021 2065 3108 2118 tibi
3135 2067 3187 2120 in
3214 2072 3472 2139 saxulum,
3501 2086 3546 2126 et
3573 2075 3624 2128 in
3648 2092 3807 2130 siccu-

2207 2147 2326 2201 ‘lum
2368 2151 2562 2204 steculi.

2289 2237 2518 2297 CAPUT
2556 2243 2645 2297 IV.
2678 2273 2748 2283 -—
2775 2245 2856 2298 Ad
2884 2247 3136 2303 credenda
3174 2268 3287 2322 qua:
3315 2269 3414 2307 non
3454 2255 3667 2310 vidimus
3692 2273 3806 2314 mo-

2217 2345 2330 2385 vere
2356 2333 2536 2387 debent
2561 2349 2677 2403 qua:
2702 2351 2836 2389 nunc
2861 2337 3069 2407 impleta
3097 2343 3452 2412 conspicimus.
3485 2345 3541 2401 Si
3570 2361 3676 2402 non
3703 2347 3806 2406 ista

2216 2423 2287 2478 ita
2319 2425 2755 2481 demonstrantur
2781 2442 2900 2485 esse
2937 2434 3214 2504 perspicua
3239 2477 3254 2500 ,
3282 2447 3340 2491 ut
3381 2451 3488 2492 non
3531 2437 3806 2497 inveniant

2216 2515 2353 2568 oculi
2397 2517 2735 2573 inimicorum
2783 2521 2834 2573 in
2879 2537 3037 2591 quam
3086 2535 3290 2594 partem
3338 2541 3680 2597 avertantur,
3711 2532 3804 2590 ubi

2216 2620 2322 2658 non
2367 2606 2551 2661 eadem
2604 2610 2977 2679 perspicuitate
3021 2614 3312 2684 feriantur,
3344 2629 3399 2674 ut
3437 2636 3504 2676 ex
3545 2638 3607 2677 ea
3651 2623 3804 2682 fateri

2218 2698 2500 2754 manifeste
2528 2703 2546 2732 ¹
2595 2714 2898 2774 cogantur:
2937 2708 3130 2763 merito
3176 2709 3404 2768 fortasse
3445 2714 3619 2770 dicitis
3660 2717 3803 2787 quod

2218 2789 2362 2843 nulla
2393 2791 2542 2847 vobis
2571 2795 2920 2850 ostendantur
2944 2797 3162 2869 indicia,
3190 2803 3380 2872 quibus
3412 2804 3538 2860 visis
3567 2807 3799 2865 credatis

2214 2881 2375 2935 etiam
2402 2882 2488 2937 i'ria
2519 2900 2639 2953 quae
2666 2901 2773 2940 non
2800 2887 3010 2943 videtis.
3055 2890 3113 2946 Si
3143 2907 3270 2948 vero
3300 2893 3414 2949 haec
3441 2911 3559 2966 qua:
3587 2897 3798 2967 videtis,

2213 2981 2268 3025 et
2295 2973 2450 3043 longe
2485 2983 2610 3030 ante
2644 2977 2897 3046 prazdicta
2922 2991 3067 3047 sunt,
3097 2991 3152 3037 et
3180 2991 3323 3038 tanta
3370 2985 3800 3045 manifestatione

2213 3065 2596 3134 complentur;
2655 3069 2701 3123 si
2752 3086 2811 3125 se
2863 3071 2977 3141 ipsa
3030 3075 3227 3130 veritas
3275 3085 3330 3132 et
3380 3079 3800 3146 praecedentibus

2213 3157 2368 3212 vobis
2411 3167 2464 3212 et
2505 3162 2954 3229 consequentibus
2994 3162 3231 3220 declarat
3270 3167 3579 3236 eﬁ‘ectibus,
3609 3185 3641 3224 ο
3670 3172 3800 3226 reli-

2211 3246 2352 3315 quia:
2393 3247 2752 3314 inﬁdelitatis,
2786 3260 2844 3305 ut
2887 3252 3120 3308 credatis
3168 3271 3288 3325 quae
3331 3272 3437 3312 non
3465 3258 3690 3328 videtis,
3733 3261 3798 3318 iis

2212 3337 2511 3394 erubescite
2537 3355 2656 3410 qua:
2683 3335 2876 3397 videtis
2903 3343 2918 3396 ι

2282 3430 2334 3482 7.
2366 3429 2446 3485 Me
2488 3430 2765 3498 attendite,
2796 3433 2948 3489 vobis
2991 3433 3123 3492 dicit
3168 3436 3452 3506 Ecclesia;
3498 3457 3584 3496 me
3625 3452 3798 3500 atten-

2209 3517 2318 3572 dite
2340 3559 2356 3584 ,
2384 3534 2544 3589 quam
2574 3519 2798 3590 videtis,
2831 3524 3037 3580 etiamsi
3066 3527 3247 3584 videre
3277 3531 3478 3586 nolitis.
3515 3534 3617 3602 Qui
3653 3538 3794 3593 enim

2211 3612 2539 3681 temporibus
2585 3613 2690 3669 illis
2732 3615 2788 3669 in
2812 3615 2996 3672 Iudaea
3039 3628 3184 3676 terra
3229 3621 3414 3680 fideles
3457 3624 3698 3697 fuerunt,
3730 3647 3794 3686 ex

2207 3703 2416 3772 virgine
2445 3704 2781 3760 nativitatem
2813 3708 3134 3778 mirabilem,
3166 3727 3228 3768 ac
3258 3716 3580 3786 passionem,
3614 3735 3795 3777 resur-

2208 3795 2500 3850 rectionem
2521 3837 2538 3863 ,
2567 3798 2935 3855 ascensionem
2971 3799 3200 3871 Christi,
3241 3808 3417 3862 omnia
3449 3809 3625 3864 divina
3657 3813 3794 3869 dicta

2209 3887 2324 3955 ejus
2367 3899 2420 3944 et
2471 3890 2604 3944 facta
2647 3903 2937 3960 prmsentes
2984 3901 3266 3965 praesentia
3309 3901 3626 3958 didicerunt.
3671 3906 3795 3963 limo

2207 3997 2306 4037 vos
2347 3997 2452 4037 non
2484 3984 2710 4053 vidistis,
2751 3998 3031 4057 propterea
3063 3991 3284 4047 credere
3329 4001 3604 4052 recusatis.
3653 4000 3795 4071 Ergo

2210 4073 2325 4127 haec
2370 4076 2626 4143 aspicite,
2673 4077 2725 4130 in
2774 4079 2888 4133 haec
2929 4080 3186 4137 intendite
3213 4125 3226 4148 ,
3274 4085 3387 4141 haee
3434 4103 3551 4157 qum
3579 4092 3794 4146 cernitis

2209 4165 2456 4234 cogitate,
2505 4183 2625 4236 qua:
2668 4169 2820 4223 vobis
2871 4185 2975 4224 non
3027 4177 3292 4242 praeterita
3342 4190 3642 4247 narrantur,
3693 4198 3792 4238 nec

2207 4254 2380 4310 futura
2412 4259 2870 4328 pranuntiantur,
2902 4263 2993 4318 sed
3022 4268 3302 4334 praesentia
3339 4269 3786 4328 demonstrantur.

2211 4347 2290 4400 An
2320 4348 2469 4402 vobis
2511 4347 2668 4404 inane
2697 4353 2778 4405 vel
2824 4352 2941 4408 leve
2969 4355 3195 4420 videtur,
3227 4368 3281 4410 et
3321 4359 3518 4412 nullum
3548 4361 3628 4415 vel
3666 4378 3790 4432 par-

2208 4454 2330 4493 vum
2363 4443 2559 4510 putatis
2602 4458 2722 4499 esse
2767 4448 3080 4500 miraculum
3126 4449 3383 4517 divinum,
3413 4455 3551 4522 quod
3599 4456 3651 4508 in
3692 4472 3789 4513 no-

2205 4531 2350 4587 mine
2391 4533 2546 4588 unius
2588 4537 2821 4590 cruciﬁxi
2868 4540 3172 4593 universum
3203 4557 3367 4610 genus
3407 4547 3574 4602 currit
3601 4550 3788 4605 huma-

2204 4622 2382 4675 num?
2431 4623 2546 4678 Non
2598 4627 2803 4680 vidistis
2853 4629 2992 4698 quod
3051 4633 3360 4700 prtedictum
3411 4645 3464 4691 et
3516 4639 3787 4709 impletum

2204 4721 2286 4766 est
2312 4713 2380 4768 de
2405 4713 2632 4768 humana
2663 4715 2862 4771 Christi
2893 4721 3194 4787 nativitatc,
3227 4724 3355 4779 Ecce
3381 4729 3521 4799 virgo
3558 4731 3608 4784 in
3653 4744 3789 4788 utero

2203 4806 2433 4875 accipiet,
2462 4816 2510 4858 et
2537 4808 2696 4875 pariet
2721 4809 2885 4875 ﬁlium
2913 4827 2933 4864 :
2961 4814 3057 4866 sed
3087 4815 3277 4871 videtis
3304 4821 3446 4889 quod
3478 4824 3786 4891 praedictum

2202 4909 2255 4951 ct
2282 4897 2552 4966 impletum
2588 4908 2668 4951 est
2703 4899 2770 4954 ad
2797 4901 3065 4960 Abraham
3111 4908 3203 4962 Dei
3234 4912 3473 4977 verbum,
3503 4913 3569 4968 In
3604 4920 3789 4971 semine

2200 4995 2284 5040 tuo
2323 4987 2673 5066 benedicentur
2701 5007 2872 5046 omnes
2900 5005 3089 5065 gentes.
3134 4998 3248 5054 Non
3287 5002 3492 5058 vidistis
3531 5007 3672 5074 quod
3722 5011 3787 5063 de

2199 5077 2528 5134 mirabilibus
2573 5079 2770 5137 Christi
2814 5085 3124 5154 praedictum
3165 5101 3267 5155 est,
3307 5091 3499 5159 Venite,
3541 5108 3587 5149 et
3624 5100 3786 5155 viden,-

2197 5185 2352 5238 opera
2373 5169 2602 5239 Domini,
2630 5189 2745 5244 qute
2771 5178 2938 5245 posuit
2963 5179 3197 5250 prodigia
3221 5198 3372 5253 super
3396 5194 3582 5240 terram
3603 5188 3782 5260 (Psal.

2197 5266 2329 5327 λιν,
2352 5261 2450 5333 9):
2485 5264 2580 5320 sed
2608 5265 2799 5325 videtis
2845 5270 2986 5340 quod
3033 5273 3344 5343 praedictum
3384 5288 3494 5346 est,
3535 5280 3783 5340 Dominus

2195 5355 2324 5408 dixit
2357 5355 2430 5446 ad
2473 5373 2580 5424 me,
2615 5357 2780 5416 Filius
2817 5380 2954 5420 meus
2991 5382 3047 5421 es
3090 5376 3165 5435 tu,
3197 5385 3292 5442 ego
3335 5372 3484 5428 hodie
3517 5378 3668 5446 genui
3695 5386 3742 5431 te
3761 5394 3782 5433 :

2193 5445 2395 5518 postulo
2420 5464 2452 5500 a
2475 5464 2554 5502 me
2574 5490 2589 5516 ,
2617 5461 2664 5503 et
2689 5452 2820 5508 dabo
2849 5454 2936 5510 tibi
2960 5468 3132 5528 gentes
3163 5461 3503 5520 [nereditatem
3527 5445 3698 5538 tuam,
3729 5481 3779 5526 et

2192 5539 2554 5607 possessionem
2607 5550 2744 5594 tuam
2795 5547 3032 5603 terminos
3081 5561 3230 5607 teme
3273 5554 3442 5625 (Psal.
3476 5573 3542 5626 lt,
3576 5561 3670 5616 7et
3693 5562 3777 5632 8).

2256 5651 2273 5682 ³
2292 5656 2344 5702 In
2363 5657 2491 5717 Uss,
2514 5652 2778 5718 manifesta.
