4124 6206
303 362 408 421 17⁸1

295 481 412 539 Non
459 477 668 535 vidistis
712 474 853 548 quod
899 472 1210 546 praedictum
1260 479 1343 529 est
1391 479 1446 527 et
1493 469 1766 540 impletum
1809 469 1878 524 de

295 572 545 642 passione
567 567 784 632 Christi,
810 565 1074 621 Foderunt
1098 580 1279 619 manus
1302 579 1439 618 meas
1463 571 1512 617 et
1541 561 1690 632 pedes
1719 576 1878 628 meos,

295 666 740 718 dinumeraverunt
780 660 949 714 omnia
974 676 1088 715 ossa
1117 674 1270 723 mea;
1311 657 1410 727 ipsi
1441 673 1556 711 vero
1585 655 1877 710 considera-

291 764 467 808 uerunt
495 762 540 808 et
583 760 956 821 conspexerunt
985 766 1065 804 me
1085 768 1104 816 ;
1149 750 1423 804 diviserunt
1467 749 1562 803 sibi
1589 748 1881 802 uestimenta

293 863 422 912 mea,
451 854 498 898 et
525 861 681 914 super
703 853 882 898 vestem
907 857 1068 896 meam
1093 842 1335 895 miserunt
1357 848 1541 895 sortem
1572 855 1590 893 :
1615 841 1710 894 sed
1735 839 1882 893 vide-

291 938 360 991 tis
389 936 532 1006 quod
570 936 624 990 in
664 935 853 990 eodem
896 933 1104 1005 psalmo
1146 932 1460 1002 praedictum
1490 940 1610 995 est,
1659 938 1712 984 et
1740 944 1881 985 nunc

290 1037 511 1098 apparet
547 1029 819 1098 impletum
845 1069 860 1091 ,
895 1024 1429 1080 Commemorabuntur
1457 1034 1503 1079 et
1533 1033 1879 1078 convertentur

288 1121 358 1172 ad
382 1118 659 1172 Dominum
687 1118 908 1172 universi
933 1119 1061 1186 lines
1091 1127 1267 1185 terrae,
1292 1127 1340 1172 et
1364 1117 1650 1172 adorabunt
1675 1117 1727 1170 in
1753 1133 1877 1169 con-

284 1220 462 1279 spectu
489 1211 599 1279 ejus
626 1211 871 1264 uniuersis
895 1209 1076 1278 patria:
1103 1211 1327 1280 gentium
1350 1225 1370 1273 ;
1409 1209 1647 1280 quoniam
1669 1208 1879 1262 Domini

285 1309 362 1354 est
410 1316 653 1371 regnum,
686 1309 736 1355 et
771 1301 879 1370 ipse
924 1299 1267 1355 dominabitur
1307 1300 1528 1370 gentium
1559 1297 1729 1370 (Psal.
1761 1315 1872 1366 ut,

287 1391 484 1456 17-19,
513 1391 604 1458 28,
633 1389 748 1462 29).
800 1390 916 1446 Non
943 1391 1152 1446 vidistis
1195 1392 1334 1462 quod
1378 1391 1445 1446 de
1485 1391 1876 1446 resurrectione

285 1483 490 1540 Christi
536 1484 846 1554 praedictum
891 1493 1050 1555 atque
1083 1485 1406 1554 completum
1454 1493 1575 1551 est,
1624 1484 1875 1554 loquente

286 1577 506 1633 Psalmo
533 1593 598 1633 ex
639 1593 864 1649 persona
909 1578 1026 1647 ejus
1065 1579 1212 1647 prius
1248 1576 1317 1632 de
1355 1575 1611 1631 traditore
1653 1584 1708 1630 et
1746 1590 1872 1642 per-

284 1671 622 1726 secutoribus
650 1670 766 1740 ejus
795 1689 808 1723 :
841 1665 1246 1740 Egrediebantur
1273 1673 1432 1740 foras,
1468 1680 1515 1723 et
1544 1668 1875 1739 loquebantur

284 1761 439 1815 simul
480 1761 533 1814 in
569 1777 776 1825 unum;
823 1761 1094 1816 adversum
1138 1776 1220 1814 me
1269 1759 1655 1814 insusurrabant
1701 1774 1873 1813 omnes

285 1855 480 1908 inimici
518 1855 636 1920 mei,
666 1855 933 1908 adversum
973 1871 1051 1908 me
1087 1853 1375 1924 cogitabant
1403 1852 1540 1906 ntala
1569 1853 1694 1905 mihi
1713 1862 1872 1915 {vero

284 1943 400 1998 bum
418 1945 647 2014 iniquum
673 1945 1025 2016 disposuerunt
1049 1945 1315 1998 adversum
1339 1961 1435 1998 mc.
1463 1943 1582 2010 Ubi,
1613 1954 1668 1998 ut
1692 1952 1876 1997 osten-

286 2033 436 2089 deret
479 2033 609 2088 nihil
659 2050 753 2089 eos
795 2035 1023 2089 valuisse
1074 2033 1370 2089 occidendo
1418 2041 1868 2096 resurrecturum,

284 2125 511 2195 subjecit
543 2137 705 2195 atque
739 2126 814 2179 ait
842 2143 855 2178 :
888 2123 1151 2196 Numquid
1173 2124 1261 2194 qui
1296 2125 1502 2188 dormit,
1533 2139 1634 2176 non
1668 2123 1872 2194 adjiciat

283 2226 339 2269 ut
363 2216 641 2286 resurgat?
681 2215 745 2270 Et
773 2217 929 2286 paulo
955 2224 1076 2284 post
1101 2229 1222 2269 cum
1248 2215 1318 2268 de
1348 2215 1464 2284 ipso
1493 2229 1590 2268 suo
1617 2214 1872 2270 traditore

285 2321 379 2377 per
401 2307 646 2362 eamdem
678 2306 1010 2376 prophetiam
1041 2305 1408 2376 praedixisset,
1437 2305 1580 2375 quod
1611 2306 1665 2360 in
1691 2305 1870 2360 Evan-

279 2401 422 2472 gelio
449 2414 662 2470 quoque
690 2401 944 2469 scriptum
993 2409 1094 2466 est,
1140 2399 1242 2464 Qui
1285 2399 1460 2452 edebat
1503 2415 1659 2468 panes
1708 2415 1866 2466 meos,

281 2494 541 2564 ampliauit
580 2509 736 2561 super
760 2509 840 2546 me
877 2492 1165 2546 calcaneum
1186 2509 1206 2558 ;
1246 2491 1347 2546 hoc
1385 2500 1488 2556 est,
1535 2491 1871 2546 conculcavit

281 2599 368 2640 me
395 2603 408 2638 :
455 2585 710 2638 continuo
735 2584 1003 2647 subdidit,
1038 2582 1116 2636 Tu
1142 2593 1310 2636 autem
1329 2623 1342 2646 ,
1377 2581 1611 2649 Domine,
1639 2583 1870 2637 miserere

281 2679 396 2742 mei,
429 2687 478 2731 et
503 2678 747 2731 resuscita
776 2694 855 2730 me
873 2718 888 2742 ,
921 2687 967 2731 et
1006 2677 1218 2729 reddam
1247 2677 1350 2731 illis
1382 2675 1552 2745 (Psal.
1581 2692 1676 2737 ιι,
1702 2677 1823 2730 7-11
1851 2693 1866 2743 ;

278 2768 434 2823 lacn.
468 2783 586 2832 xm,
616 2766 728 2838 18).
757 2767 1034 2838 lmpletnm
1064 2776 1145 2822 est
1175 2767 1296 2831 hoc,
1324 2766 1580 2821 dormivit
1600 2767 1866 2837 Christus,

279 2867 332 2913 et
355 2857 625 2928 evigilavit
650 2898 664 2919 ,
700 2859 799 2912 hoc
828 2868 941 2922 est,
973 2859 1264 2912 resurrexit
1296 2875 1310 2910 :
1343 2858 1435 2927 qui
1482 2873 1579 2928 per
1624 2858 1868 2914 eamdem

280 2949 614 3020 prophetiam
646 2951 697 3004 in
739 2949 844 3004 alio
874 2950 1080 3019 psalmo
1121 2949 1216 3015 ait,
1249 2948 1362 3019 Ego
1387 2949 1620 3016 dormivi,
1651 2959 1698 3004 et
1734 2965 1871 3004 som—

279 3056 399 3093 num
442 3041 586 3108 cepi;
625 3049 671 3094 et
717 3041 996 3106 casuri-exi,
1043 3041 1283 3108 quoniam
1327 3039 1579 3096 Dominus
1631 3042 1871 3112 suscipiet

278 3147 360 3186 me
397 3131 566 3202 (Psal.
597 3131 708 3202 ut).
743 3132 936 3186 Verum
982 3132 1084 3186 hoc
1124 3147 1228 3186 non
1264 3132 1489 3198 vidistis,
1540 3132 1634 3188 sed
1678 3133 1868 3189 videtis

279 3224 396 3293 ejus
419 3223 740 3289 Ecclesium,
773 3224 840 3279 de
867 3239 968 3294 qua
1000 3226 1248 3279 similiter
1275 3225 1476 3280 dietum
1508 3234 1564 3280 et
1590 3225 1866 3297 impletum

279 3324 391 3380 est,
422 3314 638 3368 Domine
663 3313 801 3370 Deus
829 3332 968 3370 meus
992 3359 1006 3382 ,
1048 3319 1115 3369 ad
1153 3326 1200 3370 te
1243 3328 1414 3386 gentes
1439 3319 1634 3371 venient
1671 3320 1736 3372 ab
1773 3335 1864 3373 ea:-

279 3417 431 3460 tretno
461 3416 633 3473 terrm,
661 3417 707 3460 et
731 3408 918 3472 dicent,
957 3407 1080 3462 Vere
1113 3409 1376 3463 mendacia
1403 3410 1664 3464 coluerunt
1699 3422 1867 3482 patres

276 3498 431 3552 nostri
460 3497 770 3563 simulacra,
800 3507 846 3551 et
877 3513 976 3552 non
1007 3508 1081 3551 est
1113 3499 1167 3552 in
1195 3498 1302 3552 illis
1337 3501 1550 3555 utilitas.
1579 3501 1690 3556 Hoc
1719 3511 1867 3559 certe

275 3589 386 3644 sive
419 3589 603 3643 velitis
639 3602 736 3643 seu
781 3589 980 3653 nolitis,
1008 3589 1288 3658 aspicitis:
1321 3599 1378 3644 ut
1420 3591 1463 3644 si
1507 3591 1682 3647 adhuc
1710 3593 1726 3624 ¹
1762 3593 1864 3647 ali-

273 3693 428 3750 quam
455 3678 655 3748 putatis
678 3692 800 3733 esse
833 3679 916 3732 vel
947 3677 1112 3734 fuisse
1139 3680 1190 3733 in
1217 3681 1520 3736 simulacris
1551 3683 1860 3750 utilitatem;

272 3779 416 3826 certe
457 3780 637 3826 tamen
670 3771 983 3825 innumeros
1025 3772 1261 3840 gentium
1291 3773 1517 3841 populos
1546 3773 1748 3829 relictis
1778 3775 1862 3830 vel

269 3862 493 3932 sbjectis
521 3864 604 3917 vel
633 3863 924 3916 confruclis
952 3862 1260 3931 hujusmodi
1287 3865 1607 3920 vanitatibus
1637 3866 1861 3922 audistis

268 3953 470 4016 dicere,
502 3953 632 4008 Vere
671 3955 934 4008 mendacia
976 3956 1239 4009 coluerunt
1275 3965 1439 4027 patres
1497 3959 1656 4012 nostri
1696 3960 1861 4013 simu-

265 4047 433 4113 lacra,
465 4056 514 4100 et
540 4063 640 4101 non
672 4058 742 4102 est
788 4049 838 4101 in
862 4049 966 4102 illis
995 4049 1186 4102 utilitas
1215 4064 1234 4102 :
1275 4051 1320 4103 si
1364 4052 1511 4120 faciet
1539 4051 1688 4105 homo
1717 4051 1858 4119 deos,

261 4149 310 4194 et
355 4155 477 4193 ecce
517 4140 614 4209 ipsi
639 4158 740 4195 non
780 4150 898 4196 sunt
941 4143 1016 4196 dii
1050 4141 1274 4213 (Jerem.
1307 4159 1426 4207 xw,
1461 4143 1548 4211 l9,
1577 4143 1704 4217 20).
1751 4145 1860 4201 Nec

261 4232 470 4303 putetis
514 4242 687 4287 autem
728 4234 793 4289 ad
839 4249 1002 4288 unum
1049 4235 1280 4305 aliquem
1311 4237 1406 4290 Dei
1453 4235 1628 4290 locum
1672 4245 1860 4307 gentes

261 4324 556 4394 pmdietas
597 4323 762 4381 fuisse
794 4337 1076 4391 venturas,
1109 4328 1358 4397 quoniam
1400 4326 1599 4382 dictum
1627 4337 1750 4396 est,
1776 4328 1858 4382 Ad

261 4424 310 4468 te
337 4426 515 4485 gentes
541 4417 738 4470 venient
761 4416 824 4469 ab
851 4427 1076 4472 extremo
1103 4428 1270 4472 teme.
1300 4417 1600 4489 lntelligite,
1633 4418 1678 4474 si
1710 4428 1858 4488 pote.

260 4509 361 4562 stis
384 4551 402 4574 ,
433 4509 501 4563 ad
534 4509 704 4564 Deum
733 4509 1181 4578 Christianorum,
1213 4512 1303 4580 qui
1346 4528 1592 4568 summus
1619 4522 1674 4568 et
1697 4528 1856 4569 verus

259 4612 344 4656 est
375 4602 555 4668 Deus,
599 4617 706 4658 non
748 4603 1068 4659 ambulando
1095 4605 1277 4659 venire
1321 4605 1557 4674 gentium
1608 4605 1852 4676 populos,

258 4695 354 4748 sed
385 4694 681 4749 credendo.
716 4693 846 4749 Nam
877 4711 963 4751 res
991 4696 1178 4751 eadem
1222 4696 1289 4750 ab
1327 4697 1434 4751 alio
1479 4696 1736 4767 propheta
1780 4699 1858 4753 sic

259 4786 624 4856 prmnnntiata
663 4796 746 4841 est
778 4805 790 4840 :
826 4785 1150 4853 Prtevalebit,
1181 4787 1371 4858 inquit,
1403 4786 1652 4842 Dominus
1680 4788 1857 4842 adver-

256 4895 343 4932 sus
372 4892 462 4930 eos
485 4918 504 4942 ,
548 4885 596 4930 et
643 4877 988 4931 exlerminabit
1019 4894 1191 4932 omnes
1243 4879 1362 4931 deos
1407 4878 1628 4948 gentium
1669 4887 1815 4931 terra:
1837 4893 1857 4941 ,'

256 4980 302 5022 et
329 4969 626 5023 adorabunt
655 4986 769 5023 eum
809 4970 1152 5039 unusquisque
1187 4971 1250 5023 tle
1297 4969 1407 5023 loco
1446 4986 1538 5024 suo
1581 4985 1752 5023 omnes
1778 4970 1858 5022 in-

255 5061 389 5115 sula:
435 5061 663 5132 gentium
691 5060 948 5130 (Sep/ton.
983 5078 1051 5127 ιι,
1082 5059 1193 5132 il).
1238 5060 1389 5128 Quod
1433 5062 1508 5115 ait
1549 5061 1669 5125 ille,
1699 5060 1780 5114 Ad
1809 5071 1856 5115 te

247 5169 434 5228 .omnes
472 5163 647 5225 gentes
697 5153 933 5218 venient;
977 5152 1077 5207 hoc
1119 5155 1192 5206 ait
1237 5153 1356 5217 iste,
1403 5152 1699 5206 Adorabunt
1742 5168 1856 5206 eum

258 5249 612 5318 unusquisque
655 5247 718 5302 de
758 5247 870 5302 loco
916 5263 1026 5301 suo.
1074 5246 1218 5317 Ergo
1243 5245 1464 5300 venient
1499 5243 1565 5299 ad
1595 5259 1717 5299 eum
1748 5259 1854 5300 non

255 5339 578 5400 recedentes
602 5338 672 5394 de
700 5339 819 5395 loco
841 5354 963 5404 suo,
1006 5339 1128 5409 quia
1155 5339 1442 5394 credentes
1469 5338 1520 5391 in
1549 5353 1670 5392 eum
1700 5337 1854 5394 inve-

256 5434 409 5486 nient
436 5447 560 5486 eum
590 5431 646 5485 in
675 5430 839 5485 corde
863 5444 982 5485 suo.
1009 5429 1125 5484 Non
1148 5429 1352 5483 vidistis
1378 5427 1517 5498 quod
1544 5427 1855 5496 pradictum

255 5534 309 5579 et
331 5524 619 5594 impletum
648 5531 733 5578 est
757 5521 826 5577 de
855 5522 1172 5578 ascensione
1194 5519 1411 5586 ChriSti,
1438 5518 1682 5573 Exaltare
1703 5535 1856 5588 super

254 5619 428 5684 celos,
461 5616 603 5670 Deus
647 5631 666 5668 :
712 5615 804 5670 sed
855 5615 1046 5670 videtis
1099 5614 1244 5686 quod
1296 5613 1548 5669 continuo
1594 5612 1852 5682 sequitur,

255 5707 322 5762 Et
368 5728 527 5781 super
584 5725 790 5764 omnem
835 5717 1022 5761 terram
1063 5708 1227 5779 gloria
1270 5715 1356 5762 tua
1399 5704 1570 5776 (Psal.
1600 5718 1738 5771 cvu,
1767 5700 1852 5778 6).

308 5824 844 5874 ‘SicSorboniwsls.
872 5817 1317 5884 [metallum]

1716 353 1919 413 LIBER
1959 354 2159 414 UNUS.

3474 377 3582 434 178

1996 468 2087 522 llla
2116 469 2184 525 de
2209 469 2420 526 Christo
2440 471 2547 540 jam
2589 471 2722 528 facta
2750 479 2908 544 atque
2949 481 3215 534 transacta
3249 484 3426 538 omnia
3468 503 3579 544 non

1991 559 2236 626 vidistis;
2283 560 2378 616 sed
2408 564 2505 617 ista
2551 565 2829 632 praesentia
2876 564 2928 619 in
2973 566 3089 635 ejus
3116 568 3358 628 Ecclesia
3394 575 3582 632 videre

1991 668 2090 708 vos
2117 670 2224 709 non
2265 657 2487 726 negatis.
2540 656 2772 727 Utraque
2800 659 2953 713 vobis
2999 662 3254 730 praedicta
3304 677 3583 724 monstra-

1989 762 2107 802 mus
2133 766 2145 800 :
2172 757 2393 819 utraque
2419 760 2598 806 autem
2619 751 2768 805 vobis
2797 751 3012 821 impleta
3040 767 3321 825 propterea
3347 759 3580 815 demon-

1987 847 2158 894 strare
2182 839 2406 895 videnda
2435 856 2540 896 non
2568 857 2871 911 possumus,
2901 847 3022 914 quia
3067 863 3319 905 revocare
3350 854 3402 905 in
3435 867 3576 909 con-

1986 939 2226 999 spectum
2259 934 2524 1000 prieterita
2565 951 2670 989 non
2709 937 2966 992 valemus.

2075 1021 2298 1077 CAPUT
2352 1023 2414 1075 ν.
2476 1055 2546 1064 -
2606 1025 2658 1079 8.
2719 1026 3053 1082 Prtesentium
3099 1033 3336 1087 exhibitio
3394 1037 3582 1089 astruit

1985 1109 2137 1178 [idem
2202 1115 2570 1181 praeteritorum
2622 1126 2666 1169 et
2723 1121 3034 1189 futurorum.
3129 1123 3234 1178 Sed
3299 1127 3569 1194 quemad-

1985 1203 2204 1259 modum
2260 1208 2552 1262 voluntates
2615 1211 2907 1266 amicorum
2962 1229 3081 1282 qua:
3132 1231 3236 1269 non
3294 1217 3567 1286 videntur,

1983 1298 2272 1354 creduntur
2323 1315 2415 1370 per
2460 1302 2649 1356 indicia
2703 1319 2822 1373 qua:
2868 1305 3144 1372 videntur;
3203 1308 3280 1362 sic
3330 1309 3571 1364 Ecclesia

1984 1406 2102 1460 qua:
2153 1408 2294 1448 nunc
2350 1393 2592 1459 videtur,
2647 1397 2883 1450 omnium
2936 1414 3056 1466 qua:
3108 1413 3214 1454 non
3270 1400 3560 1465 videntur,

1981 1483 2073 1538 sed
2124 1485 2176 1537 in
2225 1485 2302 1539 eis
2343 1486 2530 1540 litteris
2582 1487 2671 1542 ubi
2726 1499 2780 1543 et
2816 1490 2928 1558 ipsa
2976 1499 3058 1543 est
3108 1491 3354 1559 praedicta
3407 1509 3567 1548 mou-

1979 1583 2240 1641 strantur,
2291 1585 2344 1631 et
2392 1577 2548 1633 index
2597 1587 2676 1632 est
2727 1581 3152 1649 praeteritorum,
3213 1591 3266 1636 et
3314 1597 3575 1651 praenun-

1983 1664 2050 1718 tia
2083 1663 2396 1719 futurorum.
2437 1666 2568 1734 Quia
2597 1676 2650 1721 et
2694 1672 2959 1737 praeterita
2986 1685 3103 1739 qua:
3145 1669 3254 1738 jam
3285 1687 3390 1726 non
3436 1687 3570 1741 pos-

1979 1765 2103 1810 sunt
2146 1757 2348 1824 videri,
2399 1767 2454 1813 et
2499 1761 2775 1828 praesentia
2823 1777 2940 1830 quae
2989 1777 3086 1816 nec
3127 1772 3350 1831 possunt
3392 1765 3572 1820 videri

1977 1847 2154 1901 omnia
2188 1850 2236 1913 ⁸,
2268 1863 2388 1903 cum
2433 1853 2910 1918 prcennntiarentur
2930 1895 2943 1917 ,
2977 1854 3106 1907 nihil
3138 1855 3326 1909 horum
3355 1865 3571 1925 poterat

1979 1946 2103 1992 tunc
2159 1939 2344 1994 videri.
2423 1941 2556 1996 Cum
2605 1958 2733 2013 ergo
2791 1945 2900 2000 lieri
2958 1947 3212 2015 praedicta
3263 1957 3570 2019 eruperunt,

1976 2046 2038 2086 ex
2085 2031 2188 2085 illis
2227 2049 2344 2101 qua:
2381 2032 2518 2088 facta
2549 2045 2672 2090 sunt
2699 2052 2866 2106 usque
2894 2037 2960 2091 ad
3005 2039 3102 2092 ista
3129 2055 3249 2110 quae
3286 2040 3452 2106 ﬁunt,
3496 2041 3569 2098 de

1975 2121 2186 2177 Christo
2211 2132 2264 2177 et
2293 2123 2530 2180 Ecclesia
2558 2142 2676 2196 qua:
2714 2128 2967 2198 praedicta
2993 2139 3116 2184 sunt
3153 2131 3394 2186 ordinata
3421 2132 3568 2187 serie

1974 2224 2322 2270 cucurrerunt
2352 2235 2365 2271 :
2389 2217 2454 2271 ad
2481 2233 2640 2288 quam
2680 2219 2872 2274 seriem
2900 2222 3172 2290 pertinent
3194 2221 3261 2276 de
3290 2221 3378 2276 die
3415 2222 3572 2292 judi-

1975 2302 2064 2366 cii,
2091 2303 2159 2358 de
2187 2309 2575 2364 resurrectione
2598 2317 2949 2378 mortuorum,
2977 2311 3044 2366 de
3062 2313 3342 2382 impiorum
3363 2320 3569 2370 aeterna

1975 2391 2316 2450 damnatione
2348 2411 2468 2451 cum
2511 2397 2758 2466 diabolo,
2799 2409 2854 2454 et
2885 2399 2953 2455 de
2991 2401 3200 2469 piorum
3243 2411 3441 2458 aeterna
3482 2418 3573 2458 re-

1975 2486 2347 2542 muneratione
2390 2502 2511 2542 cum
2557 2488 2810 2554 Christo,
2865 2506 2984 2561 quae
3023 2492 3268 2547 similiter
3312 2492 3570 2562 praedicta

1973 2585 2197 2632 ventura
2245 2586 2382 2633 sunt.
2441 2579 2548 2636 Cur
2598 2597 2724 2654 ergo
2766 2597 2854 2638 res
2901 2585 3100 2651 primas
3145 2595 3200 2640 et
3248 2585 3570 2640 novissimus

1973 2683 2104 2738 quas
2141 2685 2248 2725 non
2277 2671 2518 2728 videmus
2561 2689 2664 2728 non
2709 2674 3024 2741 credamus,
3057 2691 3177 2730 cum
3219 2686 3380 2732 testes
3419 2686 3570 2731 utra-

1973 2776 2198 2833 rumque
2242 2778 2330 2818 res
2367 2764 2570 2820 medias
2593 2780 2725 2836 quas
2763 2766 3007 2821 videmus
3036 2765 3326 2823 habeamus
3349 2808 3366 2834 ,
3406 2776 3570 2838 atque

1974 2853 2028 2908 in
2059 2855 2382 2925 propheticis
2412 2857 2562 2912 libris
2585 2867 2637 2912 et
2653 2859 2852 2927 primas
2871 2868 2923 2914 et
2945 2859 3148 2914 medias
3167 2869 3223 2916 et
3241 2859 3566 2916 novissimas

1973 2947 2059 3001 vel
2084 2948 2359 3004 audiamus
2399 2950 2779 3020 praenuntiatas
2801 2961 3086 3022 antequam
3127 2951 3346 3017 ﬁerent,
3373 2954 3461 3010 vel
3484 2955 3567 3011 le-

1973 3040 2201 3111 gamus?
2242 3039 2354 3096 Nisi
2400 3041 2536 3098 forte
2580 3042 2905 3099 arbitrantur
2953 3045 3195 3100 homines
3245 3045 3491 3103 inﬁdeles
3526 3062 3562 3103 ι

1973 3128 2292 3185 Christianis
2320 3131 2408 3184 illa
2438 3146 2558 3187 esse
2584 3134 2885 3202 conscripta
2909 3175 2924 3200 ,
2957 3143 3015 3188 ut
3043 3134 3144 3189 ista
3169 3150 3288 3204 quae
3310 3135 3419 3204 jam
3444 3149 3564 3192 cre-

1972 3219 2168 3276 debant
2204 3220 2377 3291 majus
2411 3221 2671 3278 haberent
2698 3223 2906 3292 pondus
2931 3223 3297 3291 auctoritatis,
3331 3225 3376 3280 si
3405 3233 3563 3280 antea

1971 3327 2128 3383 quam
2156 3313 2428 3378 venirent,
2455 3321 2765 3382 putarentur
2783 3329 2903 3370 esse
2933 3313 3216 3384 promissa.

2041 3403 2266 3460 CAPUT
2305 3403 2392 3459 Vl.
2431 3434 2503 3445 —
2545 3404 2598 3460 9.
2637 3405 2938 3461 Judteorum
2983 3406 3180 3462 codices
3206 3408 3326 3478 ﬁdei
3374 3419 3566 3466 nostra

1975 3498 2339 3567 astipulantur.
2395 3496 2696 3552 Iudaeorum
2728 3510 2863 3554 secta
2899 3516 3054 3571 quare
3088 3517 3190 3555 non
3235 3479 3442 3572 prorsus
3467 3504 3563 3559 de-

1973 3590 2092 3644 leta.
2147 3590 2302 3657 Quod
2351 3591 2396 3646 si
2437 3592 2806 3662 suspicantur,
2858 3593 3192 3650 inimicorum
3251 3605 3561 3656 nostrorum

1967 3681 2274 3738 Iudaeorum
2303 3683 2517 3739 codices
2547 3693 2966 3754 perscrutentur.
2999 3687 3074 3742 lbi
3112 3687 3289 3758 legant
3315 3691 3413 3745 ista
3439 3707 3563 3760 qua:

1967 3774 2501 3829 commemoravimus
2521 3816 2534 3841 ,
2579 3777 2929 3846 pramuntiata
2953 3777 3020 3832 de
3053 3776 3267 3834 Christo
3310 3779 3364 3833 in
3396 3795 3558 3849 quem

1967 3862 2238 3918 credimus
2261 3906 2276 3930 ,
2309 3873 2361 3920 et
2390 3865 2630 3920 Ecclesia
2656 3882 2815 3937 quam
2843 3869 3112 3923 cernimus
3139 3869 3209 3923 ab
3233 3869 3382 3924 initio
3407 3871 3561 3926 labo-

1965 3955 2110 4010 rioso
2127 3956 2250 4012 ﬁdei
2272 3961 2290 3990 ²
2315 3974 2480 4029 usque
2500 3960 2566 4014 ad
2582 3963 2960 4030 sempiternam
2981 3963 3360 4018 beatitudinem
3380 3965 3558 4034 regni.

1965 4044 2071 4102 Sed
2097 4063 2218 4103 cum
2249 4049 2461 4120 legunt,
2501 4066 2606 4105 non
2635 4053 2896 4107 mirentur
2919 4052 3060 4123 quod
3087 4053 3186 4108 ista
3227 4053 3303 4107 illi
3324 4068 3557 4123 quorum

1964 4137 2179 4194 codices
2205 4149 2358 4207 sunt,
2391 4150 2610 4212 propter
2634 4142 3034 4198 inimicitiarum
3065 4144 3314 4200 tenebras
3340 4160 3444 4200 non
3473 4145 3557 4200 in-

1963 4231 2227 4303 telligunt.
2269 4232 2403 4288 Nam
2443 4249 2538 4290 eos
2562 4251 2669 4291 non
2710 4236 3079 4292 intellecturos
3101 4237 3168 4293 ab
3191 4237 3390 4294 eisdem
3417 4239 3558 4295 Pro-

1962 4323 2140 4394 phetis
2185 4334 2311 4380 ante
2349 4325 2661 4396 praedictum
2705 4338 2789 4384 est
2821 4347 2834 4382 :
2867 4328 3012 4400 quod
3041 4338 3098 4384 ut
3124 4337 3318 4385 caetera
3341 4340 3559 4400 oporte»

1961 4416 2053 4472 bat
2097 4417 2346 4488 impleri,
2377 4428 2433 4474 et
2459 4420 2672 4475 occulto
2705 4421 2958 4492 iustoque
2998 4423 3199 4492 judicio
3226 4423 3323 4480 Dei
3348 4427 3557 4482 meritis

1961 4523 2148 4564 eorum
2177 4525 2390 4581 poenam
2421 4511 2652 4568 debitam
2679 4512 2851 4568 reddi.
2886 4514 2981 4569 llle
3009 4517 3204 4586 quippe
3233 4531 3392 4586 quem
3424 4533 3554 4571 cru-

1961 4600 2263 4668 cilixerunt,
2295 4611 2348 4657 et
2371 4602 2458 4657 cui
2496 4601 2566 4658 fel
2592 4611 2646 4658 et
2669 4612 2876 4658 acetum
2900 4603 3196 4671 dederunt,
3228 4607 3470 4675 quamvis
3497 4608 3554 4663 in

1961 4690 2105 4761 ligno
2134 4692 2408 4761 pendens,
2456 4703 2673 4763 propter
2700 4708 2794 4749 eos
2829 4709 2963 4764 quos
3001 4695 3170 4752 luerat
3200 4697 3250 4750 in
3278 4698 3449 4753 lucem
3482 4699 3555 4755 de

1961 4783 2197 4838 tenebris
2222 4783 2510 4839 educturus
2530 4825 2547 4850 ,
2601 4785 2794 4841 dixerit
2831 4786 3009 4851 Patri,
3037 4785 3252 4856 Ignosce
3275 4789 3397 4852 illis,
3429 4791 3555 4858 quia

1960 4873 2186 4926 nesciunt
2212 4873 2334 4942 quid
2363 4874 2556 4944 faciunt
2583 4873 2736 4946 (Luc.
2770 4891 2938 4940 χχιιι,
2967 4875 3097 4946 54);
3129 4883 3306 4931 tamen
3331 4887 3556 4948 propter

1959 4972 2205 5031 exteros,
2247 4979 2384 5034 quos
2408 4965 2786 5021 occultioribus
2815 4966 2991 5021 causis
3015 4964 3187 5020 fuerat
3214 4965 3548 5039 deserturus,

1960 5070 2056 5125 per
2081 5056 2394 5126 prophetam
2420 5066 2566 5111 tanto
2581 5068 2704 5111 ante
2727 5055 2990 5125 praedixit,
3032 5054 3292 5111 Desierunt
3315 5059 3367 5112 in
3383 5075 3550 5114 escam

1959 5163 2123 5201 meam
2169 5149 2272 5218 fel,
2323 5157 2370 5203 et
2414 5148 2468 5201 in
2507 5149 2590 5202 siti
2630 5163 2741 5202 mea
2788 5157 3080 5217 potaverunt
3124 5165 3204 5204 me
3245 5161 3385 5207 aceto
3413 5153 3551 5222 :ﬁat

1959 5255 2127 5294 mensa
2151 5255 2327 5293 eorum
2351 5254 2522 5292 coram
2547 5239 2672 5309 ipsis
2697 5240 2752 5293 in
2771 5240 3107 5312 muscipulam
3124 5284 3139 5308 ,
3168 5252 3218 5298 et
3243 5245 3297 5298 in
3327 5243 3548 5298 retribu-

1961 5329 2146 5384 tionem
2173 5338 2221 5383 et
2247 5331 2299 5384 in
2328 5329 2665 5395 scandalum;
2705 5331 3034 5386 obscurentur
3073 5335 3208 5389 oculi
3245 5350 3450 5400 eorum,
3482 5351 3552 5389 ne

1958 5423 2176 5488 uideant,
2209 5433 2255 5477 et
2280 5423 2485 5478 dorsum
2503 5423 2711 5478 illorum
2723 5441 2920 5498 semper
2937 5427 3146 5481 incurva
3165 5425 3334 5500 (Psal.
3359 5441 3548 5496 vam,

1961 5516 2176 5604 22-24).
2205 5515 2338 5574 Cum
2364 5531 2538 5573 causa;
2572 5518 2748 5590 itaque
2776 5529 2974 5577 nostra:
3009 5518 3436 5591 praeclarissimis
3464 5526 3559 5590 te-_

2025 5699 2043 5767 ξ
2067 5703 2337 5767 ηδε-τωρ
2353 5705 2478 5767 nam
2707 5696 3204 5767 μίιέεεήοιηηίαρωην
3226 5703 3322 5767 διες

2024 5760 2044 5790 I
2069 5765 2174 5805 MSS.
2199 5756 2406 5805 Vaticani
2426 5765 2478 5807 et
2494 5756 2737 5816 Gallicani.
2762 5756 2878 5822 ﬁdei
2896 5772 3039 5823 quam
3056 5756 3283 5812 tenenius.
3305 5765 3364 5812 Et
3381 5770 3448 5811 ex
3467 5757 3555 5822 Μ

1961 5817 2173 5885 quidm,
2195 5815 2257 5870 ab
2277 5814 2413 5871 initio
2427 5817 2820 5887 laborioueﬁdei.

3562 5889 3638 5910 5..
