4124 6206
545 364 648 426 Ηυ

545 483 808 540 stiMOniis
846 482 1258 546 circumquaque
1299 475 1572 529 ambulant
1597 470 1764 526 oculis
1804 467 2122 532 obscuratis,

547 583 603 630 ut
626 589 722 647 per
745 589 837 628 eos
863 573 976 626 haec
1013 570 1304 641 probenmr
1328 610 1343 632 ,
1391 567 1478 621 ubi
1520 571 1574 619 et
1612 564 1708 633 ipsi
1755 560 2122 630 reprobanttir.

548 666 672 722 ideo
697 665 892 719 factum
921 672 1038 725 est,
1090 677 1156 716 ne
1185 663 1263 715 sic
1289 660 1595 714 delerentur
1617 697 1631 721 ,
1683 663 1741 709 ut
1768 654 1956 708 eadem
1982 660 2128 706 secta

552 756 768 810 omnino
808 755 948 808 nulla
981 761 1122 808 esset
1153 752 1169 784 ³
1198 767 1212 815 ;
1249 752 1341 805 sed
1370 750 1608 818 dispersa
1636 755 1719 802 est
1747 757 1909 814 super
1937 752 2125 807 terras,

551 857 606 900 ut
633 857 854 914 portans
900 846 954 900 in
993 860 1092 898 nos
1117 844 1327 898 collata:
1351 842 1537 912 gratiae
1567 838 1871 909 prophetias
1901 835 1967 890 ad
2005 849 2132 890 con-

549 939 834 995 vincendos
875 939 1078 992 ﬁrmius
1117 936 1378 1000 inﬁdeles,
1411 934 1564 988 nobis
1595 932 1788 1001 ubique
1830 929 2129 1001 prodesset.

547 1029 615 1083 Et
657 1030 758 1084 hoc
803 1031 975 1098 ipsum
1023 1028 1165 1098 quod
1210 1027 1328 1083 dico
1354 1070 1368 1093 ,
1421 1025 1643 1093 accipite
1683 1020 2131 1093 quemadmodum

547 1123 705 1178 fuerit
755 1123 1122 1192 prophetatum
1166 1141 1178 1176 :
1223 1121 1302 1175 Ne
1356 1119 1596 1173 occideris
1645 1133 1760 1178 eos,
1815 1115 2020 1184 inquit,
2072 1128 2137 1165 ne

553 1216 751 1282 quando
791 1215 1145 1268 obliviscantur
1175 1216 1332 1280 legem
1374 1224 1545 1277 tuam;
1581 1210 1812 1280 disperge
1840 1224 1923 1260 eos
1947 1207 2001 1258 in
2027 1204 2134 1257 vir-

551 1315 652 1357 tute
677 1313 763 1357 tuo
791 1303 960 1376 (Psal.
991 1321 1118 1358 Lvut
1143 1345 1155 1369 ,
1187 1303 1296 1375 12).
1322 1303 1440 1357 Non
1467 1309 1591 1355 sunt
1614 1315 1744 1369 ergo
1773 1296 1955 1363 occisi,
1989 1296 2040 1349 in
2071 1309 2138 1349 eo

549 1396 691 1465 quod
722 1411 826 1450 non
858 1407 978 1450 sunt
1005 1413 1123 1466 quae
1149 1396 1285 1465 apud
1315 1412 1406 1449 eos
1438 1396 1748 1464 legebantur
1774 1401 1828 1446 et
1850 1389 2140 1444 audieban-

553 1498 641 1540 tur
676 1487 846 1541 obliti.
885 1487 940 1542 Si
985 1489 1125 1542 enim
1168 1487 1467 1556 Soripturas
1492 1493 1704 1539 sanctas
1727 1525 1741 1548 ,
1782 1481 2022 1552 quamvis
2047 1491 2140 1532 cas

552 1591 661 1631 non
689 1579 1018 1647 intelligant,
1050 1578 1260 1646 penitus
1287 1577 1728 1630 obliviscerentur
1749 1615 1763 1638 ,
1799 1573 1851 1626 in
1895 1573 2011 1642 ipso
2041 1571 2137 1624 Ju-

554 1668 705 1724 daico
745 1670 850 1723 ritu
875 1669 1281 1733 occiderentur;
1329 1669 1451 1737 quia
1485 1683 1606 1721 cum
1637 1667 1790 1735 Legis
1817 1675 1871 1719 et
1901 1662 2141 1732 Prophe-

557 1767 729 1814 tarum
778 1759 910 1814 nihil
955 1769 1174 1815 nossent
1218 1760 1425 1823 Judmi,
1482 1759 1732 1830 prodesse
1760 1771 1862 1810 non
1901 1763 2139 1825 possent.

557 1851 698 1920 Ergo
721 1853 882 1906 occisi
923 1866 1029 1905 non
1069 1862 1227 1918 sunt,
1281 1851 1375 1905 sed
1418 1851 1646 1919 dispersi
1681 1869 1692 1902 ε
1724 1856 1778 1902 ιιι
1820 1846 2061 1917 quamvis
2090 1845 2143 1898 in

559 1946 665 2002 title
695 1949 739 2010 ³,
768 1946 907 2001 unde
931 1946 1060 2000 salvi
1092 1946 1301 2011 ﬁerent,
1335 1961 1439 2000 non
1465 1945 1754 2006 haberent;
1786 1950 1963 1995 tamen
2005 1938 2147 1993 unde

563 2049 663 2094 nos
712 2039 1126 2108 adjuvarcmur,
1177 2039 1434 2093 memoria
1490 2038 1821 2099 retinerent,
1870 2034 1924 2087 in
1972 2031 2148 2086 Libris

562 2129 940 2202 suifragatores
962 2174 976 2198 ,
1015 2132 1069 2186 in
1097 2131 1349 2187 cordibus
1379 2130 1547 2185 nostri
1592 2129 1774 2183 hostes
1798 2167 1815 2194 ,
1857 2126 1908 2180 in
1945 2123 2148 2179 codici—

560 2223 662 2278 bus
687 2231 870 2279 testes.

633 2314 857 2370 CAPUT
881 2315 995 2371 Vil.
1013 2347 1083 2358 -—
1097 2318 1182 2372 10.
1202 2316 1377 2370 Totius
1394 2316 1570 2368 mutuli
1587 2314 1711 2382 ﬁdes
1727 2315 1777 2367 in
1795 2313 2047 2366 Christum
2066 2311 2153 2363 mi-

561 2405 787 2459 rabiliter
798 2408 1084 2462 conciliata.
1109 2408 1420 2476 Quanquam
1434 2405 1592 2459 ctiam
1615 2407 1657 2458 si
1680 2405 1745 2459 de
1758 2403 1970 2458 Christo
1983 2409 2035 2457 et
2052 2401 2154 2455 Et:-

564 2499 722 2557 clesia
745 2499 1042 2553 testimonia
1061 2501 1198 2552 nulla
1221 2499 1607 2570 praecederent,
1629 2511 1784 2565 quem
1814 2512 1916 2549 non
1941 2509 2155 2548 movere

565 2586 788 2643 deberet
813 2596 869 2642 ut
889 2589 1151 2654 crederet,
1171 2599 1389 2657 repente
1414 2589 1648 2643 illuxisse
1669 2587 1898 2641 divinam
1925 2587 2156 2639 humano

567 2679 750 2749 generi
789 2679 1105 2747 claritatem,
1134 2682 1346 2750 quando
1368 2682 1606 2736 videmus
1632 2680 1829 2734 relictis
1855 2679 1957 2732 diis
1987 2677 2153 2742 falsis,

570 2775 624 2824 et
649 2784 832 2824 eorum
857 2769 1143 2825 confractis
1191 2787 1569 2842 usquequaque
1596 2769 1914 2835 simulacris,
1945 2768 2158 2838 templis

571 2859 874 2925 subvenis,
917 2862 1030 2916 sive
1059 2863 1109 2916 in
1152 2878 1279 2917 usus
1321 2864 1456 2919 alios
1494 2863 1868 2926 commutatis,
1913 2869 2070 2930 atque
2093 2858 2161 2914 ab

573 2950 803 3005 humana
833 2954 1262 3008 veternosissima
1289 2956 1672 3010 consuetudine
1698 2964 1776 3009 tot
1801 2953 1952 3007 vanis
1971 2951 2161 3008 ritibus

574 3044 900 3114 exstirpatis,
928 3061 1089 3100 unum
1113 3057 1298 3102 verum
1327 3049 1492 3101 Deum
1523 3048 1590 3102 ab
1612 3047 1860 3101 omnibus
1891 3043 2164 3100 invocari!

574 3133 643 3190 Et
671 3135 772 3190 hoc
798 3149 918 3191 esse
944 3137 1138 3193 factum
1163 3153 1258 3208 per
1281 3155 1440 3194 unum
1473 3139 1741 3194 hominem
1766 3138 1833 3192 ab
1861 3135 2165 3192 hominibus

575 3227 813 3295 illusum,
836 3232 1304 3298 comprehensum,
1335 3232 1588 3295 vinctum,
1615 3229 1955 3299 ﬂagellatum,
1985 3228 2166 3298 expal-

578 3329 779 3373 matum
809 3320 851 3385 ³,
884 3321 1283 3389 exprobratum,
1309 3322 1642 3386 crucifixum,
1675 3323 1911 3375 occisum
1948 3339 1960 3374 :
1994 3319 2157 3374 disci-

577 3409 720 3478 pulla
742 3409 879 3479 ejus,
920 3426 1055 3479 quos
1081 3411 1269 3466 idiotas
1295 3455 1307 3472 .
1341 3420 1395 3466 ct
1438 3413 1711 3480 imperitos
1731 3454 1743 3474 ,
1771 3423 1822 3465 ct
1854 3411 2164 3480 piscatores,

581 3508 639 3555 et
665 3500 971 3569 publicanos
995 3545 1010 3569 ,
1062 3519 1155 3572 per
1181 3519 1314 3573 quos
1343 3505 1456 3572 ejus
1501 3505 1858 3573 magisterium
1889 3507 2165 3559 commen-

581 3589 832 3656 daretur,
873 3593 1035 3662 elegit
1058 3636 1073 3660 ,
1105 3595 1534 3649 annuutiautibus
1559 3596 1674 3664 ejus
1699 3597 2164 3668 resurrectionem,

580 3682 988 3748 ascettsionem,
1033 3699 1189 3754 quam
1223 3701 1279 3738 se
1312 3685 1504 3738 vidisse
1545 3686 1824 3752 dixerunt,
1871 3696 1924 3741 et
1965 3686 2169 3755 impleti

584 3771 783 3845 Spiritu
803 3783 1004 3842 sancto,
1028 3775 1126 3830 hoc
1153 3775 1496 3846 Evangeiium
1528 3778 1718 3847 linguis
1745 3779 2011 3847 omnibus,
2037 3793 2170 3849 quas

581 3880 692 3921 non
721 3865 1032 3932 didicerant,
1065 3877 1377 3922 sonuerunt.
1411 3870 1554 3934 Quos
1579 3871 1665 3938 qui
1697 3869 2012 3937 audierunt,
2044 3886 2171 3940 par-

585 3956 682 4012 tim
707 3957 1068 4022 crediderunt,
1098 3960 1290 4028 partim
1321 3975 1425 4013 non
1451 3961 1729 4015 credentes
1760 3962 2171 4029 prmdicantibus

587 4047 838 4106 ferociter
879 4051 1209 4105 restiterunt.
1256 4052 1329 4105 ita
1371 4052 1613 4106 ﬁdelibus
1641 4069 1808 4123 usque
1839 4054 1902 4108 ad
1942 4062 2170 4108 mortem

587 4153 686 4208 pro
716 4139 938 4195 veritate
957 4181 970 4205 ,
1001 4155 1105 4195 non
1134 4143 1267 4196 mala
1292 4144 1669 4211 rependendo,
1701 4146 1796 4200 sed
1827 4147 2174 4215 perpetienda

590 4231 946 4298 certantibus,
989 4245 1088 4287 nec
1113 4235 1408 4290 occidendo
1431 4278 1445 4301 ,
1478 4237 1572 4290 sed
1599 4238 1875 4292 moriendo
1911 4239 2175 4293 vincenti-

589 4318 730 4387 bus;
771 4322 849 4377 sic
893 4323 944 4377 in
986 4324 1140 4377 istam
1173 4325 1486 4395 religionem
1525 4337 1756 4382 mutatus
1800 4337 1880 4382 est
1923 4329 2174 4398 mundus,

591 4411 672 4466 sic
701 4411 770 4467 ad
811 4412 912 4468 hoc
955 4412 1301 4486 Evangelium
1343 4418 1503 4472 corda
1549 4433 1805 4474 conversa
1848 4421 2174 4488 mortalium,

500 4524 504 4534 ·
593 4503 821 4558 marium
842 4513 897 4560 ot
917 4503 1263 4575 feminarum,
1297 4511 1637 4577 parvulorum
1664 4517 1821 4580 atque
1843 4523 2176 4579 magnorum,

593 4595 872 4652 doctorum
897 4607 952 4653 et
979 4599 1343 4666 indoctorum,
1375 4601 1689 4671 sapientium
1715 4609 1769 4656 et
1796 4602 2176 4670 insipientium,

595 4689 891 4756 potentium
923 4699 976 4744 et
998 4691 1352 4760 inﬁrmorum,
1381 4693 1635 4747 nobilium
1657 4703 1708 4747 et
1733 4692 2059 4763 ignobilium,
2091 4709 2183 4748 exs

596 4779 864 4836 o'oiaorum
886 4792 940 4838 ot
961 4782 1238 4840 humilium
1259 4827 1273 4852 ,
1316 4791 1370 4840 et
1403 4799 1496 4854 per
1522 4800 1706 4839 omnes
1730 4793 1919 4854 gentes
1943 4785 2181 4839 Ecclesia

798 4935 1017 4996 potiores
1031 4943 1136 4994 Mss.
1165 4909 1224 4990 at
1238 4937 1377 5000 editi,
1400 4945 1453 4992 ut
1475 4939 1644 4992 eadem
1677 4943 1807 5004 facta
1840 4945 2031 4997 auaritia
2047 4947 2183 4999 nulla

604 5093 606 5096 ,
657 5056 684 5128 ἐ
702 5056 862 5128 gadet:
884 5059 1149 5128 vatieanus,
1173 5067 1229 5112 ut
1254 5064 1466 5125 φιωηυίδ
1486 5062 1652 5128 ﬁdem-

599 5115 844 5225 fa71;.Egditi,
864 5115 1196 5196 εωδροιὶαιιιξη.
1222 5115 1279 5178 At'
1301 5135 1423 5188 mss,
1451 5115 1777 5193 malum
1789 5143 1809 5192 ;
1830 5131 1959 5194 quod
1977 5134 2184 5185 verbum

697 5173 835 5225 litare
859 5188 935 5225 est
953 5191 1231 5225 Αιιριιςιιιιη

697 5173 838 5226 iiiare'
859 5188 935 5229 est
952 5173 1232 5246 Rugustino.

991 360 1078 418 DE
1118 359 1271 416 FIDE
1312 357 1550 414 RERUM
1589 351 1753 423 QUAE
1791 349 1926 408 NON
1965 343 2329 415 VlDENTUB,
2369 347 2425 402 S.
2468 344 2832 402 AUGUSTINI
2878 343 3080 418 LIIBER
3116 339 3315 399 UNUS.

2232 460 2422 516 dill‘usa
2461 460 2539 514 sic
2575 459 2772 524 crevit,
2805 467 2863 511 ut
2886 458 3048 512 etiam
3078 465 3261 510 contra
3305 455 3472 523 ipsum
3499 451 3813 512 catholicam

2235 552 2392 606 [idem
2423 549 2566 605 nulla
2612 558 2756 604 secta
2785 562 3035 618 perversa
3056 587 3070 612 ,
3111 547 3311 600 nullum
3350 558 3517 613 genus
3548 543 3816 602 exoriatur

2235 642 2456 705 erroris,
2481 640 2624 709 quod
2652 641 2721 694 ita
2749 638 3049 707 reperiatur
3068 636 3372 692 christiana:
3397 634 3606 692 veritati
3626 633 3814 692 advari

2237 731 2380 796 sari,
2429 740 2486 786 nt
2529 747 2635 785 non
2679 730 2892 784 aii‘ectet
2929 740 3090 798 atque
3127 728 3326 784 ambiat
3366 726 3565 784 Christi
3603 728 3818 784 nomine

2237 823 2456 892 gloriari
2492 838 2504 874 :
2535 821 2678 890 quod
2715 821 2931 891 quidem
2980 836 3084 874 non
3123 820 3390 876 sineretur
3439 817 3693 886 pullulare
3729 832 3818 886 per

2241 922 2457 976 terram,
2489 912 2592 966 nisi
2619 919 2899 966 exerceret
2918 924 3101 967 sanam
3127 918 3182 966 et
3211 909 3324 978 ipsa
3350 906 3698 966 contradictio
3743 906 3819 965 di-

2241 1003 2540 1072 sciplinam.
2579 1000 2804 1069 Quando
2829 1009 3030 1057 tantum
3074 996 3362 1057 cruciﬁxus
3409 997 3499 1056 ille
3541 996 3814 1066 potuisset,

2243 1094 2346 1148 nisi
2389 1093 2528 1148 Deus
2581 1091 2851 1148 hominem
2899 1089 3258 1158 suscepisset,
3305 1087 3516 1146 etiamsi
3561 1085 3702 1146 nulla
3729 1101 3821 1155 per

2242 1185 2538 1255 Prophetas
2584 1183 2760 1239 futura
2806 1183 2928 1239 talia
2977 1180 3344 1249 praedixisset?
3389 1180 3522 1236 Cum
3561 1193 3689 1238 vero
3718 1187 3821 1234 tam

2242 1291 2494 1348 magnum
2523 1277 2734 1347 pietatis
2752 1281 3146 1332 sacramentum
3185 1272 3430 1332 habuerit
3451 1269 3821 1330 antecedentes

2244 1380 2395 1426 vates
2419 1385 2544 1426 suos
2573 1371 2590 1404 ³
2615 1377 2777 1438 atque
2797 1382 3076 1438 praecones
3094 1408 3108 1430 .
3141 1376 3367 1435 quorum
3397 1365 3588 1424 divinis
3609 1363 3822 1422 vocibus

2246 1471 2331 1517 est
2359 1460 2765 1530 praenuntiatum
2790 1499 2806 1523 ,
2837 1465 2892 1514 et
2931 1459 3008 1510 sic
3041 1457 3244 1517 verterit
3268 1453 3714 1526 quemadmodum
3742 1460 3824 1516 est.

2245 1553 2680 1623 praenuntiatum,
2711 1551 2828 1619 quis
2858 1551 2926 1606 ita
2955 1550 3020 1608 sit
3057 1549 3311 1614 demensI
3338 1556 3396 1606 nt
3430 1547 3572 1608 dicat
3597 1548 3824 1616 Aposto-

2246 1645 2328 1700 ios
2353 1645 2421 1700 de
2439 1644 2653 1700 Christo
2680 1642 2842 1700 fuisse
2865 1642 3136 1705 mentitas.
3161 1653 3319 1710 quom
3349 1640 3427 1700 sio
3451 1639 3664 1699 venisse
3687 1651 3824 1706 prta-

2248 1735 2590 1801 dicaverunt,
2619 1731 3069 1803 quemadmodum
3098 1747 3220 1790 eum
3248 1740 3529 1792 venturum
3551 1727 3833 1799 Propheta

2249 1835 2374 1882 ante
2422 1825 2816 1895 praedixerunt,
2867 1824 2960 1894 qui
3005 1838 3102 1880 nec
3129 1823 3196 1883 de
3240 1823 3366 1892 ipsis
3396 1821 3666 1891 Apostoiis
3708 1835 3832 1881 vero

2251 1917 2423 1971 l'utura
2451 1915 2772 1970 tacuerunt?
2811 1915 2888 1968 De
2922 1914 3005 1972 itis
3027 1914 3223 1983 quippe
3249 1913 3494 1972 dixerant
3526 1931 3539 1968 :
3575 1910 3698 1970 Non
3717 1919 3836 1972 aaut

2253 2008 2464 2077 loquelas
2488 2022 2646 2075 neque
2679 2021 2932 2062 sermones
2952 2046 2965 2070 ,
3010 2021 3227 2073 quorum
3263 2021 3362 2058 non
3399 2004 3674 2062 audiuntur
3697 2012 3838 2063 rosea

2254 2115 2429 2154 eorum
2447 2118 2465 2163 ;
2485 2100 2539 2154 in
2563 2114 2762 2154 omnem
2787 2108 2972 2154 terram
2997 2098 3149 2154 emittit
3169 2113 3322 2153 sonus
3345 2112 3539 2162 eorum,
3563 2107 3608 2152 ot
3633 2095 3688 2150 in
3713 2096 3840 2164 ﬁrm

2255 2192 2390 2257 orbis
2412 2199 2558 2245 terra
2585 2190 2732 2244 verba
2755 2205 2926 2246 eorum
2954 2188 3123 2259 (Psal.
3143 2205 3289 2253 XVIII,
3305 2190 3397 2244 det
3413 2189 3489 2258 5).
3518 2188 3669 2254 Quod
3694 2196 3842 2245 certa

2258 2282 2310 2338 in
2345 2281 2478 2336 orbe
2526 2281 2766 2336 videmus
2805 2280 3116 2349 impletum,
3166 2281 3265 2336 etsi
3306 2280 3358 2336 in
3402 2295 3562 2335 carne
3601 2278 3840 2340 nondum

2259 2375 2487 2430 vidimus
2512 2373 2805 2429 Christum.
2837 2373 2966 2440 Quis
2993 2373 3169 2442 itaque
3193 2372 3296 2428 nisi
3323 2371 3550 2428 mirabili
3580 2369 3846 2434 dementia

2261 2476 2488 2522 emeatus
2510 2505 2526 2528 ,
2573 2473 2665 2522 aut
2712 2463 2938 2520 mirabili
2979 2462 3270 2532 pertinacia
3314 2461 3482 2520 durus
3513 2476 3576 2518 ac
3619 2461 3844 2537 ferreus.

2262 2557 2393 2614 nolit
2419 2556 2615 2614 habere
2657 2557 2823 2612 sacris
2865 2555 3086 2611 Litteris
3115 2553 3276 2612 [idem
3299 2593 3314 2618 .
3358 2569 3478 2624 quin
3505 2554 3666 2610 totius
3697 2551 3846 2614 orbi!

2264 2648 2631 2720 praedixerunt
2661 2647 2857 2703 (idem?

2334 2738 2557 2794 CAPUT
2578 2737 2710 2793 Vill.
2726 2767 2799 2779 ——
2824 2738 2910 2792 ii.
2932 2737 3013 2792 Ad
3035 2737 3154 2805 ﬁdei
3171 2736 3473 2792 inamabilem
3487 2733 3851 2794 observantiam

2265 2830 2564 2888 cohortatio.
2595 2828 2702 2883 Vos
2722 2837 2922 2893 autem,
2947 2827 3266 2892 charissimi,
3295 2827 3385 2895 qui
3408 2826 3546 2882 hanc
3571 2825 3731 2882 [idem
3758 2824 3853 2884 itan

2267 2921 2425 2988 botis,
2443 2922 2526 2981 vel
2545 2923 2634 2991 qui
2652 2937 2791 2978 nunc
2803 2935 2993 2976 novam
3017 2921 3213 2977 habere
3231 2920 3490 2989 cmplstis,
3513 2919 3776 2975 nutriatur
3795 2924 3853 2978 et

2268 3021 2476 3072 crescat
2495 3013 2548 3066 in
2571 3012 2740 3068 vobis.
2768 3012 2918 3068 Sicut
2939 3012 3081 3066 enim
3105 3019 3362 3067 venerunt
3380 3010 3690 3079 temporalia
3707 3017 3855 3068 tanta

2270 3117 2394 3160 ante
2419 3103 2670 3172 praedicta
2686 3105 2730 3169 ⁸,
2761 3104 2974 3159 venient
3001 3113 3055 3158 et
3080 3103 3401 3172 sempiterna
3428 3102 3707 3171 promissa.
3744 3099 3856 3159 Noti

2271 3211 2365 3252 vos
2395 3195 2662 3265 decipiant
2699 3196 2785 3250 vel
2824 3195 2944 3250 vani
2971 3195 3201 3265 Pagani,
3243 3195 3328 3249 vel
3374 3193 3493 3249 falsi
3534 3193 3740 3252 Judaii.
3771 3193 3859 3250 vei

2273 3287 2482 3342 fallaces
2509 3286 2761 3350 haeretici,
2790 3302 2890 3341 nec
2909 3301 3014 3340 non
3036 3286 3089 3340 in
3119 3287 3232 3356 ipsa
3258 3283 3527 3342 Catholica
3548 3284 3668 3340 mali
3696 3282 3861 3344 Οιιτι..

2273 3377 2459 3441 stiani,
2492 3386 2636 3432 tanta
2661 3376 2995 3433 nocentiores
3023 3418 3038 3442 ,
3070 3386 3270 3445 quanto
3312 3376 3594 3432 interiores
3636 3374 3861 3434 inimicit

2274 3470 2408 3536 Quia
2453 3478 2509 3525 et
2551 3468 2674 3526 hinc
2713 3483 2781 3524 ne
2823 3468 3263 3538 perturbarentur
3308 3468 3536 3534 inﬁrmi,
3584 3466 3865 3537 prophetia

2275 3560 2452 3615 divina
2478 3575 2585 3614 non
2617 3559 2779 3612 Iacuit
2797 3598 2812 3623 ,
2843 3558 2930 3612 ubi
2957 3558 3183 3628 loquens
3204 3559 3256 3612 in
3281 3556 3502 3614 Cantica
3533 3557 3864 3617 canticorum

2275 3665 2504 3720 sponsus
2530 3650 2597 3704 ad
2637 3665 2886 3718 sponsam
2913 3690 2928 3715 ,
2978 3649 3030 3704 id
3075 3661 3188 3712 est,
3233 3649 3476 3705 Christus
3515 3650 3775 3706 Dominus
3795 3647 3867 3707 ad

2277 3742 2571 3800 Ecclesium
2600 3760 2612 3795 :
2648 3742 2791 3796 Sicut
2819 3742 3018 3807 lilium,
3049 3743 3249 3810 inquit,
3283 3743 3333 3796 in
3360 3742 3526 3798 modio
3569 3742 3865 3811 spinarum;

2275 3834 2348 3890 ita
2383 3834 2614 3902 proxima
2654 3848 2764 3886 mea
2789 3833 2842 3888 in
2871 3832 3034 3886 medio
3055 3833 3282 3900 ﬁliarum
3322 3833 3492 3900 (Cant.
3521 3848 3556 3887 ιι
3582 3870 3599 3897 ,
3625 3831 3704 3903 2).
3748 3831 3871 3891 Non

2278 3927 2442 3993 dixit,
2475 3928 2528 3982 in
2557 3925 2732 3981 medio
2753 3935 3162 3990 extraneorum;
3194 3925 3310 3992 sed,
3341 3927 3395 3980 in
3417 3926 3581 3982 media
3611 3925 3870 3994 ﬁliai-aute

2281 4021 2382 4088 Qui
2429 4021 2577 4076 habet
2620 4035 2769 4076 aurea
2815 4019 3089 4086 audiendi,
3145 4019 3367 4075 audiat:
3395 4029 3447 4074 et
3497 4018 3620 4075 dum
3669 4025 3876 4088 sagem

2281 4130 2398 4184 quae
2425 4112 2587 4170 missa
2615 4122 2700 4170 est
2729 4112 2782 4166 in
2811 4127 2992 4178 mare,
3031 4122 3086 4168 et
3124 4121 3412 4182 congregat
3455 4111 3633 4168 omnia
3670 4126 3876 4182 geriem

2283 4208 2507 4278 piscium
2533 4248 2548 4273 ,
2592 4208 2728 4262 sicut
2764 4215 3004 4263 satiatum
3032 4206 3267 4274 loquitur
3293 4205 3634 4276 Evangelium
3656 4245 3672 4268 ,
3706 4203 3880 4262 trahi~

2285 4310 2370 4357 tur
2398 4301 2464 4355 ad
2505 4300 2650 4354 littus
2671 4337 2685 4363 ,
2714 4299 2767 4353 id
2802 4309 2884 4354 est
2901 4340 2918 4366 ,
2955 4299 3022 4354 ad
3044 4299 3224 4356 saeculi
3261 4299 3420 4355 tinem
3442 4340 3458 4365 ,
3485 4307 3732 4354 secernat
3754 4313 3822 4354 se
3845 4313 3878 4366 ι

2287 4392 2520 4463 piscibus
2561 4391 2714 4446 malis
2738 4431 2752 4454 ,
2792 4391 2988 4458 corde,
3040 4408 3146 4446 non
3181 4407 3444 4461 corpore;
3483 4406 3658 4446 moros
3697 4391 3882 4448 malos

2288 4481 2567 4545 mutando,
2616 4496 2722 4544 non
2770 4482 2903 4538 retia
2941 4491 3122 4538 sancta
3151 4482 3450 4553 rumpenda
3477 4500 3491 4538 :
3519 4497 3590 4537 ne
3613 4482 3708 4552 Qui
3734 4495 3884 4540 nnc

2290 4571 2494 4643 probati
2532 4572 2771 4641 reprobis
2801 4571 3050 4628 videntur
3086 4588 3208 4630 esse
3237 4574 3522 4643 permixti,
3551 4588 3658 4629 non
3685 4575 3880 4638 vitam;

2288 4665 2380 4720 sed
2411 4680 2620 4733 plenam
2648 4665 2667 4696 ³
2698 4665 2964 4733 reperiant
2997 4667 3372 4735 sempiternam
3399 4708 3414 4731 ,
3459 4681 3581 4722 cum
3611 4667 3886 4737 ceperint

2289 4755 2342 4810 in
2374 4756 2551 4815 littore
2578 4755 2811 4824 separari
2837 4754 3049 4826 (Matth.
3079 4769 3177 4813 xm
3203 4799 3218 4821 ,
3245 4757 3300 4824 9,
3333 4756 3548 4829 47-50).

2353 4953 2370 4984 ί
2409 4951 2546 5022 Fditi,
2565 5020 2572 5022 Α
2592 4956 2731 5014 (dque
2759 4950 3006 5003 credentes
3028 4957 3157 5003 eatea
3186 4965 3314 5004 suos.
3355 4953 3659 5015 cutiganttr
3689 4951 3892 5001 auxilio

2289 5020 2735 5074 manseriptorum.

2354 5074 2376 5104 ³
2397 5073 2540 5134 Mss,
2553 5079 2684 5124 tanta
2705 5073 2982 5136 prtedirta;
3005 5077 3199 5134 omisso,
3222 5079 3348 5124 ante.

2353 5138 2376 5171 ³
2408 5134 2852 5208 Nonnullicodices,
2877 5144 2926 5188 ut
2951 5134 3033 5200 aui
3052 5150 3177 5208 nauta
3197 5136 3390 5208 probati
3403 5134 3626 5201 reprabia
3656 5134 3896 5186 uideam

2287 5212 2388 5252 esse
2409 5198 2665 5263 permixti,
2688 5213 2782 5252 non
2817 5198 3034 5265 plenam,
3051 5198 3136 5254 sed
3160 5198 3322 5251 vitam.

630 5324 955 5334 w———-——-
3433 5325 3439 5332 ⁸

1188 5333 1393 5343 ___...
1492 5338 1696 5345 _._..--.-
1724 5341 2003 5349 ...η-,η-μ-
2030 5343 2057 5349 _-
2160 5344 2433 5351 “__w
2526 5346 2537 5349 -
2878 5348 2891 5349 γ
2924 5345 3087 5349 ,,,_,_-,
3140 5345 3281 5349 _,,,,
3302 5344 3321 5348 -
3372 5346 3429 5347 ην
3524 5343 3577 5347 .-
3698 5343 3721 5347 -.
3838 5346 3841 5347 ν

609 5318 3888 5387 M
1226 5362 1277 5370 .-
1288 5364 1941 5379 m»~—————-—
1959 5370 2119 5379 ——
2134 5371 2923 5380 ___—___.
2946 5370 3857 5380 ___—___...

687 5505 1024 5593 bilibrem
1050 5507 1130 5593 de
1156 5508 1308 5570 Fide
1337 5515 1399 5572 et
1424 5513 1726 5592 Symbolo
1755 5514 1895 5574 cide
1924 5512 2030 5575 lib.
2071 5515 2128 5587 1,
2164 5533 2298 5593 cap.
2343 5516 2440 5588 17,
2477 5513 3049 5587 Retractationum,
3085 5513 3322 5593 tam._1,
3357 5511 3479 5573 cal.
3504 5506 3649 5582 619,
3681 5525 3722 5568 a
3748 5517 3904 5568 om

605 5584 718 5660 bis,
749 5589 869 5648 Per
899 5589 1062 5649 idem
1105 5591 1382 5666 tempus,
1419 5584 1608 5672 usque
1640 5595 1720 5654 ad
1743 5594 1928 5656 verba
1957 5593 2075 5654 col.
2114 5584 2262 5667 ⁷613,
2301 5584 2620 5670 Quoniam
2653 5595 2960 5671 scriptum
2993 5584 3110 5656 est.
3195 5591 3280 5653 Μ.

587 5831 601 5868 i

615 5823 740 5839 ___
2159 5824 2162 5828 .
3337 5819 3361 5862 η
3459 5819 3464 5822 .
3581 5819 3592 5822 π
