  <div class='ocr_page' id='page_1' title='image "/cluster/home/n/w/nwhite01/storage/ocr_20150623/40/hvd.32044096580626/098.png"; bbox 0 0 4124 6206; ppageno 0'>
   <div class='ocr_carea' id='block_1_1' title="bbox 378 357 737 368">
    <p class='ocr_par' dir='ltr' id='par_1_1' title="bbox 378 357 737 368">
     <span class='ocr_line' id='line_1_1' title="bbox 378 357 737 368; baseline 0 -2"><span class='ocrx_word' id='word_1_1' title='bbox 378 357 737 368; x_wconf 73' lang='lat'><strong>—_———.—</strong></span> 
     </span>
    </p>
   </div>
   <div class='ocr_carea' id='block_1_2' title="bbox 292 351 3578 412">
    <p class='ocr_par' dir='ltr' id='par_1_2' title="bbox 292 351 3578 412">
     <span class='ocr_line' id='line_1_2' title="bbox 292 351 3578 412; baseline -0.002 0"><span class='ocrx_word' id='word_1_2' title='bbox 292 351 3578 412; x_wconf 38' lang='grc' dir='ltr'>ψ</span> 
     </span>
     <span class='ocr_line' id='line_1_3' title="bbox 1685 393 2074 404; baseline -0.005 -2"><span class='ocrx_word' id='word_1_3' title='bbox 1685 393 2074 404; x_wconf 56' lang='grc' dir='ltr'><strong>*ψ</strong></span> 
     </span>
    </p>
   </div>
   <div class='ocr_carea' id='block_1_3' title="bbox 818 393 3067 594">
    <p class='ocr_par' dir='ltr' id='par_1_3' title="bbox 818 393 3067 594">
     <span class='ocr_line' id='line_1_4' title="bbox 818 393 3067 594; baseline -0.002 0"><span class='ocrx_word' id='word_1_4' title='bbox 818 393 3067 594; x_wconf 58' lang='lat' dir='ltr'><strong>mﬁmceusrm</strong></span> 
     </span>
    </p>
   </div>
   <div class='ocr_carea' id='block_1_4' title="bbox 975 657 2606 790">
    <p class='ocr_par' dir='ltr' id='par_1_4' title="bbox 975 657 2606 790">
     <span class='ocr_line' id='line_1_5' title="bbox 975 657 2606 790; baseline -0.001 -47"><span class='ocrx_word' id='word_1_5' title='bbox 975 783 980 790; x_wconf 12' lang='grc' dir='ltr'><strong><em>ν</em></strong></span> <span class='ocrx_word' id='word_1_6' title='bbox 1125 783 1148 790; x_wconf 9' lang='lat' dir='ltr'><strong>I_</strong></span> <span class='ocrx_word' id='word_1_7' title='bbox 1257 657 2042 790; x_wconf 18' lang='lat' dir='ltr'><strong>HIPPONENSIS‘</strong></span> <span class='ocrx_word' id='word_1_8' title='bbox 2076 660 2606 790; x_wconf 19' lang='lat' dir='ltr'><strong>EPIISCOPI</strong></span> 
     </span>
    </p>
   </div>
   <div class='ocr_carea' id='block_1_5' title="bbox 692 786 3204 1132">
    <p class='ocr_par' dir='ltr' id='par_1_5' title="bbox 692 786 3204 1132">
     <span class='ocr_line' id='line_1_6' title="bbox 692 786 3204 1132; baseline -0.002 -176"><span class='ocrx_word' id='word_1_9' title='bbox 692 786 1014 956; x_wconf 80' lang='lat' dir='ltr'><strong>DE</strong></span> <span class='ocrx_word' id='word_1_10' title='bbox 1093 787 2044 1132; x_wconf 50' lang='lat' dir='ltr'><strong>FIDEwET</strong></span> <span class='ocrx_word' id='word_1_11' title='bbox 2107 786 3204 1103; x_wconf 54' lang='grc' dir='ltr'><strong>ῗΥΜΒΟΙλΟ</strong></span> 
     </span>
    </p>
   </div>
   <div class='ocr_carea' id='block_1_6' title="bbox 1719 1202 2144 1263">
    <p class='ocr_par' dir='ltr' id='par_1_6' title="bbox 1719 1202 2144 1263">
     <span class='ocr_line' id='line_1_7' title="bbox 1719 1202 2144 1263; baseline -0.014 0"><span class='ocrx_word' id='word_1_12' title='bbox 1719 1202 2144 1263; x_wconf 62' lang='lat' dir='ltr'><strong>em</strong></span> 
     </span>
    </p>
   </div>
   <div class='ocr_carea' id='block_1_7' title="bbox 342 1301 3550 1432">
    <p class='ocr_par' dir='ltr' id='par_1_7' title="bbox 342 1301 3550 1432">
     <span class='ocr_line' id='line_1_8' title="bbox 342 1301 3550 1432; baseline -0.003 -61"><span class='ocrx_word' id='word_1_13' title='bbox 342 1317 551 1383; x_wconf 71' lang='lat' dir='ltr'><strong>Symbdi</strong></span> <span class='ocrx_word' id='word_1_14' title='bbox 569 1318 727 1381; x_wconf 78' lang='lat' dir='ltr'><strong>capita</strong></span> <span class='ocrx_word' id='word_1_15' title='bbox 745 1314 940 1378; x_wconf 75' lang='lat' dir='ltr'><strong>singula</strong></span> <span class='ocrx_word' id='word_1_16' title='bbox 958 1312 1176 1364; x_wconf 61' lang='lat' dir='ltr'><strong>curiae</strong></span> <span class='ocrx_word' id='word_1_17' title='bbox 1199 1309 1503 1375; x_wconf 75' lang='lat' dir='ltr'><strong>explicantur</strong></span> <span class='ocrx_word' id='word_1_18' title='bbox 1516 1339 1534 1372; x_wconf 79' lang='lat'><strong>,</strong></span> <span class='ocrx_word' id='word_1_19' title='bbox 1556 1320 1672 1362; x_wconf 79' lang='lat' dir='ltr'><strong>cum</strong></span> <span class='ocrx_word' id='word_1_20' title='bbox 1690 1301 2170 1432; x_wconf 39' lang='grc' dir='ltr'><strong>ξιξ.ᾮᾶξῇ</strong></span> <span class='ocrx_word' id='word_1_21' title='bbox 2188 1303 2438 1357; x_wconf 62' lang='lat' dir='ltr'><strong>(natalicia</strong></span> <span class='ocrx_word' id='word_1_22' title='bbox 2467 1304 2855 1368; x_wconf 62' lang='lat' dir='ltr'><strong>adversantium,</strong></span> <span class='ocrx_word' id='word_1_23' title='bbox 2881 1313 2933 1358; x_wconf 90' lang='lat' dir='ltr'><strong>et</strong></span> <span class='ocrx_word' id='word_1_24' title='bbox 2950 1310 3160 1360; x_wconf 78' lang='lat' dir='ltr'><strong>maxime</strong></span> <span class='ocrx_word' id='word_1_25' title='bbox 3182 1311 3550 1362; x_wconf 65' lang='lat' dir='ltr'><strong>Maniehreorum</strong></span> 
     </span>
    </p>
   </div>
   <div class='ocr_carea' id='block_1_8' title="bbox 351 1477 1870 1550">
    <p class='ocr_par' dir='ltr' id='par_1_8' title="bbox 351 1477 1870 1550">
     <span class='ocr_line' id='line_1_9' title="bbox 351 1477 1870 1550; baseline -0.008 -10"><span class='ocrx_word' id='word_1_26' title='bbox 351 1485 578 1541; x_wconf 85' lang='lat' dir='ltr'><strong>CAPUT</strong></span> <span class='ocrx_word' id='word_1_27' title='bbox 623 1483 902 1540; x_wconf 67' lang='lat' dir='ltr'><strong>PRIMUM.</strong></span> <span class='ocrx_word' id='word_1_28' title='bbox 935 1513 1004 1524; x_wconf 87' lang='lat'><strong>—-</strong></span> <span class='ocrx_word' id='word_1_29' title='bbox 1020 1485 1073 1538; x_wconf 68' lang='grc' dir='ltr'><strong>λι.</strong></span> <span class='ocrx_word' id='word_1_30' title='bbox 1098 1483 1224 1547; x_wconf 63' lang='lat' dir='ltr'><strong>Quae</strong></span> <span class='ocrx_word' id='word_1_31' title='bbox 1251 1498 1409 1537; x_wconf 76' lang='lat' dir='ltr'><strong>causa</strong></span> <span class='ocrx_word' id='word_1_32' title='bbox 1431 1488 1478 1535; x_wconf 83' lang='lat' dir='ltr'><strong>et</strong></span> <span class='ocrx_word' id='word_1_33' title='bbox 1493 1494 1677 1550; x_wconf 67' lang='lat' dir='ltr'><strong>scopas</strong></span> <span class='ocrx_word' id='word_1_34' title='bbox 1703 1477 1870 1548; x_wconf 70' lang='lat' dir='ltr'><strong>operis</strong></span> 
     </span>
    </p>
   </div>
   <div class='ocr_carea' id='block_1_9' title="bbox 283 1570 1874 1648">
    <p class='ocr_par' dir='ltr' id='par_1_9' title="bbox 283 1570 1874 1648">
     <span class='ocr_line' id='line_1_10' title="bbox 283 1570 1874 1648; baseline -0.006 -14"><span class='ocrx_word' id='word_1_35' title='bbox 283 1579 565 1648; x_wconf 66' lang='grc' dir='ltr'><strong>ρτωεειιιὶε.</strong></span> <span class='ocrx_word' id='word_1_36' title='bbox 614 1577 872 1644; x_wconf 84' lang='lat' dir='ltr'><strong>Quoniam</strong></span> <span class='ocrx_word' id='word_1_37' title='bbox 919 1577 1180 1644; x_wconf 80' lang='lat' dir='ltr'><strong>scriptum</strong></span> <span class='ocrx_word' id='word_1_38' title='bbox 1231 1584 1314 1631; x_wconf 82' lang='lat' dir='ltr'><strong>est</strong></span> <span class='ocrx_word' id='word_1_39' title='bbox 1351 1583 1406 1630; x_wconf 90' lang='lat' dir='ltr'><strong>et</strong></span> <span class='ocrx_word' id='word_1_40' title='bbox 1443 1571 1752 1642; x_wconf 74' lang='lat' dir='ltr'><strong>apostolicae</strong></span> <span class='ocrx_word' id='word_1_41' title='bbox 1790 1570 1874 1626; x_wconf 87' lang='lat' dir='ltr'><strong>di-</strong></span> 
     </span>
    </p>
   </div>
   <div class='ocr_carea' id='block_1_10' title="bbox 283 1662 1872 1741">
    <p class='ocr_par' dir='ltr' id='par_1_10' title="bbox 283 1662 1872 1741">
     <span class='ocr_line' id='line_1_11' title="bbox 283 1662 1872 1741; baseline -0.005 -16"><span class='ocrx_word' id='word_1_42' title='bbox 283 1672 520 1741; x_wconf 71' lang='lat' dir='ltr'><strong>sciplina:</strong></span> <span class='ocrx_word' id='word_1_43' title='bbox 556 1669 922 1725; x_wconf 72' lang='lat' dir='ltr'><strong>robustissima</strong></span> <span class='ocrx_word' id='word_1_44' title='bbox 959 1667 1276 1724; x_wconf 80' lang='lat' dir='ltr'><strong>auctoritate</strong></span> <span class='ocrx_word' id='word_1_45' title='bbox 1301 1668 1589 1730; x_wconf 84' lang='lat' dir='ltr'><strong>ﬁrmatum,</strong></span> <span class='ocrx_word' id='word_1_46' title='bbox 1626 1662 1760 1728; x_wconf 85' lang='lat' dir='ltr'><strong>Quia</strong></span> <span class='ocrx_word' id='word_1_47' title='bbox 1775 1663 1872 1732; x_wconf 82' lang='lat' dir='ltr'><strong>ju-</strong></span> 
     </span>
    </p>
   </div>
   <div class='ocr_carea' id='block_1_11' title="bbox 283 1751 1868 1832">
    <p class='ocr_par' dir='ltr' id='par_1_11' title="bbox 283 1751 1868 1832">
     <span class='ocr_line' id='line_1_12' title="bbox 283 1751 1868 1832; baseline -0.005 -16"><span class='ocrx_word' id='word_1_48' title='bbox 283 1771 388 1816; x_wconf 72' lang='lat' dir='ltr'><strong>stus</strong></span> <span class='ocrx_word' id='word_1_49' title='bbox 435 1773 503 1816; x_wconf 76' lang='lat' dir='ltr'><strong>ea:</strong></span> <span class='ocrx_word' id='word_1_50' title='bbox 548 1760 650 1829; x_wconf 80' lang='lat' dir='ltr'><strong>[ide</strong></span> <span class='ocrx_word' id='word_1_51' title='bbox 675 1760 789 1814; x_wconf 69' lang='lat' dir='ltr'><strong>vicit</strong></span> <span class='ocrx_word' id='word_1_52' title='bbox 828 1757 849 1832; x_wconf 94' lang='lat'>(</span> <span class='ocrx_word' id='word_1_53' title='bbox 884 1757 1079 1814; x_wconf 75' lang='lat' dir='ltr'><strong>Hebae;</strong></span> <span class='ocrx_word' id='word_1_54' title='bbox 1133 1774 1190 1824; x_wconf 84' lang='grc' dir='ltr'><strong>ιι,</strong></span> <span class='ocrx_word' id='word_1_55' title='bbox 1231 1758 1305 1822; x_wconf 73' lang='grc'><strong>4;</strong></span> <span class='ocrx_word' id='word_1_56' title='bbox 1356 1755 1528 1810; x_wconf 75' lang='lat' dir='ltr'><strong>Gatat.</strong></span> <span class='ocrx_word' id='word_1_57' title='bbox 1579 1771 1657 1821; x_wconf 84' lang='lat' dir='ltr'><strong>nt,</strong></span> <span class='ocrx_word' id='word_1_58' title='bbox 1704 1755 1766 1807; x_wconf 81' lang='grc' dir='ltr'>Η</span> <span class='ocrx_word' id='word_1_59' title='bbox 1796 1751 1868 1824; x_wconf 86' lang='grc'><strong>);</strong></span> 
     </span>
    </p>
   </div>
   <div class='ocr_carea' id='block_1_12' title="bbox 283 1845 1868 1922">
    <p class='ocr_par' dir='ltr' id='par_1_12' title="bbox 283 1845 1868 1922">
     <span class='ocr_line' id='line_1_13' title="bbox 283 1845 1868 1922; baseline -0.006 -15"><span class='ocrx_word' id='word_1_60' title='bbox 283 1868 449 1922; x_wconf 81' lang='lat' dir='ltr'><strong>eaque</strong></span> <span class='ocrx_word' id='word_1_61' title='bbox 477 1851 610 1907; x_wconf 83' lang='lat' dir='ltr'><strong>ﬁdes</strong></span> <span class='ocrx_word' id='word_1_62' title='bbox 624 1850 861 1907; x_wconf 85' lang='lat' dir='ltr'><strong>ofﬁcium</strong></span> <span class='ocrx_word' id='word_1_63' title='bbox 886 1865 914 1904; x_wconf 87' lang='lat' dir='ltr'><strong>a</strong></span> <span class='ocrx_word' id='word_1_64' title='bbox 939 1849 1090 1905; x_wconf 84' lang='lat' dir='ltr'><strong>nobis</strong></span> <span class='ocrx_word' id='word_1_65' title='bbox 1109 1848 1268 1918; x_wconf 74' lang='lat' dir='ltr'><strong>exigit</strong></span> <span class='ocrx_word' id='word_1_66' title='bbox 1283 1856 1338 1903; x_wconf 90' lang='lat' dir='ltr'><strong>et</strong></span> <span class='ocrx_word' id='word_1_67' title='bbox 1360 1847 1536 1904; x_wconf 84' lang='lat' dir='ltr'><strong>cordis</strong></span> <span class='ocrx_word' id='word_1_68' title='bbox 1560 1854 1616 1901; x_wconf 91' lang='lat' dir='ltr'><strong>et</strong></span> <span class='ocrx_word' id='word_1_69' title='bbox 1639 1845 1868 1914; x_wconf 73' lang='lat' dir='ltr'><strong>linguae;</strong></span> 
     </span>
    </p>
   </div>
   <div class='ocr_carea' id='block_1_13' title="bbox 282 1940 1874 2012">
    <p class='ocr_par' dir='ltr' id='par_1_13' title="bbox 282 1940 1874 2012">
     <span class='ocr_line' id='line_1_14' title="bbox 282 1940 1874 2012; baseline -0.006 -10"><span class='ocrx_word' id='word_1_70' title='bbox 282 1945 355 2002; x_wconf 86' lang='lat' dir='ltr'><strong>ait</strong></span> <span class='ocrx_word' id='word_1_71' title='bbox 381 1945 523 2000; x_wconf 84' lang='lat' dir='ltr'><strong>enim</strong></span> <span class='ocrx_word' id='word_1_72' title='bbox 572 1943 882 2012; x_wconf 77' lang='lat' dir='ltr'><strong>Apostolus,</strong></span> <span class='ocrx_word' id='word_1_73' title='bbox 911 1941 1074 1998; x_wconf 72' lang='lat' dir='ltr'><strong>Cerde</strong></span> <span class='ocrx_word' id='word_1_74' title='bbox 1122 1942 1346 1996; x_wconf 71' lang='lat' dir='ltr'><strong>creditur</strong></span> <span class='ocrx_word' id='word_1_75' title='bbox 1367 1940 1436 1997; x_wconf 77' lang='lat' dir='ltr'><strong>ad</strong></span> <span class='ocrx_word' id='word_1_76' title='bbox 1479 1940 1758 2011; x_wconf 73' lang='lat' dir='ltr'><strong>justitiam,</strong></span> <span class='ocrx_word' id='word_1_77' title='bbox 1782 1954 1874 1993; x_wconf 81' lang='lat' dir='ltr'><strong>ore</strong></span> 
     </span>
    </p>
   </div>
   <div class='ocr_carea' id='block_1_14' title="bbox 217 2030 1868 2107">
    <p class='ocr_par' dir='ltr' id='par_1_14' title="bbox 217 2030 1868 2107">
     <span class='ocr_line' id='line_1_15' title="bbox 217 2030 1868 2107; baseline -0.002 -18"><span class='ocrx_word' id='word_1_78' title='bbox 217 2045 222 2050; x_wconf 84' lang='lat'><strong>‘</strong></span> <span class='ocrx_word' id='word_1_79' title='bbox 282 2046 446 2090; x_wconf 83' lang='lat' dir='ltr'><strong>autem</strong></span> <span class='ocrx_word' id='word_1_80' title='bbox 471 2036 717 2107; x_wconf 78' lang='lat' dir='ltr'><strong>confessio</strong></span> <span class='ocrx_word' id='word_1_81' title='bbox 747 2037 804 2104; x_wconf 72' lang='lat' dir='ltr'><strong>ﬁt</strong></span> <span class='ocrx_word' id='word_1_82' title='bbox 839 2034 908 2088; x_wconf 82' lang='lat' dir='ltr'><strong>ad</strong></span> <span class='ocrx_word' id='word_1_83' title='bbox 937 2035 1152 2088; x_wconf 76' lang='lat' dir='ltr'><strong>salutem</strong></span> <span class='ocrx_word' id='word_1_84' title='bbox 1181 2034 1200 2104; x_wconf 61' lang='grc' dir='ltr'>ε</span> <span class='ocrx_word' id='word_1_85' title='bbox 1235 2031 1388 2087; x_wconf 82' lang='lat' dir='ltr'><strong>Rom.</strong></span> <span class='ocrx_word' id='word_1_86' title='bbox 1414 2042 1473 2095; x_wconf 76' lang='lat' dir='ltr'><strong>x,</strong></span> <span class='ocrx_word' id='word_1_87' title='bbox 1516 2033 1584 2088; x_wconf 76' lang='lat' dir='ltr'><strong>it)</strong></span> <span class='ocrx_word' id='word_1_88' title='bbox 1614 2030 1636 2102; x_wconf 90' lang='lat'><strong>)</strong></span> <span class='ocrx_word' id='word_1_89' title='bbox 1660 2049 1674 2084; x_wconf 90' lang='lat'><strong>:</strong></span> <span class='ocrx_word' id='word_1_90' title='bbox 1703 2045 1868 2100; x_wconf 87' lang='lat' dir='ltr'><strong>opor-</strong></span> 
     </span>
    </p>
   </div>
   <div class='ocr_carea' id='block_1_15' title="bbox 283 2122 1865 2197">
    <p class='ocr_par' dir='ltr' id='par_1_15' title="bbox 283 2122 1865 2197">
     <span class='ocr_line' id='line_1_16' title="bbox 283 2122 1865 2197; baseline -0.005 -12"><span class='ocrx_word' id='word_1_91' title='bbox 283 2140 356 2186; x_wconf 87' lang='lat' dir='ltr'><strong>tet</strong></span> <span class='ocrx_word' id='word_1_92' title='bbox 378 2144 474 2184; x_wconf 88' lang='lat' dir='ltr'><strong>nos</strong></span> <span class='ocrx_word' id='word_1_93' title='bbox 501 2143 624 2184; x_wconf 86' lang='lat' dir='ltr'><strong>esse</strong></span> <span class='ocrx_word' id='word_1_94' title='bbox 650 2136 705 2184; x_wconf 91' lang='lat' dir='ltr'><strong>et</strong></span> <span class='ocrx_word' id='word_1_95' title='bbox 725 2126 944 2197; x_wconf 74' lang='lat' dir='ltr'><strong>juStitiae</strong></span> <span class='ocrx_word' id='word_1_96' title='bbox 971 2135 1237 2182; x_wconf 78' lang='lat' dir='ltr'><strong>memores</strong></span> <span class='ocrx_word' id='word_1_97' title='bbox 1277 2133 1332 2179; x_wconf 80' lang='lat' dir='ltr'><strong>et</strong></span> <span class='ocrx_word' id='word_1_98' title='bbox 1379 2123 1583 2179; x_wconf 86' lang='lat' dir='ltr'><strong>salutis.</strong></span> <span class='ocrx_word' id='word_1_99' title='bbox 1608 2122 1865 2190; x_wconf 81' lang='lat' dir='ltr'><strong>Quando-</strong></span> 
     </span>
    </p>
   </div>
   <div class='ocr_carea' id='block_1_16' title="bbox 280 2213 1867 2290">
    <p class='ocr_par' dir='ltr' id='par_1_16' title="bbox 280 2213 1867 2290">
     <span class='ocr_line' id='line_1_17' title="bbox 280 2213 1867 2290; baseline -0.003 -17"><span class='ocrx_word' id='word_1_100' title='bbox 280 2219 490 2290; x_wconf 81' lang='lat' dir='ltr'><strong>quidem</strong></span> <span class='ocrx_word' id='word_1_101' title='bbox 517 2220 572 2274; x_wconf 90' lang='lat' dir='ltr'><strong>in</strong></span> <span class='ocrx_word' id='word_1_102' title='bbox 617 2217 944 2286; x_wconf 83' lang='lat' dir='ltr'><strong>sempiterna</strong></span> <span class='ocrx_word' id='word_1_103' title='bbox 976 2215 1180 2286; x_wconf 65' lang='lat' dir='ltr'><strong>iustitia</strong></span> <span class='ocrx_word' id='word_1_104' title='bbox 1213 2213 1506 2285; x_wconf 72' lang='lat' dir='ltr'><strong>regnaturi,</strong></span> <span class='ocrx_word' id='word_1_105' title='bbox 1537 2228 1569 2268; x_wconf 90' lang='lat' dir='ltr'><strong>a</strong></span> <span class='ocrx_word' id='word_1_106' title='bbox 1611 2213 1867 2284; x_wconf 67' lang='lat' dir='ltr'><strong>praesenti</strong></span> 
     </span>
    </p>
   </div>
   <div class='ocr_carea' id='block_1_17' title="bbox 277 2303 1870 2380">
    <p class='ocr_par' dir='ltr' id='par_1_17' title="bbox 277 2303 1870 2380">
     <span class='ocr_line' id='line_1_18' title="bbox 277 2303 1870 2380; baseline -0.006 -13"><span class='ocrx_word' id='word_1_107' title='bbox 277 2312 474 2367; x_wconf 71' lang='lat' dir='ltr'><strong>saeculo</strong></span> <span class='ocrx_word' id='word_1_108' title='bbox 499 2309 732 2380; x_wconf 77' lang='lat' dir='ltr'><strong>maligno</strong></span> <span class='ocrx_word' id='word_1_109' title='bbox 780 2307 910 2364; x_wconf 87' lang='lat' dir='ltr'><strong>salvi</strong></span> <span class='ocrx_word' id='word_1_110' title='bbox 945 2308 1061 2362; x_wconf 91' lang='lat' dir='ltr'><strong>ﬁeri</strong></span> <span class='ocrx_word' id='word_1_111' title='bbox 1099 2321 1206 2362; x_wconf 85' lang='lat' dir='ltr'><strong>non</strong></span> <span class='ocrx_word' id='word_1_112' title='bbox 1234 2314 1540 2376; x_wconf 83' lang='lat' dir='ltr'><strong>possumus,-</strong></span> <span class='ocrx_word' id='word_1_113' title='bbox 1569 2303 1676 2358; x_wconf 88' lang='lat' dir='ltr'><strong>nisi</strong></span> <span class='ocrx_word' id='word_1_114' title='bbox 1696 2313 1752 2359; x_wconf 88' lang='lat' dir='ltr'><strong>et</strong></span> <span class='ocrx_word' id='word_1_115' title='bbox 1766 2313 1870 2358; x_wconf 78' lang='lat' dir='ltr'><strong>nos</strong></span> 
     </span>
    </p>
   </div>
   <div class='ocr_carea' id='block_1_18' title="bbox 278 2395 1866 2472">
    <p class='ocr_par' dir='ltr' id='par_1_18' title="bbox 278 2395 1866 2472">
     <span class='ocr_line' id='line_1_19' title="bbox 278 2395 1866 2472; baseline -0.005 -14"><span class='ocrx_word' id='word_1_116' title='bbox 278 2403 342 2458; x_wconf 83' lang='lat' dir='ltr'><strong>ad</strong></span> <span class='ocrx_word' id='word_1_117' title='bbox 357 2403 582 2458; x_wconf 89' lang='lat' dir='ltr'><strong>salutem</strong></span> <span class='ocrx_word' id='word_1_118' title='bbox 613 2400 980 2472; x_wconf 82' lang='lat' dir='ltr'><strong>proximorum</strong></span> <span class='ocrx_word' id='word_1_119' title='bbox 1010 2401 1266 2465; x_wconf 86' lang='lat' dir='ltr'><strong>nitentes,-</strong></span> <span class='ocrx_word' id='word_1_120' title='bbox 1294 2399 1462 2454; x_wconf 82' lang='lat' dir='ltr'><strong>etiant</strong></span> <span class='ocrx_word' id='word_1_121' title='bbox 1483 2403 1577 2452; x_wconf 80' lang='lat' dir='ltr'><strong>ore</strong></span> <span class='ocrx_word' id='word_1_122' title='bbox 1610 2395 1866 2466; x_wconf 80' lang='lat' dir='ltr'><strong>proﬁtea-</strong></span> 
     </span>
    </p>
   </div>
   <div class='ocr_carea' id='block_1_19' title="bbox 278 2489 1864 2565">
    <p class='ocr_par' dir='ltr' id='par_1_19' title="bbox 278 2489 1864 2565">
     <span class='ocr_line' id='line_1_20' title="bbox 278 2489 1864 2565; baseline -0.004 -15"><span class='ocrx_word' id='word_1_123' title='bbox 278 2512 395 2550; x_wconf 61' lang='grc' dir='ltr'><strong>αυτ</strong></span> <span class='ocrx_word' id='word_1_124' title='bbox 420 2495 580 2550; x_wconf 88' lang='lat' dir='ltr'><strong>ﬁdem</strong></span> <span class='ocrx_word' id='word_1_125' title='bbox 594 2505 754 2565; x_wconf 85' lang='lat' dir='ltr'><strong>quam</strong></span> <span class='ocrx_word' id='word_1_126' title='bbox 780 2493 945 2550; x_wconf 81' lang='lat' dir='ltr'><strong>corde</strong></span> <span class='ocrx_word' id='word_1_127' title='bbox 975 2501 1278 2564; x_wconf 71' lang='lat' dir='ltr'><strong>geStamus:</strong></span> <span class='ocrx_word' id='word_1_128' title='bbox 1300 2507 1420 2562; x_wconf 75' lang='lat' dir='ltr'><strong>qum</strong></span> <span class='ocrx_word' id='word_1_129' title='bbox 1460 2491 1596 2546; x_wconf 84' lang='lat' dir='ltr'><strong>ﬁdes</strong></span> <span class='ocrx_word' id='word_1_130' title='bbox 1619 2506 1690 2546; x_wconf 85' lang='lat' dir='ltr'><strong>ne</strong></span> <span class='ocrx_word' id='word_1_131' title='bbox 1712 2489 1864 2545; x_wconf 45' lang='lat' dir='ltr'><strong>fraus</strong></span> 
     </span>
    </p>
   </div>
   <div class='ocr_carea' id='block_1_20' title="bbox 277 2581 1869 2654">
    <p class='ocr_par' dir='ltr' id='par_1_20' title="bbox 277 2581 1869 2654">
     <span class='ocr_line' id='line_1_21' title="bbox 277 2581 1869 2654; baseline -0.004 -12"><span class='ocrx_word' id='word_1_132' title='bbox 277 2587 506 2643; x_wconf 86' lang='lat' dir='ltr'><strong>dulentis</strong></span> <span class='ocrx_word' id='word_1_133' title='bbox 557 2585 934 2644; x_wconf 75' lang='lat' dir='ltr'><strong>calliditatibus</strong></span> <span class='ocrx_word' id='word_1_134' title='bbox 977 2585 1354 2641; x_wconf 67' lang='lat' dir='ltr'><strong>haereticorum</strong></span> <span class='ocrx_word' id='word_1_135' title='bbox 1391 2584 1560 2654; x_wconf 82' lang='lat' dir='ltr'><strong>possit</strong></span> <span class='ocrx_word' id='word_1_136' title='bbox 1597 2582 1653 2636; x_wconf 85' lang='lat' dir='ltr'><strong>in</strong></span> <span class='ocrx_word' id='word_1_137' title='bbox 1711 2581 1869 2637; x_wconf 59' lang='lat' dir='ltr'><strong>nobis</strong></span> 
     </span>
    </p>
   </div>
   <div class='ocr_carea' id='block_1_21' title="bbox 277 2672 1862 2748">
    <p class='ocr_par' dir='ltr' id='par_1_21' title="bbox 277 2672 1862 2748">
     <span class='ocr_line' id='line_1_22' title="bbox 277 2672 1862 2748; baseline -0.003 -17"><span class='ocrx_word' id='word_1_138' title='bbox 277 2679 446 2748; x_wconf 81' lang='lat' dir='ltr'><strong>aliqua</strong></span> <span class='ocrx_word' id='word_1_139' title='bbox 479 2692 545 2732; x_wconf 79' lang='lat' dir='ltr'><strong>ex</strong></span> <span class='ocrx_word' id='word_1_140' title='bbox 591 2685 741 2746; x_wconf 88' lang='lat' dir='ltr'><strong>parte</strong></span> <span class='ocrx_word' id='word_1_141' title='bbox 770 2675 979 2741; x_wconf 86' lang='lat' dir='ltr'><strong>violari,</strong></span> <span class='ocrx_word' id='word_1_142' title='bbox 1019 2677 1106 2745; x_wconf 86' lang='lat' dir='ltr'><strong>pia‘</strong></span> <span class='ocrx_word' id='word_1_143' title='bbox 1129 2682 1393 2744; x_wconf 82' lang='lat' dir='ltr'><strong>cautaque</strong></span> <span class='ocrx_word' id='word_1_144' title='bbox 1435 2672 1705 2744; x_wconf 72' lang='lat' dir='ltr'><strong>vigilantia</strong></span> <span class='ocrx_word' id='word_1_145' title='bbox 1733 2675 1862 2742; x_wconf 77' lang='lat' dir='ltr'><strong>prd-</strong></span> 
     </span>
    </p>
   </div>
   <div class='ocr_carea' id='block_1_22' title="bbox 277 2761 1866 2834">
    <p class='ocr_par' dir='ltr' id='par_1_22' title="bbox 277 2761 1866 2834">
     <span class='ocr_line' id='line_1_23' title="bbox 277 2761 1866 2834; baseline -0.003 -13"><span class='ocrx_word' id='word_1_146' title='bbox 277 2767 564 2822; x_wconf 86' lang='lat' dir='ltr'><strong>videndum</strong></span> <span class='ocrx_word' id='word_1_147' title='bbox 598 2777 699 2822; x_wconf 88' lang='lat' dir='ltr'><strong>est.</strong></span> <span class='ocrx_word' id='word_1_148' title='bbox 751 2766 848 2821; x_wconf 84' lang='lat' dir='ltr'><strong>Est</strong></span> <span class='ocrx_word' id='word_1_149' title='bbox 870 2776 1050 2821; x_wconf 86' lang='lat' dir='ltr'><strong>autem</strong></span> <span class='ocrx_word' id='word_1_150' title='bbox 1079 2765 1336 2821; x_wconf 87' lang='lat' dir='ltr'><strong>catholica</strong></span> <span class='ocrx_word' id='word_1_151' title='bbox 1367 2763 1501 2818; x_wconf 79' lang='lat' dir='ltr'><strong>ﬁdes</strong></span> <span class='ocrx_word' id='word_1_152' title='bbox 1519 2763 1574 2817; x_wconf 87' lang='lat' dir='ltr'><strong>in</strong></span> <span class='ocrx_word' id='word_1_153' title='bbox 1605 2761 1866 2834; x_wconf 83' lang='lat' dir='ltr'><strong>Symbolo</strong></span> 
     </span>
    </p>
   </div>
   <div class='ocr_carea' id='block_1_23' title="bbox 279 2855 1862 2926">
    <p class='ocr_par' dir='ltr' id='par_1_23' title="bbox 279 2855 1862 2926">
     <span class='ocr_line' id='line_1_24' title="bbox 279 2855 1862 2926; baseline -0.004 -13"><span class='ocrx_word' id='word_1_154' title='bbox 279 2869 398 2914; x_wconf 85' lang='lat' dir='ltr'><strong>nota</strong></span> <span class='ocrx_word' id='word_1_155' title='bbox 445 2858 728 2923; x_wconf 90' lang='lat' dir='ltr'><strong>ﬁdelibus,</strong></span> <span class='ocrx_word' id='word_1_156' title='bbox 785 2856 1168 2926; x_wconf 70' lang='lat' dir='ltr'><strong>memoriaeque</strong></span> <span class='ocrx_word' id='word_1_157' title='bbox 1208 2855 1476 2919; x_wconf 85' lang='lat' dir='ltr'><strong>mandata,</strong></span> <span class='ocrx_word' id='word_1_158' title='bbox 1529 2861 1725 2924; x_wconf 82' lang='lat' dir='ltr'><strong>quanta</strong></span> <span class='ocrx_word' id='word_1_159' title='bbox 1773 2867 1862 2908; x_wconf 85' lang='lat' dir='ltr'><strong>re</strong></span> 
     </span>
    </p>
   </div>
   <div class='ocr_carea' id='block_1_24' title="bbox 279 2948 1865 3020">
    <p class='ocr_par' dir='ltr' id='par_1_24' title="bbox 279 2948 1865 3020">
     <span class='ocr_line' id='line_1_25' title="bbox 279 2948 1865 3020; baseline -0.001 -16"><span class='ocrx_word' id='word_1_160' title='bbox 279 2965 424 3020; x_wconf 77' lang='lat' dir='ltr'><strong>passa</strong></span> <span class='ocrx_word' id='word_1_161' title='bbox 455 2958 539 3005; x_wconf 88' lang='lat' dir='ltr'><strong>est</strong></span> <span class='ocrx_word' id='word_1_162' title='bbox 566 2949 823 3004; x_wconf 82' lang='lat' dir='ltr'><strong>brevitate</strong></span> <span class='ocrx_word' id='word_1_163' title='bbox 861 2949 1126 3003; x_wconf 84' lang='lat' dir='ltr'><strong>sermonis</strong></span> <span class='ocrx_word' id='word_1_164' title='bbox 1158 2965 1174 3002; x_wconf 85' lang='lat'><strong>:</strong></span> <span class='ocrx_word' id='word_1_165' title='bbox 1205 2956 1259 3002; x_wconf 87' lang='lat' dir='ltr'><strong>ut</strong></span> <span class='ocrx_word' id='word_1_166' title='bbox 1291 2948 1671 3017; x_wconf 78' lang='lat' dir='ltr'><strong>incipierttibus</strong></span> <span class='ocrx_word' id='word_1_167' title='bbox 1697 2957 1865 3016; x_wconf 78' lang='lat' dir='ltr'><strong>atque</strong></span> 
     </span>
    </p>
   </div>
   <div class='ocr_carea' id='block_1_25' title="bbox 278 3039 1862 3110">
    <p class='ocr_par' dir='ltr' id='par_1_25' title="bbox 278 3039 1862 3110">
     <span class='ocr_line' id='line_1_26' title="bbox 278 3039 1862 3110; baseline -0.003 -12"><span class='ocrx_word' id='word_1_168' title='bbox 278 3042 616 3107; x_wconf 85' lang='lat' dir='ltr'><strong>lactentibus,</strong></span> <span class='ocrx_word' id='word_1_169' title='bbox 638 3042 719 3096; x_wconf 89' lang='lat' dir='ltr'><strong>eis</strong></span> <span class='ocrx_word' id='word_1_170' title='bbox 739 3042 827 3110; x_wconf 85' lang='lat' dir='ltr'><strong>qui</strong></span> <span class='ocrx_word' id='word_1_171' title='bbox 866 3041 920 3096; x_wconf 85' lang='lat' dir='ltr'><strong>in</strong></span> <span class='ocrx_word' id='word_1_172' title='bbox 966 3039 1180 3096; x_wconf 91' lang='lat' dir='ltr'><strong>Christo</strong></span> <span class='ocrx_word' id='word_1_173' title='bbox 1203 3040 1373 3095; x_wconf 81' lang='lat' dir='ltr'><strong>renati</strong></span> <span class='ocrx_word' id='word_1_174' title='bbox 1429 3047 1571 3106; x_wconf 83' lang='lat' dir='ltr'><strong>sunt,</strong></span> <span class='ocrx_word' id='word_1_175' title='bbox 1624 3039 1862 3094; x_wconf 84' lang='lat' dir='ltr'><strong>nondum</strong></span> 
     </span>
    </p>
   </div>
   <div class='ocr_carea' id='block_1_26' title="bbox 277 3131 1862 3203">
    <p class='ocr_par' dir='ltr' id='par_1_26' title="bbox 277 3131 1862 3203">
     <span class='ocr_line' id='line_1_27' title="bbox 277 3131 1862 3203; baseline -0.003 -14"><span class='ocrx_word' id='word_1_176' title='bbox 277 3135 676 3203; x_wconf 86' lang='lat' dir='ltr'><strong>Scripturarum</strong></span> <span class='ocrx_word' id='word_1_177' title='bbox 723 3131 1025 3187; x_wconf 81' lang='lat' dir='ltr'><strong>divinarum</strong></span> <span class='ocrx_word' id='word_1_178' title='bbox 1052 3131 1458 3202; x_wconf 75' lang='lat' dir='ltr'><strong>diligentissima</strong></span> <span class='ocrx_word' id='word_1_179' title='bbox 1501 3137 1555 3186; x_wconf 86' lang='lat' dir='ltr'><strong>&#39;et</strong></span> <span class='ocrx_word' id='word_1_180' title='bbox 1597 3131 1862 3201; x_wconf 82' lang='lat' dir='ltr'><strong>spirituali</strong></span> 
     </span>
    </p>
   </div>
   <div class='ocr_carea' id='block_1_27' title="bbox 279 3223 1863 3294">
    <p class='ocr_par' dir='ltr' id='par_1_27' title="bbox 279 3223 1863 3294">
     <span class='ocr_line' id='line_1_28' title="bbox 279 3223 1863 3294; baseline -0.002 -14"><span class='ocrx_word' id='word_1_181' title='bbox 279 3226 589 3281; x_wconf 89' lang='lat' dir='ltr'><strong>tractatione</strong></span> <span class='ocrx_word' id='word_1_182' title='bbox 602 3235 761 3294; x_wconf 87' lang='lat' dir='ltr'><strong>atque</strong></span> <span class='ocrx_word' id='word_1_183' title='bbox 795 3224 1099 3294; x_wconf 79' lang='lat' dir='ltr'><strong>cognitione</strong></span> <span class='ocrx_word' id='word_1_184' title='bbox 1153 3223 1438 3283; x_wconf 87' lang='lat' dir='ltr'><strong>roboratis,</strong></span> <span class='ocrx_word' id='word_1_185' title='bbox 1473 3223 1653 3292; x_wconf 80' lang='lat' dir='ltr'><strong>paucis</strong></span> <span class='ocrx_word' id='word_1_186' title='bbox 1683 3223 1863 3277; x_wconf 79' lang='lat' dir='ltr'><strong>verbis</strong></span> 
     </span>
    </p>
   </div>
   <div class='ocr_carea' id='block_1_28' title="bbox 279 3313 1861 3384">
    <p class='ocr_par' dir='ltr' id='par_1_28' title="bbox 279 3313 1861 3384">
     <span class='ocr_line' id='line_1_29' title="bbox 279 3313 1861 3384; baseline -0.004 -12"><span class='ocrx_word' id='word_1_187' title='bbox 279 3316 598 3372; x_wconf 83' lang='lat' dir='ltr'><strong>credendum</strong></span> <span class='ocrx_word' id='word_1_188' title='bbox 641 3317 1075 3381; x_wconf 81' lang='lat' dir='ltr'><strong>constitueretur,</strong></span> <span class='ocrx_word' id='word_1_189' title='bbox 1100 3315 1245 3384; x_wconf 86' lang='lat' dir='ltr'><strong>quod</strong></span> <span class='ocrx_word' id='word_1_190' title='bbox 1271 3315 1449 3369; x_wconf 88' lang='lat' dir='ltr'><strong>multis</strong></span> <span class='ocrx_word' id='word_1_191' title='bbox 1483 3313 1661 3368; x_wconf 78' lang='lat' dir='ltr'><strong>verbis</strong></span> <span class='ocrx_word' id='word_1_192' title='bbox 1690 3329 1861 3383; x_wconf 84' lang='lat' dir='ltr'><strong>expo-</strong></span> 
     </span>
    </p>
   </div>
   <div class='ocr_carea' id='block_1_29' title="bbox 280 3405 1862 3477">
    <p class='ocr_par' dir='ltr' id='par_1_29' title="bbox 280 3405 1862 3477">
     <span class='ocr_line' id='line_1_30' title="bbox 280 3405 1862 3477; baseline -0.005 -13"><span class='ocrx_word' id='word_1_193' title='bbox 280 3409 504 3466; x_wconf 76' lang='lat' dir='ltr'><strong>nendum</strong></span> <span class='ocrx_word' id='word_1_194' title='bbox 553 3418 698 3464; x_wconf 87' lang='lat' dir='ltr'><strong>esset</strong></span> <span class='ocrx_word' id='word_1_195' title='bbox 743 3407 1160 3477; x_wconf 79' lang='lat' dir='ltr'><strong>proﬁcientibus,</strong></span> <span class='ocrx_word' id='word_1_196' title='bbox 1193 3415 1250 3461; x_wconf 87' lang='lat' dir='ltr'><strong>et</strong></span> <span class='ocrx_word' id='word_1_197' title='bbox 1271 3405 1341 3460; x_wconf 87' lang='lat' dir='ltr'><strong>ad</strong></span> <span class='ocrx_word' id='word_1_198' title='bbox 1366 3405 1602 3459; x_wconf 77' lang='lat' dir='ltr'><strong>divinam</strong></span> <span class='ocrx_word' id='word_1_199' title='bbox 1658 3405 1862 3458; x_wconf 87' lang='lat' dir='ltr'><strong>doctri-</strong></span> 
     </span>
    </p>
   </div>
   <div class='ocr_carea' id='block_1_30' title="bbox 276 3495 1860 3566">
    <p class='ocr_par' dir='ltr' id='par_1_30' title="bbox 276 3495 1860 3566">
     <span class='ocr_line' id='line_1_31' title="bbox 276 3495 1860 3566; baseline -0.004 -12"><span class='ocrx_word' id='word_1_200' title='bbox 276 3515 394 3554; x_wconf 84' lang='lat' dir='ltr'><strong>nam</strong></span> <span class='ocrx_word' id='word_1_201' title='bbox 415 3508 565 3555; x_wconf 88' lang='lat' dir='ltr'><strong>certa</strong></span> <span class='ocrx_word' id='word_1_202' title='bbox 593 3497 907 3553; x_wconf 86' lang='lat' dir='ltr'><strong>humilitatis</strong></span> <span class='ocrx_word' id='word_1_203' title='bbox 953 3506 1118 3566; x_wconf 80' lang='lat' dir='ltr'><strong>atque</strong></span> <span class='ocrx_word' id='word_1_204' title='bbox 1156 3496 1434 3551; x_wconf 87' lang='lat' dir='ltr'><strong>charitatis</strong></span> <span class='ocrx_word' id='word_1_205' title='bbox 1457 3495 1708 3548; x_wconf 89' lang='lat' dir='ltr'><strong>ﬁrmitate</strong></span> <span class='ocrx_word' id='word_1_206' title='bbox 1737 3509 1860 3547; x_wconf 86' lang='lat' dir='ltr'><strong>sur-</strong></span> 
     </span>
    </p>
   </div>
   <div class='ocr_carea' id='block_1_31' title="bbox 276 3584 1863 3663">
    <p class='ocr_par' dir='ltr' id='par_1_31' title="bbox 276 3584 1863 3663">
     <span class='ocr_line' id='line_1_32' title="bbox 276 3584 1863 3663; baseline -0.005 -17"><span class='ocrx_word' id='word_1_207' title='bbox 276 3591 537 3663; x_wconf 67' lang='lat' dir='ltr'><strong>gentibus.</strong></span> <span class='ocrx_word' id='word_1_208' title='bbox 571 3589 685 3646; x_wconf 89' lang='lat' dir='ltr'><strong>Sub</strong></span> <span class='ocrx_word' id='word_1_209' title='bbox 709 3590 839 3658; x_wconf 85' lang='lat' dir='ltr'><strong>ipsis</strong></span> <span class='ocrx_word' id='word_1_210' title='bbox 886 3605 1013 3659; x_wconf 72' lang='lat' dir='ltr'><strong>ergo</strong></span> <span class='ocrx_word' id='word_1_211' title='bbox 1071 3587 1252 3656; x_wconf 77' lang='lat' dir='ltr'><strong>paucis</strong></span> <span class='ocrx_word' id='word_1_212' title='bbox 1291 3587 1466 3642; x_wconf 83' lang='lat' dir='ltr'><strong>verbis</strong></span> <span class='ocrx_word' id='word_1_213' title='bbox 1512 3587 1564 3640; x_wconf 93' lang='lat' dir='ltr'><strong>in</strong></span> <span class='ocrx_word' id='word_1_214' title='bbox 1601 3584 1863 3656; x_wconf 86' lang='lat' dir='ltr'><strong>Symbold</strong></span> 
     </span>
    </p>
   </div>
   <div class='ocr_carea' id='block_1_32' title="bbox 277 3679 1864 3755">
    <p class='ocr_par' dir='ltr' id='par_1_32' title="bbox 277 3679 1864 3755">
     <span class='ocr_line' id='line_1_33' title="bbox 277 3679 1864 3755; baseline -0.006 -15"><span class='ocrx_word' id='word_1_215' title='bbox 277 3687 598 3752; x_wconf 82' lang='lat' dir='ltr'><strong>constitutis,</strong></span> <span class='ocrx_word' id='word_1_216' title='bbox 628 3685 870 3755; x_wconf 76' lang='lat' dir='ltr'><strong>plerique</strong></span> <span class='ocrx_word' id='word_1_217' title='bbox 898 3683 1136 3737; x_wconf 67' lang='lat' dir='ltr'><strong>lizerctici</strong></span> <span class='ocrx_word' id='word_1_218' title='bbox 1188 3696 1391 3735; x_wconf 82' lang='lat' dir='ltr'><strong>venena</strong></span> <span class='ocrx_word' id='word_1_219' title='bbox 1446 3695 1538 3734; x_wconf 87' lang='lat' dir='ltr'><strong>sua</strong></span> <span class='ocrx_word' id='word_1_220' title='bbox 1590 3679 1864 3734; x_wconf 78' lang='lat' dir='ltr'><strong>occultare</strong></span> 
     </span>
    </p>
   </div>
   <div class='ocr_carea' id='block_1_33' title="bbox 276 3771 1862 3845">
    <p class='ocr_par' dir='ltr' id='par_1_33' title="bbox 276 3771 1862 3845">
     <span class='ocr_line' id='line_1_34' title="bbox 276 3771 1862 3845; baseline -0.004 -13"><span class='ocrx_word' id='word_1_221' title='bbox 276 3779 448 3833; x_wconf 76' lang='lat' dir='ltr'><strong>conati</strong></span> <span class='ocrx_word' id='word_1_222' title='bbox 491 3785 662 3833; x_wconf 90' lang='lat' dir='ltr'><strong>sunt:</strong></span> <span class='ocrx_word' id='word_1_223' title='bbox 706 3775 898 3845; x_wconf 85' lang='lat' dir='ltr'><strong>quibus</strong></span> <span class='ocrx_word' id='word_1_224' title='bbox 928 3773 1123 3828; x_wconf 85' lang='lat' dir='ltr'><strong>restitit</strong></span> <span class='ocrx_word' id='word_1_225' title='bbox 1151 3781 1206 3828; x_wconf 89' lang='lat' dir='ltr'><strong>et</strong></span> <span class='ocrx_word' id='word_1_226' title='bbox 1250 3772 1450 3826; x_wconf 86' lang='lat' dir='ltr'><strong>resistit</strong></span> <span class='ocrx_word' id='word_1_227' title='bbox 1474 3772 1650 3826; x_wconf 85' lang='lat' dir='ltr'><strong>divina</strong></span> <span class='ocrx_word' id='word_1_228' title='bbox 1697 3771 1862 3825; x_wconf 89' lang='lat' dir='ltr'><strong>mise-</strong></span> 
     </span>
    </p>
   </div>
   <div class='ocr_carea' id='block_1_34' title="bbox 275 3863 1854 3940">
    <p class='ocr_par' dir='ltr' id='par_1_34' title="bbox 275 3863 1854 3940">
     <span class='ocr_line' id='line_1_35' title="bbox 275 3863 1854 3940; baseline -0.007 -13"><span class='ocrx_word' id='word_1_229' title='bbox 275 3871 502 3927; x_wconf 77' lang='lat' dir='ltr'><strong>ricordia</strong></span> <span class='ocrx_word' id='word_1_230' title='bbox 533 3886 630 3940; x_wconf 87' lang='lat' dir='ltr'><strong>per</strong></span> <span class='ocrx_word' id='word_1_231' title='bbox 672 3867 976 3938; x_wconf 79' lang='lat' dir='ltr'><strong>spirituales</strong></span> <span class='ocrx_word' id='word_1_232' title='bbox 1004 3867 1166 3932; x_wconf 88' lang='lat' dir='ltr'><strong>viros,</strong></span> <span class='ocrx_word' id='word_1_233' title='bbox 1195 3867 1285 3935; x_wconf 87' lang='lat' dir='ltr'><strong>qui</strong></span> <span class='ocrx_word' id='word_1_234' title='bbox 1310 3866 1626 3919; x_wconf 84' lang='lat' dir='ltr'><strong>catholicam</strong></span> <span class='ocrx_word' id='word_1_235' title='bbox 1670 3863 1854 3926; x_wconf 85' lang='lat' dir='ltr'><strong>ﬁdem,</strong></span> 
     </span>
    </p>
   </div>
   <div class='ocr_carea' id='block_1_35' title="bbox 277 3954 1859 4026">
    <p class='ocr_par' dir='ltr' id='par_1_35' title="bbox 277 3954 1859 4026">
     <span class='ocr_line' id='line_1_36' title="bbox 277 3954 1859 4026; baseline -0.004 -10"><span class='ocrx_word' id='word_1_236' title='bbox 277 3977 381 4017; x_wconf 85' lang='lat' dir='ltr'><strong>non</strong></span> <span class='ocrx_word' id='word_1_237' title='bbox 419 3971 627 4017; x_wconf 81' lang='lat' dir='ltr'><strong>tantum</strong></span> <span class='ocrx_word' id='word_1_238' title='bbox 657 3961 709 4015; x_wconf 84' lang='lat' dir='ltr'><strong>in</strong></span> <span class='ocrx_word' id='word_1_239' title='bbox 745 3960 849 4015; x_wconf 81' lang='lat' dir='ltr'><strong>illis</strong></span> <span class='ocrx_word' id='word_1_240' title='bbox 880 3959 1062 4014; x_wconf 82' lang='lat' dir='ltr'><strong>verbis</strong></span> <span class='ocrx_word' id='word_1_241' title='bbox 1112 3959 1356 4026; x_wconf 84' lang='lat' dir='ltr'><strong>accipere</strong></span> <span class='ocrx_word' id='word_1_242' title='bbox 1384 3967 1440 4012; x_wconf 85' lang='lat' dir='ltr'><strong>et</strong></span> <span class='ocrx_word' id='word_1_243' title='bbox 1467 3957 1712 4022; x_wconf 87' lang='lat' dir='ltr'><strong>credere,</strong></span> <span class='ocrx_word' id='word_1_244' title='bbox 1760 3954 1859 4010; x_wconf 90' lang='lat' dir='ltr'><strong>sed</strong></span> 
     </span>
    </p>
   </div>
   <div class='ocr_carea' id='block_1_36' title="bbox 274 4047 1867 4119">
    <p class='ocr_par' dir='ltr' id='par_1_36' title="bbox 274 4047 1867 4119">
     <span class='ocr_line' id='line_1_37' title="bbox 274 4047 1867 4119; baseline -0.006 -7"><span class='ocrx_word' id='word_1_245' title='bbox 274 4057 438 4112; x_wconf 83' lang='lat' dir='ltr'><strong>etiam</strong></span> <span class='ocrx_word' id='word_1_246' title='bbox 466 4053 693 4108; x_wconf 87' lang='lat' dir='ltr'><strong>Domino</strong></span> <span class='ocrx_word' id='word_1_247' title='bbox 728 4051 999 4107; x_wconf 85' lang='lat' dir='ltr'><strong>revelante</strong></span> <span class='ocrx_word' id='word_1_248' title='bbox 1037 4049 1330 4119; x_wconf 75' lang='lat' dir='ltr'><strong>intelligere</strong></span> <span class='ocrx_word' id='word_1_249' title='bbox 1357 4059 1515 4118; x_wconf 89' lang='lat' dir='ltr'><strong>atque</strong></span> <span class='ocrx_word' id='word_1_250' title='bbox 1543 4047 1867 4118; x_wconf 68' lang='lat' dir='ltr'><strong>cognoscere</strong></span> 
     </span>
    </p>
   </div>
   <div class='ocr_carea' id='block_1_37' title="bbox 273 4141 1869 4215">
    <p class='ocr_par' dir='ltr' id='par_1_37' title="bbox 273 4141 1869 4215">
     <span class='ocr_line' id='line_1_38' title="bbox 273 4141 1869 4215; baseline -0.007 -12"><span class='ocrx_word' id='word_1_251' title='bbox 273 4153 614 4203; x_wconf 80' lang='lat' dir='ltr'><strong>meruerunt.</strong></span> <span class='ocrx_word' id='word_1_252' title='bbox 634 4146 903 4215; x_wconf 83' lang='lat' dir='ltr'><strong>Scriptum</strong></span> <span class='ocrx_word' id='word_1_253' title='bbox 931 4154 1014 4199; x_wconf 84' lang='lat' dir='ltr'><strong>est</strong></span> <span class='ocrx_word' id='word_1_254' title='bbox 1037 4143 1200 4209; x_wconf 86' lang='lat' dir='ltr'><strong>enim,</strong></span> <span class='ocrx_word' id='word_1_255' title='bbox 1247 4142 1366 4197; x_wconf 73' lang='lat' dir='ltr'><strong>Nisi</strong></span> <span class='ocrx_word' id='word_1_256' title='bbox 1388 4141 1720 4202; x_wconf 70' lang='lat' dir='ltr'><strong>credideritis,</strong></span> <span class='ocrx_word' id='word_1_257' title='bbox 1764 4154 1869 4193; x_wconf 79' lang='lat' dir='ltr'><strong>non</strong></span> 
     </span>
    </p>
   </div>
   <div class='ocr_carea' id='block_1_38' title="bbox 275 4229 1866 4308">
    <p class='ocr_par' dir='ltr' id='par_1_38' title="bbox 275 4229 1866 4308">
     <span class='ocr_line' id='line_1_39' title="bbox 275 4229 1866 4308; baseline -0.006 -15"><span class='ocrx_word' id='word_1_258' title='bbox 275 4237 570 4308; x_wconf 69' lang='lat' dir='ltr'><strong>intelligetis</strong></span> <span class='ocrx_word' id='word_1_259' title='bbox 597 4235 616 4308; x_wconf 89' lang='lat'><strong>(</strong></span> <span class='ocrx_word' id='word_1_260' title='bbox 638 4235 762 4290; x_wconf 75' lang='lat' dir='ltr'><strong>Isai.</strong></span> <span class='ocrx_word' id='word_1_261' title='bbox 788 4251 881 4300; x_wconf 85' lang='lat' dir='ltr'><strong>vn,-</strong></span> <span class='ocrx_word' id='word_1_262' title='bbox 910 4235 966 4297; x_wconf 80' lang='lat'><strong>9,</strong></span> <span class='ocrx_word' id='word_1_263' title='bbox 997 4250 1100 4289; x_wconf 77' lang='lat' dir='ltr'><strong>sec.</strong></span> <span class='ocrx_word' id='word_1_264' title='bbox 1117 4233 1258 4288; x_wconf 74' lang='lat' dir='ltr'><strong>LXX</strong></span> <span class='ocrx_word' id='word_1_265' title='bbox 1285 4233 1326 4302; x_wconf 92' lang='lat'><strong>).-</strong></span> <span class='ocrx_word' id='word_1_266' title='bbox 1349 4232 1453 4288; x_wconf 85' lang='lat' dir='ltr'><strong>Sed</strong></span> <span class='ocrx_word' id='word_1_267' title='bbox 1479 4233 1721 4286; x_wconf 86' lang='lat' dir='ltr'><strong>tractatio</strong></span> <span class='ocrx_word' id='word_1_268' title='bbox 1742 4229 1866 4284; x_wconf 77' lang='lat' dir='ltr'><strong>fidei</strong></span> 
     </span>
    </p>
   </div>
   <div class='ocr_carea' id='block_1_39' title="bbox 275 4325 1868 4398">
    <p class='ocr_par' dir='ltr' id='par_1_39' title="bbox 275 4325 1868 4398">
     <span class='ocr_line' id='line_1_40' title="bbox 275 4325 1868 4398; baseline -0.003 -15"><span class='ocrx_word' id='word_1_269' title='bbox 275 4330 344 4384; x_wconf 86' lang='lat' dir='ltr'><strong>ad</strong></span> <span class='ocrx_word' id='word_1_270' title='bbox 394 4330 742 4384; x_wconf 85' lang='lat' dir='ltr'><strong>muniendum</strong></span> <span class='ocrx_word' id='word_1_271' title='bbox 785 4327 1099 4398; x_wconf 77' lang='lat' dir='ltr'><strong>Symbolum</strong></span> <span class='ocrx_word' id='word_1_272' title='bbox 1151 4327 1336 4382; x_wconf 82' lang='lat' dir='ltr'><strong>valet:</strong></span> <span class='ocrx_word' id='word_1_273' title='bbox 1370 4340 1474 4380; x_wconf 90' lang='lat' dir='ltr'><strong>non</strong></span> <span class='ocrx_word' id='word_1_274' title='bbox 1503 4334 1559 4378; x_wconf 85' lang='lat' dir='ltr'><strong>ut</strong></span> <span class='ocrx_word' id='word_1_275' title='bbox 1607 4325 1722 4392; x_wconf 88' lang='lat' dir='ltr'><strong>ipsa</strong></span> <span class='ocrx_word' id='word_1_276' title='bbox 1768 4335 1868 4392; x_wconf 84' lang='lat' dir='ltr'><strong>pro</strong></span> 
     </span>
    </p>
   </div>
   <div class='ocr_carea' id='block_1_40' title="bbox 275 4418 1864 4494">
    <p class='ocr_par' dir='ltr' id='par_1_40' title="bbox 275 4418 1864 4494">
     <span class='ocr_line' id='line_1_41' title="bbox 275 4418 1864 4494; baseline -0.005 -16"><span class='ocrx_word' id='word_1_277' title='bbox 275 4423 532 4494; x_wconf 72' lang='lat' dir='ltr'><strong>Symbolo</strong></span> <span class='ocrx_word' id='word_1_278' title='bbox 551 4423 778 4493; x_wconf 69' lang='lat' dir='ltr'><strong>gratiam</strong></span> <span class='ocrx_word' id='word_1_279' title='bbox 808 4420 900 4476; x_wconf 87' lang='lat' dir='ltr'><strong>Dei</strong></span> <span class='ocrx_word' id='word_1_280' title='bbox 925 4419 1378 4490; x_wconf 85' lang='lat' dir='ltr'><strong>consequentibus</strong></span> <span class='ocrx_word' id='word_1_281' title='bbox 1401 4418 1677 4472; x_wconf 63' lang='lat' dir='ltr'><strong>memorias</strong></span> <span class='ocrx_word' id='word_1_282' title='bbox 1710 4418 1864 4472; x_wconf 82' lang='lat' dir='ltr'><strong>man-</strong></span> 
     </span>
    </p>
   </div>
   <div class='ocr_carea' id='block_1_41' title="bbox 277 4511 1860 4583">
    <p class='ocr_par' dir='ltr' id='par_1_41' title="bbox 277 4511 1860 4583">
     <span class='ocr_line' id='line_1_42' title="bbox 277 4511 1860 4583; baseline -0.005 -11"><span class='ocrx_word' id='word_1_283' title='bbox 277 4517 454 4573; x_wconf 76' lang='lat' dir='ltr'><strong>tianda</strong></span> <span class='ocrx_word' id='word_1_284' title='bbox 469 4527 525 4572; x_wconf 89' lang='lat' dir='ltr'><strong>et</strong></span> <span class='ocrx_word' id='word_1_285' title='bbox 549 4515 822 4573; x_wconf 83' lang='lat' dir='ltr'><strong>reddenda</strong></span> <span class='ocrx_word' id='word_1_286' title='bbox 853 4515 1131 4578; x_wconf 76' lang='lat' dir='ltr'><strong>tradatur;</strong></span> <span class='ocrx_word' id='word_1_287' title='bbox 1161 4512 1258 4568; x_wconf 89' lang='lat' dir='ltr'><strong>sed</strong></span> <span class='ocrx_word' id='word_1_288' title='bbox 1286 4523 1341 4567; x_wconf 90' lang='lat' dir='ltr'><strong>ut</strong></span> <span class='ocrx_word' id='word_1_289' title='bbox 1362 4513 1450 4567; x_wconf 85' lang='lat' dir='ltr'><strong>illa</strong></span> <span class='ocrx_word' id='word_1_290' title='bbox 1479 4523 1601 4582; x_wconf 70' lang='lat' dir='ltr'><strong>qua:</strong></span> <span class='ocrx_word' id='word_1_291' title='bbox 1621 4511 1673 4566; x_wconf 92' lang='lat' dir='ltr'><strong>in</strong></span> <span class='ocrx_word' id='word_1_292' title='bbox 1700 4513 1860 4583; x_wconf 77' lang='lat' dir='ltr'><strong>Sym-</strong></span> 
     </span>
    </p>
   </div>
   <div class='ocr_carea' id='block_1_42' title="bbox 277 4605 1868 4674">
    <p class='ocr_par' dir='ltr' id='par_1_42' title="bbox 277 4605 1868 4674">
     <span class='ocr_line' id='line_1_43' title="bbox 277 4605 1868 4674; baseline -0.004 -8"><span class='ocrx_word' id='word_1_293' title='bbox 277 4610 406 4666; x_wconf 79' lang='lat' dir='ltr'><strong>bolo</strong></span> <span class='ocrx_word' id='word_1_294' title='bbox 424 4610 742 4674; x_wconf 84' lang='lat' dir='ltr'><strong>retinentur,</strong></span> <span class='ocrx_word' id='word_1_295' title='bbox 778 4616 962 4662; x_wconf 84' lang='lat' dir='ltr'><strong>contra</strong></span> <span class='ocrx_word' id='word_1_296' title='bbox 984 4606 1360 4662; x_wconf 70' lang='lat' dir='ltr'><strong>haereticorum</strong></span> <span class='ocrx_word' id='word_1_297' title='bbox 1385 4605 1604 4660; x_wconf 74' lang='lat' dir='ltr'><strong>insidias</strong></span> <span class='ocrx_word' id='word_1_298' title='bbox 1629 4605 1868 4660; x_wconf 87' lang='lat' dir='ltr'><strong>auctori-</strong></span> 
     </span>
    </p>
   </div>
   <div class='ocr_carea' id='block_1_43' title="bbox 279 4697 1702 4759">
    <p class='ocr_par' dir='ltr' id='par_1_43' title="bbox 279 4697 1702 4759">
     <span class='ocr_line' id='line_1_44' title="bbox 279 4697 1702 4759; baseline -0.005 -2"><span class='ocrx_word' id='word_1_299' title='bbox 279 4711 388 4758; x_wconf 76' lang='lat' dir='ltr'><strong>tate</strong></span> <span class='ocrx_word' id='word_1_300' title='bbox 403 4702 671 4759; x_wconf 82' lang='lat' dir='ltr'><strong>catlmlica</strong></span> <span class='ocrx_word' id='word_1_301' title='bbox 695 4707 751 4756; x_wconf 88' lang='lat' dir='ltr'><strong>et</strong></span> <span class='ocrx_word' id='word_1_302' title='bbox 767 4699 1052 4755; x_wconf 87' lang='lat' dir='ltr'><strong>munitiore</strong></span> <span class='ocrx_word' id='word_1_303' title='bbox 1080 4697 1390 4752; x_wconf 80' lang='lat' dir='ltr'><strong>defensione</strong></span> <span class='ocrx_word' id='word_1_304' title='bbox 1415 4697 1702 4751; x_wconf 79' lang='lat' dir='ltr'><strong>custodiat.</strong></span> 
     </span>
    </p>
   </div>
   <div class='ocr_carea' id='block_1_44' title="bbox 347 4813 1871 4889">
    <p class='ocr_par' dir='ltr' id='par_1_44' title="bbox 347 4813 1871 4889">
     <span class='ocr_line' id='line_1_45' title="bbox 347 4813 1871 4889; baseline -0.006 -11"><span class='ocrx_word' id='word_1_305' title='bbox 347 4821 579 4878; x_wconf 84' lang='lat' dir='ltr'><strong>CAPUT</strong></span> <span class='ocrx_word' id='word_1_306' title='bbox 619 4821 684 4876; x_wconf 88' lang='lat' dir='ltr'><strong>ll.</strong></span> <span class='ocrx_word' id='word_1_307' title='bbox 708 4819 850 4874; x_wconf 74' lang='lat'><strong>-2.</strong></span> <span class='ocrx_word' id='word_1_308' title='bbox 886 4815 1037 4885; x_wconf 74' lang='lat' dir='ltr'><strong>Quod</strong></span> <span class='ocrx_word' id='word_1_309' title='bbox 1080 4817 1225 4873; x_wconf 77' lang='lat' dir='ltr'><strong>nulla</strong></span> <span class='ocrx_word' id='word_1_310' title='bbox 1251 4820 1400 4889; x_wconf 77' lang='lat' dir='ltr'><strong>fuerit</strong></span> <span class='ocrx_word' id='word_1_311' title='bbox 1416 4813 1599 4870; x_wconf 66' lang='lat' dir='ltr'><strong>natura</strong></span> <span class='ocrx_word' id='word_1_312' title='bbox 1623 4813 1871 4870; x_wconf 80' lang='lat' dir='ltr'><strong>cowterna&#39;</strong></span> 
     </span>
    </p>
   </div>
   <div class='ocr_carea' id='block_1_45' title="bbox 279 4907 1870 4984">
    <p class='ocr_par' dir='ltr' id='par_1_45' title="bbox 279 4907 1870 4984">
     <span class='ocr_line' id='line_1_46' title="bbox 279 4907 1870 4984; baseline -0.004 -15"><span class='ocrx_word' id='word_1_313' title='bbox 279 4913 407 4978; x_wconf 78' lang='lat' dir='ltr'><strong>Deo,</strong></span> <span class='ocrx_word' id='word_1_314' title='bbox 430 4931 498 4969; x_wconf 80' lang='lat' dir='ltr'><strong>ea:</strong></span> <span class='ocrx_word' id='word_1_315' title='bbox 515 4929 619 4984; x_wconf 81' lang='lat' dir='ltr'><strong>qua</strong></span> <span class='ocrx_word' id='word_1_316' title='bbox 653 4907 900 4967; x_wconf 78' lang='lat' dir='ltr'><strong>mundum</strong></span> <span class='ocrx_word' id='word_1_317' title='bbox 929 4913 1118 4984; x_wconf 77' lang='lat' dir='ltr'><strong>fecerit.</strong></span> <span class='ocrx_word' id='word_1_318' title='bbox 1152 4911 1414 4979; x_wconf 70' lang='lat' dir='ltr'><strong>Quoinodo</strong></span> <span class='ocrx_word' id='word_1_319' title='bbox 1465 4907 1684 4963; x_wconf 71' lang='lat' dir='ltr'><strong>mundus</strong></span> <span class='ocrx_word' id='word_1_320' title='bbox 1711 4918 1773 4963; x_wconf 69' lang='lat' dir='ltr'><strong>ea;</strong></span> <span class='ocrx_word' id='word_1_321' title='bbox 1794 4911 1870 4963; x_wconf 83' lang='lat' dir='ltr'><strong>ni-</strong></span> 
     </span>
    </p>
   </div>
   <div class='ocr_carea' id='block_1_46' title="bbox 278 4997 1871 5075">
    <p class='ocr_par' dir='ltr' id='par_1_46' title="bbox 278 4997 1871 5075">
     <span class='ocr_line' id='line_1_47' title="bbox 278 4997 1871 5075; baseline -0.003 -15"><span class='ocrx_word' id='word_1_322' title='bbox 278 5005 406 5073; x_wconf 65' lang='lat' dir='ltr'><strong>hilo,</strong></span> <span class='ocrx_word' id='word_1_323' title='bbox 429 5006 477 5060; x_wconf 70' lang='lat' dir='ltr'><strong>ei</strong></span> <span class='ocrx_word' id='word_1_324' title='bbox 505 5021 568 5060; x_wconf 79' lang='lat' dir='ltr'><strong>ea:</strong></span> <span class='ocrx_word' id='word_1_325' title='bbox 617 5005 829 5060; x_wconf 78' lang='lat' dir='ltr'><strong>materia</strong></span> <span class='ocrx_word' id='word_1_326' title='bbox 866 5003 1072 5075; x_wconf 76' lang='lat' dir='ltr'><strong>informi</strong></span> <span class='ocrx_word' id='word_1_327' title='bbox 1104 5009 1282 5075; x_wconf 76' lang='lat' dir='ltr'><strong>factus.</strong></span> <span class='ocrx_word' id='word_1_328' title='bbox 1339 4997 1523 5057; x_wconf 85' lang='lat' dir='ltr'><strong>Conati</strong></span> <span class='ocrx_word' id='word_1_329' title='bbox 1567 5007 1690 5056; x_wconf 80' lang='lat' dir='ltr'><strong>sunt</strong></span> <span class='ocrx_word' id='word_1_330' title='bbox 1728 5001 1871 5056; x_wconf 86' lang='lat' dir='ltr'><strong>enim</strong></span> 
     </span>
    </p>
   </div>
   <div class='ocr_carea' id='block_1_47' title="bbox 279 5083 1872 5169">
    <p class='ocr_par' dir='ltr' id='par_1_47' title="bbox 279 5083 1872 5169">
     <span class='ocr_line' id='line_1_48' title="bbox 279 5083 1872 5169; baseline -0.003 -17"><span class='ocrx_word' id='word_1_331' title='bbox 279 5098 500 5168; x_wconf 83' lang='lat' dir='ltr'><strong>quidam</strong></span> <span class='ocrx_word' id='word_1_332' title='bbox 531 5098 862 5169; x_wconf 83' lang='lat' dir='ltr'><strong>persuadere</strong></span> <span class='ocrx_word' id='word_1_333' title='bbox 890 5095 1054 5152; x_wconf 87' lang='lat' dir='ltr'><strong>Deum</strong></span> <span class='ocrx_word' id='word_1_334' title='bbox 1080 5083 1292 5150; x_wconf 77' lang='lat' dir='ltr'><strong>Patrem</strong></span> <span class='ocrx_word' id='word_1_335' title='bbox 1324 5108 1431 5148; x_wconf 89' lang='lat' dir='ltr'><strong>non</strong></span> <span class='ocrx_word' id='word_1_336' title='bbox 1477 5107 1596 5148; x_wconf 87' lang='lat' dir='ltr'><strong>esse</strong></span> <span class='ocrx_word' id='word_1_337' title='bbox 1627 5095 1872 5163; x_wconf 82' lang='lat' dir='ltr'><strong>omnipo-</strong></span> 
     </span>
    </p>
   </div>
   <div class='ocr_carea' id='block_1_48' title="bbox 1984 1474 3569 1547">
    <p class='ocr_par' dir='ltr' id='par_1_48' title="bbox 1984 1474 3569 1547">
     <span class='ocr_line' id='line_1_49' title="bbox 1984 1474 3569 1547; baseline 0.006 -22"><span class='ocrx_word' id='word_1_338' title='bbox 1984 1479 2183 1540; x_wconf 85' lang='lat' dir='ltr'><strong>tentem</strong></span> <span class='ocrx_word' id='word_1_339' title='bbox 2209 1491 2224 1527; x_wconf 90' lang='lat'><strong>:</strong></span> <span class='ocrx_word' id='word_1_340' title='bbox 2250 1487 2357 1528; x_wconf 90' lang='lat' dir='ltr'><strong>non</strong></span> <span class='ocrx_word' id='word_1_341' title='bbox 2393 1474 2520 1547; x_wconf 76' lang='lat' dir='ltr'><strong>quia</strong></span> <span class='ocrx_word' id='word_1_342' title='bbox 2568 1475 2670 1530; x_wconf 91' lang='lat' dir='ltr'><strong>hoc</strong></span> <span class='ocrx_word' id='word_1_343' title='bbox 2699 1475 2876 1530; x_wconf 88' lang='lat' dir='ltr'><strong>dicere</strong></span> <span class='ocrx_word' id='word_1_344' title='bbox 2913 1477 3026 1532; x_wconf 88' lang='lat' dir='ltr'><strong>ausi</strong></span> <span class='ocrx_word' id='word_1_345' title='bbox 3071 1488 3212 1544; x_wconf 85' lang='lat' dir='ltr'><strong>sunt,</strong></span> <span class='ocrx_word' id='word_1_346' title='bbox 3244 1480 3339 1536; x_wconf 88' lang='lat' dir='ltr'><strong>sed</strong></span> <span class='ocrx_word' id='word_1_347' title='bbox 3365 1480 3418 1534; x_wconf 91' lang='lat' dir='ltr'><strong>in</strong></span> <span class='ocrx_word' id='word_1_348' title='bbox 3457 1479 3569 1535; x_wconf 87' lang='lat' dir='ltr'><strong>suis</strong></span> 
     </span>
    </p>
   </div>
   <div class='ocr_carea' id='block_1_49' title="bbox 1982 1563 3560 1627">
    <p class='ocr_par' dir='ltr' id='par_1_49' title="bbox 1982 1563 3560 1627">
     <span class='ocr_line' id='line_1_50' title="bbox 1982 1563 3560 1627; baseline 0.006 -11"><span class='ocrx_word' id='word_1_349' title='bbox 1982 1563 2352 1619; x_wconf 88' lang='lat' dir='ltr'><strong>traditionibus</strong></span> <span class='ocrx_word' id='word_1_350' title='bbox 2400 1564 2501 1620; x_wconf 89' lang='lat' dir='ltr'><strong>hoc</strong></span> <span class='ocrx_word' id='word_1_351' title='bbox 2547 1567 2747 1622; x_wconf 88' lang='lat' dir='ltr'><strong>sentire</strong></span> <span class='ocrx_word' id='word_1_352' title='bbox 2795 1576 2847 1623; x_wconf 91' lang='lat' dir='ltr'><strong>et</strong></span> <span class='ocrx_word' id='word_1_353' title='bbox 2896 1568 3116 1625; x_wconf 87' lang='lat' dir='ltr'><strong>credere</strong></span> <span class='ocrx_word' id='word_1_354' title='bbox 3153 1573 3560 1627; x_wconf 87' lang='lat' dir='ltr'><strong>convincuntur.</strong></span> 
     </span>
    </p>
   </div>
   <div class='ocr_carea' id='block_1_50' title="bbox 1978 1653 3559 1732">
    <p class='ocr_par' dir='ltr' id='par_1_50' title="bbox 1978 1653 3559 1732">
     <span class='ocr_line' id='line_1_51' title="bbox 1978 1653 3559 1732; baseline 0.006 -23"><span class='ocrx_word' id='word_1_355' title='bbox 1978 1653 2114 1709; x_wconf 82' lang='lat' dir='ltr'><strong>Cum</strong></span> <span class='ocrx_word' id='word_1_356' title='bbox 2142 1655 2282 1709; x_wconf 90' lang='lat' dir='ltr'><strong>enim</strong></span> <span class='ocrx_word' id='word_1_357' title='bbox 2311 1656 2496 1711; x_wconf 89' lang='lat' dir='ltr'><strong>dicunt</strong></span> <span class='ocrx_word' id='word_1_358' title='bbox 2518 1673 2635 1712; x_wconf 87' lang='lat' dir='ltr'><strong>esse</strong></span> <span class='ocrx_word' id='word_1_359' title='bbox 2663 1666 2909 1713; x_wconf 88' lang='lat' dir='ltr'><strong>naturam</strong></span> <span class='ocrx_word' id='word_1_360' title='bbox 2937 1675 3096 1730; x_wconf 88' lang='lat' dir='ltr'><strong>quam</strong></span> <span class='ocrx_word' id='word_1_361' title='bbox 3125 1661 3263 1716; x_wconf 86' lang='lat' dir='ltr'><strong>Deus</strong></span> <span class='ocrx_word' id='word_1_362' title='bbox 3309 1664 3559 1732; x_wconf 86' lang='lat' dir='ltr'><strong>omnipo-</strong></span> 
     </span>
    </p>
   </div>
   <div class='ocr_carea' id='block_1_51' title="bbox 1980 1747 3566 1817">
    <p class='ocr_par' dir='ltr' id='par_1_51' title="bbox 1980 1747 3566 1817">
     <span class='ocr_line' id='line_1_52' title="bbox 1980 1747 3566 1817; baseline 0.005 -17"><span class='ocrx_word' id='word_1_363' title='bbox 1980 1753 2096 1800; x_wconf 88' lang='lat' dir='ltr'><strong>tens</strong></span> <span class='ocrx_word' id='word_1_364' title='bbox 2125 1761 2231 1802; x_wconf 91' lang='lat' dir='ltr'><strong>non</strong></span> <span class='ocrx_word' id='word_1_365' title='bbox 2259 1749 2540 1812; x_wconf 87' lang='lat' dir='ltr'><strong>creaverit,</strong></span> <span class='ocrx_word' id='word_1_366' title='bbox 2563 1747 2629 1802; x_wconf 89' lang='lat' dir='ltr'><strong>de</strong></span> <span class='ocrx_word' id='word_1_367' title='bbox 2655 1765 2755 1817; x_wconf 85' lang='lat' dir='ltr'><strong>qua</strong></span> <span class='ocrx_word' id='word_1_368' title='bbox 2789 1759 2963 1804; x_wconf 88' lang='lat' dir='ltr'><strong>tamen</strong></span> <span class='ocrx_word' id='word_1_369' title='bbox 2989 1751 3146 1806; x_wconf 90' lang='lat' dir='ltr'><strong>istum</strong></span> <span class='ocrx_word' id='word_1_370' title='bbox 3184 1752 3440 1808; x_wconf 90' lang='lat' dir='ltr'><strong>mundum</strong></span> <span class='ocrx_word' id='word_1_371' title='bbox 3482 1752 3566 1808; x_wconf 86' lang='lat' dir='ltr'><strong>fa-</strong></span> 
     </span>
    </p>
   </div>
   <div class='ocr_carea' id='block_1_52' title="bbox 1977 1836 3554 1911">
    <p class='ocr_par' dir='ltr' id='par_1_52' title="bbox 1977 1836 3554 1911">
     <span class='ocr_line' id='line_1_53' title="bbox 1977 1836 3554 1911; baseline 0.006 -20"><span class='ocrx_word' id='word_1_372' title='bbox 1977 1836 2278 1903; x_wconf 87' lang='lat' dir='ltr'><strong>bricaverit,</strong></span> <span class='ocrx_word' id='word_1_373' title='bbox 2297 1855 2452 1910; x_wconf 87' lang='lat' dir='ltr'><strong>quem</strong></span> <span class='ocrx_word' id='word_1_374' title='bbox 2477 1840 2699 1909; x_wconf 87' lang='lat' dir='ltr'><strong>pulchre</strong></span> <span class='ocrx_word' id='word_1_375' title='bbox 2717 1841 3014 1898; x_wconf 89' lang='lat' dir='ltr'><strong>ordinatum</strong></span> <span class='ocrx_word' id='word_1_376' title='bbox 3034 1846 3051 1875; x_wconf 68' lang='lat'>‘</span> <span class='ocrx_word' id='word_1_377' title='bbox 3074 1859 3192 1900; x_wconf 84' lang='lat' dir='ltr'><strong>esse</strong></span> <span class='ocrx_word' id='word_1_378' title='bbox 3216 1846 3554 1911; x_wconf 89' lang='lat' dir='ltr'><strong>concedunt;</strong></span> 
     </span>
    </p>
   </div>
   <div class='ocr_carea' id='block_1_53' title="bbox 1976 1928 3568 2004">
    <p class='ocr_par' dir='ltr' id='par_1_53' title="bbox 1976 1928 3568 2004">
     <span class='ocr_line' id='line_1_54' title="bbox 1976 1928 3568 2004; baseline 0.006 -21"><span class='ocrx_word' id='word_1_379' title='bbox 1976 1928 2047 1983; x_wconf 88' lang='lat' dir='ltr'><strong>ita</strong></span> <span class='ocrx_word' id='word_1_380' title='bbox 2079 1929 2494 2000; x_wconf 89' lang='lat' dir='ltr'><strong>omnipotentem</strong></span> <span class='ocrx_word' id='word_1_381' title='bbox 2526 1932 2690 1986; x_wconf 89' lang='lat' dir='ltr'><strong>Deum</strong></span> <span class='ocrx_word' id='word_1_382' title='bbox 2721 1941 2935 2004; x_wconf 81' lang='lat' dir='ltr'><strong>negant,</strong></span> <span class='ocrx_word' id='word_1_383' title='bbox 2959 1942 3020 1989; x_wconf 91' lang='lat' dir='ltr'><strong>ut</strong></span> <span class='ocrx_word' id='word_1_384' title='bbox 3048 1950 3155 1990; x_wconf 89' lang='lat' dir='ltr'><strong>non</strong></span> <span class='ocrx_word' id='word_1_385' title='bbox 3194 1951 3314 1990; x_wconf 88' lang='lat' dir='ltr'><strong>eum</strong></span> <span class='ocrx_word' id='word_1_386' title='bbox 3339 1937 3568 1992; x_wconf 87' lang='lat' dir='ltr'><strong>credant</strong></span> 
     </span>
    </p>
   </div>
   <div class='ocr_carea' id='block_1_54' title="bbox 1976 2021 3566 2092">
    <p class='ocr_par' dir='ltr' id='par_1_54' title="bbox 1976 2021 3566 2092">
     <span class='ocr_line' id='line_1_55' title="bbox 1976 2021 3566 2092; baseline 0.006 -16"><span class='ocrx_word' id='word_1_387' title='bbox 1976 2021 2234 2076; x_wconf 89' lang='lat' dir='ltr'><strong>mundum</strong></span> <span class='ocrx_word' id='word_1_388' title='bbox 2299 2023 2535 2092; x_wconf 88' lang='lat' dir='ltr'><strong>potuisse</strong></span> <span class='ocrx_word' id='word_1_389' title='bbox 2565 2023 2761 2092; x_wconf 73' lang='lat' dir='ltr'><strong>facere,</strong></span> <span class='ocrx_word' id='word_1_390' title='bbox 2795 2027 2896 2082; x_wconf 88' lang='lat' dir='ltr'><strong>nisi</strong></span> <span class='ocrx_word' id='word_1_391' title='bbox 2927 2027 2994 2081; x_wconf 90' lang='lat' dir='ltr'><strong>ad</strong></span> <span class='ocrx_word' id='word_1_392' title='bbox 3023 2043 3145 2082; x_wconf 93' lang='lat' dir='ltr'><strong>eum</strong></span> <span class='ocrx_word' id='word_1_393' title='bbox 3195 2027 3566 2086; x_wconf 88' lang='lat' dir='ltr'><strong>fabricandum</strong></span> 
     </span>
    </p>
   </div>
   <div class='ocr_carea' id='block_1_55' title="bbox 1973 2113 3564 2188">
    <p class='ocr_par' dir='ltr' id='par_1_55' title="bbox 1973 2113 3564 2188">
     <span class='ocr_line' id='line_1_56' title="bbox 1973 2113 3564 2188; baseline 0.007 -22"><span class='ocrx_word' id='word_1_394' title='bbox 1973 2113 2076 2168; x_wconf 88' lang='lat' dir='ltr'><strong>alia</strong></span> <span class='ocrx_word' id='word_1_395' title='bbox 2105 2122 2310 2182; x_wconf 87' lang='lat' dir='ltr'><strong>natura,</strong></span> <span class='ocrx_word' id='word_1_396' title='bbox 2337 2130 2456 2185; x_wconf 71' lang='lat' dir='ltr'><strong>quae</strong></span> <span class='ocrx_word' id='word_1_397' title='bbox 2479 2115 2588 2186; x_wconf 83' lang='lat' dir='ltr'><strong>jam</strong></span> <span class='ocrx_word' id='word_1_398' title='bbox 2619 2116 2810 2181; x_wconf 87' lang='lat' dir='ltr'><strong>fuerat,</strong></span> <span class='ocrx_word' id='word_1_399' title='bbox 2839 2126 2894 2172; x_wconf 90' lang='lat' dir='ltr'><strong>et</strong></span> <span class='ocrx_word' id='word_1_400' title='bbox 2924 2133 3082 2188; x_wconf 88' lang='lat' dir='ltr'><strong>quam</strong></span> <span class='ocrx_word' id='word_1_401' title='bbox 3133 2119 3248 2188; x_wconf 88' lang='lat' dir='ltr'><strong>ipse</strong></span> <span class='ocrx_word' id='word_1_402' title='bbox 3273 2136 3379 2174; x_wconf 89' lang='lat' dir='ltr'><strong>non</strong></span> <span class='ocrx_word' id='word_1_403' title='bbox 3420 2119 3564 2176; x_wconf 89' lang='lat' dir='ltr'><strong>fece-</strong></span> 
     </span>
    </p>
   </div>
   <div class='ocr_carea' id='block_1_56' title="bbox 1972 2206 3557 2282">
    <p class='ocr_par' dir='ltr' id='par_1_56' title="bbox 1972 2206 3557 2282">
     <span class='ocr_line' id='line_1_57' title="bbox 1972 2206 3557 2282; baseline 0.006 -26"><span class='ocrx_word' id='word_1_404' title='bbox 1972 2211 2074 2268; x_wconf 86' lang='lat' dir='ltr'><strong>rat,</strong></span> <span class='ocrx_word' id='word_1_405' title='bbox 2113 2211 2389 2282; x_wconf 86' lang='lat' dir='ltr'><strong>uteretur:</strong></span> <span class='ocrx_word' id='word_1_406' title='bbox 2423 2206 2623 2261; x_wconf 86' lang='lat' dir='ltr'><strong>carnali</strong></span> <span class='ocrx_word' id='word_1_407' title='bbox 2656 2207 2858 2262; x_wconf 90' lang='lat' dir='ltr'><strong>scilicet</strong></span> <span class='ocrx_word' id='word_1_408' title='bbox 2906 2211 3292 2264; x_wconf 80' lang='lat' dir='ltr'><strong>consuetudine</strong></span> <span class='ocrx_word' id='word_1_409' title='bbox 3336 2211 3557 2266; x_wconf 85' lang='lat' dir='ltr'><strong>videndi</strong></span> 
     </span>
    </p>
   </div>
   <div class='ocr_carea' id='block_1_57' title="bbox 1971 2291 3554 2374">
    <p class='ocr_par' dir='ltr' id='par_1_57' title="bbox 1971 2291 3554 2374">
     <span class='ocr_line' id='line_1_58' title="bbox 1971 2291 3554 2374; baseline 0.007 -27"><span class='ocrx_word' id='word_1_410' title='bbox 1971 2291 2148 2349; x_wconf 86' lang='lat' dir='ltr'><strong>fabros</strong></span> <span class='ocrx_word' id='word_1_411' title='bbox 2175 2302 2228 2352; x_wconf 90' lang='lat' dir='ltr'><strong>et</strong></span> <span class='ocrx_word' id='word_1_412' title='bbox 2255 2293 2535 2374; x_wconf 82' lang='lat' dir='ltr'><strong>domorum</strong></span> <span class='ocrx_word' id='word_1_413' title='bbox 2585 2303 2876 2353; x_wconf 88' lang='lat' dir='ltr'><strong>structores</strong></span> <span class='ocrx_word' id='word_1_414' title='bbox 2906 2309 2958 2354; x_wconf 90' lang='lat' dir='ltr'><strong>et</strong></span> <span class='ocrx_word' id='word_1_415' title='bbox 2996 2301 3264 2370; x_wconf 81' lang='lat' dir='ltr'><strong>quoslibet</strong></span> <span class='ocrx_word' id='word_1_416' title='bbox 3310 2303 3554 2372; x_wconf 81' lang='lat' dir='ltr'><strong>Opiﬁces,</strong></span> 
     </span>
    </p>
   </div>
   <div class='ocr_carea' id='block_1_58' title="bbox 1971 2385 3555 2458">
    <p class='ocr_par' dir='ltr' id='par_1_58' title="bbox 1971 2385 3555 2458">
     <span class='ocr_line' id='line_1_59' title="bbox 1971 2385 3555 2458; baseline 0.006 -20"><span class='ocrx_word' id='word_1_417' title='bbox 1971 2385 2063 2454; x_wconf 89' lang='lat' dir='ltr'><strong>qui</strong></span> <span class='ocrx_word' id='word_1_418' title='bbox 2095 2387 2195 2440; x_wconf 90' lang='lat' dir='ltr'><strong>nisi</strong></span> <span class='ocrx_word' id='word_1_419' title='bbox 2223 2386 2540 2457; x_wconf 87' lang='lat' dir='ltr'><strong>adjuventur</strong></span> <span class='ocrx_word' id='word_1_420' title='bbox 2569 2398 2752 2458; x_wconf 89' lang='lat' dir='ltr'><strong>parata</strong></span> <span class='ocrx_word' id='word_1_421' title='bbox 2789 2390 3030 2455; x_wconf 88' lang='lat' dir='ltr'><strong>materia,</strong></span> <span class='ocrx_word' id='word_1_422' title='bbox 3061 2391 3127 2444; x_wconf 88' lang='lat' dir='ltr'><strong>ad</strong></span> <span class='ocrx_word' id='word_1_423' title='bbox 3159 2391 3406 2447; x_wconf 80' lang='lat' dir='ltr'><strong>effectum</strong></span> <span class='ocrx_word' id='word_1_424' title='bbox 3443 2409 3555 2448; x_wconf 72' lang='lat' dir='ltr'><strong>sua:</strong></span> 
     </span>
    </p>
   </div>
   <div class='ocr_carea' id='block_1_59' title="bbox 1970 2477 3558 2554">
    <p class='ocr_par' dir='ltr' id='par_1_59' title="bbox 1970 2477 3558 2554">
     <span class='ocr_line' id='line_1_60' title="bbox 1970 2477 3558 2554; baseline 0.003 -23"><span class='ocrx_word' id='word_1_425' title='bbox 1970 2477 2100 2533; x_wconf 87' lang='lat' dir='ltr'><strong>artis</strong></span> <span class='ocrx_word' id='word_1_426' title='bbox 2131 2479 2412 2547; x_wconf 77' lang='lat' dir='ltr'><strong>pervenire</strong></span> <span class='ocrx_word' id='word_1_427' title='bbox 2435 2493 2540 2533; x_wconf 89' lang='lat' dir='ltr'><strong>non</strong></span> <span class='ocrx_word' id='word_1_428' title='bbox 2587 2488 2829 2548; x_wconf 89' lang='lat' dir='ltr'><strong>possunt.</strong></span> <span class='ocrx_word' id='word_1_429' title='bbox 2861 2479 2937 2534; x_wconf 85' lang='lat' dir='ltr'><strong>lla</strong></span> <span class='ocrx_word' id='word_1_430' title='bbox 2962 2481 3121 2534; x_wconf 85' lang='lat' dir='ltr'><strong>etiam</strong></span> <span class='ocrx_word' id='word_1_431' title='bbox 3153 2481 3453 2554; x_wconf 69' lang='lat' dir='ltr'><strong>intelligunt</strong></span> <span class='ocrx_word' id='word_1_432' title='bbox 3478 2482 3558 2536; x_wconf 84' lang='lat' dir='ltr'><strong>fa-</strong></span> 
     </span>
    </p>
   </div>
   <div class='ocr_carea' id='block_1_60' title="bbox 1970 2567 3558 2650">
    <p class='ocr_par' dir='ltr' id='par_1_60' title="bbox 1970 2567 3558 2650">
     <span class='ocr_line' id='line_1_61' title="bbox 1970 2567 3558 2650; baseline 0.004 -29"><span class='ocrx_word' id='word_1_433' title='bbox 1970 2567 2285 2650; x_wconf 72' lang='lat' dir='ltr'><strong>bricatorem</strong></span> <span class='ocrx_word' id='word_1_434' title='bbox 2316 2569 2500 2624; x_wconf 89' lang='lat' dir='ltr'><strong>mundi</strong></span> <span class='ocrx_word' id='word_1_435' title='bbox 2518 2585 2622 2624; x_wconf 91' lang='lat' dir='ltr'><strong>non</strong></span> <span class='ocrx_word' id='word_1_436' title='bbox 2652 2585 2772 2625; x_wconf 86' lang='lat' dir='ltr'><strong>esse</strong></span> <span class='ocrx_word' id='word_1_437' title='bbox 2797 2569 3244 2640; x_wconf 87' lang='lat' dir='ltr'><strong>omnipotentem,</strong></span> <span class='ocrx_word' id='word_1_438' title='bbox 3276 2573 3322 2626; x_wconf 92' lang='lat' dir='ltr'><strong>si</strong></span> <span class='ocrx_word' id='word_1_439' title='bbox 3347 2574 3368 2604; x_wconf 83' lang='grc'>³</span> <span class='ocrx_word' id='word_1_440' title='bbox 3400 2589 3558 2648; x_wconf 76' lang='lat' dir='ltr'><strong>mun-</strong></span> 
     </span>
    </p>
   </div>
   <div class='ocr_carea' id='block_1_61' title="bbox 1970 2641 3564 2733">
    <p class='ocr_par' dir='ltr' id='par_1_61' title="bbox 1970 2641 3564 2733">
     <span class='ocr_line' id='line_1_62' title="bbox 1970 2641 3564 2733; baseline 0.006 -22"><span class='ocrx_word' id='word_1_441' title='bbox 1970 2645 2095 2733; x_wconf 85' lang='lat' dir='ltr'><strong>dum</strong></span> <span class='ocrx_word' id='word_1_442' title='bbox 2139 2641 2400 2715; x_wconf 88' lang='lat' dir='ltr'><strong>fabricare</strong></span> <span class='ocrx_word' id='word_1_443' title='bbox 2443 2675 2547 2714; x_wconf 88' lang='lat' dir='ltr'><strong>non</strong></span> <span class='ocrx_word' id='word_1_444' title='bbox 2585 2669 2788 2729; x_wconf 89' lang='lat' dir='ltr'><strong>posset,</strong></span> <span class='ocrx_word' id='word_1_445' title='bbox 2832 2661 2934 2715; x_wconf 90' lang='lat' dir='ltr'><strong>nisi</strong></span> <span class='ocrx_word' id='word_1_446' title='bbox 2981 2675 3102 2715; x_wconf 86' lang='lat' dir='ltr'><strong>eum</strong></span> <span class='ocrx_word' id='word_1_447' title='bbox 3151 2663 3322 2733; x_wconf 89' lang='lat' dir='ltr'><strong>aliqua</strong></span> <span class='ocrx_word' id='word_1_448' title='bbox 3357 2679 3466 2718; x_wconf 90' lang='lat' dir='ltr'><strong>non</strong></span> 
     </span>
    </p>
   </div>
   <div class='ocr_carea' id='block_1_62' title="bbox 1969 2729 3550 2826">
    <p class='ocr_par' dir='ltr' id='par_1_62' title="bbox 1969 2729 3550 2826">
     <span class='ocr_line' id='line_1_63' title="bbox 1969 2729 3550 2826; baseline 0.003 -23"><span class='ocrx_word' id='word_1_449' title='bbox 1969 2729 2061 2826; x_wconf 85' lang='lat' dir='ltr'><strong>illo</strong></span> <span class='ocrx_word' id='word_1_450' title='bbox 2091 2748 2343 2804; x_wconf 86' lang='lat' dir='ltr'><strong>fabricata</strong></span> <span class='ocrx_word' id='word_1_451' title='bbox 2392 2758 2600 2814; x_wconf 89' lang='lat' dir='ltr'><strong>natura,</strong></span> <span class='ocrx_word' id='word_1_452' title='bbox 2636 2757 2885 2821; x_wconf 87' lang='lat' dir='ltr'><strong>tanquam</strong></span> <span class='ocrx_word' id='word_1_453' title='bbox 2933 2752 3206 2818; x_wconf 87' lang='lat' dir='ltr'><strong>materies,</strong></span> <span class='ocrx_word' id='word_1_454' title='bbox 3236 2729 3550 2822; x_wconf 34' lang='lat' dir='ltr'><strong>vadjuvaret.</strong></span> 
     </span>
    </p>
   </div>
   <div class='ocr_carea' id='block_1_63' title="bbox 1970 2827 3554 2911">
    <p class='ocr_par' dir='ltr' id='par_1_63' title="bbox 1970 2827 3554 2911">
     <span class='ocr_line' id='line_1_64' title="bbox 1970 2827 3554 2911; baseline 0.006 -17"><span class='ocrx_word' id='word_1_455' title='bbox 1970 2835 2074 2895; x_wconf 82' lang='lat' dir='ltr'><strong>Aut</strong></span> <span class='ocrx_word' id='word_1_456' title='bbox 2093 2841 2138 2896; x_wconf 90' lang='lat' dir='ltr'><strong>si</strong></span> <span class='ocrx_word' id='word_1_457' title='bbox 2164 2839 2581 2911; x_wconf 84' lang='lat' dir='ltr'><strong>omnipotentem</strong></span> <span class='ocrx_word' id='word_1_458' title='bbox 2614 2827 2782 2898; x_wconf 83' lang='lat' dir='ltr'><strong>Deum</strong></span> <span class='ocrx_word' id='word_1_459' title='bbox 2802 2842 3174 2900; x_wconf 88' lang='lat' dir='ltr'><strong>fabricatorem</strong></span> <span class='ocrx_word' id='word_1_460' title='bbox 3203 2847 3386 2901; x_wconf 87' lang='lat' dir='ltr'><strong>mundi</strong></span> <span class='ocrx_word' id='word_1_461' title='bbox 3431 2863 3554 2904; x_wconf 87' lang='lat' dir='ltr'><strong>esse</strong></span> 
     </span>
    </p>
   </div>
   <div class='ocr_carea' id='block_1_64' title="bbox 1968 2919 3561 3015">
    <p class='ocr_par' dir='ltr' id='par_1_64' title="bbox 1968 2919 3561 3015">
     <span class='ocr_line' id='line_1_65' title="bbox 1968 2919 3561 3015; baseline 0.004 -30"><span class='ocrx_word' id='word_1_462' title='bbox 1968 2929 2286 2998; x_wconf 73' lang='lat' dir='ltr'><strong>concedunt,</strong></span> <span class='ocrx_word' id='word_1_463' title='bbox 2308 2929 2573 2986; x_wconf 87' lang='lat' dir='ltr'><strong>fateantur</strong></span> <span class='ocrx_word' id='word_1_464' title='bbox 2595 2947 2816 3015; x_wconf 79' lang='lat' dir='ltr'><strong>necesse</strong></span> <span class='ocrx_word' id='word_1_465' title='bbox 2839 2919 2924 2988; x_wconf 84' lang='lat' dir='ltr'><strong>est</strong></span> <span class='ocrx_word' id='word_1_466' title='bbox 2954 2949 3023 2988; x_wconf 79' lang='lat' dir='ltr'><strong>ex</strong></span> <span class='ocrx_word' id='word_1_467' title='bbox 3057 2935 3223 2989; x_wconf 88' lang='lat' dir='ltr'><strong>nihilo</strong></span> <span class='ocrx_word' id='word_1_468' title='bbox 3261 2952 3383 2991; x_wconf 88' lang='lat' dir='ltr'><strong>eum</strong></span> <span class='ocrx_word' id='word_1_469' title='bbox 3405 2938 3561 2994; x_wconf 88' lang='lat' dir='ltr'><strong>fecis-</strong></span> 
     </span>
    </p>
   </div>
   <div class='ocr_carea' id='block_1_65' title="bbox 1969 3015 3562 3098">
    <p class='ocr_par' dir='ltr' id='par_1_65' title="bbox 1969 3015 3562 3098">
     <span class='ocr_line' id='line_1_66' title="bbox 1969 3015 3562 3098; baseline 0.004 -20"><span class='ocrx_word' id='word_1_470' title='bbox 1969 3038 2027 3078; x_wconf 88' lang='lat' dir='ltr'><strong>se</strong></span> <span class='ocrx_word' id='word_1_471' title='bbox 2065 3040 2180 3094; x_wconf 71' lang='lat' dir='ltr'><strong>qum</strong></span> <span class='ocrx_word' id='word_1_472' title='bbox 2216 3023 2361 3080; x_wconf 87' lang='lat' dir='ltr'><strong>fecit.</strong></span> <span class='ocrx_word' id='word_1_473' title='bbox 2421 3024 2535 3080; x_wconf 86' lang='lat' dir='ltr'><strong>Non</strong></span> <span class='ocrx_word' id='word_1_474' title='bbox 2563 3025 2706 3079; x_wconf 89' lang='lat' dir='ltr'><strong>enim</strong></span> <span class='ocrx_word' id='word_1_475' title='bbox 2742 3024 2943 3094; x_wconf 87' lang='lat' dir='ltr'><strong>aliquid</strong></span> <span class='ocrx_word' id='word_1_476' title='bbox 2997 3040 3114 3080; x_wconf 89' lang='lat' dir='ltr'><strong>esse</strong></span> <span class='ocrx_word' id='word_1_477' title='bbox 3159 3015 3353 3096; x_wconf 83' lang='lat' dir='ltr'><strong>potest,</strong></span> <span class='ocrx_word' id='word_1_478' title='bbox 3408 3028 3562 3098; x_wconf 87' lang='lat' dir='ltr'><strong>cujus</strong></span> 
     </span>
    </p>
   </div>
   <div class='ocr_carea' id='block_1_66' title="bbox 1968 3107 3558 3185">
    <p class='ocr_par' dir='ltr' id='par_1_66' title="bbox 1968 3107 3558 3185">
     <span class='ocr_line' id='line_1_67' title="bbox 1968 3107 3558 3185; baseline 0.004 -17"><span class='ocrx_word' id='word_1_479' title='bbox 1968 3107 2177 3168; x_wconf 84' lang='lat' dir='ltr'><strong>creator</strong></span> <span class='ocrx_word' id='word_1_480' title='bbox 2202 3109 2308 3169; x_wconf 85' lang='lat' dir='ltr'><strong>non</strong></span> <span class='ocrx_word' id='word_1_481' title='bbox 2360 3107 2522 3178; x_wconf 87' lang='lat' dir='ltr'><strong>esset,</strong></span> <span class='ocrx_word' id='word_1_482' title='bbox 2570 3130 2692 3169; x_wconf 90' lang='lat' dir='ltr'><strong>cum</strong></span> <span class='ocrx_word' id='word_1_483' title='bbox 2739 3125 2880 3170; x_wconf 88' lang='lat' dir='ltr'><strong>esset</strong></span> <span class='ocrx_word' id='word_1_484' title='bbox 2917 3115 3274 3184; x_wconf 76' lang='lat' dir='ltr'><strong>omnipotens.</strong></span> <span class='ocrx_word' id='word_1_485' title='bbox 3306 3119 3437 3185; x_wconf 85' lang='lat' dir='ltr'><strong>Quia</strong></span> <span class='ocrx_word' id='word_1_486' title='bbox 3457 3120 3558 3175; x_wconf 88' lang='lat' dir='ltr'><strong>etsi</strong></span> 
     </span>
    </p>
   </div>
   <div class='ocr_carea' id='block_1_67' title="bbox 1968 3189 3539 3284">
    <p class='ocr_par' dir='ltr' id='par_1_67' title="bbox 1968 3189 3539 3284">
     <span class='ocr_line' id='line_1_68' title="bbox 1968 3189 3539 3284; baseline 0.003 -25"><span class='ocrx_word' id='word_1_487' title='bbox 1968 3205 2162 3275; x_wconf 84' lang='lat' dir='ltr'><strong>aliquid</strong></span> <span class='ocrx_word' id='word_1_488' title='bbox 2212 3205 2334 3259; x_wconf 88' lang='lat' dir='ltr'><strong>fecit</strong></span> <span class='ocrx_word' id='word_1_489' title='bbox 2358 3221 2422 3260; x_wconf 73' lang='lat' dir='ltr'><strong>ex</strong></span> <span class='ocrx_word' id='word_1_490' title='bbox 2461 3207 2659 3276; x_wconf 87' lang='lat' dir='ltr'><strong>aliquo,</strong></span> <span class='ocrx_word' id='word_1_491' title='bbox 2689 3205 2822 3284; x_wconf 79' lang='lat' dir='ltr'><strong>sicut</strong></span> <span class='ocrx_word' id='word_1_492' title='bbox 2851 3189 3122 3260; x_wconf 87' lang='lat' dir='ltr'><strong>hominem</strong></span> <span class='ocrx_word' id='word_1_493' title='bbox 3150 3207 3216 3262; x_wconf 88' lang='lat' dir='ltr'><strong>de</strong></span> <span class='ocrx_word' id='word_1_494' title='bbox 3247 3209 3398 3274; x_wconf 87' lang='lat' dir='ltr'><strong>limo,</strong></span> <span class='ocrx_word' id='word_1_495' title='bbox 3432 3225 3539 3264; x_wconf 87' lang='lat' dir='ltr'><strong>non</strong></span> 
     </span>
    </p>
   </div>
   <div class='ocr_carea' id='block_1_68' title="bbox 1969 3284 3560 3370">
    <p class='ocr_par' dir='ltr' id='par_1_68' title="bbox 1969 3284 3560 3370">
     <span class='ocr_line' id='line_1_69' title="bbox 1969 3284 3560 3370; baseline 0.004 -20"><span class='ocrx_word' id='word_1_496' title='bbox 1969 3296 2149 3366; x_wconf 89' lang='lat' dir='ltr'><strong>utique</strong></span> <span class='ocrx_word' id='word_1_497' title='bbox 2171 3295 2295 3352; x_wconf 86' lang='lat' dir='ltr'><strong>fecit</strong></span> <span class='ocrx_word' id='word_1_498' title='bbox 2321 3314 2386 3352; x_wconf 81' lang='lat' dir='ltr'><strong>cx</strong></span> <span class='ocrx_word' id='word_1_499' title='bbox 2412 3312 2477 3353; x_wconf 92' lang='lat' dir='ltr'><strong>eo</strong></span> <span class='ocrx_word' id='word_1_500' title='bbox 2522 3297 2665 3367; x_wconf 87' lang='lat' dir='ltr'><strong>quod</strong></span> <span class='ocrx_word' id='word_1_501' title='bbox 2686 3284 2800 3367; x_wconf 86' lang='lat' dir='ltr'><strong>ipse</strong></span> <span class='ocrx_word' id='word_1_502' title='bbox 2822 3313 2926 3351; x_wconf 89' lang='lat' dir='ltr'><strong>non</strong></span> <span class='ocrx_word' id='word_1_503' title='bbox 2957 3297 3192 3365; x_wconf 87' lang='lat' dir='ltr'><strong>fecerat;</strong></span> <span class='ocrx_word' id='word_1_504' title='bbox 3223 3301 3344 3370; x_wconf 86' lang='lat' dir='ltr'><strong>quia</strong></span> <span class='ocrx_word' id='word_1_505' title='bbox 3362 3309 3560 3357; x_wconf 86' lang='lat' dir='ltr'><strong>terram</strong></span> 
     </span>
    </p>
   </div>
   <div class='ocr_carea' id='block_1_69' title="bbox 1968 3389 3544 3474">
    <p class='ocr_par' dir='ltr' id='par_1_69' title="bbox 1968 3389 3544 3474">
     <span class='ocr_line' id='line_1_70' title="bbox 1968 3389 3544 3474; baseline 0.004 -31"><span class='ocrx_word' id='word_1_506' title='bbox 1968 3389 2110 3470; x_wconf 87' lang='lat' dir='ltr'><strong>unde</strong></span> <span class='ocrx_word' id='word_1_507' title='bbox 2137 3390 2295 3444; x_wconf 88' lang='lat' dir='ltr'><strong>limus</strong></span> <span class='ocrx_word' id='word_1_508' title='bbox 2319 3399 2420 3474; x_wconf 74' lang='lat' dir='ltr'><strong>est,</strong></span> <span class='ocrx_word' id='word_1_509' title='bbox 2453 3406 2519 3450; x_wconf 78' lang='lat' dir='ltr'><strong>ex</strong></span> <span class='ocrx_word' id='word_1_510' title='bbox 2547 3390 2713 3444; x_wconf 89' lang='lat' dir='ltr'><strong>nihilo</strong></span> <span class='ocrx_word' id='word_1_511' title='bbox 2736 3389 2956 3445; x_wconf 86' lang='lat' dir='ltr'><strong>fecerat.</strong></span> <span class='ocrx_word' id='word_1_512' title='bbox 2983 3391 3050 3445; x_wconf 90' lang='lat' dir='ltr'><strong>Et</strong></span> <span class='ocrx_word' id='word_1_513' title='bbox 3076 3392 3120 3446; x_wconf 88' lang='lat' dir='ltr'><strong>si</strong></span> <span class='ocrx_word' id='word_1_514' title='bbox 3149 3393 3322 3462; x_wconf 83' lang='lat' dir='ltr'><strong>ipsum</strong></span> <span class='ocrx_word' id='word_1_515' title='bbox 3348 3394 3544 3450; x_wconf 69' lang='lat' dir='ltr'><strong>etclam</strong></span> 
     </span>
    </p>
   </div>
   <div class='ocr_carea' id='block_1_70' title="bbox 1969 3481 3556 3556">
    <p class='ocr_par' dir='ltr' id='par_1_70' title="bbox 1969 3481 3556 3556">
     <span class='ocr_line' id='line_1_71' title="bbox 1969 3481 3556 3556; baseline 0.005 -22"><span class='ocrx_word' id='word_1_516' title='bbox 1969 3489 2022 3534; x_wconf 89' lang='lat' dir='ltr'><strong>et</strong></span> <span class='ocrx_word' id='word_1_517' title='bbox 2058 3490 2274 3548; x_wconf 86' lang='lat' dir='ltr'><strong>terram,</strong></span> <span class='ocrx_word' id='word_1_518' title='bbox 2308 3482 2355 3536; x_wconf 85' lang='lat' dir='ltr'><strong>id</strong></span> <span class='ocrx_word' id='word_1_519' title='bbox 2388 3491 2489 3546; x_wconf 89' lang='lat' dir='ltr'><strong>est,</strong></span> <span class='ocrx_word' id='word_1_520' title='bbox 2515 3481 2769 3536; x_wconf 89' lang='lat' dir='ltr'><strong>mundum</strong></span> <span class='ocrx_word' id='word_1_521' title='bbox 2797 3491 2848 3536; x_wconf 89' lang='lat' dir='ltr'><strong>et</strong></span> <span class='ocrx_word' id='word_1_522' title='bbox 2874 3484 3052 3537; x_wconf 83' lang='lat' dir='ltr'><strong>omnia</strong></span> <span class='ocrx_word' id='word_1_523' title='bbox 3083 3500 3204 3554; x_wconf 70' lang='lat' dir='ltr'><strong>qua:</strong></span> <span class='ocrx_word' id='word_1_524' title='bbox 3224 3485 3280 3540; x_wconf 88' lang='lat' dir='ltr'><strong>in</strong></span> <span class='ocrx_word' id='word_1_525' title='bbox 3320 3500 3385 3542; x_wconf 85' lang='lat' dir='ltr'><strong>eo</strong></span> <span class='ocrx_word' id='word_1_526' title='bbox 3411 3496 3556 3556; x_wconf 82' lang='lat' dir='ltr'><strong>sunt,</strong></span> 
     </span>
    </p>
   </div>
   <div class='ocr_carea' id='block_1_71' title="bbox 1969 3561 3558 3649">
    <p class='ocr_par' dir='ltr' id='par_1_71' title="bbox 1969 3561 3558 3649">
     <span class='ocr_line' id='line_1_72' title="bbox 1969 3561 3558 3649; baseline 0.006 -25"><span class='ocrx_word' id='word_1_527' title='bbox 1969 3566 2031 3625; x_wconf 84' lang='lat' dir='ltr'><strong>ex</strong></span> <span class='ocrx_word' id='word_1_528' title='bbox 2059 3572 2230 3641; x_wconf 87' lang='lat' dir='ltr'><strong>aliqua</strong></span> <span class='ocrx_word' id='word_1_529' title='bbox 2254 3573 2472 3628; x_wconf 78' lang='lat' dir='ltr'><strong>materia</strong></span> <span class='ocrx_word' id='word_1_530' title='bbox 2500 3572 2720 3635; x_wconf 82' lang='lat' dir='ltr'><strong>fecerat,</strong></span> <span class='ocrx_word' id='word_1_531' title='bbox 2749 3574 2887 3628; x_wconf 89' lang='lat' dir='ltr'><strong>sicut</strong></span> <span class='ocrx_word' id='word_1_532' title='bbox 2933 3577 3190 3644; x_wconf 86' lang='lat' dir='ltr'><strong>scriptum</strong></span> <span class='ocrx_word' id='word_1_533' title='bbox 3221 3586 3326 3644; x_wconf 89' lang='lat' dir='ltr'><strong>est,</strong></span> <span class='ocrx_word' id='word_1_534' title='bbox 3351 3578 3449 3645; x_wconf 81' lang='lat' dir='ltr'><strong>Qui</strong></span> <span class='ocrx_word' id='word_1_535' title='bbox 3479 3561 3558 3649; x_wconf 77' lang='lat' dir='ltr'><strong>fe-</strong></span> 
     </span>
    </p>
   </div>
   <div class='ocr_carea' id='block_1_72' title="bbox 1968 3661 3564 3739">
    <p class='ocr_par' dir='ltr' id='par_1_72' title="bbox 1968 3661 3564 3739">
     <span class='ocr_line' id='line_1_73' title="bbox 1968 3661 3564 3739; baseline 0.007 -26"><span class='ocrx_word' id='word_1_536' title='bbox 1968 3661 2078 3714; x_wconf 82' lang='lat' dir='ltr'><strong>cisti</strong></span> <span class='ocrx_word' id='word_1_537' title='bbox 2114 3663 2355 3715; x_wconf 81' lang='lat' dir='ltr'><strong>mundum</strong></span> <span class='ocrx_word' id='word_1_538' title='bbox 2404 3680 2464 3717; x_wconf 73' lang='lat' dir='ltr'><strong>ea:</strong></span> <span class='ocrx_word' id='word_1_539' title='bbox 2514 3665 2722 3718; x_wconf 80' lang='lat' dir='ltr'><strong>nuueria</strong></span> <span class='ocrx_word' id='word_1_540' title='bbox 2767 3665 2927 3718; x_wconf 79' lang='lat' dir='ltr'><strong>invisa</strong></span> <span class='ocrx_word' id='word_1_541' title='bbox 2959 3662 3133 3739; x_wconf 77' lang='lat' dir='ltr'><strong>(Sep.</strong></span> <span class='ocrx_word' id='word_1_542' title='bbox 3185 3683 3258 3732; x_wconf 74' lang='grc' dir='ltr'><strong>χι,</strong></span> <span class='ocrx_word' id='word_1_543' title='bbox 3296 3667 3430 3738; x_wconf 79' lang='grc'><strong>¹18),</strong></span> <span class='ocrx_word' id='word_1_544' title='bbox 3475 3669 3564 3726; x_wconf 82' lang='lat' dir='ltr'><strong>vel</strong></span> 
     </span>
    </p>
   </div>
   <div class='ocr_carea' id='block_1_73' title="bbox 1968 3751 3557 3827">
    <p class='ocr_par' dir='ltr' id='par_1_73' title="bbox 1968 3751 3557 3827">
     <span class='ocr_line' id='line_1_74' title="bbox 1968 3751 3557 3827; baseline 0.004 -20"><span class='ocrx_word' id='word_1_545' title='bbox 1968 3751 2127 3807; x_wconf 88' lang='lat' dir='ltr'><strong>etiam</strong></span> <span class='ocrx_word' id='word_1_546' title='bbox 2179 3753 2408 3822; x_wconf 74' lang='lat' dir='ltr'><strong>informi,</strong></span> <span class='ocrx_word' id='word_1_547' title='bbox 2460 3753 2598 3809; x_wconf 89' lang='lat' dir='ltr'><strong>sicut</strong></span> <span class='ocrx_word' id='word_1_548' title='bbox 2646 3756 2896 3810; x_wconf 87' lang='lat' dir='ltr'><strong>nonnulla</strong></span> <span class='ocrx_word' id='word_1_549' title='bbox 2945 3757 3276 3827; x_wconf 80' lang='lat' dir='ltr'><strong>exemplaria</strong></span> <span class='ocrx_word' id='word_1_550' title='bbox 3327 3767 3557 3824; x_wconf 89' lang='lat' dir='ltr'><strong>tenent;</strong></span> 
     </span>
    </p>
   </div>
   <div class='ocr_carea' id='block_1_74' title="bbox 1969 3841 3560 3915">
    <p class='ocr_par' dir='ltr' id='par_1_74' title="bbox 1969 3841 3560 3915">
     <span class='ocr_line' id='line_1_75' title="bbox 1969 3841 3560 3915; baseline 0.007 -20"><span class='ocrx_word' id='word_1_551' title='bbox 1969 3841 2117 3896; x_wconf 88' lang='lat' dir='ltr'><strong>nullo</strong></span> <span class='ocrx_word' id='word_1_552' title='bbox 2144 3841 2301 3897; x_wconf 87' lang='lat' dir='ltr'><strong>modo</strong></span> <span class='ocrx_word' id='word_1_553' title='bbox 2327 3844 2651 3899; x_wconf 86' lang='lat' dir='ltr'><strong>credendum</strong></span> <span class='ocrx_word' id='word_1_554' title='bbox 2680 3857 2761 3900; x_wconf 90' lang='lat' dir='ltr'><strong>est</strong></span> <span class='ocrx_word' id='word_1_555' title='bbox 2809 3847 2952 3899; x_wconf 83' lang='lat' dir='ltr'><strong>illam</strong></span> <span class='ocrx_word' id='word_1_556' title='bbox 2985 3848 3154 3915; x_wconf 88' lang='lat' dir='ltr'><strong>ipsam</strong></span> <span class='ocrx_word' id='word_1_557' title='bbox 3185 3849 3461 3903; x_wconf 85' lang='lat' dir='ltr'><strong>materiam</strong></span> <span class='ocrx_word' id='word_1_558' title='bbox 3487 3849 3560 3906; x_wconf 84' lang='lat' dir='ltr'><strong>de</strong></span> 
     </span>
    </p>
   </div>
   <div class='ocr_carea' id='block_1_75' title="bbox 1971 3933 3559 4007">
    <p class='ocr_par' dir='ltr' id='par_1_75' title="bbox 1971 3933 3559 4007">
     <span class='ocr_line' id='line_1_76' title="bbox 1971 3933 3559 4007; baseline 0.007 -22"><span class='ocrx_word' id='word_1_559' title='bbox 1971 3949 2074 4002; x_wconf 88' lang='lat' dir='ltr'><strong>qua</strong></span> <span class='ocrx_word' id='word_1_560' title='bbox 2110 3933 2278 3987; x_wconf 86' lang='lat' dir='ltr'><strong>l&#39;actus</strong></span> <span class='ocrx_word' id='word_1_561' title='bbox 2311 3942 2392 3989; x_wconf 87' lang='lat' dir='ltr'><strong>est</strong></span> <span class='ocrx_word' id='word_1_562' title='bbox 2427 3934 2676 4001; x_wconf 77' lang='lat' dir='ltr'><strong>muridus,</strong></span> <span class='ocrx_word' id='word_1_563' title='bbox 2718 3936 2958 4004; x_wconf 73' lang='lat' dir='ltr'><strong>quamvis</strong></span> <span class='ocrx_word' id='word_1_564' title='bbox 2978 3935 3278 4004; x_wconf 84' lang='lat' dir='ltr'><strong>informem,</strong></span> <span class='ocrx_word' id='word_1_565' title='bbox 3316 3941 3559 4007; x_wconf 83' lang='lat' dir='ltr'><strong>quamvis</strong></span> 
     </span>
    </p>
   </div>
   <div class='ocr_carea' id='block_1_76' title="bbox 1971 4027 3562 4099">
    <p class='ocr_par' dir='ltr' id='par_1_76' title="bbox 1971 4027 3562 4099">
     <span class='ocr_line' id='line_1_77' title="bbox 1971 4027 3562 4099; baseline 0.004 -19"><span class='ocrx_word' id='word_1_566' title='bbox 1971 4027 2215 4090; x_wconf 88' lang='lat' dir='ltr'><strong>invisam,</strong></span> <span class='ocrx_word' id='word_1_567' title='bbox 2246 4041 2582 4095; x_wconf 88' lang='lat' dir='ltr'><strong>quocumque</strong></span> <span class='ocrx_word' id='word_1_568' title='bbox 2612 4027 2774 4080; x_wconf 88' lang='lat' dir='ltr'><strong>modo</strong></span> <span class='ocrx_word' id='word_1_569' title='bbox 2817 4035 2978 4092; x_wconf 78' lang='lat' dir='ltr'><strong>esset,</strong></span> <span class='ocrx_word' id='word_1_570' title='bbox 3009 4043 3110 4098; x_wconf 89' lang='lat' dir='ltr'><strong>per</strong></span> <span class='ocrx_word' id='word_1_571' title='bbox 3155 4044 3214 4084; x_wconf 89' lang='lat' dir='ltr'><strong>se</strong></span> <span class='ocrx_word' id='word_1_572' title='bbox 3238 4029 3407 4099; x_wconf 88' lang='lat' dir='ltr'><strong>ipsam</strong></span> <span class='ocrx_word' id='word_1_573' title='bbox 3436 4045 3562 4090; x_wconf 84' lang='lat' dir='ltr'><strong>esse</strong></span> 
     </span>
    </p>
   </div>
   <div class='ocr_carea' id='block_1_77' title="bbox 1974 4115 3556 4206">
    <p class='ocr_par' dir='ltr' id='par_1_77' title="bbox 1974 4115 3556 4206">
     <span class='ocr_line' id='line_1_78' title="bbox 1974 4115 3556 4206; baseline 0.005 -36"><span class='ocrx_word' id='word_1_574' title='bbox 1974 4115 2229 4206; x_wconf 72' lang='lat' dir='ltr'><strong>potuisse,</strong></span> <span class='ocrx_word' id='word_1_575' title='bbox 2269 4127 2518 4185; x_wconf 83' lang='lat' dir='ltr'><strong>tanquam</strong></span> <span class='ocrx_word' id='word_1_576' title='bbox 2569 4124 2892 4172; x_wconf 81' lang='lat' dir='ltr'><strong>coaeternam</strong></span> <span class='ocrx_word' id='word_1_577' title='bbox 2930 4126 2985 4172; x_wconf 90' lang='lat' dir='ltr'><strong>et</strong></span> <span class='ocrx_word' id='word_1_578' title='bbox 3008 4133 3240 4194; x_wconf 72' lang='lat' dir='ltr'><strong>comvam</strong></span> <span class='ocrx_word' id='word_1_579' title='bbox 3273 4121 3383 4178; x_wconf 89' lang='lat' dir='ltr'><strong>Deo</strong></span> <span class='ocrx_word' id='word_1_580' title='bbox 3414 4139 3428 4175; x_wconf 90' lang='lat'><strong>:</strong></span> <span class='ocrx_word' id='word_1_581' title='bbox 3460 4122 3556 4178; x_wconf 88' lang='lat' dir='ltr'><strong>sed</strong></span> 
     </span>
    </p>
   </div>
   <div class='ocr_carea' id='block_1_78' title="bbox 1972 4205 3562 4288">
    <p class='ocr_par' dir='ltr' id='par_1_78' title="bbox 1972 4205 3562 4288">
     <span class='ocr_line' id='line_1_79' title="bbox 1972 4205 3562 4288; baseline 0.006 -25"><span class='ocrx_word' id='word_1_582' title='bbox 1972 4205 2260 4279; x_wconf 81' lang='lat' dir='ltr'><strong>quemlibet</strong></span> <span class='ocrx_word' id='word_1_583' title='bbox 2287 4209 2500 4264; x_wconf 89' lang='lat' dir='ltr'><strong>modum</strong></span> <span class='ocrx_word' id='word_1_584' title='bbox 2546 4225 2724 4275; x_wconf 89' lang='lat' dir='ltr'><strong>suum,</strong></span> <span class='ocrx_word' id='word_1_585' title='bbox 2772 4227 2930 4280; x_wconf 81' lang='lat' dir='ltr'><strong>quem</strong></span> <span class='ocrx_word' id='word_1_586' title='bbox 2961 4211 3211 4280; x_wconf 84' lang='lat' dir='ltr'><strong>habebat,</strong></span> <span class='ocrx_word' id='word_1_587' title='bbox 3244 4222 3303 4270; x_wconf 89' lang='lat' dir='ltr'><strong>ut</strong></span> <span class='ocrx_word' id='word_1_588' title='bbox 3321 4231 3562 4288; x_wconf 83' lang='lat' dir='ltr'><strong>quoquo-</strong></span> 
     </span>
    </p>
   </div>
   <div class='ocr_carea' id='block_1_79' title="bbox 1974 4299 3564 4379">
    <p class='ocr_par' dir='ltr' id='par_1_79' title="bbox 1974 4299 3564 4379">
     <span class='ocr_line' id='line_1_80' title="bbox 1974 4299 3564 4379; baseline 0.008 -25"><span class='ocrx_word' id='word_1_589' title='bbox 1974 4299 2132 4355; x_wconf 91' lang='lat' dir='ltr'><strong>modo</strong></span> <span class='ocrx_word' id='word_1_590' title='bbox 2158 4309 2334 4366; x_wconf 86' lang='lat' dir='ltr'><strong>esset,</strong></span> <span class='ocrx_word' id='word_1_591' title='bbox 2386 4309 2439 4356; x_wconf 87' lang='lat' dir='ltr'><strong>et</strong></span> <span class='ocrx_word' id='word_1_592' title='bbox 2489 4300 2856 4358; x_wconf 71' lang='lat' dir='ltr'><strong>distinetarnm</strong></span> <span class='ocrx_word' id='word_1_593' title='bbox 2911 4319 3089 4359; x_wconf 89' lang='lat' dir='ltr'><strong>rerum</strong></span> <span class='ocrx_word' id='word_1_594' title='bbox 3141 4305 3339 4362; x_wconf 85' lang='lat' dir='ltr'><strong>formas</strong></span> <span class='ocrx_word' id='word_1_595' title='bbox 3379 4318 3564 4379; x_wconf 74' lang='lat' dir='ltr'><strong>posset</strong></span> 
     </span>
    </p>
   </div>
   <div class='ocr_carea' id='block_1_80' title="bbox 1973 4391 3558 4466">
    <p class='ocr_par' dir='ltr' id='par_1_80' title="bbox 1973 4391 3558 4466">
     <span class='ocr_line' id='line_1_81' title="bbox 1973 4391 3558 4466; baseline 0.006 -21"><span class='ocrx_word' id='word_1_596' title='bbox 1973 4391 2234 4460; x_wconf 70' lang='lat' dir='ltr'><strong>accipere,</strong></span> <span class='ocrx_word' id='word_1_597' title='bbox 2267 4406 2370 4446; x_wconf 90' lang='lat' dir='ltr'><strong>non</strong></span> <span class='ocrx_word' id='word_1_598' title='bbox 2397 4391 2624 4448; x_wconf 84' lang='lat' dir='ltr'><strong>habebat</strong></span> <span class='ocrx_word' id='word_1_599' title='bbox 2673 4393 2775 4448; x_wconf 87' lang='lat' dir='ltr'><strong>nisi</strong></span> <span class='ocrx_word' id='word_1_600' title='bbox 2816 4395 2884 4449; x_wconf 89' lang='lat' dir='ltr'><strong>ab</strong></span> <span class='ocrx_word' id='word_1_601' title='bbox 2909 4396 3274 4466; x_wconf 89' lang='lat' dir='ltr'><strong>omnipotente</strong></span> <span class='ocrx_word' id='word_1_602' title='bbox 3300 4398 3433 4466; x_wconf 88' lang='lat' dir='ltr'><strong>Deo,</strong></span> <span class='ocrx_word' id='word_1_603' title='bbox 3463 4414 3558 4454; x_wconf 82' lang='lat' dir='ltr'><strong>cu-</strong></span> 
     </span>
    </p>
   </div>
   <div class='ocr_carea' id='block_1_81' title="bbox 1969 4481 3558 4562">
    <p class='ocr_par' dir='ltr' id='par_1_81' title="bbox 1969 4481 3558 4562">
     <span class='ocr_line' id='line_1_82' title="bbox 1969 4481 3558 4562; baseline 0.008 -28"><span class='ocrx_word' id='word_1_604' title='bbox 1969 4482 2056 4551; x_wconf 88' lang='lat' dir='ltr'><strong>jus</strong></span> <span class='ocrx_word' id='word_1_605' title='bbox 2082 4481 2340 4537; x_wconf 84' lang='lat' dir='ltr'><strong>beneﬁcio</strong></span> <span class='ocrx_word' id='word_1_606' title='bbox 2364 4494 2444 4538; x_wconf 90' lang='lat' dir='ltr'><strong>est</strong></span> <span class='ocrx_word' id='word_1_607' title='bbox 2480 4500 2564 4539; x_wconf 89' lang='lat' dir='ltr'><strong>res</strong></span> <span class='ocrx_word' id='word_1_608' title='bbox 2600 4501 2703 4538; x_wconf 87' lang='lat' dir='ltr'><strong>non</strong></span> <span class='ocrx_word' id='word_1_609' title='bbox 2731 4485 2919 4562; x_wconf 26' lang='lat' dir='ltr'><strong>solum.</strong></span> <span class='ocrx_word' id='word_1_610' title='bbox 2940 4503 3286 4562; x_wconf 75' lang='lat' dir='ltr'><strong>quzecumque</strong></span> <span class='ocrx_word' id='word_1_611' title='bbox 3313 4490 3558 4558; x_wconf 85' lang='lat' dir='ltr'><strong>formata,</strong></span> 
     </span>
    </p>
   </div>
   <div class='ocr_carea' id='block_1_82' title="bbox 1973 4570 3562 4642">
    <p class='ocr_par' dir='ltr' id='par_1_82' title="bbox 1973 4570 3562 4642">
     <span class='ocr_line' id='line_1_83' title="bbox 1973 4570 3562 4642; baseline 0.007 -16"><span class='ocrx_word' id='word_1_612' title='bbox 1973 4570 2067 4626; x_wconf 89' lang='lat' dir='ltr'><strong>sed</strong></span> <span class='ocrx_word' id='word_1_613' title='bbox 2120 4573 2277 4624; x_wconf 87' lang='lat' dir='ltr'><strong>etiam</strong></span> <span class='ocrx_word' id='word_1_614' title='bbox 2327 4588 2673 4642; x_wconf 71' lang='lat' dir='ltr'><strong>qumcumque</strong></span> <span class='ocrx_word' id='word_1_615' title='bbox 2734 4573 3048 4630; x_wconf 87' lang='lat' dir='ltr'><strong>formabilis.</strong></span> <span class='ocrx_word' id='word_1_616' title='bbox 3089 4576 3229 4632; x_wconf 87' lang='lat' dir='ltr'><strong>Inter</strong></span> <span class='ocrx_word' id='word_1_617' title='bbox 3273 4577 3562 4638; x_wconf 82' lang='lat' dir='ltr'><strong>formatum</strong></span> 
     </span>
    </p>
   </div>
   <div class='ocr_carea' id='block_1_83' title="bbox 1975 4649 3559 4742">
    <p class='ocr_par' dir='ltr' id='par_1_83' title="bbox 1975 4649 3559 4742">
     <span class='ocr_line' id='line_1_84' title="bbox 1975 4649 3559 4742; baseline 0.009 -27"><span class='ocrx_word' id='word_1_618' title='bbox 1975 4667 2149 4716; x_wconf 85' lang='lat' dir='ltr'><strong>autem</strong></span> <span class='ocrx_word' id='word_1_619' title='bbox 2173 4667 2224 4717; x_wconf 91' lang='lat' dir='ltr'><strong>et</strong></span> <span class='ocrx_word' id='word_1_620' title='bbox 2239 4661 2516 4718; x_wconf 87' lang='lat' dir='ltr'><strong>formabile</strong></span> <span class='ocrx_word' id='word_1_621' title='bbox 2545 4659 2644 4717; x_wconf 88' lang='lat' dir='ltr'><strong>hoc</strong></span> <span class='ocrx_word' id='word_1_622' title='bbox 2679 4664 2916 4730; x_wconf 89' lang='lat' dir='ltr'><strong>interest,</strong></span> <span class='ocrx_word' id='word_1_623' title='bbox 2947 4649 3089 4736; x_wconf 84' lang='lat' dir='ltr'><strong>quod</strong></span> <span class='ocrx_word' id='word_1_624' title='bbox 3132 4666 3416 4736; x_wconf 83' lang='lat' dir='ltr'><strong>formatum</strong></span> <span class='ocrx_word' id='word_1_625' title='bbox 3445 4669 3559 4742; x_wconf 81' lang='lat' dir='ltr'><strong>jam</strong></span> 
     </span>
    </p>
   </div>
   <div class='ocr_carea' id='block_1_84' title="bbox 1976 4747 3556 4836">
    <p class='ocr_par' dir='ltr' id='par_1_84' title="bbox 1976 4747 3556 4836">
     <span class='ocr_line' id='line_1_85' title="bbox 1976 4747 3556 4836; baseline 0.011 -30"><span class='ocrx_word' id='word_1_626' title='bbox 1976 4747 2182 4826; x_wconf 80' lang='lat' dir='ltr'><strong>accepit</strong></span> <span class='ocrx_word' id='word_1_627' title='bbox 2210 4749 2465 4822; x_wconf 81' lang='lat' dir='ltr'><strong>formam,</strong></span> <span class='ocrx_word' id='word_1_628' title='bbox 2519 4756 2795 4812; x_wconf 87' lang='lat' dir='ltr'><strong>formabile</strong></span> <span class='ocrx_word' id='word_1_629' title='bbox 2841 4771 3019 4815; x_wconf 89' lang='lat' dir='ltr'><strong>autem</strong></span> <span class='ocrx_word' id='word_1_630' title='bbox 3064 4772 3240 4831; x_wconf 90' lang='lat' dir='ltr'><strong>potest</strong></span> <span class='ocrx_word' id='word_1_631' title='bbox 3291 4767 3556 4836; x_wconf 80' lang='lat' dir='ltr'><strong>accipere.</strong></span> 
     </span>
    </p>
   </div>
   <div class='ocr_carea' id='block_1_85' title="bbox 1978 4841 3558 4930">
    <p class='ocr_par' dir='ltr' id='par_1_85' title="bbox 1978 4841 3558 4930">
     <span class='ocr_line' id='line_1_86' title="bbox 1978 4841 3558 4930; baseline 0.011 -30"><span class='ocrx_word' id='word_1_632' title='bbox 1978 4841 2080 4900; x_wconf 88' lang='lat' dir='ltr'><strong>Sed</strong></span> <span class='ocrx_word' id='word_1_633' title='bbox 2107 4847 2195 4916; x_wconf 90' lang='lat' dir='ltr'><strong>qui</strong></span> <span class='ocrx_word' id='word_1_634' title='bbox 2237 4845 2455 4917; x_wconf 75' lang='lat' dir='ltr'><strong>przcstat</strong></span> <span class='ocrx_word' id='word_1_635' title='bbox 2504 4849 2663 4903; x_wconf 81' lang='lat' dir='ltr'><strong>rebus</strong></span> <span class='ocrx_word' id='word_1_636' title='bbox 2693 4852 2938 4930; x_wconf 79' lang='lat' dir='ltr'><strong>formam,</strong></span> <span class='ocrx_word' id='word_1_637' title='bbox 2971 4854 3084 4923; x_wconf 87' lang='lat' dir='ltr'><strong>ipse</strong></span> <span class='ocrx_word' id='word_1_638' title='bbox 3135 4865 3351 4924; x_wconf 77' lang='lat' dir='ltr'><strong>praestat</strong></span> <span class='ocrx_word' id='word_1_639' title='bbox 3393 4859 3558 4917; x_wconf 76' lang='lat' dir='ltr'><strong>etiam</strong></span> 
     </span>
    </p>
   </div>
   <div class='ocr_carea' id='block_1_86' title="bbox 1980 4934 3560 5010">
    <p class='ocr_par' dir='ltr' id='par_1_86' title="bbox 1980 4934 3560 5010">
     <span class='ocr_line' id='line_1_87' title="bbox 1980 4934 3560 5010; baseline 0.01 -19"><span class='ocrx_word' id='word_1_640' title='bbox 1980 4939 2134 5006; x_wconf 84' lang='lat' dir='ltr'><strong>posse</strong></span> <span class='ocrx_word' id='word_1_641' title='bbox 2161 4934 2375 4993; x_wconf 83' lang='lat' dir='ltr'><strong>formari</strong></span> <span class='ocrx_word' id='word_1_642' title='bbox 2402 4957 2415 4992; x_wconf 90' lang='lat'><strong>:</strong></span> <span class='ocrx_word' id='word_1_643' title='bbox 2459 4941 2706 5010; x_wconf 84' lang='lat' dir='ltr'><strong>quoniam</strong></span> <span class='ocrx_word' id='word_1_644' title='bbox 2731 4941 2797 4996; x_wconf 90' lang='lat' dir='ltr'><strong>de</strong></span> <span class='ocrx_word' id='word_1_645' title='bbox 2826 4943 2918 4998; x_wconf 91' lang='lat' dir='ltr'><strong>illo</strong></span> <span class='ocrx_word' id='word_1_646' title='bbox 2958 4944 3082 4999; x_wconf 85' lang='lat' dir='ltr'><strong>etin</strong></span> <span class='ocrx_word' id='word_1_647' title='bbox 3107 4945 3196 5001; x_wconf 92' lang='lat' dir='ltr'><strong>illo</strong></span> <span class='ocrx_word' id='word_1_648' title='bbox 3215 4957 3300 5003; x_wconf 86' lang='lat' dir='ltr'><strong>est</strong></span> <span class='ocrx_word' id='word_1_649' title='bbox 3318 4950 3560 5007; x_wconf 81' lang='lat' dir='ltr'><strong>omnium</strong></span> 
     </span>
    </p>
   </div>
   <div class='ocr_carea' id='block_1_87' title="bbox 1978 5032 3564 5115">
    <p class='ocr_par' dir='ltr' id='par_1_87' title="bbox 1978 5032 3564 5115">
     <span class='ocr_line' id='line_1_88' title="bbox 1978 5032 3564 5115; baseline 0.009 -30"><span class='ocrx_word' id='word_1_650' title='bbox 1978 5032 2364 5101; x_wconf 84' lang='lat' dir='ltr'><strong>speciosissima</strong></span> <span class='ocrx_word' id='word_1_651' title='bbox 2413 5035 2618 5100; x_wconf 84' lang='lat' dir='ltr'><strong>species</strong></span> <span class='ocrx_word' id='word_1_652' title='bbox 2670 5034 3146 5104; x_wconf 84' lang='lat' dir='ltr'><strong>incommutabilis;</strong></span> <span class='ocrx_word' id='word_1_653' title='bbox 3183 5047 3238 5094; x_wconf 90' lang='lat' dir='ltr'><strong>et</strong></span> <span class='ocrx_word' id='word_1_654' title='bbox 3283 5038 3405 5111; x_wconf 83' lang='lat' dir='ltr'><strong>ideo</strong></span> <span class='ocrx_word' id='word_1_655' title='bbox 3444 5041 3564 5115; x_wconf 73' lang='lat' dir='ltr'><strong>ipso</strong></span> 
     </span>
    </p>
   </div>
   <div class='ocr_carea' id='block_1_88' title="bbox 1980 5122 3560 5206">
    <p class='ocr_par' dir='ltr' id='par_1_88' title="bbox 1980 5122 3560 5206">
     <span class='ocr_line' id='line_1_89' title="bbox 1980 5122 3560 5206; baseline 0.011 -32"><span class='ocrx_word' id='word_1_656' title='bbox 1980 5137 2115 5206; x_wconf 72' lang='lat' dir='ltr'><strong>lilillS</strong></span> <span class='ocrx_word' id='word_1_657' title='bbox 2136 5131 2217 5200; x_wconf 85' lang='lat' dir='ltr'><strong>est</strong></span> <span class='ocrx_word' id='word_1_658' title='bbox 2247 5122 2335 5190; x_wconf 86' lang='lat' dir='ltr'><strong>qui</strong></span> <span class='ocrx_word' id='word_1_659' title='bbox 2376 5122 2589 5176; x_wconf 88' lang='lat' dir='ltr'><strong>cuilibet</strong></span> <span class='ocrx_word' id='word_1_660' title='bbox 2638 5123 2736 5186; x_wconf 90' lang='lat' dir='ltr'><strong>rei,</strong></span> <span class='ocrx_word' id='word_1_661' title='bbox 2780 5138 2885 5178; x_wconf 91' lang='lat' dir='ltr'><strong>non</strong></span> <span class='ocrx_word' id='word_1_662' title='bbox 2928 5125 3097 5180; x_wconf 90' lang='lat' dir='ltr'><strong>solum</strong></span> <span class='ocrx_word' id='word_1_663' title='bbox 3126 5138 3184 5184; x_wconf 89' lang='lat' dir='ltr'><strong>ut</strong></span> <span class='ocrx_word' id='word_1_664' title='bbox 3216 5130 3432 5201; x_wconf 88' lang='lat' dir='ltr'><strong>pulchra</strong></span> <span class='ocrx_word' id='word_1_665' title='bbox 3467 5135 3560 5206; x_wconf 79' lang='lat' dir='ltr'><strong>sit,</strong></span> 
     </span>
    </p>
   </div>
   <div class='ocr_carea' id='block_1_89' title="bbox 1456 5197 2369 5245">
    <p class='ocr_par' dir='ltr' id='par_1_89' title="bbox 1456 5197 2369 5245">
     <span class='ocr_line' id='line_1_90' title="bbox 1456 5197 2369 5245; baseline 0.005 -8"><span class='ocrx_word' id='word_1_666' title='bbox 1456 5199 1736 5237; x_wconf 70' lang='lat' dir='ltr'><strong>ADMONITIO</strong></span> <span class='ocrx_word' id='word_1_667' title='bbox 1775 5200 1857 5239; x_wconf 78' lang='lat' dir='ltr'><strong>rp.</strong></span> <span class='ocrx_word' id='word_1_668' title='bbox 1898 5197 2369 5245; x_wconf 70' lang='lat' dir='ltr'><strong>BENEDICTINORUM.</strong></span> 
     </span>
    </p>
   </div>
   <div class='ocr_carea' id='block_1_90' title="bbox 338 5258 894 5318">
    <p class='ocr_par' dir='ltr' id='par_1_90' title="bbox 338 5258 894 5318">
     <span class='ocr_line' id='line_1_91' title="bbox 338 5258 894 5318; baseline -0.007 -8"><span class='ocrx_word' id='word_1_669' title='bbox 338 5261 537 5318; x_wconf 72' lang='lat' dir='ltr'><strong>librum</strong></span> <span class='ocrx_word' id='word_1_670' title='bbox 575 5258 642 5309; x_wconf 87' lang='lat' dir='ltr'><strong>de</strong></span> <span class='ocrx_word' id='word_1_671' title='bbox 687 5258 801 5307; x_wconf 79' lang='lat' dir='ltr'><strong>Fide</strong></span> <span class='ocrx_word' id='word_1_672' title='bbox 841 5265 894 5307; x_wconf 87' lang='lat' dir='ltr'><strong>et</strong></span> 
     </span>
    </p>
   </div>
   <div class='ocr_carea' id='block_1_91' title="bbox 1037 5253 3558 5345">
    <p class='ocr_par' dir='ltr' id='par_1_91' title="bbox 1037 5253 3558 5345">
     <span class='ocr_line' id='line_1_92' title="bbox 1037 5253 3558 5345; baseline 0.001 0"><span class='ocrx_word' id='word_1_673' title='bbox 2063 5261 2415 5345; x_wconf 50' lang='lat' dir='ltr'><strong>necesse&quot;;</strong></span> <span class='ocrx_word' id='word_1_674' title='bbox 2449 5274 2512 5334; x_wconf 59' lang='grc' dir='ltr'><strong>εξ</strong></span> <span class='ocrx_word' id='word_1_675' title='bbox 2531 5323 2540 5334; x_wconf 94' lang='grc'><strong>.</strong></span> <span class='ocrx_word' id='word_1_676' title='bbox 2557 5259 2862 5345; x_wconf 52' lang='lat' dir='ltr'><strong>balneae</strong></span> <span class='ocrx_word' id='word_1_677' title='bbox 2885 5265 3034 5339; x_wconf 67' lang='lat' dir='ltr'><strong>variis.</strong></span> <span class='ocrx_word' id='word_1_678' title='bbox 3062 5269 3341 5345; x_wconf 69' lang='lat' dir='ltr'><strong>Gallicanis;</strong></span> <span class='ocrx_word' id='word_1_679' title='bbox 3364 5273 3558 5327; x_wconf 64' lang='lat' dir='ltr'><strong>scilicet</strong></span> 
     </span>
    </p>
   </div>
   <div class='ocr_carea' id='block_1_92' title="bbox 280 5317 3561 5387">
    <p class='ocr_par' dir='ltr' id='par_1_92' title="bbox 280 5317 3561 5387">
     <span class='ocr_line' id='line_1_93' title="bbox 280 5317 3561 5387; baseline 0.002 -17"><span class='ocrx_word' id='word_1_680' title='bbox 280 5333 346 5370; x_wconf 82' lang='lat' dir='ltr'><strong>ex</strong></span> <span class='ocrx_word' id='word_1_681' title='bbox 371 5317 670 5387; x_wconf 65' lang='lat' dir='ltr'><strong>mlbcrtina,</strong></span> <span class='ocrx_word' id='word_1_682' title='bbox 694 5334 759 5370; x_wconf 79' lang='lat' dir='ltr'><strong>ex</strong></span> <span class='ocrx_word' id='word_1_683' title='bbox 782 5317 1075 5387; x_wconf 77' lang='lat' dir='ltr'><strong>bibliotheca</strong></span> <span class='ocrx_word' id='word_1_684' title='bbox 1097 5321 1302 5387; x_wconf 73' lang='lat' dir='ltr'><strong>abbatizc</strong></span> <span class='ocrx_word' id='word_1_685' title='bbox 1396 5317 1598 5387; x_wconf 59' lang='lat' dir='ltr'><strong>victoris</strong></span> <span class='ocrx_word' id='word_1_686' title='bbox 1610 5317 1903 5387; x_wconf 65' lang='lat' dir='ltr'><strong>Parisiensis,</strong></span> <span class='ocrx_word' id='word_1_687' title='bbox 1928 5321 2046 5387; x_wconf 86' lang='lat' dir='ltr'><strong>item</strong></span> <span class='ocrx_word' id='word_1_688' title='bbox 2077 5317 2267 5382; x_wconf 75' lang='lat' dir='ltr'><strong>collegii</strong></span> <span class='ocrx_word' id='word_1_689' title='bbox 2285 5323 2563 5387; x_wconf 80' lang='lat' dir='ltr'><strong>_Sorboniei,</strong></span> <span class='ocrx_word' id='word_1_690' title='bbox 2585 5321 2782 5387; x_wconf 78' lang='lat' dir='ltr'><strong>collegii</strong></span> <span class='ocrx_word' id='word_1_691' title='bbox 2792 5329 3058 5387; x_wconf 80' lang='lat' dir='ltr'><strong>_Navarrici,</strong></span> <span class='ocrx_word' id='word_1_692' title='bbox 3081 5317 3561 5386; x_wconf 57' lang='grc' dir='ltr'><strong>[11οῶἆὲιῖίῖῘόἒῖ</strong></span> 
     </span>
    </p>
   </div>
   <div class='ocr_carea' id='block_1_93' title="bbox 277 5375 3560 5454">
    <p class='ocr_par' dir='ltr' id='par_1_93' title="bbox 277 5375 3560 5454">
     <span class='ocr_line' id='line_1_94' title="bbox 277 5375 3560 5454; baseline 0.013 -49"><span class='ocrx_word' id='word_1_693' title='bbox 277 5385 463 5454; x_wconf 41' lang='grc' dir='ltr'><strong>ΜΨ</strong></span> <span class='ocrx_word' id='word_1_694' title='bbox 486 5375 723 5454; x_wconf 30' lang='lat' dir='ltr'><strong>magis;</strong></span> <span class='ocrx_word' id='word_1_695' title='bbox 744 5381 1233 5454; x_wconf 40' lang='grc' dir='ltr'><strong>⁸ιὲεεηιςῑῑ.ῃειπῂεξρεῑς,</strong></span> <span class='ocrx_word' id='word_1_696' title='bbox 1257 5387 1309 5454; x_wconf 35' lang='lat' dir='ltr'><strong>s3.</strong></span> <span class='ocrx_word' id='word_1_697' title='bbox 1324 5375 1563 5454; x_wconf 55' lang='lat' dir='ltr'><strong>Michaelis</strong></span> <span class='ocrx_word' id='word_1_698' title='bbox 1579 5379 1632 5454; x_wconf 56' lang='lat' dir='ltr'><strong>lin</strong></span> <span class='ocrx_word' id='word_1_699' title='bbox 1657 5375 1874 5454; x_wconf 70' lang='lat' dir='ltr'><strong>periculo</strong></span> <span class='ocrx_word' id='word_1_700' title='bbox 1889 5375 2063 5454; x_wconf 59' lang='lat' dir='ltr'><strong>maris,</strong></span> <span class='ocrx_word' id='word_1_701' title='bbox 2087 5390 2130 5429; x_wconf 81' lang='lat' dir='ltr'><strong>S.</strong></span> <span class='ocrx_word' id='word_1_702' title='bbox 2158 5375 2382 5454; x_wconf 53' lang='lat' dir='ltr'><strong>Aruulphi</strong></span> <span class='ocrx_word' id='word_1_703' title='bbox 2405 5375 3012 5454; x_wconf 61' lang='lat' dir='ltr'><strong>metensis,_l.5tldunensis</strong></span> 
     </span>
    </p>
   </div>
   <div class='ocr_carea' id='block_1_94' title="bbox 278 5428 3560 5518">
    <p class='ocr_par' dir='ltr' id='par_1_94' title="bbox 278 5428 3560 5518">
     <span class='ocr_line' id='line_1_95' title="bbox 278 5428 3560 5518; baseline 0.001 -1"><span class='ocrx_word' id='word_1_704' title='bbox 278 5428 1232 5518; x_wconf 49' lang='lat' dir='ltr'><strong>mas-issuam?smnus</strong></span> <span class='ocrx_word' id='word_1_705' title='bbox 1247 5441 1556 5518; x_wconf 49' lang='lat' dir='ltr'><strong>quaerens</strong></span> <span class='ocrx_word' id='word_1_706' title='bbox 1578 5428 1871 5518; x_wconf 51' lang='lat' dir='ltr'><strong>Lassare</strong></span> <span class='ocrx_word' id='word_1_707' title='bbox 1888 5428 2414 5518; x_wconf 46' lang='lat' dir='ltr'><strong>intermissis</strong></span> <span class='ocrx_word' id='word_1_708' title='bbox 2430 5428 3012 5518; x_wconf 63' lang='grc' dir='ltr'><strong>ῖιῖος</strong></span> 
     </span>
    </p>
   </div>
   <div class='ocr_carea' id='block_1_95' title="bbox 275 5501 2886 5566">
    <p class='ocr_par' dir='ltr' id='par_1_95' title="bbox 275 5501 2886 5566">
     <span class='ocr_line' id='line_1_96' title="bbox 275 5501 2886 5566; baseline 0.002 -10"><span class='ocrx_word' id='word_1_709' title='bbox 275 5519 365 5556; x_wconf 78' lang='lat' dir='ltr'><strong>ses</strong></span> <span class='ocrx_word' id='word_1_710' title='bbox 391 5506 649 5566; x_wconf 72' lang='lat' dir='ltr'><strong>viderunt;</strong></span> <span class='ocrx_word' id='word_1_711' title='bbox 669 5518 858 5554; x_wconf 89' lang='lat' dir='ltr'><strong>necnon</strong></span> <span class='ocrx_word' id='word_1_712' title='bbox 883 5501 1175 5555; x_wconf 78' lang='lat' dir='ltr'><strong>editionibns</strong></span> <span class='ocrx_word' id='word_1_713' title='bbox 1197 5512 1310 5553; x_wconf 86' lang='lat' dir='ltr'><strong>ante</strong></span> <span class='ocrx_word' id='word_1_714' title='bbox 1337 5501 1559 5565; x_wconf 79' lang='lat' dir='ltr'><strong>vulgatis,</strong></span> <span class='ocrx_word' id='word_1_715' title='bbox 1584 5501 1878 5566; x_wconf 74' lang='lat' dir='ltr'><strong>Frobeniana</strong></span> <span class='ocrx_word' id='word_1_716' title='bbox 1899 5501 2096 5564; x_wconf 62' lang='lat' dir='ltr'><strong>Era&#39;smi,</strong></span> <span class='ocrx_word' id='word_1_717' title='bbox 2123 5511 2175 5554; x_wconf 89' lang='lat' dir='ltr'><strong>et</strong></span> <span class='ocrx_word' id='word_1_718' title='bbox 2196 5505 2484 5558; x_wconf 83' lang='lat' dir='ltr'><strong>Plantiniana</strong></span> <span class='ocrx_word' id='word_1_719' title='bbox 2506 5501 2886 5560; x_wconf 74' lang='lat' dir='ltr'><strong>wvaniensium.</strong></span> 
     </span>
    </p>
   </div>
   <div class='ocr_carea' id='block_1_96' title="bbox 359 5562 3475 5648">
    <p class='ocr_par' dir='ltr' id='par_1_96' title="bbox 359 5562 3475 5648">
     <span class='ocr_line' id='line_1_97' title="bbox 359 5562 3475 5648; baseline 0.002 -16"><span class='ocrx_word' id='word_1_720' title='bbox 359 5562 881 5648; x_wconf 74' lang='lat' dir='ltr'><strong>Comparovimus</strong></span> <span class='ocrx_word' id='word_1_721' title='bbox 903 5575 1205 5647; x_wconf 67' lang='lat' dir='ltr'><strong>praeterea</strong></span> <span class='ocrx_word' id='word_1_722' title='bbox 1233 5585 1330 5627; x_wconf 90' lang='lat' dir='ltr'><strong>eas</strong></span> <span class='ocrx_word' id='word_1_723' title='bbox 1361 5562 1561 5626; x_wconf 55' lang='lat' dir='ltr'><strong>onines</strong></span> <span class='ocrx_word' id='word_1_724' title='bbox 1594 5562 1892 5626; x_wconf 79' lang='lat' dir='ltr'><strong>editiones</strong></span> <span class='ocrx_word' id='word_1_725' title='bbox 1918 5562 2106 5630; x_wconf 78' lang='lat' dir='ltr'><strong>initio</strong></span> <span class='ocrx_word' id='word_1_726' title='bbox 2139 5565 2305 5630; x_wconf 83' lang='lat' dir='ltr'><strong>Retr.</strong></span> <span class='ocrx_word' id='word_1_727' title='bbox 2329 5571 2392 5629; x_wconf 86' lang='lat' dir='ltr'><strong>et</strong></span> <span class='ocrx_word' id='word_1_728' title='bbox 2417 5567 2703 5634; x_wconf 88' lang='lat' dir='ltr'><strong>Confess.</strong></span> <span class='ocrx_word' id='word_1_729' title='bbox 2743 5579 2788 5632; x_wconf 88' lang='lat' dir='ltr'><strong>t.</strong></span> <span class='ocrx_word' id='word_1_730' title='bbox 2823 5573 2881 5644; x_wconf 87' lang='grc'><strong>1,</strong></span> <span class='ocrx_word' id='word_1_731' title='bbox 2914 5586 3300 5638; x_wconf 66' lang='lat' dir='ltr'><strong>memoratas.</strong></span> <span class='ocrx_word' id='word_1_732' title='bbox 3389 5580 3475 5640; x_wconf 83' lang='lat' dir='ltr'><strong>M.</strong></span> 
     </span>
    </p>
   </div>
   <div class='ocr_carea' id='block_1_97' title="bbox 340 5664 950 5732">
    <p class='ocr_par' dir='ltr' id='par_1_97' title="bbox 340 5664 950 5732">
     <span class='ocr_line' id='line_1_98' title="bbox 340 5664 950 5732; baseline -0.01 -13"><span class='ocrx_word' id='word_1_733' title='bbox 340 5668 422 5732; x_wconf 78' lang='grc' dir='ltr'><strong>(α)</strong></span> <span class='ocrx_word' id='word_1_734' title='bbox 453 5667 672 5731; x_wconf 76' lang='lat' dir='ltr'><strong>sa&#39;iptus</strong></span> <span class='ocrx_word' id='word_1_735' title='bbox 693 5677 820 5716; x_wconf 87' lang='lat' dir='ltr'><strong>anno</strong></span> <span class='ocrx_word' id='word_1_736' title='bbox 838 5664 950 5715; x_wconf 79' lang='grc'><strong>593.</strong></span> 
     </span>
    </p>
   </div>
   <div class='ocr_carea' id='block_1_98' title="bbox 2053 5667 3240 5739">
    <p class='ocr_par' dir='ltr' id='par_1_98' title="bbox 2053 5667 3240 5739">
     <span class='ocr_line' id='line_1_99' title="bbox 2053 5667 3240 5739; baseline 0.01 -26"><span class='ocrx_word' id='word_1_737' title='bbox 2053 5669 2072 5739; x_wconf 67' lang='grc' dir='ltr'><strong>ξ</strong></span> <span class='ocrx_word' id='word_1_738' title='bbox 2106 5667 2223 5739; x_wconf 49' lang='lat' dir='ltr'><strong>editi</strong></span> <span class='ocrx_word' id='word_1_739' title='bbox 2243 5667 2446 5739; x_wconf 65' lang='lat' dir='ltr'><strong>habent,</strong></span> <span class='ocrx_word' id='word_1_740' title='bbox 2464 5675 2698 5720; x_wconf 77' lang='lat' dir='ltr'><strong>ornatum.</strong></span> <span class='ocrx_word' id='word_1_741' title='bbox 2727 5680 2780 5721; x_wconf 77' lang='lat' dir='ltr'><strong>At</strong></span> <span class='ocrx_word' id='word_1_742' title='bbox 2801 5678 2927 5733; x_wconf 70' lang='lat' dir='ltr'><strong>Mss,</strong></span> <span class='ocrx_word' id='word_1_743' title='bbox 2951 5672 3240 5725; x_wconf 75' lang='lat' dir='ltr'><strong>ordinatum.</strong></span> 
     </span>
    </p>
   </div>
   <div class='ocr_carea' id='block_1_99' title="bbox 2052 5727 2454 5792">
    <p class='ocr_par' dir='ltr' id='par_1_99' title="bbox 2052 5727 2454 5792">
     <span class='ocr_line' id='line_1_100' title="bbox 2052 5727 2454 5792; baseline 0.005 -15"><span class='ocrx_word' id='word_1_744' title='bbox 2052 5731 2074 5760; x_wconf 81' lang='grc'><strong><em>³</em></strong></span> <span class='ocrx_word' id='word_1_745' title='bbox 2105 5736 2208 5778; x_wconf 68' lang='lat' dir='ltr'><strong>uss.</strong></span> <span class='ocrx_word' id='word_1_746' title='bbox 2226 5727 2340 5791; x_wconf 90' lang='lat' dir='ltr'><strong>duo,</strong></span> <span class='ocrx_word' id='word_1_747' title='bbox 2355 5729 2454 5792; x_wconf 84' lang='lat' dir='ltr'><strong>qui.</strong></span> 
     </span>
    </p>
   </div>
  </div>
