4124 6206
550 495 647 551 sed
677 493 837 550 etiam
862 501 922 548 ut
962 489 1182 564 pulchra
1225 506 1344 548 esse
1392 489 1561 561 possit
1601 486 1861 543 attribuit.
1890 484 2130 552 Quapro-

550 595 671 655 pter
698 586 994 642 rectissime
1038 583 1306 639 credimus
1328 583 1506 638 omnia
1536 580 1702 635 Deum
1739 577 1928 632 fecisse
1947 573 2014 630 de
2047 573 2132 627 ui-

549 677 660 732 hilo
694 697 708 733 :
737 679 859 748 quia
873 680 1030 733 etiam
1053 677 1098 732 si
1125 676 1194 732 de
1217 676 1389 746 aliqua
1415 673 1635 730 materia
1661 671 1835 726 factus
1855 677 1942 725 est
1970 682 2132 722 mun-

550 768 669 834 dus,
695 767 881 824 eadem
928 768 1042 837 ipsa
1081 767 1302 822 materia
1330 765 1398 821 de
1441 763 1610 819 nihilo
1646 761 1786 818 facta
1813 767 1928 825 est,
1958 766 2019 814 ut
2045 771 2133 811 or-

549 858 882 913 dinatissime
911 859 1005 913 Dei
1049 872 1273 913 munere
1299 856 1470 927 prima
1502 856 1520 888 ί
1543 853 1807 924 eapacitas
1837 851 2130 906 formarum

549 949 720 1012 fieret,
769 963 833 1003 ac
871 948 1064 1003 deinde
1105 948 1462 1003 formarentur
1510 959 1858 1016 quaecumque
1908 941 2133 996 formata

549 1048 692 1094 sunt.
728 1039 840 1094 Hoc
886 1049 1063 1094 autem
1085 1038 1338 1105 diximus,
1367 1053 1436 1092 ne
1464 1037 1587 1108 quis
1612 1035 1883 1090 existimet
1923 1039 2134 1088 eontra-

548 1131 656 1184 rias
694 1129 795 1184 sibi
861 1144 982 1185 esse
1024 1129 1325 1184 divinarum
1381 1128 1774 1197 Scripturarum
1818 1122 2130 1187 sententias,

550 1223 800 1291 quoniam
849 1230 902 1276 et
959 1223 1136 1276 omnia
1191 1222 1356 1276 Deum
1422 1220 1615 1276 fecisse
1666 1217 1734 1274 de
1780 1216 1949 1272 nihilo
1996 1214 2132 1269 scri-

550 1325 696 1383 ptum
747 1323 863 1380 est,
917 1323 970 1368 et
1031 1312 1290 1369 mundum
1352 1326 1474 1368 esse
1529 1311 1726 1366 factum
1787 1307 1856 1364 de
1922 1305 2135 1362 informi

549 1404 790 1458 materia.

622 1498 676 1550 5.
702 1495 995 1551 Credentes
1023 1495 1201 1565 itaque
1241 1496 1297 1550 in
1347 1495 1514 1550 Deum
1543 1493 1756 1548 Patrem
1793 1491 2134 1561 omnipoten-

552 1596 682 1650 tem,
739 1587 935 1642 nullam
987 1597 1287 1642 creaturam
1335 1600 1459 1641 esse
1493 1600 1613 1656 quae
1663 1585 1732 1639 ab
1773 1585 2136 1652 omnipotente

550 1696 654 1735 non
683 1689 860 1735 creata
907 1681 994 1746 sit,
1058 1681 1365 1736 existimare
1389 1679 1667 1734 debemus.
1698 1676 1767 1732 Et
1793 1676 1917 1747 quia
1956 1674 2136 1730 omnia

551 1786 649 1843 per
676 1771 910 1827 Verbum
955 1773 1176 1840 creavit,
1206 1770 1349 1842 quod
1377 1769 1614 1825 Verbum
1639 1778 1693 1824 et
1717 1768 1924 1823 Veritas
1947 1766 2139 1822 dicitur

554 1861 753 1935 (Juan.
781 1881 888 1925 xw,
924 1863 957 1919 6
988 1862 1030 1935 ),
1058 1873 1113 1919 et
1166 1863 1350 1918 Virtus
1391 1871 1446 1918 et
1479 1861 1750 1932 Sapientia
1797 1861 1888 1915 Dei
1915 1859 1973 1931 (Ι
2011 1858 2130 1914 Cor.

551 1967 593 2018 ι,
620 1953 692 2006 24
716 1953 755 2023 ),
783 1953 1072 2023 multisque
1087 1952 1206 2007 aliis
1227 1953 1530 2006 insinuatur
1566 1951 1838 2006 vocabulis
1865 1950 1960 2020 qui
1989 1951 2011 1982 ’
2040 1965 2141 2005 no-

553 2052 682 2099 stra:
721 2043 840 2099 fidei
882 2043 1036 2100 Jesus
1063 2043 1310 2100 Christus
1339 2043 1595 2098 Dominus
1620 2040 2044 2107 commendatur,
2077 2039 2141 2094 li-

554 2135 772 2192 berator
814 2136 1019 2192 scilicet
1051 2145 1234 2191 noster
1282 2145 1338 2191 et
1388 2134 1600 2190 rector'
1631 2133 1799 2188 Filius
1844 2133 1977 2199 Dei;
2028 2147 2134 2186 non

553 2229 698 2283 enim
734 2227 969 2284 Verbum
1016 2228 1148 2284 illud
1191 2243 1288 2298 per
1325 2227 1466 2298 quod
1508 2236 1635 2282 sunt
1674 2227 1853 2282 omnia
1905 2224 2138 2291 condita,

555 2333 813 2389 generare
863 2320 1035 2390 potuit
1086 2319 1188 2376 nisi
1237 2319 1326 2376 ille
1380 2319 1468 2389 qui
1524 2334 1620 2390 per
1675 2319 1850 2390 ipsum
1903 2317 2143 2375 condidit

555 2411 757 2464 omnia.

627 2501 858 2559 CAPUT
884 2500 972 2557 Ill.
1001 2532 1072 2545 —
1101 2501 1320 2558 Verbum
1338 2519 1495 2571 quare
1533 2504 1722 2558 dictum
1747 2504 1810 2559 de
1855 2503 1993 2558 Filio
2022 2503 2138 2558 Dei.

558 2594 712 2662 Quod
743 2591 961 2650 Verbum
987 2596 1053 2649 sit
1074 2595 1297 2667 idipsum
1321 2597 1457 2667 quod
1480 2596 1655 2652 Pater.
1679 2597 1961 2653 Credimus
1977 2597 2140 2652 etiam

561 2687 619 2741 in
647 2686 829 2742 Iesum
876 2686 1142 2742 Christum
1193 2687 1386 2743 Filium
1417 2689 1534 2754 Dei,
1563 2689 1736 2745 Patris
1784 2689 2138 2761 unigenitum,

557 2775 614 2831 id
643 2783 729 2831 est
748 2776 984 2843 unicum,
1017 2778 1298 2833 Dominum
1324 2787 1588 2834 nostrum.
1619 2779 1772 2846 Quod
1805 2788 1981 2836 tamen
2012 2781 2145 2836 Ver-

559 2864 688 2922 bum
717 2881 823 2922 non
857 2867 993 2923 sicut
1017 2869 1178 2924 verba
1208 2877 1392 2926 nostra
1433 2869 1690 2927 debemus
1719 2872 1987 2942 accipere,
2018 2888 2141 2944 quae

560 2971 696 3013 voce
730 2966 888 3029 atque
915 2973 1012 3014 ore
1062 2959 1270 3029 prolata
1325 2959 1609 3018 verberato
1659 2977 1784 3019 aere
1839 2972 2141 3032 transeunt,

558 3064 660 3105 nec
675 3050 873 3119 diutius
892 3062 1109 3106 manent
1149 3066 1306 3122 quam
1358 3061 1568 3109 sonant.
1628 3053 1807 3110 Manet
1839 3055 1981 3110 enim
2012 3054 2145 3111 illud

557 3137 791 3196 Verbum
821 3141 1325 3198 incommutabiliter
1361 3161 1375 3198 :
1404 3159 1526 3199 nam
1553 3143 1623 3201 de
1658 3146 1773 3216 ipso
1813 3146 2009 3201 dictum
2040 3155 2142 3212 est,

559 3243 682 3284 cum
726 3231 794 3286 de
816 3231 1084 3302 Sapientia
1109 3233 1395 3299 diceretur,
1427 3234 1497 3290 In
1539 3253 1593 3292 se
1615 3238 1728 3307 ipsa
1757 3254 1964 3293 manens
1992 3239 2146 3292 inno-

556 3328 643 3373 vat
661 3321 830 3375 omnia
859 3321 879 3395 (
905 3320 1036 3393 Sap.
1064 3339 1156 3389 vn,
1206 3323 1276 3378 27
1301 3325 1342 3395 ).
1366 3324 1600 3380 Verbum
1626 3337 1804 3383 autem
1831 3328 2001 3383 Patris
2026 3328 2147 3384 ideo

559 3409 759 3466 dictum
787 3421 891 3480 est,
933 3415 1054 3484 quia
1097 3429 1191 3484 per
1223 3416 1395 3485 ipsum
1443 3417 1728 3474 innoteseit
1771 3419 1948 3474 Pater.
1998 3420 2148 3476 Sicut

560 3514 690 3572 ergo
714 3503 893 3557 verbis
919 3505 1116 3560 nostris
1144 3505 1198 3561 id
1216 3507 1443 3578 agimus,
1471 3523 1592 3562 cum
1620 3523 1804 3563 verum
1854 3510 2144 3581 loquimur,

560 3599 621 3646 ut
645 3601 828 3648 noster
850 3593 1060 3651 animus
1087 3599 1386 3654 innotescat
1421 3598 1682 3667 audienti,
1705 3611 1760 3656 et
1787 3601 2044 3673 quidquid
2070 3619 2148 3660 se-

561 3692 766 3740 cretum
795 3685 847 3740 in
869 3687 1035 3744 corde
1080 3690 1335 3760 gerimus,
1387 3706 1485 3761 per
1531 3692 1680 3762 signa
1730 3693 2037 3764 hujusmodi
2080 3698 2148 3753 ad

558 3777 917 3848 cognitionem
958 3780 1176 3838 alterius
1238 3781 1571 3852 proferatur:
1599 3784 1678 3840 sic
1722 3785 1810 3839 illa
1847 3786 2143 3858 Sapientia,

558 3883 718 3940 quam
750 3870 890 3928 Deus
916 3871 1073 3930 Pater
1085 3873 1286 3944 genuit,
1314 3877 1566 3945 quoniam
1604 3890 1699 3946 per
1741 3876 1911 3947 ipsam
1941 3876 2150 3934 innote-

559 3961 662 4016 scit
711 3960 883 4032 dignis
932 3963 1126 4019 animis
1169 3967 1557 4022 secretissimus
1609 3965 1767 4023 Pater
1797 3966 1841 4034 ⁸,
1896 3967 2130 4026 Verbum

560 4051 678 4119 ejus
693 4053 1197 4110 convenientissime
1225 4054 1550 4112 nominatur.

632 4142 687 4194 4.
717 4141 861 4196 Inter
905 4143 1143 4197 animum
1193 4154 1372 4200 autem
1412 4155 1651 4202 nostrum
1674 4157 1730 4204 et
1752 4150 1913 4206 verba
1944 4160 2145 4219 nostra,

560 4229 755 4299 quibus
782 4230 1028 4284 eumdem
1058 4231 1296 4288 animum
1340 4235 1626 4291 ostendere
1675 4252 1952 4306 conamur,
1985 4241 2149 4311 plurio

542 4335 708 4394 .mum
729 4321 906 4376 distat.
933 4321 1040 4377 Nos
1078 4323 1274 4393 quippe
1299 4339 1406 4380 non
1442 4326 1709 4396 gignimus
1749 4330 1990 4385 sonantia
2031 4348 2151 4388 ver-

539 4412 653 4482 lba,
694 4410 791 4467 sed
825 4413 1087 4481 facimus;
1115 4414 1306 4484 quibus
1358 4415 1613 4472 faciendis
1644 4420 1868 4476 materia
1908 4421 2151 4493 subjacet

559 4519 777 4578 corpus.
813 4507 1106 4564 Plurimum
1143 4519 1319 4566 autem
1368 4510 1594 4567 interest
1626 4513 1765 4569 inter
1807 4515 2044 4572 animum
2093 4527 2150 4572 et

559 4612 776 4669 corpus.
809 4599 949 4655 Deus
978 4615 1108 4658 vero
1133 4616 1254 4657 cum
1293 4601 1529 4658 Verbum
1557 4606 1759 4675 genuit,
1809 4606 1861 4662 id
1901 4608 2045 4679 quod
2065 4619 2151 4666 est

558 4687 676 4760 ipse
699 4692 910 4761 genuit;
942 4708 1114 4765 neque
1139 4693 1206 4750 de
1224 4695 1411 4763 nihilo,
1429 4711 1603 4768 neque
1629 4697 1698 4754 de
1733 4699 1908 4770 aliqua
1937 4701 2047 4772 jam
2070 4702 2150 4759 fa-

557 4793 644 4840 cta
679 4785 997 4858 conditaque
1047 4789 1306 4855 materia;
1339 4789 1433 4846 sed
1462 4790 1530 4845 de
1570 4793 1748 4862 seipso
1799 4793 1851 4848 id
1881 4795 2024 4864 quod
2067 4804 2152 4852 est

556 4877 693 4948 ipse.
716 4879 830 4937 Hoc
843 4879 986 4936 enim
1013 4891 1067 4937 et
1092 4896 1190 4937 nos
1209 4897 1484 4949 conamur,
1511 4897 1634 4938 cum
1676 4883 1966 4954 loquimur,
1992 4886 2037 4941 si
2068 4885 2150 4942 di-

556 4965 786 5037 ligenter
807 4970 1206 5041 consideremus
1245 4981 1444 5028 nostra:
1468 4973 1759 5028 voluntatis
1809 4976 2142 5044 appetitum;

558 5073 669 5114 non
696 5076 818 5117 cum
845 5065 1152 5134 mentimur,
1187 5066 1283 5123 sed
1312 5081 1435 5123 cum
1460 5080 1648 5122 verum
1687 5066 1978 5138 loquimur.
2004 5069 2143 5136 Quid

556 5152 704 5216 enim
727 5153 870 5212 aliud
892 5159 1158 5228 molimur,
1182 5159 1285 5216 nisi
1325 5160 1561 5216 animum
1589 5159 1763 5231 ipsum
1803 5170 2068 5231 nostrum,
2098 5159 2144 5218 si

618 5335 639 5398 ξ
673 5339 782 5384 Mss.
807 5339 1031 5398 quatuor,
1056 5337 1226 5398 primo.

617 5396 640 5461 ξ
675 5403 779 5444 Mss.
805 5395 1038 5461 quinque,
1056 5395 1248 5461 quibus.

619 5457 642 5488 ³
672 5461 755 5507 Is.
780 5456 1101 5516 colbei‘tinus',
1128 5465 1334 5509 creator.

617 5517 641 5548 δ
661 5524 982 5588 anterior.
1007 5516 1257 5588 innotescit
1286 5519 1829 5578 anirnussecretissimus
1845 5526 2020 5588 Patris.
2045 5533 2141 5588 Ern,

552 5575 980 5652 irytotescitﬁgnis
1015 5579 1362 5652 secretissima:
1382 5590 1562 5652 APater.
1607 5575 1714 5652 Mss.
1751 5575 1862 5648 sex,

551 5637 714 5712 dignis
734 5637 907 5712 animis
929 5640 1278 5712 secretissimae
1302 5649 1477 5712 Pater._
1490 5655 1618 5712 [tam
1633 5637 1905 5700 lectionem
1918 5637 2142 5701 esse};

551 5701 750 5774 rigorem,
775 5701 822 5750 id
845 5706 1018 5774 partim
1042 5707 1284 5774 persuasit
1305 5706 1434 5769 quod
1453 5709 1691 5774 inferius,
1716 5725 1766 5774 u.
1793 5712 1841 5769 4,
1873 5712 2068 5773 dicitur,
2092 5727 2144 5764 se

551 5759 776 5841 indicare
998 5759 1315 5841 etc.,_partim
1324 5759 1471 5841 iquod
1484 5773 1539 5841 in
1560 5759 2023 5841 adiungendi
2023 5759 2144 5841 :1;ch

548 5819 684 5886 bum,
711 5819 978 5889 amouerit,
998 5819 1223 5893 habetur,
1241 5819 1372 5895 ignii
1389 5819 1579 5898 etiam
1593 5819 1699 5898 ut.

2141 5910 2231 5940 εκ

1539 371 1628 431 DE
1666 367 1823 428 FIDE
1861 366 1952 426 ET
1987 364 2318 432 SYMBOLO,
2360 365 2419 422 S.
2463 362 2830 425 AUGUSTIM

3718 363 3824 422 £85

2243 479 2357 535 ﬁeri
2380 488 2573 550 potest,
2617 479 3047 552 cognoscendum
3090 485 3144 532 et
3181 477 3606 548 perSpiciendum
3642 479 3821 535 animo

2239 570 2492 626 auditoris
2522 571 2720 626 inferre
2749 589 2763 627 ε
2799 571 2926 626 utin
2959 569 3110 624 nobis
3132 569 3231 638 ipsi
3251 568 3461 638 quidem
3483 585 3817 636 maneamus,

2242 677 2341 717 nec
2367 663 2678 718 recedamus
2711 679 2741 718 a
2771 663 2945 728 nobis,
2977 671 3033 718 et
3059 672 3233 717 tamen
3263 662 3364 716 tale
3412 662 3683 730 indicium,
3714 679 3820 732 quo

2245 754 2410 810 fiatin
2457 756 2624 811 altero
2660 765 2842 812 nostra
2881 756 3086 821 notitia,
3143 758 3504 825 proferamus;
3532 764 3610 820 ut,
3641 771 3810 825 quan-

2245 854 2354 900 tum
2371 845 2593 902 facultas
2621 847 2931 904 conceditur
2953 848 2994 913 ί,
3021 847 3171 918 quasi
3199 848 3334 902 alter
3354 847 3563 901 animus
3591 848 3660 901 ab
3700 847 3819 902 ani-

2244 952 2333 990 mo
2359 952 2452 1006 per
2496 953 2654 1007 quem
2681 954 2740 994 se
2785 937 2979 994 indicet
3031 936 3372 1008 proferatur?
3402 938 3455 993 Id
3481 937 3702 994 facimus
3730 954 3826 994 co-

2245 1035 2434 1082 nantes
2472 1035 2528 1082 et
2566 1028 2746 1084 verbis
2771 1031 2815 1095 ²,
2844 1038 2899 1085 et
2951 1029 3066 1099 ipso
3108 1043 3242 1084 sono
3271 1029 3436 1096 vocis,
3465 1039 3520 1085 et
3564 1030 3735 1097 vultu,
3767 1038 3823 1086 et

2242 1125 2397 1187 gestu
2433 1119 2696 1188 corporis,
2744 1128 2821 1174 tot
2859 1120 3064 1176 scilicet
3092 1120 3536 1178 machinamentis
3580 1122 3632 1177 id
3679 1122 3822 1191 quod

2243 1210 2386 1265 intus
2433 1221 2517 1266 est
2570 1212 2940 1268 demonstrare
2981 1213 3298 1284 cupientes:
3330 1215 3452 1285 quia
3499 1214 3602 1270 tale
3628 1213 3822 1285 aliquid

2243 1300 2486 1371 proferre
2511 1317 2617 1358 non
2646 1317 2950 1370 possumus,
2971 1312 3027 1359 et
3053 1304 3175 1360 ideo
3219 1319 3324 1360 non
3345 1313 3522 1375 potest
3551 1304 3822 1375 loquentis

2244 1392 2454 1447 animus
2483 1392 2689 1462 penitus
2733 1395 3098 1461 innotescere;
3131 1394 3272 1451 unde
3320 1395 3480 1450 etiam
3529 1394 3823 1452 mendaciis

2243 1482 2392 1539 locus
2422 1492 2584 1553 patet.
2617 1484 2756 1540 Deus
2773 1491 2950 1540 autem
2991 1485 3168 1550 Pater,
3193 1486 3283 1557 qui
3307 1486 3586 1542 verissime
3607 1501 3667 1542 se
3696 1485 3828 1540 indi-

2248 1589 2371 1629 care
2390 1575 2581 1629 animis
2607 1576 2899 1646 cognituris
2923 1585 2979 1631 et
2997 1576 3166 1631 voluit
3188 1584 3243 1631 et
3270 1578 3461 1646 potuit,
3501 1577 3604 1632 hoc
3649 1575 3716 1631 ad
3763 1590 3826 1631 se

2250 1665 2421 1735 ipsum
2445 1664 2783 1721 indicandum
2808 1666 3010 1737 genuit,
3051 1667 3194 1737 quod
3223 1675 3304 1722 est
3329 1668 3443 1737 ipse
3472 1669 3563 1737 qui
3611 1667 3827 1738 genuit:

2246 1757 2336 1826 qui
2383 1757 2541 1812 etiam
2572 1757 2751 1813 Virtus
2797 1758 2913 1828 ejus
2957 1768 3012 1814 et
3045 1757 3314 1828 Sapientia
3339 1758 3549 1825 dicitur,
3581 1759 3704 1829 quia
3738 1773 3837 1829 per

2248 1847 2420 1918 ipsum
2451 1857 2700 1919 operatus
2745 1858 2832 1904 est
2859 1857 2916 1904 et
2933 1849 3196 1920 disposuit
3222 1850 3436 1915 omnia;
3459 1850 3528 1906 de
3555 1866 3663 1921 quo
3701 1865 3838 1921 pro-

2248 1947 2427 2008 pterea
2455 1937 2669 2005 dicitur,
2696 1939 2910 2011 Attingit
2933 1956 2968 1993 a
2995 1941 3097 2009 ﬁne
3131 1956 3289 2011 usque
3308 1941 3376 1995 ad
3421 1941 3574 2009 finem
3613 1943 3829 2014 fortiter,

2249 2039 2296 2084 et
2318 2031 2541 2100 dispertit
2567 2031 2738 2085 omnia
2756 2031 2976 2086 suaviter
3003 2033 3022 2103 (
3050 2032 3182 2104 Sap.
3204 2049 3315 2100 Vili,
3349 2035 3441 2106 1).

2321 2119 2547 2178 CAPUT
2587 2121 2674 2177 IV.
2700 2152 2774 2164 —
2797 2124 2851 2180 5.
2885 2123 3052 2179 Filius
3089 2123 3183 2180 Dei
3215 2143 3317 2180 non
3356 2128 3522 2196 factus
3550 2144 3640 2184 nec
3668 2129 3834 2184 minor

2250 2229 2284 2266 a
2312 2211 2487 2266 Patre.
2517 2212 2699 2269 Creare
2725 2223 2771 2269 et
2797 2216 3012 2270 condere
3043 2216 3194 2271 idem.
3225 2216 3392 2273 Filius
3423 2218 3522 2274 Dei
3546 2236 3634 2274 cur
3668 2225 3834 2293 factus

2251 2305 2420 2357 homo.
2442 2301 2631 2358 Contra
2667 2303 3066 2360 Manichme
3094 2307 3344 2362 Iucresim.
3387 2307 3542 2364 Totus
3569 2312 3716 2364 homo
3742 2327 3836 2365 su-

2251 2404 2450 2465 sceptus
2488 2411 2520 2448 a
2564 2394 2740 2449 Verbo.
2785 2394 3040 2452 Nativitas
3074 2396 3262 2452 Christi
3303 2416 3366 2455 ea:
3406 2402 3611 2471 femina.
3646 2400 3838 2456 Contra

2254 2487 2585 2542 Manio/neos.
2624 2487 2979 2554 Quamobrem
2996 2491 3296 2561 unigenitus
3323 2490 3489 2548 Filius
3520 2495 3632 2559 Dei,
3666 2509 3842 2565 neque
3890 2505 3898 2511 '

2252 2573 2422 2631 factus
2449 2586 2532 2630 est
2557 2591 2589 2630 a
2618 2577 2777 2633 Patre
2806 2593 2822 2643 ;
2865 2579 2988 2648 quia
3017 2579 3154 2636 sicut
3180 2579 3310 2636 dicit
3336 2585 3679 2654 evangelista,
3712 2583 3843 2640 0m-

2253 2666 2340 2720 nia
2368 2682 2457 2736 per
2480 2667 2649 2736 ipsum
2675 2673 2810 2740 facta
2828 2679 2947 2724 sunt
2971 2670 3156 2741 (Joan.
3183 2686 3222 2738 ι,
3254 2673 3324 2743 5)
3356 2691 3368 2726 :
3397 2689 3570 2744 neque
3605 2691 3671 2731 ex
3701 2686 3842 2732 lem-

2253 2772 2384 2828 pure
2421 2759 2630 2828 genitus
2661 2777 2674 2814 :
2715 2761 2963 2832 quoniam
3008 2768 3330 2834 sempiterne
3357 2765 3379 2798 ⁸
3410 2767 3551 2823 Deus
3591 2771 3840 2839 sapiens,

2255 2848 2632 2918 sempiternam
2659 2866 2842 2907 secum
2877 2853 3038 2908 habet
3075 2856 3388 2924 sapientiam
3432 2873 3581 2913 suam
3627 2879 3639 2912 :
3670 2875 3846 2931 neque

2256 2938 2428 3009 impar
2462 2951 2548 2997 est
2590 2941 2755 3010 Patri,
2787 2943 2839 2998 id
2881 2956 2982 3012 eet,
3020 2945 3075 3000 in
3120 2946 3297 3016 aliquo
3336 2949 3510 3004 minor
3551 2967 3566 3015 ;
3624 2953 3745 3021 quia
3789 2959 3848 3006 et

2257 3033 2544 3102 Apostolus
2571 3034 2716 3102 dicit,
2754 3035 2857 3104 Qui
2881 3053 2992 3090 cum
3025 3038 3079 3091 in
3105 3038 3270 3107 forma
3311 3039 3407 3094 Dei
3444 3054 3571 3096 esset
3597 3045 3846 3099 constitu-

2260 3131 2359 3190 tus,
2392 3141 2494 3180 non
2512 3125 2747 3195 rapinam
2780 3126 3052 3182 arbitratus
3071 3137 3143 3183 est
3168 3145 3274 3184 esse
3296 3135 3504 3201 aequalis
3538 3133 3642 3188 Deo
3677 3134 3846 3205 (Phi-

2259 3215 2386 3287 (ipp.
2411 3232 2467 3284 ιι,
2495 3217 2582 3288 6).
2605 3217 2714 3272 Hac
2731 3218 2888 3288 igitur
2912 3219 3016 3275 fide
3038 3220 3292 3276 catholica
3313 3232 3367 3276 et
3395 3223 3470 3277 illi
3493 3226 3855 3283 excluduntur

2257 3307 2348 3377 qui
2388 3308 2636 3363 eumdem
2666 3309 2850 3364 dicunt
2877 3309 3066 3366 Filium
3094 3327 3213 3367 esse
3242 3314 3329 3384 qui
3356 3315 3510 3371 Pater
3543 3327 3622 3371 est
3651 3335 3665 3383 ;
3718 3320 3852 3389 quia

2259 3405 2313 3452 et
2352 3396 2454 3452 hoc
2504 3397 2737 3454 Verbum
2785 3399 2924 3469 apud
2975 3401 3139 3456 Deum
3190 3418 3310 3458 esse
3358 3420 3464 3458 non
3520 3418 3696 3475 posset
3744 3409 3854 3464 nisi

2259 3487 2398 3556 apud
2423 3488 2633 3544 Patrem
2659 3489 2846 3556 Deum,
2871 3499 2926 3546 et
2952 3492 3081 3546 nulli
3109 3503 3192 3548 est
3216 3496 3434 3564 aequalis
3461 3497 3551 3566 qui
3572 3498 3717 3552 solus
3742 3509 3849 3554 est.

2261 3577 2625 3635 Excluduntur
2669 3582 2826 3636 etiam
2882 3582 2958 3638 illi
3006 3585 3099 3654 qui
3151 3595 3450 3642 creaturam
3503 3603 3624 3644 esse
3664 3589 3856 3648 dicunt

2259 3668 2474 3736 Filium,
2504 3672 2746 3741 quamvis
2773 3688 2878 3728 non
2910 3674 3092 3741 talem,
3119 3675 3303 3746 quales
3329 3688 3452 3732 sunt
3475 3689 3683 3735 craterae
3706 3697 3856 3738 crea-

2261 3769 2413 3816 turae.
2469 3761 2960 3836 Quantamcumque
3008 3767 3150 3824 enim
3198 3779 3495 3825 creaturam
3538 3772 3748 3840 dicant,
3802 3776 3853 3831 si

2259 3862 2501 3909 creatura
2532 3863 2644 3924 est,
2675 3856 2889 3912 condita
2916 3867 2971 3913 et
2994 3857 3132 3914 facta
3155 3868 3256 3916 est.
3286 3861 3422 3917 Nam
3457 3862 3595 3919 idem
3616 3874 3696 3920 est
3718 3881 3853 3922 con-

2260 3943 2388 4001 dere
2410 3987 2426 4014 ,
2455 3948 2595 4018 quod
2629 3963 2812 4005 creare
2842 3968 2856 4004 :
2883 3965 3182 4022 quanquam
3214 3953 3266 4008 in
3296 3955 3472 4010 latinae
3501 3956 3694 4028 linguae
3713 3973 3852 4014 con-

2261 4037 2544 4095 suetudine
2581 4039 2790 4096 dicatur
2817 4042 3102 4112 aliquando
3131 4057 3316 4101 creare
3340 4087 3353 4110 ,
3384 4061 3481 4115 pro
3510 4062 3576 4102 eo
3595 4049 3739 4116 quod
3766 4058 3855 4106 est

2259 4130 2512 4201 gignere;
2536 4133 2630 4188 sed
2652 4148 2824 4204 graeca
2849 4134 3119 4190 discernit.
3147 4138 3260 4192 Hoc
3284 4139 3424 4194 enim
3453 4139 3678 4196 dicimus
3696 4157 3858 4198 crea-

2262 4229 2432 4277 turam
2453 4264 2468 4289 ,
2501 4225 2642 4294 quod
2667 4227 2740 4281 illi
2766 4239 2940 4295 κτίσμα
2957 4228 3042 4284 vel
3069 4236 3220 4284 κτίσιν
3243 4242 3436 4288 vocant
3473 4253 3486 4286 :
3514 4243 3708 4290 etcum
3733 4237 3862 4294 sine

2261 4313 2603 4384 ambiguitate
2640 4316 2785 4386 loqui
2815 4319 3088 4385 volumus,
3141 4336 3248 4378 non
3299 4323 3551 4389 dicimus,
3611 4341 3857 4395 creare;

2262 4405 2378 4473 sed,
2407 4408 2655 4464 condere.
2685 4409 2824 4481 Ergo
2863 4413 2908 4466 si
2945 4424 3188 4470 creatura
3215 4424 3297 4470 est
3334 4416 3524 4482 Filius,
3551 4421 3867 4488 quamlibet

2262 4513 2450 4570 magna
2483 4501 2570 4567 sit,
2597 4501 2734 4557 facta
2762 4513 2863 4559 cst.
2895 4505 3003 4561 Nos
3027 4517 3203 4563 autem
3228 4509 3281 4564 in
3308 4525 3429 4565 eum
3456 4511 3726 4568 credimus
3752 4529 3868 4583 per

2264 4606 2420 4661 quem
2449 4591 2585 4648 facta
2613 4604 2736 4649 sunt
2759 4597 2934 4651 omnia
2955 4641 2968 4664 ,
3004 4614 3108 4654 non
3139 4599 3192 4655 in
3234 4615 3357 4656 eum
3398 4618 3492 4672 per
3521 4620 3678 4674 quem
3714 4605 3871 4663 facta

2264 4692 2388 4739 sunt
2415 4693 2610 4740 caetera
2651 4703 2664 4739 :
2705 4702 2877 4757 neque
2905 4691 3048 4744 enim
3080 4691 3166 4746 hic
3201 4693 3354 4748 aliter
3383 4695 3622 4766 accipere
3649 4712 3872 4767 possu-

2263 4790 2382 4831 mus
2401 4778 2578 4832 omnia
2599 4819 2614 4844 ,
2643 4779 2745 4832 nisi
2775 4795 3124 4852 quaecumque
3148 4794 3272 4840 sunt
3293 4785 3449 4841 facta.

2333 4869 2387 4924 6.
2428 4869 2532 4925 Sed
2561 4871 2808 4940 quoniam
2845 4871 3061 4929 Verbum
3088 4893 3206 4930 caro
3235 4880 3425 4947 factum
3455 4889 3546 4945 est,
3577 4890 3623 4935 et
3650 4882 3914 4937 habita-t

2261 4959 2330 5014 vit
2355 4961 2407 5013 in
2437 4960 2576 5015 nobis
2616 4960 2802 5033 (Joan.
2844 4979 2900 5031 ι,
2931 4964 3033 5036 ii)
3065 4983 3079 5031 ;
3117 4967 3300 5023 eadem
3332 4969 3596 5039 Sapientia
3627 4988 3748 5040 quae
3787 4975 3888 5032 de

2263 5052 2372 5108 Deo
2400 5054 2577 5124 genita
2607 5063 2708 5120 est,
2737 5055 2950 5128 dignata
2973 5066 3056 5113 est
3092 5060 3249 5115 etiam
3280 5061 3332 5115 in
3366 5061 3669 5118 hominibus
3697 5080 3890 5120 crea—

2261 5145 2307 5199 ri
2332 5144 2373 5197 ‘.
2405 5144 2522 5212 Quo
2551 5147 2782 5216 pertinet
2808 5148 2937 5203 illud
2962 5191 2975 5216 ,
3001 5147 3253 5205 Dominus
3278 5155 3463 5207 creavit
3486 5170 3564 5207 me
3588 5154 3638 5207 in
3661 5157 3898 5224 princi—

2261 5239 2346 5309 pio
2371 5239 2565 5293 viarum
2605 5256 2814 5294 suarum
2865 5240 3055 5312 (Prov.
3101 5259 3193 5297 vui
3222 5286 3236 5310 ,
3279 5243 3410 5315 22).
3445 5245 3659 5300 Viarum
3708 5251 3898 5308 enim

2259 5331 2375 5401 ejus
2411 5331 2728 5402 principium
2759 5343 2919 5404 caput
2955 5343 3040 5391 est
3065 5333 3319 5392 Ecclesia:
3344 5378 3359 5404 ,
3403 5336 3546 5406 quod
3571 5346 3654 5392 est
3695 5339 3859 5398 Chri
3879 5376 3902 5385 -

2323 5467 2342 5541 ξ
2377 5466 2566 5541 aliquot
2589 5475 2714 5527 Mss.,
2739 5467 2980 5541 concedit.
3234 5535 3244 5541 Δ
3320 5532 3340 5541 Δ
3365 5536 3374 5541 _
3525 5530 3537 5541 _
3557 5529 3568 5541 .

2321 5529 2342 5558 ²
2377 5529 2482 5578 Mss.
2530 5536 2633 5579 tres
2659 5531 2875 5579 melioris
2905 5535 3048 5589 notae,
3074 5535 3272 5579 conante
3310 5532 3407 5591 fetu
3437 5529 3585 5580 verbi.
3612 5536 3764 5580 Forte.
3801 5534 3909 5585 le-

2258 5591 2488 5662 gendum,
2511 5597 2729 5662 conantes
2750 5592 2852 5662 fetu
2868 5591 3013 5662 verbi.
3033 5592 3266 5652 —-Morel,
3290 5591 3436 5641 Elcm.
3455 5595 3580 5652 crit.,
3602 5607 3649 5654 p.
3669 5593 3756 5653 94,
3797 5597 3908 5650 le-

2257 5654 2358 5715 git:
2384 5658 2576 5702 sonante
2606 5654 2699 5714 feta
2721 5654 2865 5702 verbi.
2932 5659 2986 5700 M.

2322 5715 2343 5746 ³
2374 5715 2509 5774 Editi,
2526 5713 2854 5776 sempiternus.
2875 5721 2928 5763 At
2951 5721 3055 5764 Mss.
3082 5728 3271 5775 omnes,
3295 5715 3595 5766 semm'terne.

2321 5776 2346 5846 5
2374 5782 2455 5823 Ms.
2485 5774 2803 5846 nemigianus,
2821 5774 2873 5825 in
2893 5776 3105 5829 erratibus
3129 5790 3145 5827 :
3171 5777 3218 5827 id
3246 5774 3340 5838 est,
3360 5779 3486 5829 inter
3535 5777 3698 5829 omnia
3746 5793 3918 5846 qua

2259 5835 2384 5889 facta
2404 5843 2542 5899 sunt;
2565 5835 2660 5891 uc'c
2674 5836 2820 5891 male.
