4124 6206
343 303 458 364 185

343 428 467 477 stus
504 418 522 450 ί
550 415 765 472 homine
790 412 1006 471 indutus
1025 456 1041 481 ,
1069 422 1168 485 per
1208 427 1368 484 quem
1398 412 1611 470 vivendi
1638 414 1942 483 exemplum

347 510 506 565 nobis
533 508 772 570 daretur,
809 507 913 562 hoc
952 513 1037 562 est
1072 506 1154 560 via
1183 515 1329 561 certa
1359 508 1379 538 ²
1409 521 1511 576 qua
1543 506 1944 576 perveniremus

345 605 415 658 ad
445 603 636 658 Deum.
671 601 785 655 Non
821 601 962 655 enim
987 599 1162 656 redire
1193 600 1460 670 potuimus
1496 601 1598 655 nisi
1626 600 1942 668 humilitate,

305 701 310 704 ’
344 698 438 768 qui
463 696 713 766 superbia
747 694 880 765 lapsi
909 709 1114 761 sumus,
1141 695 1278 749 sicut
1303 693 1505 749 dictum
1531 703 1613 750 est
1639 695 1824 764 primm
1850 711 1948 750 no-

345 796 475 842 strze
497 795 780 854 creaturae,
811 783 1040 850 Gustate,
1071 793 1119 838 et
1143 785 1280 839 eritis
1316 794 1556 856 tanquam
1583 786 1658 840 dii
1683 785 1835 858 (Gen.
1864 803 1940 854 ιιι,

346 880 441 950 5).
476 877 644 948 Hujus
682 877 845 947 igitur
891 875 1214 930 humilitatis
1243 876 1549 946 exemplum
1573 919 1587 942 ,
1621 875 1673 930 id
1709 885 1812 943 est,
1843 876 1944 931 via:

346 987 451 1041 qua
477 968 810 1024 redeundum
841 968 957 1032 luit,
988 968 1101 1036 ipse
1128 966 1424 1037 Reparator
1442 976 1628 1022 noster
1657 967 1712 1022 in
1743 981 1802 1022 se
1825 967 1941 1037 ipso

347 1061 721 1116 demonstrare
747 1059 993 1129 dignatus
1019 1066 1122 1124 est,
1151 1058 1240 1127 qui
1281 1075 1383 1114 non
1409 1060 1644 1129 rapinam
1673 1060 1944 1114 arbitratus

348 1163 419 1208 est
446 1170 551 1208 esse
577 1153 787 1222 (aqualis
807 1151 930 1215 Deo,
961 1149 1050 1204 sed
1073 1151 1396 1221 semetipsum
1414 1151 1693 1217 evacuauit,
1726 1155 1942 1222 formam

348 1246 476 1298 servi
491 1244 738 1314 accipiens
759 1241 777 1312 (
802 1241 1030 1312 Philipp.
1058 1255 1124 1305 ιι,
1157 1241 1220 1307 6,
1251 1239 1320 1311 7)
1353 1257 1366 1305 ;
1396 1250 1452 1295 ut
1477 1249 1752 1297 crearetur
1772 1241 1934 1295 homo

347 1337 405 1391 in
426 1335 684 1406 principio
713 1332 918 1388 viarum
941 1332 1077 1402 ejus,
1109 1331 1340 1387 Verbum
1369 1347 1467 1402 per
1488 1332 1630 1402 quod
1654 1333 1790 1388 facta
1815 1342 1939 1388 sunt

349 1426 552 1481 omnia.
583 1424 916 1494 QuaprOpter
940 1421 1232 1478 secundum
1259 1421 1312 1476 id
1341 1421 1483 1491 quod
1509 1422 1810 1492 unigenitus
1833 1432 1934 1490 est,

345 1533 458 1572 non
484 1516 642 1571 habet
663 1514 855 1570 fratres
885 1531 898 1566 :
931 1512 1224 1568 secundum
1270 1512 1321 1566 id
1351 1521 1528 1567 autem
1566 1513 1706 1582 quod
1739 1514 1937 1583 primo-

344 1608 564 1680 genitus
592 1615 696 1670 est,
742 1605 935 1660 fratres
965 1618 1162 1659 vocare
1208 1603 1456 1673 dignatus
1497 1613 1580 1659 est
1615 1619 1802 1660 omnes
1846 1606 1936 1674 qui

341 1708 473 1772 post
497 1701 614 1770 ejus
641 1708 695 1754 et
719 1713 815 1769 per
839 1696 955 1768 ejus
982 1697 1268 1767 primatum
1298 1697 1350 1750 in
1395 1696 1490 1751 Dei
1517 1697 1742 1766 gratiam
1771 1711 1933 1752 rena-

344 1799 565 1848 scuntur
589 1790 611 1823 ³
651 1805 747 1861 per
784 1790 1124 1860 adoptionem
1167 1788 1396 1844 ﬁliorum
1424 1789 1588 1859 (Luc.
1619 1806 1743 1856 VIII,
1786 1789 1930 1863 21),

345 1884 482 1940 sicut
506 1881 798 1952 apostolica
820 1881 1094 1950 disciplina
1117 1878 1140 1911 ⁸
1169 1879 1505 1936 commendat
1532 1880 1712 1949 (Hebr.
1742 1895 1798 1947 ιι,
1820 1879 1930 1954 Η).

345 1975 610 2030 Naturalis
635 1987 766 2045 ergo
789 1971 954 2027 Filius
984 1972 1052 2028 de
1077 1971 1192 2042 ipsa
1215 1971 1387 2026 Patris
1416 1971 1712 2026 substantia
1739 1972 1932 2028 unicus

343 2075 499 2121 natus
518 2073 620 2126 est,
649 2063 702 2119 id
721 2063 954 2120 existens
981 2061 1121 2133 quod
1143 2063 1300 2118 Pater
1323 2071 1409 2117 est
1437 2063 1457 2095 '
1487 2079 1502 2128 ;
1535 2062 1676 2118 Deus
1700 2062 1768 2118 de
1800 2064 1929 2128 Deo,

344 2157 547 2214 Lumen
577 2157 648 2213 de
675 2156 900 2212 Lumine
941 2174 954 2210 :
988 2170 1086 2211 nos
1113 2163 1290 2211 autem
1333 2171 1440 2210 non
1470 2156 1647 2210 lumen
1677 2155 1932 2210 naturali-

344 2261 428 2308 ter
455 2266 640 2307 sumus
661 2291 678 2317 ,
704 2249 799 2306 sed
829 2250 896 2305 ab
924 2250 1015 2305 illo
1052 2249 1279 2304 Lumine
1323 2249 1684 2304 illumiuamur
1706 2291 1721 2316 ,
1754 2259 1811 2304 ut
1850 2264 1935 2304 sa-

344 2347 540 2416 pientia
580 2348 758 2403 lucere
799 2349 1084 2418 possimus.
1125 2347 1253 2403 Erat
1291 2348 1458 2414 enim,
1507 2348 1696 2418 inquit,
1741 2346 1934 2400 Lumen

343 2453 533 2504 ser-um,
579 2443 714 2508 quod
756 2439 1010 2494 illuminat
1054 2456 1252 2494 omnem
1297 2438 1546 2492 hominem
1573 2438 1845 2492 renientem
1880 2438 1932 2490 in

344 2527 476 2580 hunc
497 2527 742 2581 mundum
771 2527 962 2599 (Joan.
995 2545 1043 2594 ι,
1071 2527 1160 2601 9).
1194 2528 1452 2584 Addimus
1482 2529 1657 2598 itaque
1697 2527 1819 2582 ﬁdei
1847 2543 1932 2582 re-

343 2633 462 2674 rum
511 2627 831 2674 :eternarum
877 2621 1036 2676 etiam
1081 2621 1427 2690 temporalem
1476 2619 1930 2688 diSpensationcm

342 2709 554 2765 Domini
581 2712 769 2778 nostri,
803 2727 960 2779 quam
987 2727 1172 2782 gerere
1199 2711 1352 2766 nobis
1397 2721 1451 2766 et
1496 2712 1797 2766 ministrare
1837 2727 1932 2781 pro

342 2811 526 2857 nostra
572 2804 744 2859 salute
782 2803 1028 2874 dignatus
1065 2815 1166 2861 est.
1197 2804 1328 2858 Nam
1375 2804 1666 2860 secundum
1709 2805 1760 2859 id
1791 2805 1933 2874 quod

343 2894 645 2964 unigenitus
679 2905 762 2950 est
805 2897 892 2952 Dei
926 2897 1128 2964 Filius,
1174 2913 1281 2952 non
1326 2906 1500 2966 potest
1543 2897 1646 2952 dici
1671 2938 1686 2964 ,
1729 2896 1852 2951 Fuit
1881 2906 1935 2952 et

345 2985 500 3052 Erit;
529 2987 622 3043 sed
655 2997 853 3044 tantum
881 3032 894 3056 ,
925 2991 1016 3045 Est
1047 3009 1060 3044 :
1098 2991 1219 3060 quia
1247 3001 1300 3046 et
1326 2991 1465 3060 quod
1514 2990 1643 3057 fuit,
1681 2992 1792 3060 jam
1827 3008 1930 3046 non

347 3086 431 3134 est
457 3096 472 3144 ;
499 3088 552 3135 et
595 3080 734 3150 quod
774 3082 895 3148 erit,
926 3082 1159 3137 nondum
1193 3093 1292 3138 est.
1340 3083 1430 3137 Ille
1472 3098 1597 3153 ergo
1625 3091 1706 3138 est
1734 3084 1936 3139 incom-

349 3170 614 3226 mutabilis
637 3171 753 3227 sine
783 3173 1085 3228 conditione
1116 3183 1413 3244 temporum
1446 3185 1498 3229 et
1521 3176 1795 3229 varietate.
1829 3174 1937 3230 Nec

348 3262 559 3318 aliunde
586 3264 815 3318 arbitror
838 3281 1055 3321 manare
1081 3266 1208 3321 illud
1239 3265 1378 3336 quod
1404 3265 1603 3320 famulo
1639 3282 1736 3321 suo
1767 3267 1934 3336 Moysi

351 3356 454 3412 tale
481 3372 677 3412 nomen
706 3372 860 3413 suum
899 3359 1204 3414 insinuavit.
1234 3359 1364 3413 Nam
1392 3376 1511 3414 cum
1539 3360 1605 3414 ab
1634 3375 1698 3415 eo
1727 3376 1936 3430 qurere-

349 3456 462 3512 ret,
491 3447 536 3502 si
563 3463 622 3503 se
650 3448 876 3519 populus
905 3448 970 3504 ad
998 3465 1156 3519 quem
1195 3449 1503 3504 mittebatur
1545 3458 1930 3514 contemneret,

349 3551 380 3591 a
405 3551 511 3607 quo
547 3552 607 3593 se
645 3537 849 3593 diceret
890 3552 1009 3593 esse
1049 3539 1269 3594 missum
1306 3555 1321 3603 ;
1365 3553 1679 3609 responsum
1711 3539 1937 3594 dicentis

349 3628 568 3698 accepit,
600 3627 715 3697 Ego
742 3646 854 3683 sum
877 3630 962 3697 qui
983 3647 1111 3683 sum.
1162 3630 1361 3686 Deinde
1383 3632 1675 3701 subjunxit,
1708 3632 1834 3686 Hazc
1865 3633 1935 3686 di-

350 3735 429 3774 ces
448 3720 569 3790 ﬁliis
586 3718 774 3788 Israel,
810 3720 910 3788 Qui
935 3730 1024 3787 est,
1044 3722 1178 3776 misit
1195 3739 1272 3775 me
1296 3723 1364 3775 ad
1391 3739 1474 3778 vos
1501 3722 1695 3793 (Exod.
1727 3739 1803 3790 ιιι,
1823 3724 1933 3795 Η).

421 3811 474 3866 7.
503 3811 583 3866 Ex
611 3827 718 3882 quo
739 3811 848 3881 jam
877 3811 1238 3881 Spiritualihus
1263 3813 1454 3867 animis
1481 3825 1662 3882 patere
1687 3814 1898 3869 confido
1919 3857 1933 3881 ,

352 3900 548 3956 nullam
572 3909 813 3956 naturam
844 3901 952 3956 Deo
987 3917 1105 3957 esse
1138 3917 1297 3972 posse
1326 3904 1669 3958 contrariam.
1703 3903 1762 3958 Si
1792 3904 1935 3959 enim

352 3991 444 4046 ille
477 3999 580 4055 est,
605 4000 660 4047 et
675 3991 744 4047 de
766 3991 882 4046 solo
904 3992 1012 4047 Deo
1039 3993 1250 4063 proprie
1271 3992 1372 4048 dici
1395 4003 1571 4064 potest
1593 3995 1693 4049 hoc
1715 3995 1939 4050 verbum

355 4083 376 4152 (
400 4081 544 4151 quod
571 4082 710 4137 enim
738 4098 864 4138 vere
894 4091 1006 4150 est,
1032 4083 1540 4139 incommutabiliter
1571 4093 1773 4151 manet;
1806 4099 1940 4155 quo-

358 4174 504 4230 niam
534 4175 668 4244 quod
690 4184 943 4240 mutatur,
976 4176 1073 4230 fuit
1096 4176 1294 4244 aliquid
1322 4175 1462 4246 quod
1485 4176 1594 4246 jam
1617 4191 1719 4231 non
1752 4185 1854 4243 est,
1889 4185 1944 4232 et

355 4265 461 4322 erit
487 4266 627 4336 quod
666 4268 900 4324 nondum
928 4269 1078 4338 est),
1112 4269 1244 4323 nihil
1285 4284 1413 4338 ergo
1444 4268 1601 4324 habet
1640 4270 1778 4324 Deus
1807 4283 1941 4325 con-

356 4359 598 4412 trarium.
644 4359 698 4414 Si
746 4359 888 4415 enim
931 4369 1262 4429 quaereretur
1288 4375 1317 4412 a
1349 4361 1502 4415 nobis
1546 4359 1669 4429 quid
1711 4360 1780 4415 sit
1821 4359 1944 4436 albo

359 4449 681 4504 contrarium
703 4490 718 4513 ,
755 4449 1204 4520 reSponderemus
1233 4450 1441 4520 nigrum
1487 4468 1498 4502 :
1544 4451 1586 4504 si
1618 4460 1945 4520 quaereretur

359 4537 483 4607 quid
511 4538 582 4592 sit
605 4538 777 4594 calido
805 4542 1150 4604 contrarium,
1185 4540 1632 4609 responderemus
1658 4539 1902 4611 frigidum
1928 4559 1940 4595 :

357 4630 400 4684 si
430 4639 759 4700 quereretur
779 4631 908 4702 quid
932 4632 1004 4686 sit
1035 4631 1204 4687 veloci
1231 4633 1553 4686 contrarium
1578 4632 1618 4697 °,
1648 4632 1943 4703 responde-

357 4739 536 4779 remus
578 4725 830 4790 tardum;
873 4734 929 4780 et
959 4739 1307 4796 quaecumque
1351 4725 1560 4779 similia.
1608 4726 1739 4780 Cum
1766 4734 1945 4779 autem

356 4815 616 4888 quaeritur
641 4817 769 4888 quid
797 4819 866 4872 sit
903 4817 1225 4872 contrarium
1267 4819 1315 4874 ei
1360 4818 1502 4890 quod
1540 4825 1654 4886 est,
1684 4825 1827 4874 recte
1855 4835 1945 4874 re-

357 4907 652 4979 spondetur
675 4909 816 4979 quod
841 4924 946 4964 non
969 4917 1074 4964 est.

427 5003 482 5058 8.
523 5000 630 5058 Sed
653 5002 903 5073 quoniam
930 5017 1025 5072 per
1051 5003 1401 5072 temporalem
1421 5043 1436 5069 ,
1475 5011 1534 5058 ut
1555 5001 1663 5057 dixl
1686 5043 1701 5068 ,
1727 5001 1948 5072 dispen-

356 5225 460 5337 ’.ὦ
475 5227 549 5275 ste
566 5230 676 5276 Mss.
701 5231 759 5277 At
780 5224 914 5286 editi,
929 5224 1225 5292 principium
1240 5229 1285 5277 et
1307 5231 1452 5290 caput
1474 5224 1700 5276 Ecclesia:
1720 5232 1789 5278 est
1810 5227 1949 5279 Chri-

420 5349 443 5379 ²
474 5348 612 5408 aditi,
628 5347 733 5399 lucc
755 5354 827 5410 est
849 5346 926 5399 via
943 5354 1092 5400 certa.
1119 5358 1224 5400 MSS.
1242 5361 1377 5410 vero,
1397 5347 1563 5400 hocest
1585 5347 1819 5402 viacerta.
1832 5358 1952 5402 Tum

358 5421 419 5458 ex
433 5411 507 5473 iis
527 5416 752 5473 quatuor,
775 5409 852 5460 via
869 5417 1021 5473 recta.

427 5471 451 5537 ξ
475 5470 699 5537 Ειξζιροει
711 5473 814 5537 ejus
834 5470 1074 5536 primitias
1095 5471 1146 5524 in
1162 5470 1252 5522 Dei
1271 5471 1430 5537 gratia

423 5531 448 5598 ξ
474 5531 628 5598 aditi,
911 5547 939 5598 :7
962 5547 1050 5598 pro
1077 5549 1177 5598 quo
1208 5531 1340 5598 pass,
1364 5532 1641 5598 disciplina.

423 5593 447 5660 ξ
475 5595 548 5644 Sic
562 5600 671 5645 uss.
688 5602 746 5660 at
761 5593 1123 5660 vulgatiJideni
1367 5593 1499 5660 quod
1520 5601 1661 5660 Pater
1679 5604 1825 5647 Deus.

423 5653 447 5686 ⁸
478 5661 530 5726 ιιι
563 5662 637 5718 8.,
658 5653 1018 5726 δὶᾳιιιτνὶναισ
1040 5656 1158 5722 quid
1179 5654 1329 5709 veloci
1347 5653 1661 5709 contrarium.
1684 5663 1760 5709 Er.
1796 5657 1948 5726 Lugd.

356 5721 478 5768 Ven.
504 5724 617 5770 ων.
640 5720 800 5772 secuti
817 5731 1003 5772 almus.
1054 5720 1126 5771 ιι.

1777 297 1976 356 LIBER
2017 294 2214 357 UNUS.

2053 416 2341 483 sationem,
2370 419 2438 476 ad
2462 425 2696 474 nostram
2727 418 2950 474 salutem
2977 425 3032 474 et
3049 426 3438 490 reparationem
3457 465 3473 491 ,
3502 440 3639 496 ope-

2052 516 2204 562 rante
2247 511 2338 564 Dei
2396 511 2760 582 benignitate,
2808 511 2876 565 ab
2927 511 3011 566 illa
3071 513 3488 571 incommutabili
3538 517 3637 576 Del

2051 597 2319 669 Sapientia
2358 612 2543 657 natura
2572 603 2838 657 mutabilis
2868 614 3048 658 nostra
3076 614 3324 675 suscepta
3350 616 3431 662 est
3450 649 3465 673 ,
3494 617 3637 665 tem-

2050 694 2309 761 poralium
2336 711 2512 750 rerum
2539 697 2822 752 salubriter
2849 712 2944 766 pro
2969 697 3122 751 nobis
3148 707 3419 768 gestarum
3446 699 3638 770 adjun-

2049 783 2220 852 gimus
2260 785 2415 840 ﬁdem
2438 829 2452 853 ,
2483 788 2764 843 credentes
2801 789 2851 842 in
2881 802 3003 843 eum
3027 788 3120 843 Dei
3151 787 3339 844 Filium
3365 791 3454 860 qui
3482 800 3638 848 natus

2048 884 2132 930 est
2178 892 2273 946 per
2317 877 2570 947 Spiritum
2615 888 2854 934 sanetum
2899 895 2966 934 ex
3008 879 3211 949 virgine
3255 879 3438 934 Maria.
3487 881 3636 937 Dono

2048 969 2189 1022 enim
2225 970 2350 1034 Dei,
2384 971 2484 1025 hoc
2513 981 2594 1026 est
2612 1013 2626 1038 ,
2655 981 2838 1026 sancto
2865 971 3064 1040 Spiritu
3092 987 3346 1027 concessa
3374 973 3528 1028 nobis
3549 984 3634 1029 cst

2047 1068 2190 1114 tanta
2222 1061 2488 1117 humilitas
2529 1065 2659 1118 tanti
2689 1064 2798 1128 Dei,
2844 1073 2900 1118 ut
2931 1073 3096 1119 totum
3141 1065 3412 1120 hominem
3459 1067 3632 1121 susci-

2045 1162 2172 1219 pere
2214 1151 2520 1222 dignaretur
2556 1155 2608 1207 in
2647 1163 2800 1208 utero
2834 1155 3085 1224 virginis,
3117 1163 3414 1210 maternum
3441 1170 3635 1225 corpus

2045 1240 2309 1310 integrum
2342 1243 2674 1309 inhabitans,
2707 1245 2971 1314 integrum
3000 1245 3253 1300 deserens
3282 1248 3320 1298 ί.
3362 1246 3460 1301 Cui
3502 1254 3636 1301 tem-

2043 1332 2209 1401 porali
2230 1331 2610 1402 dispensationi
2634 1335 2816 1390 multis
2840 1335 3011 1390 modis
3035 1336 3350 1390 insidiantur
3371 1335 3628 1391 haeretici.

2042 1421 2148 1478 Sed
2192 1425 2236 1478 si
2275 1426 2392 1495 quis
2423 1417 2654 1482 tenuerit
2681 1427 2995 1482 catholicam
3021 1427 3176 1482 ﬁdem
3199 1469 3214 1494 ,
3245 1437 3301 1481 ut
3341 1435 3508 1482 t0tum
3532 1425 3633 1482 ho-

2041 1515 2237 1569 minem
2277 1516 2460 1572 credat
2498 1535 2526 1572 a
2561 1518 2738 1574 Verbo
2781 1519 2873 1574 Dei
2920 1533 3040 1574 esse
3077 1529 3380 1589 susceptum
3403 1561 3420 1582 ,
3461 1518 3516 1573 id
3551 1528 3634 1575 est

2040 1619 2253 1676 corpus,
2285 1610 2536 1676 animam,
2569 1610 2831 1679 spiritum,
2869 1613 2998 1665 satis
3032 1620 3216 1665 contra
3247 1611 3366 1666 illos
3395 1613 3632 1667 munitus

2039 1705 2138 1751 est.
2169 1697 2373 1768 Quippe
2398 1715 2517 1753 cum
2550 1701 2648 1754 ista
2679 1701 2945 1771 susceptio
2975 1715 3071 1770 pro
3110 1701 3279 1756 salute
3319 1711 3500 1756 nostra
3549 1703 3622 1757 sit

2037 1798 2205 1860 gesta,
2229 1790 2522 1845 cavendum
2545 1803 2709 1847 estne
2729 1807 2847 1846 cum
2862 1791 3153 1847 crediderit
3171 1792 3367 1862 aliquid
3391 1801 3630 1848 nostrum

2039 1896 2144 1935 non
2176 1882 2442 1951 pertinere
2479 1883 2550 1938 ad
2586 1885 2741 1938 istam
2771 1884 3161 1954 susceptionem
3182 1925 3197 1948 ,
3230 1899 3334 1939 non
3360 1885 3629 1955 pertineat

2038 1975 2104 2029 ad
2145 1975 2391 2030 salutem.
2437 1975 2502 2030 Et
2531 1991 2651 2031 cum
2688 1976 2848 2032 homo
2888 1983 3110 2046 excepta
3149 1973 3319 2030 forma
3357 1976 3631 2032 membro-

2037 2083 2152 2121 rum
2173 2110 2186 2133 ,
2220 2084 2337 2138 quae
2356 2068 2581 2123 diversis
2601 2069 2884 2138 generibus
2913 2069 3262 2124 animantium
3293 2068 3502 2125 diversa
3535 2069 3634 2124 tri-

2036 2159 2159 2214 buta
2188 2169 2306 2226 est,
2356 2176 2463 2216 non
2494 2161 2654 2217 distet
2681 2177 2712 2216 a
2754 2176 2946 2232 pecore
2981 2162 3082 2216 nisi
3111 2161 3358 2217 rationali
3401 2163 3588 2232 spiritu
3609 2203 3625 2229 ,

2036 2266 2154 2320 quae
2183 2267 2332 2307 mens
2358 2253 2518 2307 etiam
2557 2253 2862 2308 nominatur
2889 2270 2903 2320 ;
2937 2253 3204 2323 quomodo
3233 2269 3360 2309 sana
3387 2263 3469 2310 est
3495 2253 3632 2311 ﬁdes

2035 2357 2136 2410 qua
2164 2342 2399 2397 creditur
2425 2342 2564 2413 quod
2591 2343 2644 2398 id
2665 2353 2903 2399 nostrum
2930 2345 3224 2414 susceperit
3243 2345 3335 2400 Dei
3361 2344 3634 2416 Sapientia

2036 2433 2177 2503 quod
2217 2434 2471 2489 habemus
2500 2450 2785 2489 commune
2827 2450 2949 2490 cum
2993 2450 3220 2506 pecore,
3271 2435 3404 2490 illud
3445 2446 3626 2492 autem

2035 2538 2144 2578 non
2195 2525 2489 2594 susceperit
2527 2524 2670 2595 quod
2721 2526 3015 2581 illustratur
3063 2527 3182 2583 luce
3224 2527 3534 2597 sapientiae,
3577 2537 3634 2584 et

2036 2616 2177 2686 quod
2210 2616 2441 2670 hominis
2473 2618 2745 2687 praprium
2774 2617 2896 2672 est?
3615 2691 3621 2699 _

2107 2706 2160 2760 9.
2207 2707 2515 2762 Detestandi
2542 2717 2722 2763 autem
2748 2710 2906 2764 etiam
2935 2709 3011 2764 illi
3050 2719 3201 2776 sunt,
3231 2711 3320 2780 qui
3349 2710 3633 2766 Dominum

2037 2807 2277 2853 nostrum
2314 2799 2497 2854 Iesum
2537 2799 2805 2855 Christum
2845 2811 3073 2857 matrem
3112 2801 3330 2856 Mariam
3383 2803 3433 2857 in
3477 2802 3634 2858 terris

2038 2888 2288 2945 habuisse
2341 2901 2578 2960 negant,
2635 2906 2758 2946 cum
2806 2892 2896 2947 illa
2949 2891 3278 2962 dispensatio
3346 2900 3633 2964 utrumque

2035 2995 2258 3045 sexum,
2302 2988 2355 3036 et
2398 2982 2750 3036 masculinum
2799 2991 2853 3038 et
2891 2982 3205 3038 femininum
3246 2983 3629 3052 honoraverit,

2038 3080 2094 3126 et
2135 3071 2200 3125 ad
2247 3086 2429 3125 curam
2473 3072 2567 3128 Dei
2611 3073 2880 3144 pertinere
2925 3075 3333 3142 monstraverit,
3375 3090 3479 3131 non
3527 3088 3632 3131 so-

2037 3163 2148 3218 lum
2175 3179 2332 3233 quem
2358 3165 2614 3234 suscepit,
2657 3165 2750 3218 sed
2781 3165 2929 3218 illum
2957 3167 3118 3219 etiam
3151 3181 3248 3234 per
3297 3181 3454 3236 quem
3503 3181 3634 3222 sus-

2039 3255 2197 3322 cepit,
2227 3255 2395 3307 virum
2433 3253 2668 3324 gerendo
2689 3296 2704 3321 ,
2741 3254 3007 3308 nascendo
3029 3255 3098 3310 de
3139 3253 3353 3308 femina.
3382 3255 3492 3310 Nec
3530 3270 3632 3312 nos

2039 3345 2105 3399 ad
2139 3345 2432 3414 negandum
2462 3345 2659 3400 Christi
2691 3355 2916 3400 matrem
2951 3347 3121 3417 cogit,
3167 3347 3311 3417 quod
3355 3347 3422 3402 ab
3458 3363 3525 3404 eo
3548 3346 3634 3404 di-

2039 3446 2180 3493 ctum
2204 3448 2306 3502 est,
2341 3437 2478 3505 Quid
2507 3439 2632 3492 mihi
2656 3447 2701 3492 et
2733 3439 2819 3494 tibi
2845 3449 2919 3494 est
2941 3482 2956 3506 ,
2985 3438 3166 3494 mulier
3191 3441 3216 3494 ?
3241 3441 3465 3495 nondum
3500 3441 3635 3496 venit
3715 3453 3722 3460 '

2041 3531 2167 3584 hora
2208 3545 2316 3583 mea
2354 3529 2543 3599 (Joan.
2573 3545 2631 3594 ιι,
2657 3531 2692 3584 4
2717 3530 2758 3600 ).
2785 3529 2891 3585 Sed
2914 3530 3166 3586 admonet
3195 3531 3368 3602 potius
3397 3541 3456 3586 ut
3479 3531 3636 3588 intel-

2041 3622 2267 3692 ligamus
2291 3621 2580 3676 secundum
2611 3621 2778 3676 Deum
2800 3637 2906 3676 non
2942 3637 3063 3677 eum
3095 3621 3346 3679 habuisse
3383 3633 3631 3690 matrem,

2042 3713 2194 3782 cujus
2238 3711 2531 3781 majestatis
2558 3726 2840 3780 personam
2879 3713 3098 3782 parabat
3131 3713 3413 3769 ostendere
3441 3729 3635 3784 aquam

2044 3803 2096 3857 in
2127 3805 2309 3856 vinum
2333 3802 2608 3857 vertendo.
2638 3803 2788 3869 Quod
2810 3812 2986 3858 autem
3013 3803 3296 3859 cruciﬁxus
3321 3811 3422 3868 est,
3451 3818 3634 3858 secun-

2043 3894 2170 3948 dum
2201 3893 2470 3947 hominem
2500 3892 2782 3948 cruciﬁxus
2806 3902 2924 3956 est;
2956 3901 3011 3947 et
3053 3893 3139 3947 illa
3164 3902 3278 3947 erat
3305 3893 3434 3947 hora
3455 3934 3471 3960 ,
3511 3907 3634 3962 quae

2045 3985 2277 4040 nondum
2307 3992 2558 4050 venerat,
2580 3983 2792 4053 quando
2814 3983 3013 4038 dictum
3039 3992 3141 4049 est,
3171 3981 3302 4036 Mihi
3323 3992 3370 4036 et
3394 3983 3483 4036 tibi
3509 3983 3635 4054 quid

2045 4087 2116 4132 est
2146 4077 2170 4130 ?
2209 4076 2433 4130 nondum
2476 4076 2606 4129 venit
2635 4076 2761 4129 hora
2787 4091 2900 4130 mea
2923 4117 2937 4140 ,
2984 4075 3036 4130 id
3064 4084 3166 4140 est,
3209 4089 3312 4145 qua
3354 4083 3405 4130 te
3433 4089 3635 4146 cogno-

2047 4183 2214 4224 scam.
2243 4167 2394 4222 Tunc
2419 4167 2560 4223 enim
2591 4175 2647 4222 ut
2677 4168 2836 4224 homo
2866 4167 3152 4224 cruciﬁxus
3187 4167 3433 4239 cognovit
3457 4167 3635 4224 homi-

2047 4277 2169 4316 nem
2207 4269 2430 4315 matrem
2459 4303 2474 4327 ,
2507 4269 2560 4315 et
2582 4260 2930 4316 dilectissimo
2954 4260 3213 4330 discipulo
3255 4260 3636 4317 humanissime

2047 4352 2438 4408 commendavit
2459 4351 2569 4421 (Id.
2601 4369 2712 4418 xIx,
2732 4351 2822 4419 ‘36,
2847 4352 2961 4422 27).
2984 4352 3093 4408 Nec
3117 4352 3246 4408 illud
3277 4369 3373 4408 nos
3401 4362 3633 4422 moveat,

2047 4450 2188 4521 quod
2225 4465 2342 4506 cum
2393 4451 2440 4505 ei
2483 4451 2813 4504 nuntiaretur
2846 4458 3015 4503 mater
3039 4449 3188 4518 ejus,
3221 4455 3274 4504 et
3302 4450 3510 4514 fratres,
3553 4463 3641 4505 re-

2049 4543 2280 4612 Spondit,
2317 4542 2444 4608 Qua:
2469 4543 2593 4594 mihi
2620 4550 2796 4604 mater,
2825 4549 2912 4593 aut
2941 4541 3027 4608 qui
3056 4541 3258 4608 fratres,
3288 4547 3393 4594 etc.
3419 4539 3634 4610 (Matth.

2049 4651 2140 4698 xu,
2174 4633 2280 4704 48)
2309 4634 2334 4685 ι
2379 4633 2484 4688 Sed
2535 4634 2706 4701 potius
2733 4631 2924 4686 doceat
2962 4631 3317 4686 ministerium
3361 4640 3634 4698 nostrum,

2050 4738 2156 4794 quo
2185 4722 2403 4777 verbum
2432 4722 2522 4776 Dei
2550 4721 2801 4776 fratribus
2827 4721 3210 4786 ministramus,
3239 4732 3490 4790 parentes
3511 4738 3631 4777 cum

2051 4813 2345 4882 impediunt
2365 4855 2379 4879 ,
2404 4826 2509 4867 non
2545 4827 2638 4867 eos
2665 4811 2865 4867 debere
2889 4813 3155 4882 c0gnosci.
3183 4811 3315 4866 Nam
3349 4814 3393 4866 si
3426 4822 3642 4882 propic-

2053 4921 2142 4960 rea
2169 4905 2393 4975 quisque
2436 4903 2700 4973 putaverit
2739 4918 2844 4957 non
2872 4917 2994 4958 eum
3041 4901 3288 4956 habuisse
3327 4910 3554 4956 matrem
3589 4904 3639 4956 in

2053 4998 2209 5055 terris
2230 5040 2244 5065 ,
2276 4998 2398 5067 quia
2425 4997 2590 5064 dixit,
2628 4997 2756 5064 Qua:
2779 4995 2900 5049 mihi
2930 5004 3089 5048 mater
3119 4995 3145 5047 ἵ
3169 5002 3389 5064 cogatur
3419 5011 3644 5051 necesse

2053 5098 2137 5145 est
2156 5098 2209 5143 et
2227 5087 2514 5157 Apostolos
2534 5100 2726 5155 negare
2750 5085 2999 5140 habuisse
3024 5092 3204 5154 patres
3222 5084 3275 5139 in
3308 5087 3484 5151 terris,
3510 5103 3644 5156 quo-

2053 5181 2194 5234 niam
2225 5179 2476 5248 przecepit
2511 5179 2588 5232 eis
2612 5177 2796 5232 dicens
2835 5193 2847 5228 :
2887 5175 3062 5230 Nolite
3086 5176 3222 5231 vobis
3250 5189 3442 5247 patrem
3477 5179 3644 5230 dicere

2054 5265 2107 5318 in
2145 5264 2331 5328 terris;
2375 5278 2506 5315 unus
2552 5270 2621 5316 est
2658 5261 2788 5315 enim
2816 5257 2974 5316 Pater
2998 5271 3160 5318 vester
3192 5263 3282 5332 qui
3311 5265 3365 5316 in
3397 5261 3534 5316 cwlis
3572 5266 3644 5312 est

2055 5353 2180 5426 (Id.
2208 5368 2406 5420 χχχιιι,
2438 5352 2527 5424 9).

2121 5536 2138 5567 ι
2174 5530 2455 5598 Emmanuel
2471 5540 2530 5598 sa
2561 5533 2747 5598 putavit
2769 5531 3036 5598 legendum
3049 5564 3066 5592 ,
3090 5529 3329 5598 deferens.
3354 5535 3530 5598 verum
3554 5541 3636 5574 co-

2055 5596 2190 5662 dices
2213 5608 2401 5662 omnes
2444 5588 2655 5662 habent,
2697 5588 2958 5662 deseFens;
3008 5588 3304 5662 quoﬂverbp
3345 5588 3641 5662 signitimtur

2053 5658 2228 5707 Christi
2248 5656 2502 5708 nativitate
2532 5651 2803 5709 den-actum
2825 5651 2950 5707 nihil
2966 5651 3081 5706 esse
3102 5651 3309 5716 Virginis
3327 5651 3492 5705 manu
3516 5653 3641 5704 inte-

2057 5719 2240 5786 gnua.
