4144 6212
440 248 544 313 ΜΠ

400 362 403 367 ’
448 418 455 423 .
508 360 599 431 ια.
629 358 743 419 Nec
764 358 922 419 nobis
945 355 1108 414 ﬁdem
1133 355 1292 413 istam
1319 354 1523 409 minuat
1545 352 1800 423 cogitatio
1826 350 2020 406 mulie-

441 446 619 529 brium
661 451 959 516 viseerum,
1009 456 1067 502 ut
1114 454 1396 516 propterea
1435 442 1731 500 recusanda
1778 440 2023 497 videatur

441 545 563 609 talis
593 543 805 601 Domini
832 540 998 596 nostri
1022 537 1298 611 generatio
1316 577 1333 605 ,
1369 535 1512 606 quod
1537 550 1656 591 eam
1681 531 1885 589 sordidi
1907 548 2027 588 sor-

440 636 620 699 didam
641 644 847 705 putant.
873 630 1006 699 Quia
1033 640 1090 687 et
1108 630 1317 686 stultum
1350 627 1447 684 Dei
1476 627 1757 697 sapientius
1786 641 1905 682 esse
1927 625 2021 680 lto-

443 729 657 783 utiuibas
680 727 730 800 (1
757 724 875 782 Cor.
903 740 922 779 ι
938 765 954 791 ,
984 721 1128 789 25),
1150 730 1206 778 et
1238 721 1408 776 omnia
1432 720 1622 776 munda
1651 721 1853 777 mundis
1879 718 2021 794 (Tit.

443 834 479 884 ι,
509 819 647 887 15),
677 817 957 873 verissime
981 816 1273 885 Apostolus
1312 813 1460 869 dicit.
1489 812 1696 869 Debent
1727 814 1886 884 igitur
1937 813 2031 868 in-

442 911 580 967 tueri
598 951 613 973 ,
638 909 728 980 qui
752 908 853 965 hoc
879 916 1093 978 putant,-
1121 907 1252 963 solis
1271 906 1431 975 hujus
1459 904 1637 979 radios
1656 946 1669 967 .
1692 919 1855 975 quem
1876 911 2025 961 certe

441 1017 546 1059 non
599 1010 848 1070 tanquam
891 1007 1185 1055 creaturam
1218 998 1312 1052 Dei
1350 997 1585 1062 laudant,
1626 995 1721 1053 sed
1769 1005 2022 1067 tanquam

441 1092 608 1157 Deum
623 1091 849 1147 adorant
866 1092 965 1163 (ιι),
981 1105 1077 1160 per
1090 1090 1392 1146 cloacarum
1408 1087 1604 1144 fetores
1615 1097 2027 1158 etquzecumque

441 1183 717 1255 horribilia
763 1196 1143 1252 usquequaque
1181 1179 1403 1237 dill‘undi
1428 1222 1443 1247 ,
1486 1187 1541 1234 et
1584 1179 1638 1235 in
1677 1179 1761 1233 his
1807 1179 2026 1248 operari

439 1272 731 1329 secundum
786 1285 1033 1329 naturam
1068 1288 1218 1328 suam
1247 1313 1261 1339 ,
1312 1286 1412 1329 nec
1457 1281 1634 1326 tamen
1675 1269 1800 1325 inde
1847 1270 2027 1341 aliqua

437 1365 887 1424 conlatuinutione
916 1364 1259 1429 sordescere,
1287 1379 1407 1419 cum
1437 1362 1662 1418 visibilis
1688 1361 1783 1418 lux
1805 1360 2031 1417 visibilio

440 1457 537 1515 bus
577 1456 824 1515 sordibus
872 1458 941 1527 sit
980 1467 1165 1511 natura
1206 1456 1540 1524 conjunctior
1568 1473 1583 1510 :
1616 1463 1816 1526 quanto
1848 1454 2029 1510 minus

440 1547 600 1618 igitur
625 1556 833 1617 poterat
852 1547 1016 1616 pollui
1047 1545 1280 1602 Verbum
1306 1546 1423 1612 Dei,
1444 1562 1552 1602 non
1576 1561 1895 1616 corporeum
1930 1559 2030 1601 ne-

437 1653 541 1711 que
584 1638 823 1699 visibile.
872 1636 943 1694 de
1002 1635 1234 1693 femineo
1279 1651 1538 1707 corpore,
1593 1637 1682 1692 ubi
1734 1636 2024 1692 humanam

437 1742 653 1789 carnem
682 1727 916 1798 suscepit
946 1743 1070 1785 cum
1094 1727 1271 1782 anima
1294 1737 1349 1783 et
1368 1728 1555 1797 spiritu
1575 1768 1594 1796 ,
1624 1729 1819 1798 quibus
1855 1728 2028 1784 inter-

438 1820 769 1878 venientibus
793 1820 996 1875 habitat
1022 1818 1272 1889 maiestas
1297 1818 1454 1874 Verbi
1483 1819 1551 1873 ab
1578 1819 1796 1873 humani
1823 1833 2022 1887 corpo-

438 1912 515 1975 ris
546 1909 826 1982 fragilitate
857 1910 872 1940 ί
904 1909 1201 1964 secretius?
1224 1908 1379 1966 Unde
1402 1908 1744 1964 manifestum
1769 1917 1855 1965 est
1879 1909 2029 1965 nullo

439 2002 600 2059 modo
630 2001 865 2073 potuisse
887 1998 1120 2056 Verbum
1152 2000 1248 2059 Dei
1275 2001 1533 2056 maculari
1562 1999 1795 2056 humano
1830 2014 2025 2069 corpo-

437 2108 527 2160 re,
546 2106 653 2164 quo
675 2106 775 2153 nec
814 2092 926 2161 ipsa
961 2091 1138 2147 anima
1181 2091 1411 2147 humana
1457 2092 1715 2147 maculata
1761 2098 1862 2148 est.
1908 2090 2028 2147 Non

437 2184 583 2241 etiini
611 2180 732 2239 cum
762 2184 899 2255 regit
934 2198 1129 2255 corpus
1153 2192 1312 2253 atque
1339 2183 1600 2250 viviﬁcat,
1627 2184 1723 2240 sed
1748 2199 1869 2241 cum
1910 2184 2031 2254 ejus

435 2274 579 2333 bona
612 2274 854 2331 mortalia
882 2274 1243 2345 concupiscit,
1273 2274 1342 2330 de
1374 2290 1602 2346 corpore
1629 2276 1808 2331 anima
1843 2290 2031 2331 macu-

435 2364 594 2423 latur.
623 2362 776 2431 Quod
816 2367 859 2419 si
886 2365 1079 2421 anima:
1104 2365 1339 2422 maculas
1371 2365 1447 2421 illi
1478 2366 1644 2423 vitare
1668 2367 1885 2433 vellent,
1914 2365 2033 2422 huic

437 2442 715 2529 mendacia
744 2458 919 2527 potius
950 2465 1004 2513 et
1028 2456 1304 2531 sacrilegia
1338 2458 1714 2530 tormidarent.

506 2548 734 2605 CAPUT
771 2540 1032 2605 V.—H.
1072 2548 1257 2605 Passio
1299 2549 1487 2607 Christi
1531 2562 1580 2608 et
1617 2554 1897 2625 sepultura.
1926 2555 2030 2613 Re-

436 2642 679 2721 surreetia
728 2639 936 2719 Christi.
976 2641 1081 2697 Sed
1120 2657 1283 2713 parva
1319 2651 1436 2700 erat
1483 2660 1579 2714 pro
1622 2645 1779 2702 nobis
1816 2647 2029 2702 Domini

437 2733 611 2791 nostri
638 2733 909 2789 humilitas
940 2733 995 2788 in
1030 2734 1300 2790 nascendo
1328 2737 1591 2792 :accessit
1615 2737 1775 2794 etiam
1804 2748 1863 2795 ut
1892 2738 2031 2795 mori

388 2872 398 2881 .
438 2839 536 2895 pro
560 2823 879 2881 mortalibus
900 2824 1236 2896 dignaretur.
1258 2824 1561 2880 Humiliavit
1585 2828 1728 2883 enim
1752 2845 1827 2894 se,
1864 2832 2030 2901 [actus

438 2916 666 2993 subditas
695 2931 852 2989 usque
886 2914 955 2969 ad
991 2926 1199 2971 mortem
1219 2957 1236 2984 ,
1262 2926 1474 2973 mortem
1497 2928 1667 2983 autem
1697 2921 1860 2977 crucis
1883 2919 2035 2993 (Phi-

440 2990 567 3077 lipp.
611 3020 670 3075 tt,
701 3003 811 3077 8);
839 3021 910 3073 ne
945 3005 1227 3077 quisquam
1254 3017 1495 3064 nostrum
1538 3010 1753 3066 etiamsi
1796 2990 2029 3068 mortem

438 3106 621 3170 posset
633 3112 741 3155 non
763 3097 969 3177 timere,
987 3099 1198 3170 aliquod
1213 3116 1379 3172 genus
1399 3103 1606 3171 mortis,
1626 3102 1770 3174 quod
1785 3103 2032 3162 homines

439 3182 1003 3261 ignominiosissimum
1037 3190 1364 3249 arbitrantur
1387 3234 1403 3265 ,
1450 3193 1709 3250 horreret.
1751 3194 2033 3253 Credimus

439 3278 621 3353 itaque
645 3280 701 3337 in
736 3294 859 3337 eum
896 3281 984 3354 qui
1010 3281 1110 3353 sub
1164 3282 1355 3338 Pontio
1386 3283 1556 3339 Pilato
1597 3286 1882 3341 cruciﬁxus
1908 3294 2028 3355 est,

439 3379 496 3433 et
546 3371 803 3441 sepultus.
843 3370 1159 3428 Addendum
1204 3373 1347 3427 enim
1384 3382 1500 3429 erat
1532 3373 1731 3443 judicis
1792 3391 2025 3445 nomen,

442 3469 663 3533 propter
705 3470 1004 3533 temporum
1037 3463 1421 3537 cognitionem.
1454 3464 1739 3535 sepultura
1777 3481 1904 3523 vero
1942 3467 2033 3523 illa

441 3565 564 3611 cum
583 3550 818 3635 creditur
836 3586 853 3619 ,
882 3548 942 3607 ﬁt
977 3554 1277 3610 recordatio
1302 3554 1425 3610 novi
1452 3557 1791 3612 monumenti
1813 3559 1855 3623 ⁸,
1883 3559 2032 3628 quod

442 3651 811 3727 resurrecturo
861 3643 929 3699 ad
976 3644 1097 3700 vitae
1141 3646 1431 3703 novitatem
1471 3648 1738 3717 praeberet
1775 3650 2031 3707 testimo-

443 3734 622 3813 nium,
654 3735 793 3792 sicut
832 3736 1103 3794 nascituro
1155 3747 1337 3797 uterus
1386 3740 1677 3811 virginalis.
1716 3740 1851 3798 Nam
1890 3744 2037 3803 sicut

442 3826 499 3887 in
536 3828 628 3887 illo
651 3839 1001 3887 monumento
1025 3830 1203 3889 nullus
1235 3831 1372 3887 alius
1397 3841 1649 3890 mortuus
1679 3835 1921 3904 sepultus
1948 3846 2033 3893 est

447 3917 639 3993 (Jaam
670 3936 768 3976 xix
788 3953 809 3988 ,
833 3918 940 3997 41)
968 3962 984 3987 ,
1014 3936 1115 3978 nec
1141 3931 1285 3990 ante,
1326 3938 1426 3979 nec
1454 3935 1637 3993 postea
1673 3941 1689 3992 ;
1733 3925 1814 3983 sic
1857 3926 1911 3982 in
1940 3927 2036 3983 illo

444 4012 598 4083 utero
637 4028 741 4073 nec
764 4023 922 4082 ante,
959 4030 1059 4073 nec
1085 4024 1292 4087 postea,
1323 4017 1614 4089 quidquam
1653 4018 1883 4078 mortale
1904 4034 2036 4077 con-

444 4112 656 4179 ceptum
680 4113 782 4162 est.

361 4236 364 4240 λ
473 4250 477 4257 ,
519 4195 606 4252 12.
635 4194 916 4252 Credimus
935 4195 1099 4251 etiam
1137 4197 1288 4252 illum
1315 4197 1477 4253 tertio
1499 4199 1589 4253 die
1610 4202 1974 4258 resurrexisse
2000 4219 2034 4261 a

446 4283 697 4348 marinis,
721 4283 1135 4354 primogenitum
1174 4287 1544 4340 consecuturis
1578 4287 1866 4357 fratribus,
1897 4306 2035 4361 quos

544 4374 885 4446 adoptionem
936 4370 1167 4431 ﬁliarum
1211 4375 1306 4431 Dei
1350 4377 1560 4432 vocavit
1601 4377 1822 4451 (Ephes.
1853 4396 1892 4449 ι,
1937 4380 2032 4451 5),

445 4481 583 4553 quos
606 4466 1017 4538 eomparticipes
1044 4474 1100 4524 et
1125 4466 1436 4525 cohmredes
1471 4484 1597 4527 suos
1636 4484 1757 4527 esse
1781 4470 2037 4544 dignatus

445 4567 547 4616 est.

516 4636 742 4723 CAPUT
905 4680 976 4691 —
1023 4652 1110 4709 15.
1138 4651 1393 4729 Ascensus
1417 4654 1472 4709 in
1516 4654 1717 4711 cretum.
1749 4654 2040 4713 Credimus

448 4730 502 4796 in
527 4736 721 4799 coelum
742 4741 1077 4819 ascendisse,
1108 4759 1266 4815 quem
1294 4744 1639 4802 beatitudinis
1668 4747 1841 4802 locum
1869 4748 2033 4805 etiam

450 4833 604 4890 nobis
630 4834 873 4905 promisit
896 4875 917 4917 ,_
961 4836 1181 4907 dicens,
1226 4835 1393 4891 Erunt
1436 4839 1565 4893 sicut
1598 4838 1780 4909 Δηρειί
1804 4840 1857 4894 in
1893 4842 2040 4897 oculis

450 4919 663 4995 (Matth.
679 4940 808 4991 xxn,
825 4924 940 4999 30),
956 4927 1008 4981 in
1027 4927 1115 4985 illa
1131 4928 1361 4992 civitate,
1382 4943 1499 4999 quae
1512 4938 1594 4984 est
1609 4938 1777 4983 mater
1795 4932 2033 4986 omnium

451 5021 689 5067 nostrum
721 5013 1014 5073 Jerusalem
1045 5029 1245 5073 (eterna
1284 5017 1337 5073 in
1384 5018 1534 5074 caelis
1581 5017 1776 5090 (Galat.
1815 5036 1887 5086 iv,
1911 5022 2030 5093 26).

452 5103 600 5159 Solet
640 5112 815 5158 autem
854 5107 1109 5175 quosdam
1148 5107 1420 5164 oiiendere
1449 5109 1531 5163 vel
1577 5109 1768 5178 impios
1794 5108 2043 5167 Gentiles

450 5196 537 5251 vel
564 5192 879 5261 haereticos,
910 5198 1048 5264 quod
1070 5198 1349 5255 credamus
1386 5209 1717 5269 assumptum
1761 5208 2031 5257 terrenum

453 5303 648 5358 corpus
675 5287 725 5340 in
756 5285 971 5340 coelum.
1009 5287 1112 5340 Sed
1146 5288 1384 5344 Gentiles
1433 5291 1746 5361 plerumque
1793 5291 2037 5361 philoso-

454 5375 680 5445 phorum
709 5372 1036 5443 argumentis
1058 5373 1331 5427 nobiscum
1377 5392 1536 5444 agere
1573 5377 1823 5445 student,
1856 5387 1912 5432 ut
1941 5378 2031 5433 di-

521 5490 537 5516 ι
571 5486 647 5554 sic
661 5490 770 5555 Lor.
788 5481 1096 5555 nonnulli
1130 5490 1234 5533 Mss.
1262 5482 1348 5533 Alii
1364 5498 1484 5535 vero
1501 5499 1612 5536 cum
1625 5493 1723 5549 Er.,
1748 5487 1814 5538 ad
1836 5486 2036 5540 humani

457 5544 686 5661 wzpomris
692 5544 1017 5620 fragilitatem.
1148 5607 1157 5617 .
1290 5619 1305 5631 Ἴ
1672 5609 1683 5620 ⁸

518 5664 594 5730 (α)
636 5614 689 5663 ut
705 5613 1025 5718 numquam.
1054 5608 1222 5661 Verius
1241 5613 1374 5669 Mss,
1393 5616 1702 5661 monimenta.

1374 240 1464 296 DE
1502 239 1660 296 FIDE
1698 238 1787 294 ET
1825 234 2163 305 SYMBOLO,
2203 234 2263 293 S.
2302 231 2671 293 AUGUSTINI

3613 245 3723 308 188

2130 356 2254 406 cant
2277 357 2547 407 terrenum
2575 350 2777 422 aliquid
2804 351 2860 409 in
2904 352 3043 409 calo
3082 366 3205 411 esse
3239 366 3347 412 non
3374 366 3553 425 posse.
3594 356 3713 417 Noa-

2131 449 2272 498 stras
2321 442 2465 499 enim
2514 441 2818 512 Scripturas
2873 457 2981 499 non
3027 452 3323 510 noverunt,
3375 461 3477 503 nec
3530 448 3721 506 sciunt

2131 533 2402 605 quomodo
2424 532 2624 588 dictum
2650 534 2740 601 sit,
2770 532 3064 590 Semiuamr
3078 550 3261 604 corpus
3287 536 3527 602 uanitate,
3547 541 3714 610 surgit

2131 640 2316 696 corpus
2339 624 2621 695 spirituale.
2661 623 2779 681 Non
2829 626 2979 693 enim
3017 624 3089 681 ita
3141 625 3342 681 dictum
3393 638 3515 693 est,
3568 629 3722 699 quasi

2132 731 2327 786 corpus
2356 724 2593 772 vertatur
2618 717 2673 772 in
2695 718 2969 788 spiritum,
2996 727 3055 787 et.
3079 719 3296 788 spiritus
3316 719 3448 785 liat;
3491 720 3615 791 quia
3661 730 3720 780 et

2131 822 2275 863 nunc
2291 822 2485 877 corpus
2518 817 2759 867 nostrum
2796 809 2937 880 quod
2974 810 3205 867 animale
3246 810 3477 878 dicitur,
3511 827 3617 868 non
3660 814 3721 869 in

2131 901 2363 957 animam
2393 915 2604 956 versum
2632 910 2716 957 est
2737 910 2794 959 et
2815 902 2993 959 anima
3020 903 3240 960 factum.
3285 902 3394 960 Sed
3437 904 3716 974 spirituale

2131 1008 2327 1064 corpus
2352 993 2684 1064 intelligitur,
2715 994 2860 1065 quod
2886 995 2956 1050 ita
2998 994 3208 1065 spiritui
3252 995 3523 1053 subditum
3547 1005 3632 1053 est
3658 999 3676 1028 ³
3703 1035 3721 1063 ,

2133 1096 2191 1142 ut
2214 1087 2419 1143 cmlesti
2450 1086 2770 1142 habitationi
2811 1088 3096 1144 conveniat
3113 1127 3130 1155 ,
3157 1088 3305 1143 omni
3345 1086 3633 1160 fragilitate
3660 1102 3723 1144 ac

2133 1179 2252 1235 labe
2278 1187 2486 1236 terrena
2520 1179 2575 1234 in
2619 1179 2894 1235 crelestem
2940 1179 3225 1249 puritatem
3271 1188 3327 1235 et
3376 1180 3721 1236 stabilitatem

2132 1279 2336 1328 mutata
2354 1282 2519 1341 atque
2542 1286 2825 1351 conversa.
2864 1271 2992 1328 Baio
3018 1280 3107 1329 est
3146 1272 3478 1340 immutatio,
3507 1271 3575 1327 de
3615 1286 3718 1345 qus
3748 1280 3764 1380 ί

2133 1361 2262 1418 item
2310 1362 2442 1418 dicit
2484 1362 2814 1432 Apostolus:
2845 1361 3033 1419 0mm
3081 1379 3402 1435 resurgentes
3424 1403 3443 1430 ,
3492 1363 3582 1417 sed
3622 1380 3729 1423 non

2133 1468 2307 1508 omnes
2331 1453 2729 1509 immutabimur.
2763 1453 2933 1521 Quam
2960 1454 3386 1511 immutationem
3412 1470 3519 1513 non
3546 1455 3601 1511 in
3629 1456 3731 1512 de-

2136 1544 2301 1600 terius
2318 1584 2334 1611 ,
2362 1543 2459 1601 sed
2479 1546 2533 1601 in
2560 1546 2751 1601 melius
2778 1545 2894 1602 fieri
2918 1546 3078 1603 docet
3111 1546 3285 1611 idem,
3328 1560 3453 1603 cum
3477 1546 3630 1612 dicit,
3658 1545 3733 1605 Et

2134 1654 2228 1692 nos
2252 1638 2630 1693 immutme
2656 1637 2699 1708 (Ι
2728 1638 2845 1695 Cor.
2872 1653 2948 1694 xv
2971 1680 2989 1705 ,
3036 1639 3128 1704 44,
3158 1640 3249 1711 51,
3279 1636 3393 1712 52).
3420 1637 3531 1696 Sed
3558 1638 3649 1694 ubi
3672 1647 3733 1697 et

2134 1728 2403 1799 quomodo
2427 1729 2498 1783 sit
2525 1729 2578 1784 in
2604 1729 2743 1787 coelo
2782 1743 2979 1799 corpus
3008 1728 3349 1787 Dominicum
3367 1756 3389 1796 ε
3416 1728 3724 1789 curiosissi—

2134 1835 2281 1875 mum
2311 1828 2364 1874 et
2391 1832 2847 1889 supervacaneum
2885 1828 2970 1875 est
3016 1832 3301 1889 qumrere;
3345 1819 3723 1879 tantummodo

2134 1910 2189 1966 in
2215 1911 2352 1968 ctelo
2380 1926 2501 1971 esse
2522 1910 2848 1967 credendum
2879 1919 2984 1967 est.
3013 1909 3129 1966 Non
3156 1910 3299 1967 enim
3344 1918 3432 1966 est
3469 1909 3727 1982 fragilitao‘

2136 2004 2207 2060 tis
2233 2012 2433 2060 nostrae
2445 2004 2704 2063 caelorum
2729 2012 2937 2060 secreta
2961 2002 3248 2071 discutere,
3289 2002 3383 2060 sed
3416 2011 3501 2059 est
3526 2011 3728 2061 nasum

2136 2095 2259 2151 ﬁdei
2284 2094 2353 2151 de
2380 2095 2641 2151 Dominici
2664 2094 2907 2166 corporis
2926 2093 3187 2166 dignitate
3226 2093 3477 2153 sublimia
3519 2102 3574 2151 et
3619 2094 3720 2152 ho-

2134 2195 2289 2245 nesta
2313 2187 2535 2251 sentire.

2208 2275 2433 2332 CAPUT
2465 2275 2652 2331 Vll.-—
2672 2276 2761 2332 14.
2789 2274 2964 2335 Sestio
2995 2274 3067 2331 ad
3086 2273 3348 2332 dexteram
3374 2273 3567 2331 Patris.
3599 2275 3733 2332 Cre-

2136 2367 2318 2423 dimus
2347 2368 2513 2424 etiam
2553 2367 2694 2439 quod
2744 2365 2898 2423 sedet
2939 2366 3011 2423 ad
3065 2366 3339 2437 dexteram
3392 2367 3587 2435 Patris.
3616 2366 3735 2427 Nec

2137 2456 2259 2512 ideo
2287 2465 2463 2512 tamen
2488 2457 2637 2528 quasi
2664 2456 2899 2513 humana
2922 2456 3095 2513 forma
3118 2457 3587 2529 circumscriptum
3605 2470 3737 2517 esse

2139 2547 2307 2602 Deum
2327 2547 2541 2602 Patrem
2577 2547 2940 2603 arbitrantium
2990 2556 3095 2617 est,
3134 2557 3191 2604 ut
3218 2546 3289 2605 de
3316 2549 3410 2605 illo
3442 2549 3733 2619 cogitanti-

2138 2638 2238 2693 bus
2274 2637 2520 2693 dextrum
2546 2647 2637 2693 aut
2665 2639 2940 2694 sinistrum
2966 2640 3109 2695 latus
3124 2641 3306 2696 animo
3327 2648 3606 2707 occurrat;
3632 2648 3729 2701 aut

2142 2729 2376 2799 idipsum
2412 2728 2555 2800 quod
2584 2730 2774 2787 sedere
2802 2731 2962 2786 Pater
2989 2731 3207 2798 dicitur,
3255 2730 3410 2787 ﬂexis
3438 2730 3737 2802 poplitibus

2139 2819 2257 2875 ﬁeri
2278 2819 2566 2891 putandum
2587 2830 2690 2886 est,
2720 2835 2788 2876 ne
2814 2821 2869 2876 in
2890 2820 3019 2876 illud
3038 2821 3343 2878 incidamus
3358 2821 3725 2893 sacrilegium,

2140 2910 2194 2964 in
2226 2925 2331 2980 quo
2355 2919 2664 2966 exsecratur
2702 2912 2992 2981 Apostolus
3016 2927 3113 2975 eos
3140 2913 3230 2983 qui
3258 2921 3735 2985 commutaveris”.

2140 3000 2364 3071 gloriam
2404 3001 2823 3071 incorruptibilis
2868 3002 2966 3057 Dei
3012 3003 3071 3058 in
3109 3002 3516 3060 similitudinem
3542 3017 3733 3060 corru-

2141 3092 2339 3161 ptibilis
2368 3092 2599 3149 hominis
2631 3094 2812 3165 (Rom.
2840 3110 2879 3160 ι,
2905 3093 3024 3167 25).
3057 3094 3187 3150 Tale
3210 3095 3354 3151 enim
3382 3095 3731 3153 simulacrum

2142 3185 2255 3241 Deo
2282 3186 2428 3241 nefas
2456 3198 2539 3242 est
2566 3186 2858 3242 christiano
2906 3187 2965 3242 in
3006 3187 3206 3257 templo
3231 3187 3529 3253 collocare;
3558 3188 3736 3255 multo

2140 3274 2310 3345 magis
2339 3274 2393 3330 in
2422 3274 2585 3330 corde
2616 3274 2879 3330 nefarium
2921 3284 3038 3343 est,
3082 3275 3171 3331 ubi
3200 3291 3326 3331 vere
3350 3286 3437 3333 est
3472 3277 3739 3350 templum

2141 3364 2273 3432 Dei,
2305 3364 2347 3418 si
2374 3379 2405 3419 a
2430 3373 2641 3420 terrena
2682 3363 2975 3435 cupiditate
3013 3373 3174 3436 atque
3201 3380 3390 3422 errore
3416 3366 3738 3424 mundetur.

2140 3448 2224 3511 Ad
2253 3454 2525 3512 dexteram
2548 3470 2678 3527 ergo
2700 3456 3107 3533 intelligendum
3132 3466 3215 3514 est
3251 3458 3332 3514 sic
3359 3458 3557 3515 dictqu
3585 3474 3735 3528 esse,

2141 3548 2197 3602 in
2227 3562 2434 3604 summa
2457 3547 2816 3615 beatitudine,
2845 3549 2935 3604 ubi
2956 3548 3165 3619 justitia
3192 3560 3246 3605 et
3269 3565 3371 3621 pax
3400 3559 3455 3606 et
3474 3551 3735 3622 gaudium

2143 3638 2431 3694 est:sicut
2465 3636 2535 3694 ad
2581 3638 2852 3695 sinistram
2895 3639 3035 3696 haedi
3063 3643 3461 3697 constituuntur
3506 3640 3729 3711 (Matth.

2141 3745 2276 3794 xxv,
2308 3728 2397 3799 55)
2418 3771 2432 3794 ,
2462 3714 2517 3784 id
2540 3736 2622 3786 est
2650 3730 2706 3784 in
2735 3730 2982 3797 miseria,
3012 3741 3231 3802 propter
3274 3731 3602 3802 iniquitates,
3640 3720 3735 3789 ila-

2141 3823 2302 3881 bores
2329 3826 2350 3858 ⁸
2389 3834 2550 3896 atque
2588 3825 2875 3882 cruciatus.
2917 3825 3118 3882 Sedere
3164 3841 3295 3898 ergo
3345 3826 3488 3897 quod
3536 3825 3735 3885 dicitur

2145 3917 2309 3980 Deus,
2335 3931 2446 3972 non
2474 3918 2837 3974 membrorum
2885 3918 3199 3988 positionem
3217 3956 3233 3985 ,
3263 3917 3363 3974 sed
3384 3916 3728 3989 judiciariam

2144 4008 2409 4081 signiﬁcat
2435 4018 2786 4082 potestatem,
2813 4026 2914 4081 qua
2947 4009 3041 4067 illa
3068 4009 3322 4081 majestas
3343 4026 3620 4081 nunquam
3643 4025 3741 4068 ea-

2144 4109 2266 4166 ret,
2295 4115 2509 4175 semper
2531 4100 2692 4173 digna
2729 4100 2904 4172 dignis
2933 4100 3253 4168 tribuendo;
3282 4101 3527 4173 quamvis
3555 4101 3614 4157 in
3639 4116 3741 4159 ex-

2145 4201 2319 4248 tremo
2336 4191 2540 4262 judicio
2566 4193 2737 4249 multo
2783 4192 3118 4250 manifestius
3156 4193 3303 4249 inter
3325 4193 3575 4250 homines
3609 4192 3735 4249 unis

2144 4284 2307 4354 geniti
2335 4284 2459 4338 Filii
2504 4283 2603 4338 Dei
2648 4283 2846 4354 judicis
2897 4286 3141 4343 vivorum
3179 4295 3340 4356 atque
3392 4291 3739 4340 mortuorum

2144 4375 2360 4431 claritas
2380 4374 2671 4429 indubitata
2686 4373 2866 4432 futura
2885 4375 2955 4431 sit
2969 4375 3013 4429 ³.

2220 4484 2443 4541 CAPUT
2464 4483 2764 4541 “IL—15.
2793 4485 3047 4539 autem
3070 4484 3139 4538 ad
3151 4483 3429 4555 judicium;
3449 4480 3742 4542 credimus

2148 4576 2310 4631 etiam
2334 4573 2457 4631 inde
2499 4586 2782 4629 venturum
2825 4574 3332 4630 convenientistime
3370 4581 3649 4645 More;
3679 4582 3741 4631 et

2143 4669 2498 4740 iudicaturum
2538 4668 2693 4723 vivos
2717 4675 2773 4723 et
2817 4675 3080 4722 mortuos.
3109 4665 3235 4723 Sive
3273 4666 3391 4723 istis
3429 4668 3741 4725 neminium

2143 4760 2274 4830 justi
2298 4768 2355 4817 et
2380 4767 2684 4829 peccatores
2702 4758 3103 4829 signiﬁcentur;
3143 4759 3259 4814 sive
3284 4764 3420 4830 quos
3456 4768 3589 4815 tunc
3608 4768 3743 4816 ante

2148 4858 2376 4905 mortem
2396 4848 2418 4881 ⁸
2444 4850 2499 4904 in
2539 4849 2696 4904 terris
2742 4851 3054 4904 inventurus
3082 4857 3168 4905 est
3183 4850 3435 4920 appellati
3462 4848 3572 4906 sint
3593 4849 3739 4914 vivi;

2148 4947 2346 5002 mortui
2375 4960 2503 5001 vero
2527 4946 2617 5016 qui
2647 4945 2698 4999 in
2725 4945 2842 5013 ejus
2884 4944 3117 5000 adventu
3163 4944 3515 5001 resurrecturi
3558 4950 3685 4998 sum
3714 4959 3729 4996 :

2149 5038 2267 5092 inec
2308 5037 2633 5106 dispensatio
2664 5038 3007 5107 temporalis,
3042 5054 3147 5092 non
3195 5046 3397 5092 tantum
3442 5044 3552 5101 est,
3601 5036 3738 5091 sicut

2150 5129 2239 5183 illa
2265 5127 2537 5197 generatio
2565 5128 2859 5184 secundum
2884 5130 3069 5190 Deum;
3089 5128 3180 5181 sed
3208 5129 3363 5181 etiam
3386 5124 3502 5189 fuit,
3529 5135 3582 5181 et
3608 5126 3733 5181 erit.

2152 5218 2282 5275 Nam
2329 5219 2424 5274 fuit
2446 5218 2706 5275 Dominus
2750 5214 2931 5275 noster
2970 5216 3019 5272 in
3068 5219 3256 5277 terris.
3294 5226 3347 5270 et
3394 5232 3531 5270 llllltc
3572 5217 3742 5273 esti.

2154 5313 2312 5382 caalo,
2343 5322 2395 5370 et
2423 5313 2526 5369 erit
2572 5313 2624 5368 in
2665 5313 2903 5368 claritate
2930 5302 3090 5380 jndei
3123 5309 3364 5362 vivorum
3393 5304 3557 5379 atque
3590 5300 3737 5365 πιότ-

2220 5492 2239 5523 ι
2271 5495 2346 5537 Er.
2368 5494 2420 5538 et
2442 5495 2550 5538 tres
2569 5495 2695 5545 illa,
2719 5481 3263 5551 quiaita‘eoqptfn‘tdum
3285 5485 3371 5530 est.

2219 5554 2242 5584 ³
2274 5559 2394 5600 'n-es
2410 5557 2537 5609 Mss,
2560 5542 2757 5612 propter
3066 5542 3267 5612 labores.

2221 5614 2245 5647 ³
2276 5602 2907 5665 ιεθίιιωεξλιὶὴθκωεὶὶ,
2930 5602 3119 5667 Maura
3139 5605 3217 5656 se.
3320 5660 3323 5665 ι

2218 5670 2243 5706 ⁸
2273 5673 2496 5725 moediti
2515 5670 2714 5733 addunt,
2733 5673 2985 5722 nostram:
3015 5668 3469 5720 rerum“
