4124 6206
334 281 435 339 189

325 405 569 453 tuorum.
616 389 697 446 ita
734 388 876 446 enim
925 384 1120 455 veniet,
1166 386 1303 444 sicut
1330 386 1586 454 ascendit,
1617 384 1909 443 secundum

337 486 702 546 auctor'tatem
728 499 846 556 quae.
876 483 930 539 in
959 483 1178 538 Actibus
1204 482 1582 553 Apostolorum
1606 481 1909 536 continetur

339 577 464 652 (Act.
495 576 677 650 ι,Ι1).
708 577 787 632 Ex
829 576 928 630 hac
983 575 1159 654 itaque
1201 574 1474 645 temporali
1520 573 1915 643 dispensatione

344 669 570 740 loquitur
608 668 657 722 in
688 665 1046 738 Apocalypsi,
1076 665 1162 720 ubi
1193 664 1445 734 scriptum
1476 672 1558 719 est
1583 682 1594 716 :
1629 657 1752 717 Haec
1792 663 1914 718 dicit

338 762 415 832 qui
439 769 546 825 est,
568 769 616 813 et
641 759 728 828 qui
757 760 874 825 fuit,
901 767 946 810 et
971 757 1056 828 qui
1079 767 1313 810 venturus
1342 769 1411 810 est
1439 756 1456 786 ί
1489 753 1673 824 (Apoc.
1702 771 1742 820 t,
1770 753 1848 826 8).

403 850 630 908 CAPUT
663 848 752 906 IX.
777 847 954 903 -16.
991 847 1069 901 De
1119 848 1221 916 ﬁde
1263 847 1316 900 in
1361 844 1614 916 Spiritum
1662 854 1908 899 sanctum.

341 941 595 998 Trinitatis
617 941 927 1012 mysterium.
960 937 1388 992 Similitudinibus
1425 937 1724 1007 explicatur.
1776 933 1912 988 Pro-

343 1035 482 1103 [εειίο
531 1031 821 1086 christiana:
863 1028 1003 1098 ﬁdei.
1043 1013 1118 1082 De
1163 1027 1363 1099 Spiritu
1387 1038 1560 1082 sancto
1596 1027 1766 1098 Opinio
1790 1043 1916 1098 qua-

342 1124 589 1187 rumdam,
611 1122 744 1192 quod
763 1120 825 1174 sit
847 1121 956 1189 ipsa
981 1120 1138 1173 deitas
1159 1118 1329 1174 Patris
1355 1130 1400 1173 et
1419 1115 1544 1173 Filii
1567 1135 1585 1173 :
1605 1119 1862 1173 Sanctitas
1881 1135 1914 1172 a

341 1214 622 1270 sanciendo.
655 1213 864 1282 Digesta
903 1212 1078 1280 itaque
1107 1209 1335 1280 ﬁdeique
1357 1209 1727 1265 commendata
1755 1217 1808 1264 et
1834 1207 1917 1263 di-

342 1306 490 1360 vina’
513 1303 855 1374 generatione
887 1301 1092 1356 Domini
1133 1301 1298 1356 nostri
1343 1311 1396 1356 et
1437 1301 1667 1356 hu'mana
1703 1301 1918 1371 dispen-

341 1396 558 1458 satione,
589 1394 892 1464 adjungitur
921 1389 1246 1446 confessioni
1278 1403 1505 1456 nostra),
1538 1392 1603 1447 ad
1633 1392 1914 1462 perlicien-

341 1485 455 1539 dam
489 1483 644 1540 iidem
671 1500 788 1554 qum
817 1481 971 1538 nobis
999 1479 1066 1537 de
1097 1483 1205 1537 Deo
1231 1493 1314 1538 est
1332 1525 1346 1549 ,
1409 1481 1639 1553 Spiritus
1659 1491 1876 1539 sanctus
1895 1524 1910 1552 ,

340 1591 440 1630 non
468 1575 670 1630 minore
693 1563 713 1605 ⁸
743 1584 928 1629 natura
956 1590 1112 1646 quam
1135 1573 1292 1628 Pater
1315 1582 1370 1628 et
1399 1561 1585 1639 Filius,
1611 1574 1704 1630 sed
1725 1615 1740 1640 ,
1764 1583 1822 1630 ut
1842 1575 1913 1628 ita

342 1666 502 1722 dicam
527 1710 543 1736 ,
572 1666 1042 1722 consubstantialis
1068 1667 1120 1721 et
1149 1671 1482 1731 comternds;
1512 1668 1634 1736 quia
1666 1665 1766 1722 ista
1795 1665 1915 1722 Tri-

342 1758 465 1812 nitas
491 1772 629 1811 unus
649 1768 731 1812 est
778 1757 914 1811 Deus
941 1775 953 1811 :
981 1773 1086 1812 non
1132 1766 1187 1810 ut
1243 1755 1382 1812 idem
1422 1757 1490 1811 sit
1531 1758 1690 1813 Pater
1730 1758 1820 1828 qui
1861 1763 1917 1814 et

343 1845 490 1902 Filius
519 1857 575 1903 et
600 1845 830 1919 Spiritus
855 1847 1219 1912 sanctus;sed
1251 1851 1307 1901 u't
1330 1841 1486 1902 Pater
1529 1849 1598 1903 sit
1637 1847 1816 1914 Pater,
1860 1851 1916 1904 et

344 1937 492 1996 Filius
515 1942 583 1994 sit
613 1939 781 1995 Filius
803 1982 818 2007 ,
847 1948 902 1995 et
926 1939 1154 2010 Spiritus
1183 1945 1399 1995 sanctus
1429 1942 1499 1995 sit
1527 1941 1754 2011 Spiritus
1781 1956 1908 1996 san-

343 2040 464 2096 ctus,
495 2040 548 2085 et
576 2030 693 2084 haec
723 2029 953 2085 Trinitas
983 2046 1117 2084 unus
1144 2023 1318 2094 Deus,
1344 2032 1481 2086 sient
1502 2031 1756 2102 scriptum
1797 2027 1909 2100 est,

341 2120 480 2180 Audi.
505 2117 693 2186 Israel,
720 2119 968 2174 Dominus
996 2119 1129 2177 Deus
1152 2132 1282 2187 tuus,
1311 2120 1448 2176 Deus
1476 2139 1606 2177 unus
1627 2134 1699 2178 est
1731 2121 1907 2196 (Deut.

342 2211 407 2276 vi,
430 2211 502 2281 4).
536 2211 742 2266 Tamen
766 2212 811 2264 si
837 2211 1226 2284 interrogemur
1251 2211 1318 2268 de
1345 2213 1567 2283 singulis
1590 2255 1603 2278 ,
1628 2224 1682 2269 et
1706 2215 1912 2271 dicatur

339 2299 513 2370 nobis,
561 2290 704 2358 Deus
750 2313 832 2359 est
877 2301 1072 2358 Pater?
1118 2303 1589 2372 reSpondebimus,
1641 2307 1802 2362 Deus.
1854 2306 1915 2365 Si

337 2394 595 2463 q'uzcratur
621 2405 795 2449 utrum
825 2395 963 2449 Deus
989 2393 1058 2448 sit
1086 2385 1252 2449 Filius
1273 2436 1286 2458 ,
1320 2395 1419 2450 hoc
1443 2393 1906 2466 respondebimus.

336 2484 473 2552 Nec,
502 2487 548 2541 si
584 2487 742 2543 fuerit
783 2486 850 2543 de
898 2486 1097 2558 Spiritu
1147 2495 1332 2541 sancto
1375 2488 1493 2543 talis
1539 2487 1908 2559 interrogatio,

335 2577 470 2632 aliud
501 2594 620 2633 eum
668 2594 787 2634 6358
829 2566 1085 2632 debemus
1134 2577 1456 2648 respondere
1495 2594 1654 2649 quam
1703 2577 1909 2635 Deum:

333 2667 672 2726 vehementer
698 2683 945 2726 caventes
965 2671 1042 2726 sic
1067 2671 1327 2742 accipere,
1344 2672 1610 2741 quomodo
1649 2672 1714 2727 de
1741 2670 1913 2728 homi-

336 2763 480 2819 nibus
508 2763 711 2819 dictum
739 2772 863 2826 est,
907 2761 995 2817 Dii
1041 2765 1160 2817 estis
1214 2763 1382 2834 (Psal.
1433 2780 1614 2831 Lxm,
1671 2763 1750 2835 6).
1795 2763 1908 2820 Non

338 2855 465 2910 enim
493 2855 620 2910 sunt
648 2854 955 2909 naturaliter
979 2853 1082 2919 dii,
1113 2853 1432 2926 quicumque
1460 2861 1582 2909 sunt
1605 2853 1727 2910 iacti
1751 2862 1910 2925 atque

336 2946 521 3000 conditi
576 2963 640 3000 ex
685 2935 847 3001 Patre
894 2961 989 3017 per
1027 2943 1222 3000 Filium
1264 2945 1403 3000 dono
1439 2944 1666 3016 Spiritus
1719 2943 1907 3001 sancti.

339 3023 447 3107 ipsa
473 3039 611 3093 enim
640 3038 969 3108 significatur
999 3035 1232 3092 Trinitas
1253 3077 1266 3101 ,
1296 3051 1421 3091 cum
1445 3031 1730 3106 Apostolus
1757 3033 1907 3101 dicit,

343 3122 582 3196 Quoniam
608 3115 823 3200 αἴρω,
847 3139 893 3184 ει
919 3125 1126 3199 inipso,
1171 3140 1216 3183 et
1258 3147 1346 3200 per
1385 3131 1551 3199 ipsum
1587 3137 1701 3183 sunt
1741 3130 1911 3184 omnia

340 3213 501 3291 (llam.
530 3239 609 3288 ιι,
637 3221 752 3296 56).
783 3221 1093 3294 Quanquam
1121 3237 1247 3292 ergo
1275 3221 1342 3278 de
1389 3221 1608 3292 singulis
1635 3220 1658 3252 ’⁸
1683 3221 1913 3276 interro-

335 3314 428 3384 gati
470 3312 893 3384 respondeamus
921 3311 1084 3368 Deum
1109 3317 1229 3368 esse
1273 3303 1340 3367 de
1369 3328 1472 3384 quo
1500 3313 1774 3382 quaeritur,
1797 3312 1912 3368 sive

336 3397 531 3462 Patrem
558 3450 574 3474 ,
609 3406 722 3462 sive
751 3401 976 3474 Filium,
1025 3407 1136 3461 sive
1185 3405 1439 3476 Spiritum
1479 3409 1760 3470 sanctum;
1803 3418 1913 3462 non

336 3504 495 3572 tamen
537 3506 651 3553 tres
701 3497 831 3553 deos
873 3513 904 3552 a
951 3495 1104 3554 nobis
1155 3497 1258 3553 coli
1306 3497 1584 3568 quisquam
1627 3496 1909 3554 existima-

331 3591 471 3644 verit.

397 3679 476 3736 l'i.
504 3679 621 3737 Nec
649 3681 842 3735 mirum
872 3679 1011 3752 quod
1049 3683 1161 3734 haec
1202 3679 1269 3734 de
1297 3679 1551 3735 ineﬂ'abili
1595 3683 1781 3735 natura
1821 3679 1908 3737 di-

331 3783 533 3842 cuntur,
564 3790 691 3829 cum
727 3773 778 3828 in
809 3773 871 3828 iis
909 3773 1067 3828 etiam
1099 3773 1256 3827 rebus
1285 3776 1417 3844 quas
1444 3772 1716 3843 carporeis
1740 3771 1909 3830 oculis

327 3867 612 3934 cernimus,
655 3875 711 3922 et
738 3881 998 3936 corporeo
1035 3881 1193 3922 sensu
1221 3863 1609 3937 dijudicamus,
1663 3867 1765 3923 tale
1803 3865 1905 3921 alid

326 3947 448 4027 quid
470 3957 694 4013 accidat.
722 3953 855 4012 Nam
887 3973 1006 4012 cum
1029 3953 1094 4012 de
1123 3959 1263 4012 l'onte
1292 3957 1616 4028 interrogati,
1644 3973 1748 4011 non
1781 3972 1902 4030 pos-

331 4033 495 4101 simus
522 4047 702 4102 dicere
730 4035 870 4118 quod
914 4043 1028 4118 ipse
1075 4049 1141 4102 sit
1168 4047 1358 4102 ﬂuvius
1381 4066 1394 4114 ;
1423 4064 1523 4103 nec
1549 4045 1614 4103 de
1636 4046 1799 4103 ﬂuvio
1826 4049 1907 4104 in-

331 4141 580 4210 terrogati
601 4143 868 4212 possimus
919 4155 1038 4198 eum
1081 4140 1280 4196 fontem
1331 4156 1554 4207 vocare;
1602 4138 1658 4196 et
1699 4157 1908 4197 rursum

323 4227 596 4302 potionem
629 4250 747 4304 quae
788 4233 854 4288 de
899 4231 1042 4288 fonte
1084 4221 1168 4288 vel
1217 4233 1376 4288 ﬂuvio
1405 4244 1526 4299 est,
1559 4249 1660 4288 nec
1688 4233 1907 4292 ﬂuvium

322 4325 588 4393 possimus
615 4323 885 4394 appellare
910 4339 1008 4380 nec
1037 4325 1234 4380 fontem
1266 4343 1279 4380 :
1311 4313 1485 4380 tamen
1533 4326 1582 4379 iu
1614 4325 1714 4380 hac
1755 4325 1906 4381 trini-

324 4413 422 4471 tate
445 4433 648 4488 aquam
677 4421 1013 4472 nominamus
1034 4460 1046 4482 ,
1071 4428 1124 4472 et
1149 4433 1269 4473 cum
1297 4418 1363 4474 de
1384 4419 1604 4489 singulis
1629 4419 1904 4490 quaeritur,

318 4508 626 4580 singillatim
656 4523 846 4578 aquam
876 4507 1277 4577 respondemus.
1302 4508 1432 4563 Nam
1456 4510 1496 4563 si
1520 4526 1700 4579 qumro
1731 4517 1906 4564 utrum

317 4614 446 4670 aqua
477 4603 531 4655 in
559 4595 710 4655 fonte
740 4601 830 4665 sit,
853 4599 1208 4672 respondetur
1236 4617 1368 4670 aqua
1393 4619 1406 4666 ;
1438 4610 1491 4655 et
1531 4602 1573 4655 si
1603 4617 1904 4672 quaeramus

313 4701 489 4746 utrum
519 4707 665 4762 aqua
693 4691 761 4745 sit
802 4691 853 4744 in
909 4690 1090 4758 ﬂuvio,
1121 4683 1248 4745 nihil
1281 4683 1421 4746 aliud
1452 4691 1824 4761 respondetur,
1855 4697 1909 4747 et

311 4778 360 4834 in
394 4781 486 4835 illa
539 4781 758 4852 potione
807 4797 911 4836 non
953 4781 1143 4850 poterit
1171 4795 1289 4837 esse
1315 4782 1413 4837 alia
1442 4783 1719 4853 responsio
1755 4801 1769 4836 :
1809 4799 1906 4838 nec

307 4882 490 4928 tamen
522 4887 622 4927 eas
648 4883 757 4928 tres
775 4888 960 4942 aquas,
989 4871 1082 4928 sed
1108 4889 1263 4927 unam
1285 4874 1528 4929 dicimus.
1556 4875 1696 4930 Sane
1716 4881 1909 4929 caven-

273 4955 431 5019 edum
465 4976 558 5020 est
611 4979 678 5019 ne
728 4964 1008 5036 quisquam
1056 4963 1375 5020 ineﬂ‘abilem
1427 4955 1572 5021 illius
1615 4968 1907 5039 majestatis

305 5056 676 5114 substantiam
708 5059 846 5112 sicut
884 5055 1080 5114 fontem
1110 5059 1269 5114 istum
1301 5060 1562 5114 visibilem
1599 5069 1755 5131 atque
1780 5076 1902 5116 cor-

303 5170 531 5222 poreum
561 5145 650 5208 vel
677 5141 892 5208 ﬂuvium
919 5152 1002 5208 vel
1026 5153 1295 5223 potionem
1317 5152 1532 5222 cogitet.
1562 5151 1620 5206 in
1647 5151 1728 5205 his
1756 5153 1903 5209 enim

298 5258 435 5317 aqua
464 5243 571 5302 illa
598 5258 717 5314 qua:
743 5258 884 5298 nunc
909 5244 963 5298 in
992 5241 1139 5298 fonte
1165 5251 1250 5299 est
1272 5284 1286 5310 ,
1315 5242 1424 5297 exit
1452 5242 1504 5297 in
1533 5240 1774 5311 ﬂuvium,
1803 5259 1903 5300 nec

359 5405 377 5435 ι
412 5403 550 5474 [ῳίῆ
571 5435 590 5461 ,
615 5401 702 5462 qui
718 5401 911 5465 fuimus
931 5405 1019 5454 est.
1045 5408 1102 5454 At
1115 5408 1245 5463 Mss,
1268 5400 1351 5466 qui
1373 5406 1595 5452 uenturus
1610 5408 1697 5453 est.
1722 5409 1905 5464 Graece,

296 5477 326 5514 ο
345 5475 703 5516 ererwrnenos.
1256 5522 1258 5524 ν

355 5532 376 5558 ³
501 5530 559 5576 in
578 5533 695 5590 uss.
713 5531 768 5575 At
791 5526 916 5590 apud
938 5532 1070 5590 Lov.,
1093 5521 1192 5590 fide
1214 5531 1353 5590 atque
1374 5524 1704 5590 commendata
1725 5523 1903 5580 divina.

356 5590 378 5620 ⁸
393 5595 502 5664 ει),
528 5599 633 5636 non
659 5585 724 5637 de
743 5585 940 5648 adnare.
959 5585 1405 5660 Fortejegeudum,
1428 5599 1520 5636 non
1540 5587 1711 5637 minor.

350 5651 495 5715 {sic
531 5647 720 5698 melius
744 5655 870 5715 μεῖν.
910 5656 964 5702 Iit.
1004 5649 1122 5700 editi
1141 5683 1157 5712 ,
1201 5649 1536 5714 Quodcumque
1579 5661 1696 5715 ergo
1729 5650 1792 5702 de
1812 5647 1907 5704 sitr-

288 5711 419 5776 wh's
442 5708 773 5776 interrogati.

1748 271 1947 329 LIBER
1985 267 2184 330 UNUS.

2022 384 2079 439 in
2103 398 2163 439 se
2188 381 2402 451 manet;
2434 387 2488 441 et
2515 387 2635 442 cum
2660 382 2728 442 de
2750 373 2912 445 Πειῆό
2940 385 3023 444 vel
3046 385 3114 444 de
3151 388 3305 446 fonte
3345 391 3398 446 in
3429 395 3604 462 potica-

2020 491 2142 531 nem
2174 475 2392 543 transit,
2419 489 2522 531 non
2554 475 2623 532 ibi
2653 479 2944 548 perinanet,
2974 479 3116 535 unde
3137 477 3388 535 sumitur.
3418 477 3601 551 Itaque

2021 567 2135 623 ﬁeri
2162 573 2335 637 potest
2361 571 2418 622 ut
2442 555 2630 624 eadem
2657 572 2791 640 aqua
2821 575 2962 625 nunc
2989 570 3054 624 ad
3088 571 3253 630 fontis
3280 571 3598 640 appellatio-

2021 675 2143 714 nem
2185 661 2464 728 pertineat,
2495 675 2634 714 nunc
2679 661 2746 716 ad
2787 659 2963 728 ﬂuvii,
3019 677 3161 717 nunc
3200 662 3269 718 ad
3317 662 3598 732 potionis:

2021 767 2140 806 cum
2170 753 2222 806 in
2265 752 2351 806 illa
2397 741 2654 807 Trinitate
2692 753 2980 808 dixerimus
3029 768 3131 807 non
3180 767 3341 824 posse
3391 752 3507 808 ﬁeri
3537 763 3601 809 ut

2021 842 2178 897 Pater
2205 839 2489 912 aliquando
2513 844 2582 897 sit
2621 841 2783 898 Filius
2803 886 2817 911 ,
2869 843 3155 914 aliquando
3211 843 3444 914 Spiritus
3475 860 3602 900 sano

2020 943 2166 1000 ctus;
2194 937 2327 989 sicut
2353 936 2404 988 in
2432 936 2622 991 arbore
2643 937 2750 990 non
2777 943 2859 992 cst
2885 937 3037 991 radis
3059 938 3158 991 nisi
3182 937 3354 1001 radis,-
3384 951 3483 992 nec
3505 952 3598 993 ι·σά

2021 1023 2121 1078 bur
2150 1031 2230 1078 est
2257 1021 2397 1078 aliud
2423 1029 2578 1096 quam
2606 1025 2785 1091 robur,
2814 1035 2915 1082 nec
2938 1037 3116 1082 ramos
3143 1028 3243 1082 nisi
3269 1029 3448 1082 rantes
3477 1041 3603 1098 poni

2020 1131 2204 1173 sumus
2223 1117 2402 1174 dieere
2431 1137 2444 1173 :
2474 1121 2580 1174 non
2609 1121 2752 1174 enim
2781 1119 2922 1190 quod
2947 1119 3140 1176 dicitur
3179 1121 3330 1176 radit
3353 1161 3367 1186 ,
3411 1121 3465 1175 id
3506 1119 3604 1191 poe-

2021 1211 2125 1264 te'st
2151 1199 2253 1264 dici
2275 1209 2438 1264 robur
2472 1218 2525 1265 et
2553 1210 2720 1276 fami;
2753 1221 2850 1266 nec
2879 1211 3078 1281 lignum
3107 1211 3247 1282 quod
3279 1213 3509 1282 pertinet
3533 1210 3620 1266 uti

2019 1303 2252 1359 radicem
2271 1346 2286 1371 ,
2316 1309 2490 1374 potest
2516 1305 2692 1374 aliquo
2713 1303 2943 1359 transitu
2970 1308 3112 1359 nunc
3138 1304 3191 1358 in
3218 1303 3400 1360 radice
3437 1315 3597 1370 esse,

2020 1411 2160 1451 nunc
2187 1397 2240 1450 in
2265 1397 2456 1452 robore
2478 1439 2493 1463 ,
2520 1403 2661 1451 nunc
2689 1382 2742 1451 in
2773 1397 2956 1462 ramis,
3004 1395 3098 1452 sed
3136 1391 3510 1450 tantummodo
3545 1395 3606 1450 in

2020 1487 2200 1542 radice
2224 1505 2237 1542 :
2260 1493 2380 1543 cum
2405 1481 2492 1542 illa
2521 1489 2702 1559 regula
2740 1488 2972 1544 nominis
2993 1491 3240 1553 inanest,
3271 1495 3330 1543 ut
3357 1487 3508 1543 radix
3535 1480 3604 1542 lii-

2019 1593 2180 1648 gnum
2209 1579 2307 1644 sit,
2334 1577 2570 1634 etrobur'
2589 1579 2821 1650 lignum,
2851 1581 2905 1634 et
2951 1579 3088 1634 rami
3113 1569 3353 1650 lignum;
3384 1574 3486 1633 nec
3518 1585 3604 1631 In:

2020 1685 2142 1726 men
2168 1669 2267 1726 tria
2288 1665 2428 1741 ligna
2450 1668 2716 1739 dicantur,
2750 1671 2844 1727 sed
2872 1675 3054 1726 unum.
3074 1673 3181 1726 sui
3199 1671 3244 1726 si
3265 1665 3381 1726 hac
3405 1665 3607 1726 hdbeﬂ'

2018 1761 2248 1832 aliquam
2295 1761 2815 1830 dissimilitudinem,
2860 1765 2918 1818 ω
2965 1763 3167 1832 possunt
3215 1775 3321 1816 non
3369 1761 3606 1817 absurdo

2020 1853 2118 1907 tria
2147 1853 2285 1924 ligna
2323 1852 2447 1918 dici,
2480 1853 2697 1925 propter
2735 1851 3002 1907 ﬁrmitatis
3028 1852 3426 1916 diversitatem;
3467 1850 3606 1906 illud

2017 1951 2165 1998 certe
2198 1951 2384 1999 omnes
2409 1945 2739 2010 concedunt,
2769 1944 2812 1998 si
2839 1957 2907 1998 ex
2943 1947 3053 1998 uno
3092 1941 3238 1997 fonte
3268 1943 3374 1996 tria
3410 1940 3604 2011 pdcah

2017 2033 2356 2104 impleantur,
2386 2043 2542 2106 posse
2561 2034 2663 2091 dici
2702 2021 2801 2090 triti
2831 2023 3055 2104 poeula,
3085 2037 3195 2089 tres
3221 2031 3402 2088 autem
3437 2031 3606 2102 equi.

2017 2140 2126 2180 non
2152 2139 2309 2195 posse
2327 2124 2433 2180 dici
2449 2167 2464 2188 ,
2496 2123 2591 2180 sed
2619 2124 2837 2178 amomo
2863 2127 3023 2178 unam
3050 2125 3273 2192 aqmtm;
3295 2122 3602 2192 unum!!!

2017 2213 2086 2270 de
2129 2213 2350 2285 singulis
2377 2198 2582 2284 poculis
2624 2213 2980 2284 interrogatus
3017 2213 3072 2267 in
3119 2211 3361 2282 quolibet
3405 2210 3597 2265 borum

2017 2321 2208 2378 aquam
2238 2320 2356 2362 esse
2381 2305 2705 2376 reSpondeas
2730 2323 2743 2359 :
2778 2305 3022 2375 quamvis
3043 2305 3218 2360 nullus
3235 2304 3321 2360 hic
3343 2303 3606 2358 transitus

2018 2397 2127 2463 ﬂat,
2160 2399 2298 2464 sicut
2319 2397 2386 2452 de
2423 2397 2569 2452 fonte
2611 2397 2666 2451 in
2707 2395 2924 2450 ﬂuvium
2953 2396 3284 2452 dicebamus.
3330 2395 3439 2450 Sed
3479 2395 3602 2450 imo

2017 2505 2124 2544 non
2158 2495 2373 2559 propter
2401 2488 2543 2544 illius
2579 2488 2774 2543 divinae
2809 2497 3011 2543 naturus
3044 2488 3444 2546 similitudinem
3465 2529 3481 2553 ,
3505 2487 3606 2542 sed

2018 2585 2236 2651 promer
2261 2581 2546 2636 visibilium
2571 2581 2730 2636 etiam
2760 2581 3012 2635 unitatem
3035 2579 3334 2650 corpbralia
3354 2579 3602 2648 διεωνῶ

2016 2669 2140 2726 data
2170 2666 2328 2737 stinl,
2354 2674 2414 2725 ut
2450 2671 2832 2741 intelligeretur
2856 2671 2970 2726 ﬁeri
3009 2684 3165 2740 posse
3203 2679 3264 2724 ut
3299 2669 3474 2738 aliqua
3502 2669 3608 2724 ειθῆ

2017 2777 2123 2818 non
2157 2765 2359 2818 tantum
2383 2763 2722 2834 singillatim,-
2747 2762 2839 2818 sed
2875 2763 3038 2818 etiam
3082 2763 3242 2817 simul
3279 2773 3442 2816 unum
3483 2761 3614 2816 sica.

2014 2853 2196 2924 gulare
2220 2859 2416 2910 nomen
2441 2854 2751 2919 obtineant;
2799 2858 2898 2909 nec
2935 2854 3215 2924 quisquam
3273 2853 3498 2908 miretur
3542 2851 3601 2908 et

2016 2943 2302 3000 absurdum
2347 2947 2496 3014 putet
2537 2945 2679 3016 quod
2711 2945 2874 3000 Deum
2904 2945 3137 3003 dicimus
3160 2945 3396 3011 Patrem,
3433 2946 3600 3001 Deum

2015 3033 2244 3102 Filium,
2286 3037 2453 3091 Deum“
2493 3034 2750 3105 Spiritum
2802 3041 3085 3099 Sanctum,
3123 3041 3224 3091 nec
3271 3045 3450 3091 tamen
3492 3037 3610 3090 trs

2015 3124 2146 3180 deos
2175 3127 2226 3180 in
2253 3126 2353 3180 ista
2377 3127 2660 3193 Trinitate,
2685 3125 2781 3180 sed
2795 3137 2962 3180 unum
2981 3124 3149 3181 Deum
3175 3140 3446 3196 unamque
3465 3127 3602 3181 suit-3‘

2015 3216 2263 3271 stantiam
2290 3217 2331 3270 ¹.

2088 3308 2177 3364 18.
2209 3309 2275 3364 Et
2298 3308 2365 3364 de
2393 3308 2550 3364 Patre
2578 3308 2795 3380 quidem
2825 3323 2887 3365 ac
2916 3307 3054 3366 Filio
3092 3309 3274 3365 multis
3308 3309 3461 3365 libris
3483 3308 3602 3365 die:

2016 3409 2299 3457 seruerunt
2345 3400 2490 3455 docti
2526 3394 2581 3456 et
2622 3400 2924 3470 spirituales
2948 3401 2972 3434 ¹
2998 3400 3098 3454 viri
3123 3442 3136 3467 ,
3185 3399 3380 3470 quibus
3421 3415 3600 3470 quam

2016 3499 2128 3548 tum
2153 3492 2392 3548 homines
2420 3491 2723 3548 hominibus
2751 3499 2995 3561 poterant
3012 3533 3025 3557 ,
3059 3500 3114 3547 et
3144 3493 3602 3562 quemadmodum

2017 3585 2122 3639 non
2143 3595 2278 3638 unus
2302 3577 2443 3638 esset
2470 3581 2625 3638 Pater
2643 3583 2699 3638 et
2727 3581 2895 3637 Filius
2911 3615 2930 3651 ,-
2957 3581 3052 3637 sed
3079 3594 3245 3638 unum
3282 3584 3501 3646 essent;
3542 3591 3604 3646 ec

2016 3677 2141 3748 quid
2163 3676 2374 3746 proprie
2396 3676 2554 3730 Pater
2576 3684 2751 3742 esset,
2768 3684 2822 3730 et
2847 3675 2972 3746 quid
3003 3675 3172 3730 Filius
3199 3676 3468 3730 insinure
3506 3676 3604 3728 cut-3

2016 3768 2125 3822 nati
2149 3767 2308 3823 sum:
2341 3758 2483 3836 quod
2514 3767 2602 3821 ille
2625 3768 2852 3837 genitor,
2885 3765 2974 3822 hic
2998 3767 3242 3836 genitus;
3271 3767 3362 3821 ille
3397 3780 3505 3818 non
3529 3766 3604 3824 d8

2017 3858 2171 3924 Filio,
2200 3859 2287 3912 hic
2310 3859 2379 3913 de
2395 3859 2549 3912 Patre
2572 3874 2587 3922 ;
2607 3853 2765 3928 hujus
2793 3859 2883 3912 ille
2906 3857 3246 3926 principium,
3267 3857 3408 3911 unde
3433 3859 3490 3911 et'
3505 3861 3598 3911 ca-

2017 3949 2110 4018 put
2137 3947 2339 4002 Christi
2363 3947 2554 4002 dicitur
2593 3947 2642 4018 (I
2667 3947 2783 4000 Cor.
2815 3961 2894 4014 ιι,
2918 3945 2996 4018 5),
3024 3948 3264 4017 quamis
3280 3950 3333 4003 et
3352 3947 3602 4005 Christus

2018 4038 2329 4109 principium
2359 4035 2536 4106 (Joan.
2565 4052 2695 4104 vm,
2728 4037 2843 4109 26),
2871 4037 2970 4094 sed
2994 4039 3098 4094 non
3119 4039 3322 4104 Patris;
3357 4040 3441 4094 hic
3470 4055 3601 4096 vero

2016 4129 2157 4183 illius
2184 4128 2358 4198 imago
2383 4126 2601 4197 (Cotoss.
2639 4127 2688 4194 Ι,
2723 4121 2791 4184 4-5
2813 4130 2852 4199 ),
2894 4131 3136 4200 quamvis
3161 4131 3303 4185 nulla
3333 4147 3399 4187 ex
3447 4135 3600 4202 parte

2015 4217 2288 4273 dissimilis
2311 4228 2366 4273 et
2395 4218 2616 4274 omnino
2634 4218 3003 4277 indiderentei'
3021 4221 3260 4293 'aqtiaiis.
3283 4223 3599 4279 Tractentur

2016 4308 2130 4364 haec
2156 4310 2316 4364 latius
2343 4310 2414 4364 ab
2437 4310 2515 4364 eis
2539 4312 2629 4381 qui
2661 4325 2770 4367 non
2793 4313 2899 4367 tum
2929 4312 3167 4369 breviter
3191 4319 3346 4384 quam
3371 4330 3489 4380 nos,
3524 4326 3598 4368 to-

2001 4401 2120 4455 tius
2132 4399 2435 4456 christiana;
2452 4401 2572 4458 iidei
2588 4401 2971 4472 professionem
2981 4406 3167 4460 volunt
3182 4406 3467 4475 explicare.
3507 4409 3598 4462 Ita-

2013 4507 2117 4562 que
2142 4493 2197 4547 in
2217 4488 2478 4563 quantum
2491 4492 2656 4548 Filius
2671 4502 2770 4560 est,
2789 4493 2860 4550 de
2878 4494 3036 4550 Patre
3060 4498 3266 4564 accepit
3286 4506 3347 4550 ut
3365 4497 3453 4560 sit,
3469 4501 3592 4551 cum

2016 4582 2104 4636 ille
2133 4581 2199 4636 de
2223 4581 2360 4636 Filio
2379 4581 2429 4636 id
2451 4597 2558 4636 non
2575 4583 2878 4652 acceperit:
2899 4593 2956 4639 et
2973 4585 3027 4639 in
3047 4594 3302 4654 quantum
3320 4585 3592 4640 hominem

2014 4673 2323 4728 mutabilem
2335 4673 2543 4729 scilicet
2557 4682 2854 4730 creaturam
2871 4675 2924 4730 in
2943 4677 3132 4731 melius
3144 4680 3594 4744 commutandam,

2014 4762 2271 4820 ineﬂabili
2297 4764 2665 4822 misericordia
2689 4793 2706 4835 θ
2734 4768 3014 4836 temporali
3039 4767 3440 4838 dispensatione
3471 4783 3590 4823 sus.

2013 4857 2186 4926 cepit,
2219 4857 2384 4913 multa
2420 4856 2490 4912 de
2523 4857 2616 4914 illo
2643 4859 2697 4914 in
2727 4857 3018 4928 Scripturis
3047 4859 3386 4913 inveniuntur
3415 4861 3485 4914 ita
3516 4859 3594 4913 di;

2013 4955 2117 5013 cia,
2146 4957 2203 5003 ut
2228 4945 2416 5019 impias
2441 4948 2810 5005 hereticorum
2836 4958 3040 5004 mentes
3063 4951 3209 5018 prius
3233 4950 3472 5006 volentes
3500 4952 3595 5006 tio-

2013 5055 2136 5096 cere
2173 5057 2333 5113 quam
2363 5057 2523 5099 nosse
2546 5083 2562 5110 ,
2601 5043 2656 5096 in
2684 5055 2922 5098 errorem
2958 5043 3238 5111 miserint,
3265 5053 3323 5099 ut
3353 5050 3594 5115 putarent

2012 5149 2136 5189 eum
2155 5147 2259 5189 non
2282 5135 2540 5212 aequalem
2562 5134 2725 5198 Patri,
2743 5145 2843 5190 nec
2866 5134 3108 5205 ejusdem
3123 5149 3244 5193 esse
3261 5137 3588 5207 substantiae,

2012 5230 2185 5298 qualia
2214 5236 2338 5284 sunt
2378 5229 2498 5296 illa,
2532 5227 2785 5294 Quoniam
2815 5227 2972 5284 Pater
3000 5233 3166 5302 major
3190 5247 3270 5286 me
3295 5243 3365 5285 est
3392 5231 3587 5302 (Idan.

2012 5337 2124 5386 xw,
2157 5320 2265 5392 28)
2299 5337 2313 5386 ;
2344 5327 2427 5386 ει,
2458 5319 2622 5392 Caput
2662 5321 2886 5377 mulieris”
2905 5324 2982 5377 vir
3005 5366 3019 5390 ,
3051 5329 3202 5395 caput
3225 5325 3316 5377 viri
3339 5319 3590 5390 Christus,

2013 5423 2165 5485 caput
2184 5423 2351 5468 autem
2375 5412 2564 5469 Christi
2592 5413 2726 5470 Deus
2751 5413 2806 5485 (l
2834 5415 2952 5472 Cor.
2978 5415 3050 5482 xi,
3069 5419 3102 5472 5
3127 5416 3146 5489 )
3177 5425 3289 5482 ;et,
3320 5411 3464 5470 Tum:
3483 5417 3594 5486 ipse

2077 5592 2095 5664 ξ
2129 5589 2537 5664 itas-Minima
2567 5591 3047 5664 ςριφνιμε,ιιτιωνιφιε
3078 5591 3445 5664 nimim.

2010 5649 2463 5764 “immixtus,
2517 5649 3060 5723 retigiosi.Cujuslboo
3105 5652 3599 5721 inuss.,spirihu-

2915 5815 3042 5826 κ--..ι.
3107 5814 3158 5826 ἀ.
