4124 6206
445 259 592 354 ιθιί
1412 283 1502 341 ne
1542 279 1700 341 FIDE
1737 279 1826 336 ET
1863 275 2027 336 SYME

2133 271 2196 335 0,
2237 271 2292 327 S.
2336 271 2701 330 AUGUSTINI

444 409 696 480 subjectus
721 405 812 461 erit
833 404 878 458 ei
899 404 981 474 qui
1003 400 1076 456 illi
1102 403 1311 474 subjecit
1325 400 1559 471 omnia(l
1589 399 1706 453 Cor.
1734 411 1829 465 xv,
1858 394 1931 451 28
1957 393 1974 461 )
2007 409 2021 457 ;

446 512 532 569 et,
571 501 711 556 Vada
751 500 816 553 ad
841 498 1044 551 Patrem
1072 513 1236 550 meum
1263 505 1311 549 et
1338 494 1544 550 Patrem
1583 499 1830 558 uestrum,
1866 487 2029 541 Deum

448 611 612 649 meum
637 603 684 647 et
725 592 887 646 Deum
925 600 1139 653 vestrum
1173 587 1359 660 (Joan.
1385 604 1452 642 xx
1475 628 1489 652 ,
1523 587 1622 657 17)
1650 601 1666 651 ;
1695 593 1750 640 et
1776 579 2029 638 nonnulla

447 685 748 756 huiusmodi
783 703 795 738 :
829 698 945 752 qua:
971 683 1144 735 omnia
1176 681 1347 750 posita
1385 686 1546 744 sunt,
1590 691 1698 731 non
1734 681 1792 729 ut
1829 680 2029 728 natura:

446 785 604 847 atque
633 775 939 829 substantia:
969 771 1380 842 inmqualitatem
1411 769 1745 840 significent,
1794 781 1862 820 ne
1899 763 2029 819 falsa

447 867 554 922 sint
577 865 664 920 illa
690 905 704 930 ,
733 863 846 935 Ego
872 873 917 918 et
948 861 1106 916 Pater
1133 877 1287 914 unum
1311 876 1483 915 sumus
1505 860 1522 931 (
1545 857 1630 914 Id.
1654 875 1707 924 ι,
1751 856 1855 926 '50)
1885 873 1899 922 ;
1941 865 2028 924 et,

450 957 552 1023 Qui
577 972 656 1010 me
674 957 817 1020 vidit,
843 955 963 1008 vidit
983 964 1027 1008 et
1058 951 1265 1006 Patrem
1297 969 1463 1006 meum
1492 949 1609 1021 (Id.
1638 965 1730 1005 ιιν
1750 990 1764 1013 ,
1793 947 1866 1022 9)
1891 965 1906 1013 ;
1939 958 1990 1003 et
2013 989 2026 1012 ,

449 1048 586 1103 Deus
614 1058 720 1102 erat
766 1047 1021 1112 Verbum;
1051 1061 1156 1101 non
1181 1046 1322 1101 enim
1356 1046 1522 1100 lactus
1543 1054 1659 1107 est,
1692 1056 1813 1097 cum
1851 1040 2031 1095 omnia

446 1155 544 1211 per
571 1139 742 1209 ipsum
771 1139 904 1192 facta
934 1138 1039 1192 sint
1068 1137 1194 1209 (Id.
1219 1153 1256 1204 ι,
1288 1137 1340 1202 ι,
1373 1135 1442 1206 5)
1477 1154 1490 1191 :
1517 1143 1571 1190 et
1591 1176 1608 1202 ,
1639 1133 1759 1188 Non
1798 1134 2031 1205 rapinam

448 1231 721 1285 arbitratus
758 1238 831 1284 est
857 1246 962 1284 esse
998 1229 1209 1299 azqualis
1237 1227 1387 1291 Deo;
1427 1235 1481 1282 et
1515 1236 1704 1282 caetera
1733 1226 1855 1280 talia
1890 1243 1904 1281 :
1935 1224 2030 1283 sed

449 1321 536 1376 illa
568 1321 737 1392 posita
755 1330 896 1389 sunt,
917 1321 1108 1392 partim
1139 1329 1356 1391 propter
1375 1317 1886 1373 administrationem
1907 1330 2030 1372 sus-

447 1413 588 1482 cepti
625 1413 889 1480 hominis,
945 1429 1048 1485 qua
1093 1413 1322 1476 dicitur,
1381 1405 1719 1482 Semetipsum
1754 1410 2030 1466 exinanivit

449 1501 726 1576 (Philipp,
756 1521 812 1571 ιι,
845 1505 878 1561 6
907 1504 926 1575 )
953 1522 968 1571 ;
997 1519 1102 1559 non
1127 1503 1249 1574 quia
1288 1511 1492 1558 mutata
1514 1513 1596 1558 est
1623 1502 1715 1557 illa
1739 1500 2028 1572 Sapientia,

449 1610 572 1652 cum
599 1597 668 1652 sit
691 1597 910 1653 omnino
936 1595 1380 1653 incommutabilis
1409 1613 1423 1661 ;
1452 1595 1547 1650 sed
1575 1595 1697 1665 quia
1729 1601 1834 1648 tam
1859 1593 2031 1647 humi-

450 1688 571 1745 liter
611 1689 914 1745 hominibus
939 1689 1274 1744 innotescere
1300 1687 1467 1742 voluit
1495 1705 1508 1741 :
1537 1686 1727 1756 partim
1754 1700 1880 1755 ergo
1904 1699 2031 1755 pro»

448 1789 569 1850 pter
592 1781 730 1837 hanc
765 1781 1277 1836 administrationem
1309 1780 1398 1834 illa
1440 1779 1510 1832 ita
1539 1779 1733 1848 scripta
1773 1786 1933 1840 sunt,
1964 1777 2032 1831 de

447 1872 640 1943 quibus
667 1872 902 1928 hieretici
937 1872 1333 1927 calumniantur
1364 1890 1379 1937 ;
1425 1871 1617 1940 partim
1651 1879 1863 1940 propter
1893 1868 1992 1923 hoc
2013 1909 2028 1933 ,

447 1963 570 2032 quia
595 1963 760 2019 Filius
799 1964 941 2019 Patri
968 1963 1128 2019 debet
1159 1961 1300 2034 quod
1339 1971 1453 2028 est,
1503 1961 1606 2016 hoc
1643 1962 1802 2017 etiam
1831 1961 2032 2016 debeas

448 2053 632 2124 utique
668 2055 809 2110 Patri
833 2055 972 2125 quod
1016 2053 1188 2110 eidem
1231 2053 1372 2109 Patri
1402 2053 1621 2124 tequalis
1665 2061 1757 2107 aut
1784 2067 1880 2123 par
1906 2061 2028 2118 est;

448 2143 608 2200 Pater
633 2154 811 2201 autem
837 2145 968 2200 nulli
992 2144 1152 2200 debet
1180 2142 1433 2214 quidquid
1459 2152 1559 2198 est.

517 2235 606 2293 19.
647 2236 724 2292 De
763 2235 963 2306 Spiritu
992 2245 1176 2291 sancto
1210 2243 1386 2291 autem
1417 2234 1650 2290 nondum
1681 2242 1786 2289 tam
1816 2235 2032 2304 copiose

446 2341 512 2383 ac
543 2328 828 2400 diligenter
853 2329 1179 2398 disputatum
1207 2336 1291 2382 est
1319 2343 1346 2380 a
1374 2328 1545 2382 doctis
1583 2335 1637 2382 et
1665 2326 1869 2397 magnis
1899 2326 2032 2380 divi-

447 2435 635 2476 narum
676 2421 1067 2492 Scripturarum
1109 2422 1501 2486 tractatoribus,
1533 2428 1589 2475 ut
1618 2420 1838 2490 intelligi
1879 2419 2030 2476 facile

445 2513 616 2582 possit
643 2521 698 2568 et
720 2513 836 2583 ejus
856 2514 1149 2584 proprium,
1179 2528 1284 2583 quo
1307 2513 1519 2584 proprio
1549 2511 1606 2566 tit
1625 2520 1683 2566 ut
1709 2526 1830 2566 eum
1859 2527 2032 2582 neque

444 2604 638 2662 Filium
681 2623 854 2678 neque
882 2608 1093 2664 Patrem
1133 2607 1309 2664 dicere
1360 2607 1644 2677 possimus,
1691 2607 1786 2662 scd
1823 2615 2028 2661 tantum

442 2695 697 2768 Spiritum
733 2708 1012 2763 sanctum;
1044 2699 1142 2753 nisi
1187 2698 1325 2768 quod
1363 2713 1485 2752 eum
1529 2697 1728 2752 donum
1771 2697 1863 2752 Dei
1911 2711 2032 2752 esse

443 2787 754 2857 praedicant,
797 2797 855 2842 ut
893 2789 1059 2844 Deum
1102 2788 1384 2844 credamus
1411 2803 1516 2842 non
1546 2803 1605 2842 se
1645 2787 1761 2857 ipso
1807 2786 2031 2844 interius

443 2875 643 2932 donum
686 2878 833 2934 dare.
875 2877 1096 2935 Servant
1143 2890 1317 2934 tamen
1359 2889 1417 2933 ut
1461 2893 1564 2934 non
1593 2878 1828 2949 genitum
1857 2877 2026 2947 Spiri-

443 2973 557 3023 tum
597 2977 839 3024 sanctum
883 2978 1131 3039 tanquam
1159 2969 1352 3024 Filium
1391 2968 1460 3024 de
1505 2969 1660 3023 Patre
1702 2968 2026 3038 prazdiccnt;

443 3058 630 3114 unicus
671 3060 812 3114 enim
841 3068 925 3116 est
967 3059 1253 3118 Christus:
1287 3075 1457 3130 neque
1494 3059 1562 3116 de
1601 3060 1736 3114 Filio
1780 3069 2030 3130 tanquam

443 3158 689 3220 nepotem
719 3153 911 3206 summi
941 3152 1112 3208 Patris
1140 3171 1152 3206 :
1187 3167 1285 3208 nec
1311 3161 1486 3207 tamen
1516 3152 1568 3207 id
1595 3152 1736 3223 quod
1766 3161 1868 3220 est,
1901 3153 2029 3207 nulli

441 3242 659 3312 debere,
690 3244 784 3301 sed
815 3245 979 3312 Patri,
1025 3262 1088 3300 ex
1130 3261 1235 3316 quo
1273 3247 1449 3301 omnia
1474 3265 1489 3312 ;
1521 3262 1585 3302 ne
1611 3246 1716 3302 duo
1741 3249 2031 3302 constitua-

443 3346 564 3388 mus
590 3333 849 3405 principia
875 3335 992 3390 sine
1020 3335 1302 3404 principio,
1335 3335 1476 3405 quod
1509 3336 1846 3391 falsissimum
1870 3345 1952 3390 est
1977 3347 2030 3391 et

441 3424 903 3491 absurdissimum,
945 3434 1000 3481 et
1027 3441 1133 3480 non
1166 3426 1442 3482 catholica:
1473 3427 1615 3494 ﬁdei,
1655 3427 1749 3482 sed
1778 3443 2031 3498 quorum-

443 3515 566 3571 dam
597 3516 970 3572 hazreticorum
1012 3519 1180 3574 errori
1208 3519 1506 3588 proprium.
1548 3520 1675 3574 Ausi
1703 3528 1826 3574 sunt
1851 3530 2027 3576 tamen

443 3605 658 3676 quidam
686 3607 851 3675 ipsam
880 3609 1309 3664 communionem
1333 3609 1504 3664 Patris
1526 3617 1579 3664 et
1603 3609 1744 3677 Filii,
1767 3620 1946 3681 atque,
1971 3621 2029 3667 ut

444 3697 517 3753 ita
543 3697 738 3764 dicam,
783 3699 1054 3766 deitatem,
1100 3714 1256 3769 quam
1283 3701 1452 3756 Graeci
1477 3709 1677 3763 ϐιότητα
1717 3703 2025 3772 appellant,

444 3791 697 3862 Spiritum
726 3802 964 3848 sanetum
1003 3793 1223 3849 credere
1253 3811 1267 3847 :
1295 3803 1372 3860 ut,
1416 3794 1665 3862 quoniam
1703 3795 1861 3850 Pater
1891 3787 2029 3851 Deus

444 3895 498 3941 et
524 3886 690 3942 Filius
721 3887 878 3956 Deus,
902 3887 1016 3958 ipsa
1041 3888 1232 3954 deitas,
1261 3904 1361 3959 qua
1389 3887 1488 3944 sibi
1519 3889 1836 3959 copulantur
1861 3901 1914 3946 et
1936 3891 2025 3946 ille

443 3977 709 4054 gignendo
733 3979 925 4036 Filium
951 3990 1005 4036 et
1032 3981 1121 4036 ille
1153 3981 1294 4037 Patri
1315 3981 1653 4048 cohzerendo,
1685 3985 1733 4038 ei
1754 3998 1784 4037 a
1814 3998 1920 4054 quo
1945 3991 2029 4038 est

443 4053 946 4140 genitus‘aequetur.
989 4071 1136 4127 Hanc
1177 4087 1305 4142 ergo
1347 4073 1620 4138 deitatem,
1666 4089 1822 4144 quam
1869 4075 2027 4130 etiam

444 4157 781 4213 dilectionem
827 4160 878 4214 in
923 4175 981 4213 se
1023 4161 1247 4216 invicem
1289 4163 1561 4218 amborum
1608 4165 2028 4237 cbaritatemque

444 4249 627 4303 volunt
656 4250 895 4319 intelligi,
926 4250 1179 4318 Spiritum
1211 4261 1450 4306 sanctum
1477 4255 1796 4323 appellatum
1823 4257 2022 4324 dicunt,

447 4338 729 4407 multisque
751 4337 1142 4406 Scripturarum
1180 4339 1514 4396 documentis
1538 4342 1730 4397 adsunt
1760 4343 1882 4401 huic
1907 4349 2025 4416 opi-

445 4429 588 4482 nioni
613 4443 753 4493 sum;
783 4429 896 4484 sive
918 4429 1007 4484 illo
1028 4430 1167 4500 quod
1189 4430 1386 4486 dictum
1409 4441 1510 4498 est,
1539 4433 1788 4499 Quoniam
1809 4436 2026 4492 clmritas

445 4516 542 4572 Dei
567 4518 754 4586 di/fusa
775 4532 846 4575 est
871 4519 923 4572 in
954 4521 1185 4574 cordibus
1212 4524 1394 4575 nostris
1421 4539 1509 4592 per
1530 4523 1778 4591 Spiritum
1797 4537 2026 4582 sanctum

442 4611 528 4680 qui
551 4611 698 4665 datus
733 4621 804 4665 est
843 4611 985 4666 nobis
1011 4610 1182 4681 (Rom.
1218 4629 1267 4675 v,
1297 4612 1388 4681 5);
1418 4613 1528 4667 sive
1554 4613 1671 4669 aliis
1701 4617 1880 4671 multis
1909 4617 2026 4671 tali-

442 4704 540 4759 bus
565 4703 881 4760 testimoniis
903 4722 916 4770 ;
939 4713 992 4760 et
1012 4719 1076 4760 eo
1099 4705 1213 4773 ipso
1233 4706 1372 4774 quod
1402 4720 1495 4774 per
1514 4707 1765 4776 Spiritum
1783 4719 2024 4765 sanctum

443 4793 850 4849 reconciliamur
876 4796 1006 4862 Deo,
1039 4794 1180 4850 unde
1204 4796 1362 4850 etiam
1393 4811 1513 4850 cum
1543 4797 1739 4853 donum
1771 4801 1862 4855 Dei
1890 4800 2023 4854 dici-

443 4894 543 4950 tur,
591 4889 719 4942 satis
750 4887 1032 4958 signiﬁcari
1076 4888 1258 4942 volunt
1281 4887 1592 4944 charitatcm
1625 4889 1722 4946 Dei
1752 4907 1872 4948 esse
1901 4893 2024 4962 Spi-

443 4976 601 5030 ritum
626 4987 888 5034 sanctmn.
925 4978 1040 5034 Non
1070 4980 1210 5035 enim
1246 4980 1648 5035 reconciliamur
1677 4982 1773 5048 illi,
1803 4984 1904 5039 nisi
1931 5001 2025 5055 per

441 5064 800 5132 dilectionem,
835 5084 935 5138 qua
967 5070 1126 5124 etiam
1156 5069 1248 5126 lilii
1280 5071 1294 5101 ⁸
1322 5070 1649 5140 appellamur
1689 5071 1734 5142 (l
1757 5071 1913 5128 Joan.
1944 5091 2020 5144 ιιι,

442 5156 498 5228 1)
529 5173 543 5210 :
576 5171 681 5212 non
700 5157 808 5226 jam
830 5159 930 5214 sub
957 5162 1145 5215 timore
1171 5171 1418 5232 tanquam
1447 5163 1604 5225 servi,
1632 5164 1750 5232 quia
1773 5180 2022 5221 consum-

441 5257 583 5304 mata
613 5248 826 5305 dilectio
872 5249 1015 5306 foras
1057 5254 1218 5309 mittit
1262 5255 1500 5310 timorem
1552 5254 1659 5328 (Id.
1693 5273 1762 5324 IV,
1809 5258 1938 5329 18);
1972 5268 2025 5315 et

441 5342 694 5414 Spiritum
725 5343 983 5401 libertatis
1012 5349 1331 5416 accepimus,
1360 5350 1411 5401 in
1440 5365 1538 5412 quo
1563 5350 1860 5418 clamamus,
1885 5353 2024 5406 Abba

443 5439 799 5509 Pater(Rom.
832 5453 946 5505 vnt,
982 5437 1092 5505 15).
1135 5437 1202 5491 Ει
1230 5441 1347 5507 quia
1377 5443 1698 5497 reconciliati
1730 5454 1783 5499 et
1811 5446 1860 5498 in
1893 5447 2024 5500 ami-

444 5527 621 5581 citiam
652 5528 883 5584 revocati
923 5543 1020 5598 per
1046 5527 1359 5583 charitatem
1389 5530 1496 5598 (Id.
1527 5549 1581 5596 ν,
1615 5534 1771 5604 8-10)
1819 5537 2021 5604 poteri-

446 5633 564 5676 mus
609 5621 784 5674 omnia
834 5621 928 5676 Dei
976 5629 1180 5678 secreta
1226 5636 1547 5693 cognoscere
1572 5664 1585 5690 ,
1631 5637 1907 5698 propterea
1954 5629 2019 5686 de

510 5729 526 5760 ³
556 5730 609 5778 tn
630 5726 836 5794 vulgatis
851 5733 1039 5790 additur
1053 5770 1069 5799 ,
1095 5733 1187 5788 Dei
1198 5749 1218 5800 ;
1234 5736 1362 5801 quod
1385 5738 1526 5790 abest
1549 5752 1578 5791 a
1599 5747 1704 5789 Mss.

2137 385 2332 458 Spiritu
2359 399 2540 446 sancto
2567 393 2780 459 dicitur,
2811 393 2935 464 Ipse
2952 409 3037 450 vos
3062 394 3264 452 inducet
3283 397 3336 453 in
3360 414 3554 456 omnem
3579 405 3715 459 ueri-

2135 489 2283 535 tatem
2305 481 2482 553 (Joan.
2515 501 2626 550 XVI,
2657 485 2768 557 15).
2811 486 3095 557 Propterea
3114 499 3164 545 et
3180 493 3496 548 conﬁdentia
3520 495 3716 564 praedi-

2134 575 2317 632 canda:
2339 577 2593 644 veritatis,
2613 594 2714 650 qua
2733 579 2932 650 impleti
2951 591 3075 636 sunt
3101 583 3152 637 in
3179 585 3406 640 adventu
3435 588 3550 656 ejus
3571 589 3718 659 Apo-

2134 669 2256 724 stoli
2305 669 2436 739 (Act.
2479 685 2537 735 ιι,
2586 670 2663 739 4),
2712 683 2859 727 recte
2901 673 3146 729 charitati
3186 676 3468 742 tribuitur;
3501 677 3623 748 quia
3666 688 3723 736 et

2135 761 2426 818 difﬁdentia
2455 763 2629 818 timori
2651 764 2827 832 datur,
2853 782 3007 836 quem
3030 771 3418 823 consummatio
3439 771 3718 826 charitatis

2136 853 2386 909 excludit.
2427 852 2550 909 Ideo
2577 857 2736 910 etiam
2767 857 2962 912 donum
3010 860 3105 915 Dei
3150 860 3342 915 dicitur
3374 859 3587 932 (Ephes.
3624 879 3716 930 ιιι,
3765 895 3768 898 ~

2137 945 2213 1014 7),
2243 946 2363 1015 quia
2393 961 2458 1001 eo
2486 947 2628 1017 quod
2654 951 2877 1020 quisque
2907 953 3051 1006 novit
3080 969 3186 1008 non
3219 954 3425 1020 fruitur,
3462 957 3560 1009 nisi
3589 965 3641 1010 et
3665 958 3718 1011 id

2137 1033 2338 1106 diligat.
2371 1035 2492 1092 Frui
2512 1047 2687 1110 autem
2711 1041 2969 1110 sapientia
3001 1042 3113 1110 Dei,
3137 1042 3267 1098 nihil
3295 1055 3375 1099 est
3402 1045 3540 1099 aliud
3563 1062 3720 1116 quam

2136 1127 2186 1182 ei
2206 1127 2490 1183 dilectione
2500 1128 2772 1186 cohazrerc
2793 1150 2805 1185 :
2826 1148 2997 1203 neque
3009 1136 3285 1204 quisquam
3303 1135 3353 1189 in
3374 1151 3437 1189 eo
3454 1137 3594 1206 quod
3609 1153 3726 1207 per-

2137 1217 2265 1287 cipit
2289 1228 2583 1288 permanet,
2619 1221 2718 1276 nisi
2744 1221 3063 1290 dilectione;
3112 1234 3167 1281 et
3199 1225 3318 1281 ideo
3344 1227 3572 1296 Spiritus
3599 1243 3724 1282 sau-

2137 1316 2256 1363 ctus
2300 1309 2512 1377 dicitur,
2557 1315 2806 1381 quoniam
2847 1315 2911 1370 ad
2956 1319 3374 1386 permanendum
3415 1323 3726 1377 sanciuntur

2137 1417 2483 1474 quaecumque
2508 1405 2820 1462 sanciuntur
2839 1409 2881 1475 ³,
2909 1425 3005 1465 nec
3029 1410 3247 1466 dubium
3277 1421 3358 1468 est
3377 1430 3408 1468 a
3435 1414 3724 1470 sanciendo

2137 1497 2466 1552 sanctitatem
2522 1501 2720 1554 vocari.
2769 1502 2992 1558 Maxime
3039 1514 3216 1560 autem
3266 1507 3358 1562 illo
3414 1509 3725 1565 testimonio

2138 1595 2356 1642 utuntur
2396 1599 2691 1648 assertores
2734 1591 2890 1662 hujus
2931 1597 3229 1665 sementim,
3275 1599 3417 1668 quod
3463 1602 3722 1671 scriptum

2137 1688 2238 1747 cst,
2275 1679 2422 1747 Quod
2449 1691 2620 1737 natum
2658 1693 2732 1738 est
2757 1687 2819 1740 de
2843 1703 3014 1754 carne,
3039 1705 3155 1742 caro
3176 1699 3290 1754 est;
3316 1701 3361 1745 et
3385 1694 3522 1762 quod
3546 1704 3723 1748 natum

2136 1781 2208 1827 est
2232 1772 2294 1826 de
2317 1773 2534 1844 Spiritu,
2563 1777 2773 1846 spiritus
2793 1789 2865 1833 est
2887 1761 3169 1850 (Joanfttt,
3197 1783 3252 1854 6)
3284 1802 3296 1836 :
3325 1785 3560 1852 quoniam
3581 1785 3722 1842 Deus

2139 1861 2364 1931 Spiritus
2411 1875 2482 1919 est
2523 1866 2634 1934 (Id.
2676 1884 2750 1936 tv,
2782 1869 2898 1939 24).
2944 1871 3038 1925 llic
3076 1873 3218 1927 enim
3258 1878 3720 1945 regenerationem

2137 1965 2369 2011 nostram
2412 1957 2542 2012 dicit
2567 1961 2608 2026 ⁸,
2640 1976 2759 2031 quae
2798 1977 2901 2017 non
2932 1964 3221 2019 secundum
3263 1966 3429 2021 Adam
3467 1968 3534 2022 de
3558 1983 3723 2025 carne

2136 2053 2236 2110 est,
2267 2045 2357 2100 sed
2383 2048 2676 2103 secundum
2714 2049 2985 2106 Christum
3014 2052 3080 2107 de
3109 2053 3304 2123 Spiritu
3328 2065 3532 2110 sancto.
3579 2058 3722 2124 Qua-

2135 2145 2353 2206 propter
2377 2137 2422 2192 si
2453 2138 2680 2209 Spiritus
2714 2143 2882 2197 sancti
2912 2142 3012 2197 hoc
3042 2143 3159 2199 loco
3200 2145 3334 2199 facta
3365 2156 3447 2200 est
3487 2162 3726 2204 comme»

2136 2231 2384 2295 moratio,
2412 2247 2533 2285 cum
2561 2231 2759 2287 dictum
2789 2245 2887 2300 est,
2924 2235 3173 2302 Quoniam
3197 2236 3334 2291 Deus
3364 2238 3586 2308 Spiritus
3606 2251 3677 2296 est
3699 2259 3721 2297 :

2134 2319 2659 2377 animadvertendum
2686 2324 2889 2393 dlcunt,
2916 2341 3021 2381 non
3048 2327 3248 2383 dictum
3285 2343 3426 2394 esse,
3456 2331 3722 2398 Quoniam

2134 2410 2362 2480 Spiritus
2393 2413 2531 2468 Deus
2561 2424 2642 2470 est
2667 2415 2720 2481 ³;
2753 2416 2867 2480 sed,
2904 2418 3155 2482 Quoniam
3185 2420 3321 2476 Deus
3358 2421 3581 2492 Spiritus
3607 2435 3722 2490 est;

2133 2512 2193 2556 ut
2224 2505 2334 2574 ipsa
2365 2505 2535 2559 deitas
2565 2507 2735 2562 Patris
2762 2517 2813 2563 et
2843 2509 2962 2563 Filii
2993 2509 3094 2565 hoc
3126 2512 3244 2567 loco
3273 2512 3412 2566 dicta
3454 2515 3527 2568 sit
3557 2515 3720 2585 Deus,

2133 2592 2274 2663 quod
2299 2603 2382 2649 est
2409 2595 2636 2664 Spiritus
2664 2608 2898 2653 sanctus.
2943 2600 3056 2654 lluc
3082 2602 3287 2656 accedit
3311 2604 3454 2658 aliud
3486 2606 3723 2661 testimoo

2133 2687 2278 2741 nium
2317 2687 2459 2756 quod
2501 2689 2628 2744 dicit
2663 2690 2896 2747 Joannes
2939 2695 3229 2762 apOstolus,
3278 2695 3529 2762 Quoniam
3575 2698 3716 2754 Deus

2133 2777 2333 2830 dilectio
2355 2789 2426 2832 est
2455 2778 2497 2850 (l
2519 2778 2676 2834 Joan.
2719 2798 2792 2848 tv,
2829 2783 2940 2852 16).
2989 2783 3157 2838 Etiam
3186 2786 3272 2840 hic
3301 2789 3440 2842 enim
3464 2805 3570 2843 non
3601 2791 3674 2845 ait
3700 2831 3718 2857 ,

2134 2867 2356 2922 Dilectio
2378 2869 2516 2925 Deus
2537 2879 2617 2925 est
2641 2889 2655 2937 ;
2688 2872 2803 2939 sed,
2834 2872 2970 2927 Deus
2997 2875 3196 2929 dilectio
3218 2885 3319 2941 est;
3344 2888 3399 2932 ut
3419 2878 3531 2948 ipsa
3551 2879 3722 2936 deitas

2133 2955 2348 3012 dilectio
2396 2960 2740 3031 intelligatur.
2787 2963 2856 3017 Et
2899 2964 3041 3034 quod
3090 2965 3146 3020 in
3190 2966 3275 3020 illa
3319 2971 3721 3027 enumeratione

2133 3063 2493 3106 connexarum
2539 3053 2639 3109 sibi
2692 3070 2893 3120 rerum,
2943 3056 3030 3110 ubi
3072 3057 3287 3122 dicitur,
3338 3059 3521 3114 Omnia
3559 3071 3724 3116 uestra

2133 3151 2268 3210 sunt,
2291 3159 2376 3198 vos
2412 3154 2579 3198 autem
2619 3143 2826 3214 Christi,
2856 3147 3085 3203 Christus
3105 3160 3272 3204 autem
3295 3149 3392 3204 Dei
3421 3151 3462 3224 (Ι
3489 3153 3604 3207 Cor.
3629 3170 3718 3222 ιιι,

2133 3232 2223 3298 22,
2268 3233 2359 3304 25)
2388 3251 2403 3301 ;
2435 3245 2509 3302 et,
2543 3235 2706 3308 Caput
2735 3239 2958 3294 mulieris
3006 3241 3099 3306 vir,
3142 3253 3292 3312 caput
3331 3244 3425 3296 viri
3452 3243 3715 3311 Christus,

2133 3334 2283 3396 caput
2309 3336 2475 3380 autem
2502 3327 2686 3382 Christi
2710 3328 2866 3394 Deus,
2900 3330 3040 3384 nulla
3069 3330 3127 3385 lit
3151 3335 3586 3390 commemoratio
3607 3335 3720 3406 Spi-

2132 3418 2266 3472 ritus
2296 3421 2496 3484 sancti;
2541 3420 2606 3474 ad
2635 3420 2736 3475 hoc
2762 3423 3028 3491 pertinere
3071 3423 3274 3491 dicunt,
3303 3425 3427 3494 quia
3470 3442 3576 3480 non
3605 3426 3719 3484 fere

2133 3506 2186 3560 in
2215 3507 2279 3561 iis
2308 3524 2425 3577 qurc
2453 3509 2552 3562 sibi
2580 3524 2819 3565 connexa
2843 3521 2968 3567 sunt
2996 3515 3264 3569 numerari
3296 3516 3431 3570 solet
3457 3517 3566 3586 ipsa
3588 3533 3720 3574 con-

2132 3597 2308 3651 nexio.
2347 3597 2495 3653 Unde
2537 3599 2589 3653 in
2622 3600 2711 3655 illo
2739 3601 2900 3656 etiam
2944 3603 3064 3659 loco
3089 3604 3400 3662 Trinitatem
3441 3608 3613 3676 ipsam
3641 3609 3720 3664 vi-

2133 3687 2325 3744 dentur
2351 3705 2638 3760 agnoscere
2663 3694 2753 3763 qui
2783 3695 2964 3764 legunt
3005 3698 3279 3764 attentius,
3328 3714 3450 3754 cum
3482 3701 3678 3758 dicitur
3698 3745 3716 3771 ,

2134 3782 2384 3847 Quoniam
2427 3801 2490 3838 ea:
2512 3785 2640 3855 ipso,
2676 3797 2720 3840 et
2757 3805 2844 3859 per
2864 3790 3050 3859 ipsum,
3079 3801 3124 3844 et
3153 3791 3206 3845 in
3245 3792 3355 3861 ipso
3388 3803 3508 3847 sunt
3549 3795 3723 3849 omnia

2133 3873 2306 3948 (Rom.
2331 3892 2406 3938 xl.
2437 3877 2547 3948 56).
2599 3877 2681 3934 Ea:
2722 3880 2853 3950 ipso,
2887 3891 3135 3952 tanquam
3165 3900 3230 3938 ex
3255 3900 3320 3940 eo
3347 3885 3435 3954 qui
3463 3885 3592 3940 nulli
3620 3885 3720 3942 de-

2134 3965 2222 4020 bet
2247 3967 2387 4036 quod
2429 3980 2544 4035 est;
2578 3987 2667 4041 per
2706 3972 2894 4042 ipsum,
2927 3981 3174 4044 tanquam
3207 3991 3302 4045 per
3327 3976 3718 4044 mediatorem;

2130 4058 2182 4112 in
2206 4059 2335 4129 ipso,
2387 4071 2633 4130 tanquam
2666 4063 2718 4120 in
2759 4081 2826 4121 eo
2856 4067 2944 4136 qui
2987 4069 3242 4137 continet,
3276 4069 3330 4125 id
3357 4081 3461 4139 cst,
3493 4073 3716 4144 ecpula-

2133 4147 2277 4204 tione
2303 4152 2594 4222 conjungit.

2199 4239 2289 4294 20.
2324 4241 2457 4296 Huic
2496 4247 2772 4300 sententia)
2816 4248 3203 4318 contradicunt,
3256 4254 3348 4321 qui
3393 4255 3722 4310 arbitrantur

2130 4333 2284 4387 istam
2330 4337 2782 4406 communionem,
2812 4356 2970 4410 quam
3018 4343 3136 4396 sive
3164 4343 3415 4399 deitatem
3443 4347 3554 4401 sive
3580 4346 3718 4401 dile-

2130 4424 2357 4479 ctionem
2403 4427 2515 4481 sive
2542 4426 2853 4484 charitatem
2894 4432 3240 4502 appellamus,
3289 4449 3394 4488 non
3431 4450 3549 4490 esse
3592 4436 3720 4492 sub-

2130 4513 2377 4569 stantiam
2414 4533 2426 4568 :
2459 4526 2702 4586 quaerunt
2728 4527 2903 4574 autem
2931 4522 3220 4576 secundum
3249 4523 3593 4579 substantiam
3616 4527 3720 4582 sibi

2131 4608 2320 4676 exponi
2347 4607 2601 4678 Spiritum
2631 4620 2894 4678 sanctum,
2944 4629 3045 4669 nec
3074 4614 3372 4686 intelligunt
3415 4633 3520 4671 non
3564 4618 3722 4674 aliter

2130 4698 2366 4767 potuisse
2406 4697 2530 4766 dici,
2581 4699 2719 4754 Deus
2767 4701 2967 4756 dilectio
3019 4713 3110 4772 est,
3161 4706 3261 4759 nisi
3312 4717 3455 4763 esset
3503 4708 3722 4765 dilectio

2130 4787 2441 4844 substantia.
2499 4790 2773 4847 Ducuntur
2831 4795 3027 4865 quippe
3090 4798 3474 4856 consuetudine
3534 4815 3718 4856 rerum

2129 4882 2521 4952 corporalium;
2562 4885 2812 4954 quoniam
2848 4887 2893 4941 si
2928 4886 3033 4942 duo
3063 4888 3164 4943 sibi
3209 4904 3432 4961 corpora
3459 4893 3719 4962 copulen-

2131 4980 2237 5039 tur,
2267 4974 2337 5027 ita
2378 4983 2434 5028 ut
2471 4975 2620 5044 juxta
2651 4975 2879 5034 invicem
2908 4980 3260 5050 collocentur,
3309 4985 3422 5053 ipsa
3448 4983 3721 5052 copulatio

2130 5078 2235 5117 non
2258 5072 2341 5119 est
2362 5079 2591 5135 corpus;
2619 5069 3069 5140 quandoquidem,
3102 5075 3359 5143 separatis
3390 5072 3491 5126 illis
3517 5088 3715 5143 corpo-

2129 5156 2275 5212 ribus
2304 5173 2421 5228 qua:
2445 5160 2689 5230 copulata
2717 5161 2946 5230 fuerant,
2977 5165 3118 5218 nulla
3148 5163 3417 5217 invenitur
3444 5181 3457 5216 :
3492 5178 3591 5219 nec
3633 5173 3718 5220 ta-

2129 5263 2253 5304 men
2277 5250 2426 5321 quasi
2466 5250 2776 5308 discessisse
2803 5263 2856 5308 et
2893 5254 3151 5323 migrasse
3196 5253 3529 5322 intelligitur,
3578 5255 3722 5310 sicut

2129 5341 2216 5395 illa
2243 5354 2488 5410 corpora.
2529 5341 2632 5398 Sed
2661 5343 2714 5397 hi
2743 5344 2879 5398 tales
2905 5358 2997 5398 cor
3025 5341 3278 5397 mundum
3305 5341 3517 5411 faciant,
3549 5359 3714 5416 quan-

2195 5498 2209 5528 ι
2247 5495 2364 5546 Editi
2383 5533 2397 5556 ,
2422 5497 2798 5560 smtctiﬁcantur.
2820 5503 2872 5546 At
2890 5504 3000 5560 Mss.
3021 5504 3302 5560 constanter
3318 5534 3332 5558 ,
3352 5499 3652 5550 sanciantur.

2192 5561 2212 5590 '
2245 5566 2312 5610 tta
2344 5566 2448 5608 Mss.
2483 5558 2598 5608 Editi
2619 5572 2737 5608 vero
2761 5572 2773 5606 :
2795 5569 2892 5608 Hoc
2924 5559 3130 5608 enim...
3157 5558 3341 5610 dicunt.

2193 5620 2361 5690 ’AEditi
2387 5621 2639 5690 etaliquot
2662 5626 2787 5690 atas"
2822 5619 3142 5690 Spiritus
3289 5622 3535 5686 lidemque
3573 5620 3721 5690 paqu

2127 5687 2268 5752 post,
2286 5695 2380 5752 non
2409 5682 2508 5741 ait,
2539 5679 2860 5752 'D_ilectioDei
2884 5688 2969 5733 est.
3006 5681 3095 5734 Alii
3116 5684 3313 5736 codices
3326 5679 3538 5750 utrodue
3575 5679 3715 5750 loco,

2129 5742 2258 5796 Deus
2278 5749 2349 5795 est
2374 5757 2392 5794 :
2415 5756 2508 5794 nec
2528 5743 2686 5791 minus
2708 5742 2854 5794 bene.
3455 5742 3474 5750 ”
3693 5742 3730 5758 ’⁷
