4124 6206
338 277 426 338 ηδ
1739 258 1945 317 LIBER
1982 258 2186 317 UNUS.

340 405 430 451 tum
453 398 702 464 possunt,
728 397 787 446 ut
814 387 997 444 videre
1025 387 1235 442 valeant
1261 385 1317 441 in
1343 384 1440 440 Dei
1469 380 1763 438 substantia
1793 395 1901 435 non

337 503 435 544 esse
459 485 660 556 aliquid
686 483 814 550 tale,
846 481 997 552 quasi
1022 478 1164 534 aliud
1194 478 1264 535 ibi
1292 477 1362 534 sit
1406 475 1722 541 substantia,
1762 473 1904 527 aliud

336 579 457 650 quod
498 576 706 633 accidat
741 573 1075 637 substantiae,
1121 580 1175 626 et
1217 585 1322 625 non
1351 570 1421 624 sit
1443 567 1778 632 substantia;
1809 565 1906 621 sed

336 669 569 741 quidquid
616 667 688 722 ibi
728 665 948 734 intelligi
994 671 1189 734 potest,
1221 661 1515 717 substantia
1558 668 1660 715 est.
1703 657 1902 713 Verum

315 761 434 838 (haec
457 758 560 813 dici
602 763 826 827 possunt
872 754 1045 820 facile,
1091 761 1146 808 et
1182 750 1328 807 credi
1358 767 1370 804 :
1398 749 1566 805 videri
1595 756 1773 803 autem
1802 746 1905 802 nisi

311 845 477 906 ’τοι-(ιε
498 865 631 920 puro
652 845 917 918 quomodo
938 859 995 899 se
1011 843 1262 910 habeant,
1288 842 1508 897 omnino
1534 855 1641 896 non
1663 845 1902 910 possunt.

335 947 651 1012 Quapropter
696 940 807 994 sive
847 939 945 992 ista
991 951 1115 991 vera
1159 935 1228 990 sit
1274 934 1559 1001 sententia,
1607 933 1718 988 sive
1762 930 1905 986 aliud

336 1033 510 1104 aliquid
539 1033 628 1096 sit,
661 1031 790 1086 fides
811 1031 1123 1084 inconcussa
1150 1027 1378 1083 tenenda
1405 1035 1505 1092 est,
1535 1033 1594 1080 ut
1622 1025 1786 1080 Deum
1819 1023 1906 1078 di-

335 1141 500 1182 camus
541 1125 777 1189 Patrem,
820 1123 983 1176 Deum
1013 1120 1227 1185 Filium,
1272 1120 1440 1174 Deum
1484 1117 1737 1187 Spiritum
1783 1132 1907 1171 san-

336 1225 501 1280 ctum;
530 1229 702 1297 neque
746 1222 853 1267 tres
881 1211 1037 1279 deos,
1069 1211 1163 1265 sed
1203 1211 1355 1264 istam
1383 1209 1694 1263 Trinitatem
1742 1224 1903 1261 unum

337 1308 528 1371 Deum;
557 1320 728 1374 neque
757 1304 996 1358 diversos
1023 1312 1231 1368 natura,
1269 1300 1363 1356 sed
1390 1300 1627 1371 ejusdem
1658 1299 1906 1355 substan-

335 1399 446 1462 tire;
494 1412 664 1466 neque
703 1404 760 1449 ut
801 1395 957 1449 Pater
981 1391 1263 1462 aliquando
1292 1392 1361 1446 sit
1388 1390 1572 1457 Filius,
1622 1389 1904 1460 aliquando

335 1492 394 1546 sit
410 1491 634 1560 Spiritus
656 1497 872 1544 sanctus
897 1504 912 1553 ;
935 1487 1030 1541 sed
1058 1485 1214 1540 Pater
1238 1499 1451 1554 semper
1474 1483 1654 1550 Pater,
1673 1491 1727 1538 et
1743 1483 1906 1537 Filius

334 1598 535 1653 semper
573 1582 755 1649 Filius,
803 1589 858 1636 et
901 1579 1130 1649 Spiritus
1171 1585 1386 1632 sanctus
1431 1590 1641 1644 semper
1677 1574 1906 1644 Spiritus

333 1685 556 1730 sanctus.
598 1673 705 1728 Nec
728 1681 933 1727 temere
962 1669 1028 1726 de
1066 1667 1416 1723 invisibilibus
1445 1666 1643 1737 aliquid
1669 1665 1906 1720 affirme-

334 1783 443 1823 mus
469 1778 717 1836 tanquam
745 1765 993 1828 scientes,
1026 1760 1120 1816 sed
1150 1769 1401 1830 tanquam
1429 1758 1746 1824 credentes;
1776 1772 1909 1828 quo-

334 1860 462 1914 niam
490 1857 656 1912 videri
694 1857 792 1910 nisi
821 1854 1074 1909 mundato
1099 1852 1262 1908 corde
1291 1866 1400 1906 non
1430 1859 1657 1920 possunt
1687 1867 1699 1902 :
1738 1858 1792 1904 et
1816 1849 1906 1918 qui

332 1966 386 2006 ea
411 1951 549 2005 videt
576 1949 628 2003 in
659 1949 758 2003 hac
781 1949 887 2002 vita
917 1961 980 2002 ex
1012 1955 1182 2016 parte,
1214 1953 1268 1999 ut
1298 1944 1496 1999 dictum
1519 1951 1621 2009 est,
1653 1951 1811 2012 atque
1852 1942 1906 1996 in

333 2041 600 2111 amigmate
630 2039 675 2109 (l
702 2038 819 2093 Cor.
858 2054 975 2104 mn,
1018 2036 1132 2107 12),
1167 2051 1272 2090 non
1310 2043 1488 2105 potest
1520 2033 1734 2089 efﬁcere
1772 2042 1830 2087 ut
1854 2040 1909 2087 et

332 2132 415 2187 ille
448 2131 628 2186 videat
654 2131 738 2185 cui
765 2130 1019 2200 loquitur,
1051 2127 1098 2184 si
1124 2126 1300 2182 cordis
1325 2125 1571 2182 sordibus
1598 2124 1904 2194 impeditur.

330 2222 465 2278 Beati
492 2232 670 2277 autem
696 2221 884 2275 mundo
902 2220 1070 2286 corde,
1097 2219 1337 2290 quoniam
1360 2218 1461 2288 ipsi
1489 2217 1649 2270 Deum
1675 2215 1908 2270 videbunt

331 2317 531 2389 (Matth.
561 2333 617 2384 v,
658 2316 739 2386 8).
782 2315 905 2370 Haec
931 2314 1062 2369 fides
1086 2323 1170 2370 est
1207 2313 1275 2368 de
1299 2313 1414 2368 Deo
1439 2311 1715 2368 conditore
1741 2322 1796 2367 et
1823 2326 1908 2366 re-

329 2422 574 2468 novatore
597 2421 802 2466 HOSII'O.

392 2504 477 2559 21.
519 2503 625 2559 Sed
652 2502 899 2574 quoniam
926 2499 1138 2555 dilectio
1164 2513 1270 2554 non
1298 2506 1505 2553 tantum
1533 2499 1586 2552 in
1615 2497 1783 2553 Deum
1810 2512 1907 2552 no-

326 2593 404 2651 bis
441 2594 697 2664 imperata
726 2603 828 2660 est,
871 2607 991 2647 cum
1019 2590 1219 2646 dictum
1264 2597 1367 2654 est,
1399 2588 1594 2660 Diliges
1631 2588 1910 2643 Dominum

327 2684 486 2739 Deum
510 2695 651 2738 tuum
687 2701 750 2738 ea:
787 2693 889 2738 toto
914 2682 1066 2736 corde
1093 2691 1199 2749 tuo,
1226 2690 1273 2735 et
1296 2692 1363 2736 ex
1389 2689 1493 2735 tota
1517 2681 1694 2734 anima
1720 2691 1826 2748 tua,
1861 2691 1910 2735 et

327 2791 387 2830 ea:
414 2785 515 2829 tota
558 2784 719 2829 mente
763 2784 892 2838 tua;
937 2773 1032 2828 sed
1076 2773 1235 2828 etiam
1280 2772 1336 2827 in
1376 2772 1711 2842 proximum;
1742 2788 1908 2839 nam,

326 2863 534 2936 Diliges,
559 2864 748 2936 inquit,
768 2865 1053 2934 proximum
1072 2873 1215 2917 tuum
1240 2873 1480 2931 tanquam
1501 2873 1547 2916 te
1568 2864 1735 2933 ipsum
1757 2861 1906 2934 (Luc.

325 2972 380 3024 κ,
406 2955 498 3028 27)
531 2975 545 3011 :
577 2957 621 3010 si
647 2965 827 3011 autem
871 2956 971 3010 ista
1011 2954 1143 3010 ﬁdes
1188 2957 1656 3028 congregationem
1681 2956 1910 3012 sociata-

325 3056 533 3120 temque
562 3049 838 3104 hominum
869 3063 975 3104 non
995 3056 1192 3116 teneat,
1214 3049 1266 3103 in
1293 3066 1396 3120 qua
1423 3049 1657 3106 fraterna
1676 3049 1909 3106 Charitas

326 3153 593 3214 operetur,
623 3143 798 3197 minus
828 3141 1094 3196 fructuosa
1134 3149 1237 3196 est.

392 3232 615 3290 CAPUT
655 3231 725 3287 Χ.
763 3262 836 3272 -
874 3231 1102 3286 Ecclesia
1140 3231 1410 3286 catholica.
1455 3231 1704 3287 Remissio
1735 3249 1913 3303 pecca-

325 3329 504 3379 torum.
536 3321 717 3377 Totius
748 3323 963 3376 hominis
1003 3322 1055 3374 in
1099 3321 1280 3377 melius
1317 3323 1640 3376 commutatio
1685 3339 1912 3378 resurre-

323 3415 484 3470 ctione
523 3415 853 3486 per/icienda.
914 3412 1092 3468 Carnis
1145 3415 1460 3468 resurrectio.
1513 3412 1913 3470 Resurrectionis

324 3511 508 3578 futura
569 3506 754 3560 veritas
825 3507 1176 3576 conﬁrmatur.
1234 3507 1516 3562 Credimus
1571 3515 1627 3562 et
1674 3517 1912 3566 sanctam

321 3597 612 3653 Ecclesiam
645 3599 688 3664 ¹,
721 3597 903 3666 utique
946 3596 1280 3652 catholicam.
1319 3596 1452 3652 Nam
1499 3607 1553 3654 et
1597 3597 1833 3655 haeretici
1861 3609 1916 3656 et

321 3687 643 3743 schismatici
673 3688 1112 3758 congregationes
1139 3703 1262 3742 suas
1283 3688 1538 3744 ecclesias
1564 3700 1775 3744 vocant.
1806 3691 1915 3746 Sed

321 3779 558 3836 haeretici
585 3780 655 3836 de
685 3780 795 3835 Deo
820 3779 950 3834 falsa
985 3779 1265 3836 sentiendo
1295 3781 1462 3852 ipsam
1491 3781 1648 3837 ﬁdem
1676 3783 1911 3848 violant;

321 3872 650 3928 schismatici
699 3881 877 3926 autem
922 3871 1324 3927 discissionibus
1369 3872 1564 3942 iniquis
1609 3890 1638 3926 a
1682 3871 1914 3927 fraterna

319 3961 584 4017 charitate
624 3960 908 4028 dissiliunt,
957 3961 1202 4036 quamvis
1231 3976 1293 4016 ea
1333 3961 1552 4016 credant
1593 3951 1711 4033 qua:
1740 3962 1913 4017 credi-

315 4068 469 4110 mus.
500 4052 833 4122 Quapropter
861 4067 958 4107 nec
980 4052 1214 4107 haeretici
1239 4053 1508 4122 pertinent
1533 4052 1598 4105 ad
1621 4051 1915 4108 Ecclesiam

315 4141 670 4209 catholicam,
698 4158 818 4213 quae
843 4141 1011 4213 diligit
1046 4143 1206 4198 Deum
1233 4159 1248 4208 ;
1276 4157 1375 4198 nec
1403 4142 1748 4208 schismatici,
1777 4159 1914 4213 quo-

315 4233 472 4289 niam
495 4231 664 4303 diligit
683 4234 981 4302 proximum
1004 4248 1018 4297 ;
1045 4241 1098 4288 et
1119 4232 1238 4288 ideo
1264 4233 1496 4303 peccatis
1522 4233 1746 4303 proximi
1766 4233 1917 4289 facile

319 4324 581 4396 ignoscit,
624 4325 747 4395 quia
792 4324 890 4380 sibi
938 4333 1184 4395 precatur
1226 4325 1429 4395 ignosci
1467 4325 1652 4380 abillo
1683 4326 1771 4396 qui
1818 4341 1918 4382 nos

318 4415 695 4472 reconciliavit
737 4415 858 4485 sibi,
901 4415 1086 4471 delens
1129 4416 1304 4470 omnia
1337 4405 1624 4486 praeterita,
1664 4426 1718 4473 et
1744 4419 1811 4473 ad
1842 4421 1918 4475 vi-

319 4514 435 4562 tam
476 4521 672 4561 novam
720 4521 818 4562 nos
859 4521 1055 4562 vocans
1088 4525 1101 4561 :
1131 4522 1287 4577 quam
1337 4507 1496 4562 vitam
1528 4507 1696 4564 donec
1741 4509 1918 4581 perfe-

288 4607 464 4668 ,ωσι
511 4599 807 4670 capiamus,
856 4599 971 4654 sine
1012 4599 1244 4668 peccatis
1276 4614 1394 4656 esse
1438 4615 1544 4657 non
1583 4615 1868 4671 possumus
1902 4621 1914 4657 :

318 4688 556 4746 interest
577 4697 756 4746 tamen
786 4691 960 4761 qualia
986 4691 1112 4746 sint.

391 4780 487 4834 22.
532 4780 646 4835 Nec
685 4781 754 4836 de
781 4790 1120 4851 peccatorum
1151 4780 1448 4838 differentia
1478 4783 1637 4839 modo
1684 4793 1918 4840 tractan-

312 4871 452 4927 dum
483 4880 594 4939 est,
626 4872 719 4928 sed
761 4873 1084 4929 credendum
1122 4875 1360 4942 omnino,
1389 4875 1536 4932 nullo
1577 4875 1738 4932 modo
1767 4876 1921 4932 nobis

313 4964 535 5034 ignosci
582 4979 648 5019 ea
693 4980 810 5036 quae
855 4979 1169 5035 peccamus,
1219 4965 1265 5020 si
1308 4980 1407 5021 nos
1453 4967 1808 5024 inexorabiles
1853 4969 1920 5024 ad

311 5054 656 5126 ignoscenda
683 5065 900 5125 peccata
941 5055 1196 5111 fuerimus
1224 5055 1434 5127 (Matth.
1462 5073 1536 5124 vr,
1583 5058 1694 5129 15).
1741 5058 1922 5130 Itaque

311 5148 600 5201 credimus
623 5156 678 5201 et
703 5147 1076 5202 remissionem
1102 5157 1462 5217 peccatorum.

393 5238 492 5295 23.
537 5239 606 5294 Ει
646 5239 896 5309 quoniam
943 5241 1042 5295 tria
1084 5249 1210 5296 sunt
1250 5239 1441 5312 quibus
1485 5240 1648 5297 homo
1676 5252 1920 5310 constat,

309 5330 574 5400 spiritus,
601 5331 780 5386 anima
804 5339 859 5386 et
881 5346 1076 5402 corpus
1108 5351 1123 5384 :
1153 5347 1273 5402 quae
1311 5347 1498 5388 rursus
1523 5333 1629 5388 duo
1655 5334 1919 5399 dicuntur,

309 5422 454 5491 quia
483 5435 630 5492 saepe
666 5422 843 5476 anima
867 5422 1025 5477 simul
1065 5436 1186 5478 cum
1213 5423 1401 5494 spiritu
1427 5424 1770 5490 nominatur;
1800 5440 1924 5497 pars

384 5575 408 5607 ³
424 5581 552 5642 Tres
571 5581 702 5634 uss,
719 5576 773 5626 in
794 5581 1011 5627 sanctam
1033 5576 1310 5642 1'3ch
1325 5584 1442 5639 etc;
1461 5585 1514 5642 et
1535 5577 1778 5642 aliquanto
1796 5588 1922 5642 post,

306 5633 369 5685 is
399 5633 745 5709 rendam
774 5644 1097 5703 peccatorum.
1131 5641 1206 5691 sic
1247 5633 1398 5692 etiam
1419 5633 1653 5704 inferius,
1690 5639 1743 5692 in
1765 5633 1926 5693 carnis

306 5705 753 5748 resurrectionem.

3488 279 3596 338 l9}

2012 381 2153 474 enim
2180 383 2421 454 quaedam
2449 387 2690 458 ejusdem
2718 391 3014 460 rationalis,
3045 409 3150 466 qua
3170 408 3357 456 carent
3385 401 3592 474 bestiae,

2010 473 2229 543 spiritus
2269 475 2461 533 dicitur
2511 498 2525 534 :
2568 480 2862 553 principale
2903 493 3146 543 nostrum
3192 491 3410 560 spiritus
3460 505 3542 550 est

2009 562 2205 619 deinde
2230 566 2336 621 vita
2361 583 2465 638 qua
2505 571 2877 643 conjungimur
2901 577 3137 646 corpori,
3167 579 3341 636 anima
3367 582 3592 652 dicitur;

2009 662 2281 723 postremo
2309 657 2484 728 ipsum
2505 675 2698 732 corpus
2718 665 2966 732 quoniam
2984 666 3196 725 visibile
3221 681 3326 737 est,
3351 673 3594 732 ultimum

2009 752 2252 800 nostrum
2275 757 2375 802 est.
2399 748 2712 807 Haecautem
2729 754 2904 810 omnis
2931 767 3175 813 creatura
3197 761 3213 791 ί
3233 760 3528 832 ingemiscit
3540 775 3598 823 et

2011 837 2234 904 parturit
2250 853 2416 908 usque
2440 856 2578 896 nunc
2597 843 2896 913 (Rom.vnt,
2916 846 3010 917 22)
3027 866 3039 901 :
3055 849 3200 906 dedit
3224 861 3398 910 tamen
3421 858 3578 925 primi

2013 927 2110 981 tias
2130 929 2366 999 spiritus,
2385 933 2504 1001 quia
2523 934 2746 990 credidit
2770 938 2901 1006 Deo,
2917 950 2969 994 et
2987 941 3139 998 bona:
3160 944 3270 1013 jam
3300 948 3592 1008 voluntatis

2010 1029 2110 1112 est.
2138 1019 2232 1074 llic
2247 1022 2469 1112 spiritus
2488 1025 2652 1080 etiam
2669 1037 2890 1084 vocatur
2909 1047 3081 1098 mens,
3099 1033 3167 1089 de
3181 1051 3286 1105 quo
3311 1037 3597 1112 dicitApo-

2013 1109 2198 1177 stolus,
2231 1110 2402 1165 Mente
2429 1117 2586 1168 servio
2616 1117 2714 1188 legi
2736 1117 2834 1174 Dei
2863 1119 3036 1190 (Rom.
3068 1139 3161 1191 vn,
3192 1126 3309 1196 25).
3336 1128 3436 1198 Qui
3465 1109 3594 1188 item

2011 1203 2114 1256 alio
2143 1204 2259 1258 loco
2285 1205 2431 1273 dicit,
2457 1206 2619 1264 Testis
2646 1221 2720 1265 est
2755 1213 2890 1266 enim
2916 1216 3040 1268 mihi
3065 1216 3221 1282 Dens,
3251 1223 3333 1275 cui
3360 1225 3520 1278 servio
3542 1227 3598 1280 in

2011 1295 2190 1363 spiritu
2219 1313 2325 1350 meo
2348 1296 2456 1367 (1d.
2486 1315 2524 1366 ι,
2558 1298 2634 1373 9).
2677 1303 2867 1358 Anima
2898 1319 3031 1361 vero
3051 1322 3172 1362 cum
3199 1314 3428 1368 carnalia
3452 1315 3590 1372 bona

2010 1384 2183 1475 adhuc
2207 1389 2426 1457 appetit,
2455 1405 2581 1446 caro
2607 1394 2926 1450 nominatur.
2968 1397 3098 1454 Pars
3127 1402 3267 1454 enim
3297 1403 3412 1473 ejus
3444 1421 3595 1475 quae-

2010 1474 2133 1529 dam
2161 1477 2362 1533 resistit
2388 1480 2595 1550 spiritui
2623 1485 2666 1550 ¹,
2693 1498 2799 1539 non
2830 1494 3042 1554 natura,
3085 1489 3180 1544 sed
3209 1474 3595 1552 consuetudine

2011 1577 2370 1637 peccatorum.
2397 1571 2550 1628 Unde
2569 1573 2781 1642 dicitur,
2806 1576 2978 1632 Mente
2993 1581 3152 1635 servio
3181 1581 3280 1654 legi
3302 1583 3419 1653 Dei,
3443 1602 3594 1644 carne

2011 1668 2176 1712 autem
2189 1659 2285 1731 legi
2303 1664 2513 1733 peccati.
2534 1664 2663 1730 Qua:
2678 1668 3008 1723 consuetudo
3024 1670 3076 1724 in
3091 1680 3334 1728 naturam
3348 1691 3500 1731 versa
3512 1687 3597 1735 est

2009 1751 2300 1806 secundum
2318 1758 2713 1825 generationem
2731 1761 3012 1816 mortalem
3027 1773 3246 1832 peccato
3262 1767 3414 1836 primi
3432 1769 3597 1826 homi-

2011 1841 2114 1894 nis.
2147 1842 2374 1914 Ideoque
2400 1846 2655 1916 scriptum
2683 1857 2785 1914 est,
2811 1849 2874 1904 Et
2894 1868 2985 1907 nos
3002 1853 3278 1924 aliquando
3299 1858 3486 1926 fuimus
3505 1878 3598 1915 na-

2010 1933 2240 1986 turaliter
2252 1933 2350 2002 ]ilii
2387 1936 2478 1989 ira:
2507 1937 2528 1969 ³
2550 1937 2763 2009 (Ephes.
2788 1957 2822 1994 ll
2840 1982 2856 2008 ,
2885 1943 2941 2013 5)
2963 1985 2977 2010 ,
2999 1944 3050 1998 id
3087 1955 3171 2002 est
3194 1948 3470 2019 vindictas,
3501 1967 3598 2022 per

2010 2040 2170 2095 quam
2199 2026 2396 2083 factum
2421 2039 2507 2086 est
2533 2041 2588 2086 ut
2610 2034 2904 2090 serviamus
2927 2037 3030 2106 legi
3056 2042 3276 2108 peccati.
3305 2042 3400 2098 Est
3417 2054 3593 2101 autem

2010 2120 2203 2174 animae
2242 2131 2431 2178 natura
2467 2125 2742 2194 perfecta,
2783 2142 2903 2184 cum
2941 2131 3150 2200 spiritui
3187 2147 3286 2190 suo
3313 2136 3594 2204 subditur,

2011 2220 2066 2268 et
2092 2229 2211 2268 cum
2239 2217 2478 2286 sequitur
2504 2229 2812 2289 sequentem
2836 2222 3023 2279 Deum.
3047 2224 3170 2282 Ideo
3189 2229 3425 2284 animalis
3447 2231 3597 2286 homo

2011 2320 2112 2358 non
2148 2307 2361 2378 percipit
2384 2325 2496 2378 qua:
2522 2320 2640 2364 sunt
2670 2310 2895 2383 Spiritus
2919 2312 3017 2368 Dei
3041 2314 3086 2385 (I
3116 2316 3233 2371 Cor.
3263 2335 3324 2386 tt,
3346 2320 3456 2390 M).
3489 2320 3596 2378 Sed

2012 2412 2118 2451 non
2151 2405 2257 2452 tam
2277 2399 2384 2454 cito
2403 2400 2578 2456 anima
2598 2405 2909 2475 subiugatur
2928 2405 3134 2475 spiritui
3156 2407 3224 2462 ad
3245 2407 3438 2464 bonam
3461 2427 3596 2482 ope-

2012 2489 2272 2544 rationem
2293 2529 2308 2555 ,
2351 2505 2510 2561 quam
2539 2493 2644 2547 cito
2669 2494 2885 2564 spiritus
2916 2496 3026 2552 Deo
3054 2497 3122 2552 ad
3151 2513 3329 2555 veram
3357 2500 3517 2558 ﬁdem
3543 2514 3600 2560 et

2012 2580 2206 2636 bonam
2231 2581 2558 2639 voluntatem
2584 2603 2597 2637 :
2621 2585 2715 2640 sed
2743 2586 3029 2656 aliquando
3062 2589 3263 2647 tardius
3283 2591 3397 2661 ejus
3425 2593 3598 2663 impe-

2015 2682 2100 2728 tus
2119 2714 2133 2738 ,
2156 2689 2262 2744 quo
2282 2673 2338 2730 in
2366 2675 2598 2730 carnalia
2629 2687 2684 2732 et
2712 2679 3020 2748 temporalia
3047 2680 3252 2749 defluit,
3277 2684 3596 2739 refrenatur.

2013 2764 2120 2821 Sed
2159 2765 2409 2836 quoniam
2452 2775 2508 2821 et
2539 2767 2653 2837 ipsa
2689 2767 2977 2825 mundatur
2999 2812 3013 2836 ,
3047 2771 3310 2842 recipiens
3338 2775 3600 2833 stabilita-

2008 2863 2121 2930 tem
2163 2865 2366 2912 naturae
2407 2873 2517 2913 sua:
2551 2857 2858 2916 dominante
2888 2861 3075 2931 spiritu
3099 2904 3115 2931 ,
3143 2864 3284 2934 quod
3313 2866 3416 2922 sibi
3441 2878 3602 2940 caput

2012 2955 2097 3002 est
2119 2987 2134 3015 ,
2160 2948 2244 3002 cui
2264 2946 2381 3017 ejus
2403 2948 2563 3018 capiti
2585 2957 2743 3019 caput
2764 2957 2846 3006 est
2866 2950 3109 3008 Christus
3131 2995 3146 3019 ,
3174 2969 3281 3010 non
3305 2966 3389 3012 est
3408 2956 3600 3029 despe-

2013 3039 2237 3096 randum
2285 3040 2446 3096 etiam
2493 3055 2686 3110 corpus
2728 3043 2937 3098 restitui
2967 3053 3170 3100 natura:
3197 3049 3427 3118 propriae
3456 3068 3471 3104 :
3502 3051 3600 3108 sui
3669 3081 3674 3090 ~

2014 3131 2196 3201 utique
2221 3146 2328 3186 non
2355 3141 2464 3186 tam
2492 3133 2599 3188 cito
2628 3148 2786 3203 quam
2811 3133 2988 3189 anima
3012 3177 3027 3203 ,
3059 3136 3196 3192 sicut
3223 3154 3396 3210 neque
3422 3142 3599 3199 anima

2015 3229 2124 3277 tam
2167 3223 2274 3278 cito
2313 3238 2473 3294 quam
2513 3223 2766 3294 spiritus;
2817 3225 2912 3281 sed
2953 3234 3191 3298 tempore
3218 3240 3516 3300 opportuno
3543 3234 3600 3292 in

2017 3317 2306 3372 novissima
2347 3317 2472 3374 tuba
2493 3359 2508 3385 ,
2549 3333 2674 3374 cum
2710 3320 2895 3375 mortui
2922 3330 3183 3393 resurgent
3206 3323 3487 3396 incorrupti
3510 3368 3525 3392 ,
3552 3337 3601 3382 et

2017 3425 2108 3463 nos
2130 3409 2521 3464 immutabimur.
2553 3410 2624 3465 Et
2647 3410 2769 3467 ideo
2787 3411 3056 3469 credimus
3079 3424 3133 3470 et
3152 3416 3332 3471 carnis
3361 3432 3602 3478 resurre-

2017 3501 2248 3556 ctionem
2282 3518 2296 3566 ;
2337 3516 2443 3556 non
2485 3511 2688 3559 tantum
2731 3504 2852 3574 quia
2897 3513 3172 3575 reparatur
3213 3507 3389 3563 anima
3419 3551 3436 3577 ,
3482 3525 3602 3581 quae

2017 3606 2158 3646 nunc
2209 3601 2424 3663 propter
2460 3594 2704 3649 carnales
2741 3594 3050 3652 affectiones
3088 3611 3212 3652 caro
3253 3600 3599 3669 nominatur;

2019 3681 2114 3738 sed
2145 3682 2260 3738 haec
2277 3683 2435 3738 etiam
2458 3684 2679 3740 visibilis
2707 3701 2834 3742 caro
2857 3702 2975 3757 quae
2999 3688 3312 3744 naturaliter
3333 3699 3416 3744 est
3438 3705 3565 3745 caro
3583 3731 3600 3759 ,

2018 3775 2170 3846 cujus
2216 3791 2410 3831 nomen
2457 3778 2632 3831 anima
2661 3793 2767 3833 non
2798 3787 3014 3848 pr0pter
3042 3789 3282 3834 naturam
3307 3821 3323 3846 ,
3354 3781 3448 3835 sed
3476 3796 3601 3852 pro-

2019 3878 2138 3937 pter
2174 3867 2482 3922 affectiones
2517 3869 2758 3922 carnales
2781 3869 2985 3936 accepit
3011 3886 3026 3924 :
3056 3868 3172 3923 haec
3197 3884 3324 3940 ergo
3346 3869 3598 3939 visibilis,

2019 3975 2140 4029 qua:
2181 3960 2396 4029 proprie
2421 3959 2617 4014 dicitur
2643 3974 2770 4014 caro
2789 4000 2805 4026 ,
2838 3960 2954 4015 sine
2979 3959 3313 4017 dubitatione
3337 3961 3602 4019 credenda

2021 4060 2104 4106 est
2147 4065 2444 4122 resurgere.
2496 4050 2716 4106 Videtur
2753 4051 2896 4106 enim
2937 4052 3130 4108 Paulus
3171 4055 3446 4123 apostolus
3485 4070 3602 4112 eam

2022 4151 2272 4214 tanquam
2310 4143 2474 4215 digito
2501 4145 2818 4212 ostendere,
2849 4159 2972 4201 cum
2999 4146 3157 4213 dicit,
3189 4146 3398 4218 Oportet
3423 4164 3604 4204 corru-

2023 4235 2194 4306 ptibile
2235 4236 2329 4290 hoc
2374 4237 2581 4292 induere
2620 4239 3064 4308 incorruptionem.
3102 4237 3234 4294 Cum
3268 4240 3412 4296 enim
3445 4241 3605 4310 dicit,

2023 4327 2147 4393 hoc,
2178 4327 2230 4382 in
2257 4342 2376 4384 eam
2399 4327 2552 4398 quasi
2577 4327 2798 4399 digitum
2826 4330 3069 4386 intendit.
3092 4330 3244 4398 Quod
3269 4339 3448 4387 autem
3480 4333 3608 4387 visi-

2022 4418 2130 4474 bile
2171 4429 2287 4485 est,
2332 4419 2383 4475 id
2428 4430 2604 4490 potest
2645 4420 2813 4489 digito
2853 4421 3060 4476 ostendi
3101 4439 3114 4475 :
3155 4423 3403 4491 quoniam
3430 4432 3612 4493 posset

2024 4510 2186 4564 etiam
2229 4510 2404 4564 anima
2444 4509 2805 4580 corruptibilis
2847 4509 2951 4565 dici
2986 4527 3000 4574 ;
3049 4524 3171 4563 nam
3215 4511 3356 4564 vitiis
3397 4526 3607 4567 morum

2024 4601 2139 4671 ipsa
2164 4603 2540 4669 corrumpitur.
2571 4600 2638 4654 Et
2664 4601 2874 4656 mortale
2901 4601 2995 4655 hoc
3020 4601 3227 4655 induere
3250 4602 3610 4658 immortalita—

2025 4701 2122 4748 tem
2155 4690 2263 4763 (Id.
2292 4707 2380 4756 κν,
2408 4692 2478 4748 52
2509 4701 2556 4746 et
2585 4691 2700 4763 55),
2732 4707 2852 4746 cum
2883 4691 3093 4761 legitur,
3122 4692 3308 4748 eadem
3337 4693 3610 4763 significa~

2026 4792 2112 4839 tur
2137 4783 2360 4839 visibilis
2385 4797 2532 4848 caro,
2561 4785 2683 4854 quia
2710 4782 2761 4838 in
2788 4797 2906 4838 eam
2931 4781 3222 4838 identidem
3253 4784 3396 4838 velut
3415 4784 3608 4854 digitus

2025 4875 2336 4931 intenditur.
2382 4874 2564 4930 Potest
2599 4875 2742 4931 enim
2779 4883 2836 4930 et
2870 4875 3046 4930 anima
3089 4874 3227 4929 sicut
3252 4875 3612 4945 corruptibilis

2027 4978 2245 5040 propter
2287 4983 2496 5024 morum
2540 4967 2665 5022 vitia
2695 5007 2711 5032 ,
2755 4967 2824 5020 ita
2859 4967 3019 5020 etiam
3049 4965 3294 5022 mortalis
3319 4966 3443 5022 dici.
3472 4967 3614 5024 Mors

2027 5061 2222 5132 quippe
2248 5060 2438 5114 animas
2471 5067 2554 5115 est
2597 5065 2898 5127 apostatare
2939 5071 2971 5110 a
3015 5055 3127 5112 Deo
3161 5054 3348 5128 (Eccli.
3379 5075 3448 5126 ι,
3476 5058 3564 5129 14)
3597 5077 3610 5114 :

2027 5153 2169 5225 quod
2199 5153 2428 5223 primum
2459 5152 2576 5222 ejus
2594 5158 2870 5222 peccatum
2893 5149 2950 5206 in
2975 5150 3226 5222 paradiso
3250 5153 3419 5209 sacris
3439 5152 3610 5208 Litte-

2028 5249 2103 5304 ris
2128 5247 2450 5304 continetur.

2098 5341 2190 5398 24.
2234 5340 2494 5410 Resurget
2529 5339 2688 5410 igitur
2724 5351 2922 5409 corpus
2958 5337 3250 5396 secundum
3271 5336 3613 5394 cbristianam

2096 5525 2112 5554 ι
2149 5523 2219 5570 sic
2256 5525 2361 5568 Mss.
2396 5524 2454 5567 At.
2477 5516 2593 5566 editi
2619 5523 2756 5567 :Hoc
2790 5519 2951 5565 autem
2983 5510 3136 5564 armis
3157 5519 3398 5564 creatura.

2093 5568 2342 5658 {quatuor
2360 5580 2521 5651 probra
2544 5583 2669 5658 noue
2687 5583 2815 5637 Mss,
2836 5573 3105 5627 nominatur
3124 5580 3172 5623 et
3193 5571 3372 5626 resistit
3383 5568 3614 5640 spiritui;

2032 5648 2235 5740 omaisso,
2258 5655 2372 5703 pars
2389 5643 2495 5702 ejus
2512 5643 2760 5763 primatem.
2990 5695 3018 5705 η
3056 5697 3068 5707 ,

2155 5707 2340 5769 Aliquot
2359 5709 2488 5765 Mss»,
2536 5714 2690 5754 tamus
2719 5706 2895 5753 natura
2925 5696 3019 5763 ﬁla
3047 5709 3154 5752 ira.
