2062 3103
253 149 305 178 195

222 200 224 204 ⁷
252 183 351 228 iidem,
374 201 433 230 qua:
454 193 545 222 fallere
561 199 614 220 non
629 197 723 228 potest.
739 193 813 226 Quod
830 193 870 219 cui
887 192 989 219 videtur
1002 192 1042 218 in-

252 240 382 271 credibile
391 259 399 274 ,
411 240 496 274 qualis
508 244 578 266 nunc
590 239 623 265 sit
636 245 698 266 caro
710 238 839 270 attendit,
855 238 940 273 qualis
954 242 1042 265 autem

254 287 343 315 lutum
353 285 389 313 sit
402 293 455 313 non
469 284 620 312 considerat
633 292 642 311 ς
654 284 716 319 quia
730 284 776 311 illo
790 288 910 318 tempore
923 284 1045 311 immuta-

255 332 335 360 ti0nis
349 331 475 366 angelicae
488 337 541 358 non
549 330 603 365 iam
615 337 678 357 caro
690 330 740 358 erit
753 336 779 357 et
790 330 896 366 sanguis
908 351 914 363 ,
927 330 972 357 sed
986 334 1044 357 tau-

255 383 312 405 tum
333 384 440 411 corpus.
458 375 524 403 Cum
537 376 608 404 enim
622 375 656 403 de
670 383 750 403 carne
765 377 908 410 Apostolus
923 376 1045 412 loquere-

256 427 299 450 tur
310 441 318 455 ,
341 422 414 454 Alia,
436 421 536 456 inquit,
551 429 610 448 cura
624 429 742 456 pecorum
751 442 759 454 ,
773 421 824 448 alia
838 422 965 448 uolucrum
976 442 982 455 ,
995 422 1046 447 alia

255 468 380 504 piscium,
402 466 454 494 alia
473 471 638 502 serpentum;
651 470 674 493 et
686 474 794 502 corpora
808 466 917 494 coelestia
928 487 934 499 ,
950 472 973 494 et
988 475 1046 494 ror-

256 522 319 548 pora
339 512 474 540 terrestria.
488 511 547 539 Non
561 513 630 540 enim
645 510 725 543 dixit,
741 517 768 539 et
780 519 843 539 caro
854 513 971 540 cceiestis
984 521 990 546 ;
1005 513 1046 540 di-

256 559 296 586 xit
318 562 407 586 autem
422 577 430 591 ,
451 562 476 585 at
496 558 606 586 calentia
625 562 648 584 et
669 558 794 585 terrestria
815 566 931 594 corpora.
956 559 1048 586 Omnis

257 604 330 632 enim
343 611 406 631 caro
418 604 498 631 etiam
513 610 610 638 corpus
623 609 678 636 est,
694 611 746 630 non
757 608 846 631 autem
859 612 938 631 omne
951 612 1049 641 corpus

259 649 341 677 etiam
354 655 417 676 caro
431 653 472 676 est
487 657 494 675 :
509 649 596 683 primo
611 649 636 675 in
651 649 707 676 istis
722 650 907 682 terrestribus,
924 651 1047 686 quoniam

258 693 360 729 lignum
383 701 480 728 corpus
498 698 558 728 est,
581 694 627 722 sed
648 701 701 722 non
723 702 785 722 caro
804 703 810 721 :
831 694 947 723 hominis
961 701 1049 723 autem

258 740 300 768 vel
320 741 424 775 pecoris
438 744 465 767 et
479 747 575 775 corpus
587 745 614 768 et
628 748 690 768 caro
704 745 745 768 est
760 750 765 769 :
782 742 807 769 in
821 741 974 770 caelestibus
988 751 1049 771 vero

259 785 333 815 nulla
348 793 428 818 caro,
443 786 491 813 sed
504 792 615 821 corpora
628 786 758 822 simplicia
772 792 798 814 et
813 787 914 822 lucida,
928 796 987 824 quae
1001 797 1049 823 ap-

260 831 340 866 pellat
361 831 503 866 Apostolus
523 831 687 866 spirituaiia;
708 832 827 860 nonnulli
848 838 935 862 autem
957 840 1051 862 vocant

260 876 386 905 :ctherea.
403 875 437 903 Et
451 877 512 904 ideo
528 884 579 903 non
595 878 682 904 carnis
696 879 883 906 resurrectioni
895 880 1051 908 contradicit

260 921 324 950 illud
337 921 407 956 quod
421 922 472 953 ait,
487 922 551 951 Caro
561 926 584 948 et
596 923 698 957 sanguis
708 931 811 958 regnum
823 923 870 950 Dei
878 933 927 951 non
938 925 1051 960 posside-

261 967 342 997 bunt;
362 965 410 994 sed
432 967 510 1001 quato
529 966 645 994 futurum
665 967 698 995 sit
711 967 780 1004 quod
796 977 866 997 nunc
879 977 940 1001 caro
952 975 979 998 et
989 979 1051 1002 san-

260 1012 320 1047 guis
341 1016 399 1045 est,
423 1012 549 1046 praedicat
569 1013 618 1049 (α).
640 1013 668 1040 1η
683 1013 786 1048 qualem
800 1019 920 1042 naturam
934 1016 1053 1052 quisquis

261 1057 331 1086 hanc
342 1063 450 1086 carnem
463 1058 581 1086 converti
598 1065 676 1093 posse
689 1066 740 1086 non
756 1059 857 1093 credit,
872 1060 996 1096 gradibus
1006 1061 1054 1089 du-

261 1107 364 1135 cendus
384 1112 426 1135 est
447 1107 481 1135 ad
501 1107 590 1136 iidem.
612 1108 638 1136 Si
658 1109 728 1136 enim
749 1109 782 1136 ab
801 1117 833 1137 eo
848 1118 952 1145 qumras
966 1116 1051 1139 utrum

262 1156 334 1180 terra
354 1153 381 1180 in
402 1160 496 1188 nquam
517 1154 600 1189 possit
616 1153 754 1187 converti;
769 1159 879 1190 propter
891 1156 1053 1184 vicinitatem

263 1205 316 1226 non
336 1199 361 1226 ei
382 1199 485 1226 videtur
499 1198 664 1227 incredibile.
681 1199 795 1228 Rursum
810 1201 831 1228 si
847 1209 950 1236 qumras
966 1206 1053 1229 utrum

262 1251 332 1279 aqua
352 1245 437 1278 possit
454 1245 480 1271 in
493 1251 582 1272 aerem
595 1254 602 1278 ;
618 1252 703 1281 neque
716 1246 766 1274 hoc
778 1246 923 1275 absurdum
936 1256 995 1276 esse
1009 1257 1053 1276 re-

679 146 865 175 ADMONITIO
886 146 917 173 IN
940 144 1068 179 LIBRUM
1093 144 1137 179 DE
1158 143 1234 171 FIDE
1255 144 1298 171 ET
1313 143 1491 172 OPERIBUS.

1824 141 1875 173 196

1099 194 1140 216 tur
1152 194 1238 217 utrum
1251 191 1274 217 in
1289 191 1431 218 mtbvreum
1446 198 1541 226 corpus
1551 211 1560 225 ,
1574 190 1599 219 id
1609 195 1651 220 est
1661 214 1667 223 ,
1678 195 1726 221 cmi
1737 197 1783 220 -sle
1793 190 1877 225 possit

1099 235 1211 268 mutari;
1230 235 1285 270 jam
1301 236 1356 271 ipsa
1370 237 1489 264 vicinitas
1504 237 1653 271 persuadet.
1669 237 1742 270 Quod
1755 244 1818 272 ergo
1832 244 1880 272 per
1897 269 1902 280 1

1099 281 1148 309 hos
1167 281 1264 317 gradus
1283 281 1338 309 fieri
1360 290 1437 318 posse
1455 283 1594 316 concedit,
1615 288 1642 310 ut
1659 288 1727 311 terra
1746 284 1769 310 in
1787 291 1883 318 corpus

1100 327 1242 354 :elliereum
1256 332 1424 355 convertatur
1437 349 1444 362 ,
1458 336 1505 355 cur
1518 336 1568 355 non
1580 328 1721 356 accedente
1733 329 1777 356 Dei
1790 330 1883 356 \‘oluu—

1102 377 1170 406 tate,
1187 381 1237 408 qua
1252 381 1347 408 corpus
1363 374 1504 402 humanum
1516 382 1593 409 supra
1607 382 1687 410 aquas
1699 375 1780 409 potuit
1794 376 1887 405 ambu—

1100 419 1156 446 iare
1165 440 1172 452 ,
1187 419 1325 446 celerrime
1340 419 1363 445 id
1376 420 1431 446 ﬁeri
1446 428 1522 454 posse
1535 441 1540 451 ,
1553 420 1774 455 queumdmodnm
1786 420 1886 446 dictum

1101 468 1157 495 est,
1180 464 1205 491 in
1224 465 1273 491 ictu
1287 465 1369 498 oculi,
1386 465 1442 492 siue
1458 466 1518 492 ullis
1534 466 1629 493 talibus
1644 466 1768 500 gradibus
1782 466 1865 493 credit
1877 486 1883 497 ,

1101 510 1169 537 sicut
1191 510 1344 546 plerumque
1367 510 1455 538 fumus
1479 512 1503 538 in
1524 512 1654 538 iiatnuiatn
1674 512 1739 539 ntira
1753 512 1888 540 celeritate

1101 556 1285 582 convertitur?
1309 555 1378 583 Caro
1398 557 1468 583 enim
1489 562 1576 583 nostra
1591 557 1680 591 utique
1695 565 1726 583 ex
1740 561 1809 583 terra
1824 561 1863 583 est
1880 564 1886 582 :

1102 601 1252 637 philosophi
1271 606 1359 629 autem
1369 623 1375 635 ,
1392 610 1504 637 quorum
1519 603 1680 637 argumentis
1692 603 1787 637 szepius
1800 610 1890 630 resur-

1102 646 1212 674 rectioni
1239 647 1327 674 carnis
1355 648 1502 680 resistitur,
1529 647 1625 683 quibus
1649 652 1769 675 asserunt
1790 648 1890 676 nullum

1103 700 1161 720 esse
1184 700 1262 728 posse
1285 696 1417 720 terrenum
1433 700 1527 727 corpus
1542 694 1566 719 in
1583 693 1650 720 emit)
1662 714 1668 724 ,
1683 693 1817 728 quodlibet
1830 701 1890 720 cor-

1103 743 1152 772 pus
1171 738 1196 764 in
1221 745 1299 765 omne
1311 745 1406 772 corpus
1420 739 1537 765 converti
1553 743 1578 765 et
1594 739 1687 765 mutari
1704 746 1781 772 posse
1795 746 1893 765 concc-

1103 782 1177 809 dunt.
1197 783 1252 816 Qua
1267 782 1386 817 corporis
1405 783 1599 810 resurrectione
1618 783 1685 810 facta
1698 803 1705 815 ,
1727 791 1742 810 a
1764 783 1891 817 temporis

1104 827 1256 855 conditione
1278 827 1397 861 liberati,
1422 833 1519 855 aaterna
1542 830 1595 855 vita
1619 829 1742 856 ineffabili
1764 829 1893 856 charitate

1105 879 1185 909 atque
1199 874 1341 901 stabilitate
1355 875 1411 901 sine.
1422 875 1592 908 corruptione
1609 875 1773 909 perfruentur
1785 876 1803 900 ‘.
1818 874 1893 901 Tunc

1105 921 1175 947 enim
1201 920 1244 947 ﬁet
1265 920 1328 947 illud
1344 919 1412 956 quod
1426 920 1553 955 scriptum
1567 926 1607 947 est
1622 929 1627 946 :
1645 920 1766 954 Absorpta
1779 925 1813 946 est
1828 928 1894 947 mors

1105 965 1130 991 in
1153 965 1290 991 victoriam.
1317 964 1366 991 Ubi
1386 969 1440 997 est,
1462 973 1527 990 mors
1541 985 1547 995 ,
1569 965 1671 991 aculeus
1691 965 1769 991 tuus?
1783 965 1823 990 ubi
1838 970 1892 997 est,

1106 1019 1188 1044 more,
1203 1011 1324 1037 contentio
1339 1016 1381 1036 tua
1397 1009 1416 1046 (l
1432 1010 1491 1037 Cor.
1509 1018 1552 1042 xv,
1568 1010 1601 1037 59
1612 1031 1619 1043 ,
1634 1011 1681 1043 10,
1696 1011 1809 1045 50-54)⁴ἶ

1141 1066 1186 1093 25,
1212 1066 1272 1093 ilme
1294 1071 1334 1093 est
1356 1066 1421 1093 iides
1443 1074 1500 1101 quae
1519 1066 1609 1099 paucis
1634 1066 1720 1093 verbis
1740 1066 1851 1093 tenenda
1867 1066 1893 1092 in

1106 1111 1231 1147 Symboio
1253 1112 1362 1139 novellis
1380 1111 1530 1139 Christianis
1544 1111 1628 1138 datur.
1644 1111 1707 1145 Qua:
1721 1119 1801 1145 pauca
1814 1110 1894 1138 verba

1109 1156 1229 1184 ﬁdelibus
1249 1162 1310 1184 nota
1333 1162 1407 1190 sunt,
1431 1162 1459 1184 ut
1478 1157 1611 1184 credendo
1630 1157 1801 1191 subjngentur
1824 1157 1893 1188 Deo,

1108 1202 1238 1237 subjugati
1259 1208 1330 1229 recte
1349 1204 1455 1235 vivant,
1479 1208 1549 1230 recte
1563 1204 1674 1230 vivendo
1687 1210 1732 1230 cor
1746 1202 1873 1235 ntundent
1885 1221 1893 1235 ,

1108 1248 1187 1275 corde
1201 1248 1326 1274 mundato
1338 1248 1406 1282 quod
1421 1248 1531 1274 credunt
1545 1249 1700 1282 intelligant.

264 1290 379 1324 spondet
391 1299 399 1322 ;
414 1291 499 1318 vicina
512 1292 583 1318 enim
597 1297 657 1319 sunt
669 1291 729 1320 sibi.
746 1293 777 1320 Et
791 1293 825 1321 de
839 1301 901 1321 aere
914 1295 936 1322 si
950 1303 1055 1332 quaera-

392 1320 396 1322 ‘
817 1320 821 1321 ⁷
861 1320 878 1321 ”
890 1320 898 1321 “
916 1320 936 1322 ”
952 1320 1038 1332 ³““““
1141 1325 1149 1340 ι
1169 1323 1260 1354 Aliquot
1278 1326 1341 1351 Mss,
1359 1329 1445 1353 corpus
1467 1330 1482 1347 (ι
1494 1323 1605 1354 temporis
1622 1323 1754 1348 conditione
1772 1320 1895 1347 iibermmt

296 1346 333 1377 (α)
350 1349 470 1372 lttetract.
484 1347 586 1378 «p.17.
1109 1357 1199 1378 αἰετηα
1216 1354 1262 1378 vita
1272 1354 1387 1378 ine/rubi“
1404 1354 1520 1378 cltaritate
1537 1355 1681 1378 nerfruetur.

1109 1357 1199 1379 a’temo
1216 1354 1262 1379 vita
1272 1354 1387 1385 ineffabili
1404 1354 1520 1379 cltaritale
1537 1355 1681 1385 perfruetur.

825 1436 1405 1551 istaista”

734 1575 774 1608 IN
795 1576 944 1615 LIBRUM
965 1578 1018 1608 DE
1039 1578 1131 1608 FIDE
1154 1579 1203 1608 ET
1226 1579 1426 1609 OPERIBUS.

977 1647 1178 1666 κακοσκε-

303 1696 345 1731 Ad
357 1696 462 1726 initium
474 1695 537 1731 lupi
548 1696 601 1724 H5
613 1695 768 1724 referendus
781 1700 823 1724 est
834 1696 885 1724 iste
896 1696 972 1725 liber.
989 1697 1017 1724 in
1032 1705 1065 1725 eo
1078 1698 1148 1726 enim
1165 1698 1324 1734 Augustinus
1339 1698 1434 1726 librum
1453 1698 1486 1726 de
1503 1698 1602 1734 Spiritu
1615 1702 1642 1726 et
1654 1698 1765 1733 Littera,
1779 1698 1824 1734 qui
1840 1698 1890 1735 sub

267 1742 330 1776 anni
344 1742 397 1773 “9
410 1741 489 1771 linem
502 1741 610 1777 prodiit,
625 1748 642 1768 a
656 1749 686 1769 se
701 1741 779 1777 paulo
791 1747 853 1770 ante
875 1743 1002 1778 scriptum
1016 1749 1207 1771 commemorat
1225 1745 1310 1779 capite
1324 1745 1357 1772 14
1373 1754 1380 1772 :
1400 1744 1491 1779 Modo,
1507 1745 1560 1778 ait,
1575 1745 1607 1773 de
1626 1745 1672 1772 hac
1686 1745 1823 1781 quastione
1836 1753 1897 1781 pra-

265 1789 348 1822 ιῇπωη
360 1788 452 1818 nm.
466 1788 543 1820 edidi,
562 1788 770 1823 quiimm'bitltr,
789 1787 821 1816 de
834 1788 931 1816 Littera
949 1793 972 1816 et
996 1789 1106 1824 Spiritu.
1124 1790 1265 1826 Propterea
1290 1791 1317 1818 in
1335 1791 1452 1819 Retract.
1476 1792 1493 1818 2
1514 1793 1646 1823 recensito
1667 1793 1761 1826 eodem
1781 1792 1849 1825 libro
1862 1791 1896 1824 de

267 1834 368 1870 Spiritu
384 1838 412 1864 et
429 1834 538 1866 Littera,
560 1839 623 1861 mox
635 1834 662 1861 in
680 1840 742 1861 eum
757 1833 801 1869 qui
816 1834 850 1861 de
863 1833 928 1862 Fide
945 1839 972 1862 et
984 1833 1115 1870 Operibus
1129 1840 1184 1868 est,
1204 1837 1419 1864 retractationem
1441 1836 1553 1872 subjecit
1571 1837 1595 1864 in
1612 1837 1669 1868 hinc
1680 1838 1760 1867 verba
1775 1847 1782 1866 :
1796 1837 1898 1873 (meum

267 1881 343 1912 missa
354 1885 412 1910 cum
423 1880 484 1908 mihi
497 1888 515 1907 tt
527 1880 677 1919 quibusdam
689 1879 853 1915 fremitum...
869 1881 962 1916 scriptu
977 1881 1102 1908 nonnulla
1116 1889 1125 1908 :
1139 1887 1171 1909 ea
1186 1882 1310 1914 nimirum
1323 1890 1381 1919 quae
1397 1882 1543 1910 refellenda
1557 1883 1599 1911 hic
1616 1884 1743 1918 suscepit.

302 1926 406 1963 Scripta
419 1934 482 1955 vero
495 1926 539 1954 illa
553 1926 672 1957 eruditus
684 1926 829 1954 Garnerius
844 1927 869 1954 in
883 1926 996 1962 append.
1016 1926 1048 1954 ad
1065 1928 1077 1954 1
1093 1931 1165 1962 part.
1180 1926 1260 1963 Oper.
1282 1927 1317 1956 Μ.
1332 1928 1495 1961 Mercatoris,
1518 1936 1577 1965 pag.
1601 1929 1661 1963 117,
1677 1933 1769 1959 censet
1781 1936 1834 1961 non
1847 1928 1897 1963 alia

268 1974 360 2007 fuisse,
375 1982 455 2010 quam
469 1980 529 2009 qua
549 1973 725 2008 Hieronymus
738 1973 794 2000 sive
808 1973 835 2000 in
849 1972 943 2001 Isaiam
956 1973 1047 2007 edidit,
1063 1973 1122 2000 sive
1136 1973 1162 2000 in
1177 1974 1307 2009 Epistolas
1323 1974 1411 2007 Pauli;
1427 1979 1453 2001 et
1471 1979 1590 2010 sumptas
1605 1974 1637 2003 ab
1652 1975 1812 2009 liieronymo
1824 1974 1898 2009 urbi-.-

268 2024 352 2050 tratur
365 2019 525 2054 quaestiones
544 2018 603 2046 illas
621 2023 685 2051 tres,
697 2024 763 2053 quas
778 2018 826 2046 hic
846 2019 1018 2054 Augustinus,
1034 2018 1115 2046 tacito
1127 2019 1249 2052 nomine,
1264 2027 1316 2055 pra:
1330 2020 1475 2053 reverentia,
1491 2020 1584 2054 inquit,
1604 2020 1665 2050 tanti
1684 2020 1746 2052 viri,
1762 2023 1859 2054 tractat
1872 2023 1899 2046 et

269 2065 374 2098 refellit.
386 2064 543 2099 Opinionem
562 2063 630 2090 hanc
641 2070 690 2090 nos
702 2062 861 2091 conﬁrmare
875 2071 928 2091 non
946 2064 1083 2091 audemus.
1107 2063 1172 2091 Nam
1190 2065 1260 2100 quod
1284 2070 1385 2100 spectat
1400 2065 1573 2100 quaestionem
1593 2065 1716 2100 primaut,
1732 2072 1792 2103 quae
1808 2068 1850 2099 est
1867 2064 1900 2097 de

269 2112 393 2140 omnibus
404 2111 471 2138 citra
491 2110 635 2138 discrimen
653 2109 824 2138 admittendis
839 2109 873 2137 ad
889 2110 1061 2145 Baptismum,
1077 2110 1112 2137 ita
1126 2115 1154 2137 ut
1168 2111 1281 2138 adulteri
1300 2119 1349 2139 nec
1367 2111 1416 2147 ipsi
1432 2112 1594 2147 repellantur
1613 2112 1667 2140 noti
1684 2119 1716 2142 ac
1742 2112 1898 2148 pertinaces

269 2161 314 2196 qui
328 2161 409 2188 vitam
434 2163 537 2186 mutare
558 2158 667 2190 nolunt.
684 2158 750 2185 nihil
773 2158 799 2185 in
817 2156 980 2193 Hieronymo
1000 2162 1208 2185 consentaneum
1233 2158 1293 2185 huic
1314 2159 1399 2185 errori
1424 2158 1585 2191 deteximus.
1611 2158 1652 2192 Ad
1676 2157 1818 2191 secundant
1838 2165 1901 2190 vero

269 2207 454 2242 quaestionem,
468 2212 519 2241 qua
541 2211 696 2240 perversum
712 2211 743 2231 ue
758 2208 947 2239 prtepostcrum
970 2203 1117 2237 dicebatur,
1137 2204 1209 2239 prius
1223 2212 1327 2231 morum
1345 2204 1555 2239 Christianorum
1570 2204 1718 2243 doctrinam
1738 2204 1854 2238 tradere,
1868 2211 1902 2238 ne

270 2253 367 2287 deinde
378 2253 529 2288 baptizare;
545 2251 569 2278 id
591 2254 682 2286 posset
703 2249 780 2277 facile
801 2248 920 2284 pertrahi
934 2248 1004 2284 quod
1026 2249 1202 2285 Hieronymus
1224 2250 1249 2277 in
1270 2249 1362 2278 Matth.
1385 2257 1444 2286 cap.
1466 2250 1500 2279 28
1518 2250 1623 2286 scripsit
1642 2260 1648 2276 :
1671 2250 1739 2277 Ordo
1757 2250 1902 2285 praxim

266 2300 345 2335 juut't
368 2298 496 2334 Apouolit
518 2302 546 2324 tu
572 2297 682 2332 primum
705 2294 821 2322 docerent
841 2294 970 2322 universas
997 2299 1091 2330 gentes,
1118 2294 1208 2322 deinde
1221 2294 1280 2330 ﬁdei
1294 2294 1444 2330 intingerent
1468 2299 1635 2333 sacramento,
1651 2299 1673 2322 et
1697 2300 1752 2331 post
1773 2295 1850 2329 ﬁdem
1873 2302 1903 2327 pc

271 2345 410 2381 Baptistae,
430 2351 486 2379 qua
502 2348 582 2370 urant
603 2341 758 2370 obmuda
780 2341 952 2377 praciperent.
976 2341 1132 2376 Quanquam
1155 2340 1223 2369 forte
1242 2341 1299 2376 pius
1317 2341 1447 2376 interpres
1464 2341 1573 2373 minime
1592 2340 1702 2374 curabat
1723 2348 1756 2375 ne
1769 2341 1903 2376 Baptism

271 2391 483 2428 prmmitteretur.
498 2389 545 2417 sed
561 2392 662 2416 tantum
677 2395 710 2415 ne
728 2387 837 2414 omnino
850 2388 1098 2421 praetermitteretur
1111 2395 1213 2414 morum
1226 2387 1356 2420 doctrina,
1371 2386 1499 2421 tradenda
1511 2391 1584 2420 certe
1597 2387 1638 2419 vel
1652 2392 1713 2422 post
1730 2387 1901 2422 Baptistpgm,

270 2443 298 2466 et
310 2437 448 2473 baptlntis
464 2435 640 2464 observanda.
657 2434 708 2461 Pro
728 2434 805 2461 tertia
818 2433 924 2460 demum
938 2434 1095 2468 quaestione,
1118 2441 1176 2468 quae
1192 2433 1238 2463 fuit
1257 2432 1290 2460 de
1312 2432 1465 2470 baptizalis,
1484 2434 1588 2466 etiamsi
1609 2441 1699 2466 mores
1712 2433 1903 2469 quantumlibet

272 2484 406 2519 improbos
424 2481 567 2510 mettum-0
589 2480 733 2512 noluerint,
758 2485 805 2514 per
825 2478 904 2507 tidem
924 2478 1067 2512 salvandis,
1089 2478 1221 2514 profertur
1245 2477 1307 2505 illud
1325 2486 1357 2505 ex
1375 2477 1432 2514 ejus
1453 2479 1559 2516 dialogo
1577 2480 1590 2507 1
1614 2479 1741 2508 adversus
1758 2479 1858 2513 Pelag.:
1873 2479 1903 2508 Si

275 2530 394 2565 Origenes
410 2534 496 2556 onum
509 2526 671 2554 minutim
686 2529 814 2553 creaturas
832 2524 892 2552 dicit
905 2533 955 2552 non
971 2533 1023 2553 esse
1043 2526 1193 2560 perdendos,
1211 2529 1234 2552 et
1255 2524 1354 2552 diabolo
1369 2526 1454 2554 tribuit
1469 2527 1656 2561 pmtt'tentiaut;
1669 2526 1730 2558 quid
1745 2525 1779 2555 ad
1793 2533 1848 2557 nos,
1861 2527 1904 2560 qui

273 2580 297 2604 et
311 2575 439 2602 iubatum
452 2578 475 2601 at
497 2572 685 2608 satellitesque
699 2578 833 2607 omnesque
854 2571 945 2606 impios
969 2576 992 2598 et
1018 2572 1218 2606 prmart’catores
1240 2571 1345 2599 dicimus
1366 2573 1448 2607 perire
1469 2578 1600 2609 perpetuo,
1617 2570 1820 2603 “Christianos,
1839 2572 1861 2598 δί
1877 2572 1904 2600 in

273 2626 374 2659 peccato
388 2619 506 2656 prmi
523 2620 626 2655 fuerint,
647 2618 780 2645 micando:
795 2624 848 2645 esse
862 2622 917 2652 post
931 2625 1016 2652 prunas
1026 2616 1038 2643 Ρ
1050 2615 1083 2644 Et
1094 2624 1125 2644 ex
1138 2616 1341 2644 Commentariis
1358 2618 1382 2643 in
1399 2618 1458 2650 lsai.
1478 2618 1537 2648 ult.,
1557 2616 1629 2647 Sicut
1649 2615 1742 2646 diaboli
1754 2619 1777 2641 et
1792 2616 1905 2647 omnium

274 2673 420 2704 negatorum
436 2670 509 2701 atque
523 2664 669 2699 impiorum,
683 2664 724 2699 qui
740 2664 857 2691 dixerunt
869 2663 897 2690 in
912 2663 988 2690 corde
997 2671 1052 2695 suo,
1067 2662 1125 2689 Non
1139 2667 1179 2688 est
1194 2660 1261 2690 Deus
1277 2661 1360 2696 (Psal.
1382 2671 1441 2695 xui,
1459 2662 1496 2697 1),
1518 2662 1641 2693 credituri;
1660 2665 1752 2692 eterna
1764 2665 1905 2695 tormenta;

272 2717 475 2751 gu'mm
483 2711 710 2746 atquetiam,
722 2714 745 2736 et
755 2714 837 2737 tamen
847 2709 1050 2738 rhristlanortmt,
1059 2714 1164 2744 quorum
1174 2708 1279 2742 operuin
1290 2709 1346 2743 ignr
1354 2708 1486 2744 probanda
1492 2712 1564 2742 atque
1573 2708 1704 2742 purganda
1712 2711 1780 2739 sunt,
1790 2707 1905 2737 modem,

274 2767 326 2790 tam
339 2761 489 2789 arbitramur
502 2763 525 2786 et
546 2758 651 2784 ntiztam
665 2757 803 2783 clementia.-
812 2756 958 2782 sententiam
961 2755 1065 2789 judicia.
1081 2755 1143 2782 Hmc
1157 2757 1243 2781 tamen
1258 2754 1371 2789 theologi
1386 2754 1442 2786 alii,
1455 2758 1481 2780 et
1502 2753 1597 2780 similia
1612 2753 1634 2779 si
1649 2761 1699 2788 qua
1714 2757 1776 2780 sunt
1789 2753 1856 2786 loca,
1872 2761 1906 2781 eo

275 2812 355 2844 pacto
367 2806 508 2849 expliunt,
522 2807 552 2832 ut
561 2803 595 2836 ab
609 2801 774 2849 illo—errore,
797 2800 841 2836 qui
852 2800 965 2836 graviter
980 2799 1115 2849 itidemdn
1132 2800 1294 2832 Enchiridio,
1318 2799 1438 2833 libroque
1505 2798 1618 2849 Civitatq
1633 2799 1678 2826 Dei
1695 2798 1905 2849 illnconfutatpr!

431 2839 633 2886 Hieronymum.
644 2846 693 2876 Cui
705 2855 755 2876 nec
767 2855 815 2875 nos
828 2852 950 2881 putamus
963 2844 1099 2873 tribuenda
1113 2847 1199 2872 omnia
1216 2850 1368 2880 argumenta
1381 2851 1440 2879 quae
1453 2845 1480 2872 in
1494 2844 1617 2881 praesenti
1629 2852 1710 2879 opere
1718 2843 1865 2878 diluuntur.
1874 2839 1906 2874 ei
