2072 3106
270 140 322 169 I99

304 195 419 225 CAPUT
438 195 470 223 Il.
484 195 557 223 —'5.
580 194 688 229 Propter
714 193 790 228 fidem
819 193 982 219 christianum
1010 191 1062 218 sal-

269 244 364 272 caudas
389 252 443 272 esse
466 243 604 278 baptizatos
617 262 624 274 ,
652 240 750 267 etiamsi
777 247 858 266 mores
882 237 1063 273 quantumlibet

270 290 351 317 malos
372 298 422 317 non
450 288 611 316 correxerint.
644 286 707 313 Mali
734 286 761 312 in
790 285 903 311 Ecclesia
934 285 970 311 sic
996 283 1061 310 tole-

270 336 355 369 randi,
375 340 402 362 ut
425 343 476 362 non
501 335 631 361 amittatur
652 332 775 366 correptio
790 336 813 358 et
838 330 982 365 disciplina.
996 330 1061 363 Qui-

270 382 319 408 bus
330 381 505 416 respondens,
527 380 577 407 lioc
597 379 711 414 primum
728 378 798 411 dico,
819 386 852 405 ne
868 377 928 412 quis
940 385 971 405 ea
986 378 1062 404 testi-

270 427 358 455 monia
377 427 590 462 Scripturarum,
611 433 671 460 qua:
692 425 910 452 commixtioncm
931 425 1062 452 bonorum

269 476 298 499 ct
313 471 444 499 malorum
460 471 486 498 in
502 471 620 498 Ecclesia
636 470 677 497 vel
694 474 853 504 prazsontem
875 469 1007 502 indicant,
1020 469 1063 496 vel

271 517 387 545 futuram
400 518 587 553 przcnnntiant,
603 517 642 544 sic
661 516 783 550 accipiat,
801 520 828 542 ut
848 515 995 550 disciplina:
1018 523 1062 542 se-

272 563 412 591 veritatem
427 563 483 591 sive
505 563 666 598 diligentiam
688 561 842 588 solvendnm
858 561 967 587 omnino
982 565 1063 595 atque

271 609 453 642 omittendam,
474 617 527 636 non
543 608 595 636 illis
617 608 726 635 edoctus
740 607 857 640 Litteris,
880 607 927 634 sed
940 615 987 634 sua
1003 607 1062 641 opi-

271 654 380 682 natione
394 654 521 689 deceptus
543 654 686 682 existimet.
709 653 799 688 Neque
812 653 895 686 enim,
916 652 977 687 quia
991 653 1063 680 illam

272 699 352 734 primi
371 699 461 734 populi
476 698 679 733 permixtionem
695 697 798 732 Moyses
816 697 861 724 Dei
884 697 997 724 lautulus
1017 705 1064 732 pa-

272 745 431 773 tientlssimc
443 744 604 780 perferebat,
621 744 680 771 ideo
693 751 746 770 non
760 744 786 771 in
802 743 900 770 multos
912 743 991 770 etiam
1006 743 1064 778 gla-

273 790 319 818 dio
339 790 491 818 vindicavit.
509 791 542 817 Et
558 790 672 817 Phinees
687 789 811 816 sacerdos
832 789 967 816 adulteros
986 788 1065 816 simul

273 836 395 865 inventos
409 837 481 865 ferro
492 836 577 864 ultore
589 835 699 863 conﬁxit
712 835 805 872 (Num.
821 843 892 868 xxv,
907 834 977 870 5-8).
990 834 1066 869 Quod

273 882 364 918 utique
388 882 620 918 degradationibus
640 887 666 909 et
689 881 1009 909 excommunicationibus
1027 881 1065 908 si-

273 929 428 964 gniﬁcatum
442 933 484 956 est
503 936 563 956 esse
583 928 731 955 faciendum
747 927 798 955 hoc
811 932 945 962 tempore,
960 934 1019 954 cum
1039 927 1066 954 in

273 973 400 1001 Ecclesia:
413 973 552 1009 disciplina
568 972 678 1000 visibilis
691 972 777 1000 fuerat
788 973 890 1008 gladius
903 977 1064 1000 cessaturus.

274 1018 338 1050 Nec,
354 1018 415 1053 quia
428 1018 521 1045 beatus
538 1017 681 1052 Apostolus
696 1018 764 1045 inter
779 1017 860 1045 falsos
879 1017 975 1045 fratres
996 1018 1064 1045 tole-

274 1063 427 1091 rantissime
444 1063 618 1098 congemiscit
640 1063 672 1097 (ll
688 1062 746 1090 Cor.
764 1071 801 1095 ιι,
821 1062 879 1099 26),
896 1068 923 1090 et
937 1063 1066 1098 quosdam

274 1109 355 1136 etiam
375 1108 514 1136 diabolicis
534 1108 686 1136 invidentia:
709 1108 824 1136 stimulis
846 1108 971 1143 agitatos,
987 1109 1066 1137 Chri-

273 1158 344 1181 stum
360 1158 446 1181 tamen
462 1154 607 1188 praedicare
622 1154 749 1189 permittit
765 1154 893 1190 (Philipp.
911 1163 933 1188 ι,
952 1155 1065 1189 lii-l8);

274 1198 333 1226 ideo
348 1198 511 1234 parcendum
525 1203 617 1226 censet
630 1199 667 1226 illi
679 1200 723 1234 qui
738 1207 850 1227 uxorem
864 1200 946 1234 patris
961 1200 1002 1227 sui
1016 1200 1066 1227 ba-

273 1244 346 1276 buit;
362 1251 440 1279 quem
456 1244 576 1279 praecipit
597 1249 755 1279 congregata
771 1245 892 1272 Ecclesia
908 1245 1065 1273 tradendum

273 1295 374 1318 satana:
398 1290 426 1317 in
441 1290 578 1317 interitum
596 1291 695 1324 carnis,
710 1296 738 1318 ut
761 1291 870 1326 spiritus
884 1291 973 1319 salvus
991 1293 1026 1319 sit
1040 1292 1065 1320 in

273 1336 317 1364 die
331 1337 436 1363 Domini
450 1336 514 1364 Jesu
527 1335 550 1370 (1
563 1336 621 1363 Cor.
639 1345 665 1369 v,
684 1336 741 1372 1-5)
759 1345 765 1363 :
781 1341 827 1364 aut
848 1337 908 1364 ideo
928 1337 985 1371 ipse
1000 1337 1066 1364 alios

273 1389 327 1410 non
343 1382 451 1409 tradidit
465 1386 580 1415 satanae,
605 1386 633 1409 ut
651 1382 785 1410 discerent
812 1390 866 1410 non
879 1383 1067 1417 blasphemare

274 1427 296 1463 (l
310 1426 375 1454 Tim.
392 1435 411 1460 ι,
423 1427 471 1463 20)
488 1436 494 1454 :
510 1432 557 1455 aut
576 1427 673 1469 frustra
687 1427 762 1460 dicit,
777 1428 877 1463 Scripsi
891 1428 958 1455 vobis
970 1429 996 1455 in
1010 1429 1065 1463 epi-

272 1472 338 1500 stola
352 1480 402 1499 non
414 1473 571 1499 commisceri
585 1473 738 1507 fornicariis,
755 1481 805 1500 non
820 1474 903 1508 utique
921 1473 1066 1509 fornicariis

275 1516 353 1554 hujus
365 1518 463 1551 mundi,
479 1523 523 1545 aut
537 1519 630 1552 avaris,
645 1523 688 1545 aut
700 1519 853 1553 raptoribus,
865 1524 908 1545 aut
923 1519 998 1546 idolis
1014 1528 1067 1547 ser-

272 1563 410 1597 vientibus;
437 1563 552 1599 alioquin
575 1564 716 1591 debueratis
732 1564 763 1591 de
787 1564 834 1591 hoc
861 1564 955 1591 mundo
976 1565 1044 1592 exire
1057 1573 1066 1591 :

274 1617 342 1637 nunc
354 1613 438 1637 autem
450 1609 541 1645 scripsi
555 1609 623 1636 vobis
638 1618 690 1637 non
702 1609 868 1643 commisceri,
887 1610 910 1636 si
922 1610 977 1645 quis
988 1612 1067 1645 frater

272 1655 418 1683 nominatur
430 1660 473 1681 aut
492 1655 641 1690 fornicator,
662 1659 706 1681 aut
720 1654 797 1681 idolis
811 1655 930 1688 serviens,
950 1660 994 1681 aut
1005 1663 1066 1681 ava-

274 1708 329 1733 rus,
343 1705 388 1727 aut
399 1700 551 1732 maledicus,
572 1704 616 1726 aut
630 1699 753 1732 ebriosus,
768 1703 811 1726 aut
830 1708 930 1734 rapax;
945 1709 1002 1727 cum
1016 1701 1065 1727 hu-

269 1745 384 1780 iusmodi
403 1753 448 1771 nec
464 1745 547 1771 cibum
561 1744 660 1779 quidem
674 1752 780 1771 sumere.
804 1745 859 1778 Quo
881 1745 949 1772 enim
962 1747 1024 1772 mihi
1036 1747 1067 1773 de

273 1789 306 1816 iis
319 1789 362 1825 qui
377 1789 440 1825 foris
452 1794 511 1816 sunt
525 1789 664 1824 judicare?
678 1788 771 1816 Nonne
786 1790 817 1816 de
829 1790 860 1816 iis
872 1791 916 1825 qui
928 1791 996 1817 intus
1008 1796 1066 1818 sunt

272 1843 317 1863 vos
328 1834 472 1870 judicatis?
484 1834 524 1862 De
542 1834 581 1861 his
595 1838 680 1861 autem
693 1834 736 1869 qui
749 1835 812 1870 foris
831 1839 890 1862 sunt
902 1835 972 1863 Deus
991 1836 1065 1870 judi—

273 1881 348 1908 cabit.
364 1880 468 1916 Auferte
482 1880 579 1907 malum
594 1889 625 1908 ea:
648 1881 716 1908 vobis
741 1881 802 1916 ipsis
817 1880 839 1917 (l
860 1881 919 1909 Cor.
935 1891 961 1915 v,
981 1883 1064 1918 9-l5).

273 1925 326 1954 Ubi
340 1925 447 1961 quidem
460 1926 541 1961 aliqui
552 1925 579 1953 id
593 1925 664 1960 quod
680 1925 780 1953 dictum
793 1930 844 1959 est,
865 1935 896 1954 ex
909 1927 978 1954 vobis
993 1928 1064 1962 ipsis,

274 1972 310 1999 ita
335 1971 496 2007 intelligunt,
512 1975 541 1999 ut
566 1979 599 1999 ex
622 1979 652 1999 se
676 1972 734 2007 ipso
761 1972 943 2007 unusquisque
964 1974 1067 2001 auferat

273 2017 384 2050 malum,
394 2016 445 2044 hoc
452 2020 504 2050 est,
516 2021 545 2043 ut
555 2016 612 2052 ipse
622 2017 656 2044 sit
668 2017 763 2044 bonus.
777 2017 830 2045 Sed
846 2018 969 2046 utrolibet
989 2019 1067 2047 modo

274 2062 446 2097 intelligatur,
454 2062 510 2088 sive
518 2064 547 2088 dt
554 2062 695 2089 severitate
704 2062 831 2091 Ecclesiae
840 2064 902 2090 mali
912 2071 1067 2092 excommu-

273 2107 449 2137 nicationibus
456 2107 643 2141 corripiantur,
653 2108 709 2134 sive
718 2112 746 2134 ut
757 2115 786 2135 se
798 2109 910 2143 quisque
920 2110 1067 2145 corripien-

274 2153 310 2181 do
318 2157 345 2181 et
357 2152 515 2187 corrigendo
526 2159 542 2178 a
552 2159 581 2179 se
592 2152 649 2186 ipso
657 2152 759 2180 auferat
772 2154 870 2180 malum
881 2162 888 2186 ;
900 2154 965 2181 illud
979 2159 1067 2182 tamen

274 2197 345 2234 quod
363 2204 444 2232 supra
455 2196 555 2224 dictum
570 2200 621 2230 est,
643 2204 696 2224 non
707 2197 787 2225 habet
797 2198 1006 2234 ambiguitatem,
1023 2201 1067 2228 ubi

273 2243 394 2280 praecipit
405 2250 458 2269 non
468 2242 636 2270 commisceri
644 2242 683 2270 eis
692 2242 816 2270 fratribus
824 2244 869 2278 qui
883 2245 909 2272 in
921 2245 1011 2280 aliquo
1023 2254 1068 2273 su-

274 2297 322 2326 pra
329 2290 400 2318 dicto
412 2288 475 2316 vitio
486 2288 664 2321 nominantur,
677 2288 703 2316 id
713 2292 764 2323 est,
771 2290 826 2316 noti
839 2289 987 2326 famosique
995 2297 1064 2319 sunt.

309 2333 422 2362 CAPUT
448 2333 491 2361 lll.
509 2348 545 2353 ——-
564 2333 621 2367 Quo
642 2334 728 2361 animo
748 2340 878 2369 peccantes
899 2337 1063 2371 corripiendi.

273 2381 379 2410 Domini
392 2384 543 2416 praceptum
566 2380 597 2406 de
619 2380 774 2416 corrigendis
794 2381 877 2409 molis.
898 2382 957 2416 Quo
975 2388 1063 2411 autem

274 2428 364 2455 animo
382 2432 410 2455 et
431 2434 482 2462 qua
496 2426 626 2454 charitate
641 2426 793 2454 misericors
810 2428 860 2455 ista
875 2430 1003 2457 severitas
1015 2431 1064 2458 ad-

275 2473 390 2502 hibenda
415 2473 460 2506 sit,
486 2480 541 2500 non
561 2472 648 2500 solum
662 2480 695 2500 eo
710 2473 769 2500 loco
786 2473 830 2500 ubi
852 2474 899 2507 ait,
921 2480 947 2501 ut
961 2477 1064 2510 spiritus

274 2520 358 2547 salvus
370 2519 402 2546 sit
415 2519 441 2545 in
457 2518 497 2545 die
520 2517 625 2545 Domini
640 2517 719 2551 Jesu;
738 2518 785 2546 sed
809 2519 871 2547 alibi
889 2528 994 2556 quoque
1008 2523 1064 2549 evi-

274 2564 369 2592 denter
385 2563 501 2591 ostendit
516 2563 618 2597 dicens,
641 2563 672 2591 Si
683 2563 739 2598 quis
751 2572 800 2591 non
815 2566 917 2593 obaudit
932 2567 1004 2594 verbo
1017 2576 1064 2595 no-

273 2614 325 2638 stra
340 2618 384 2646 per
400 2609 545 2644 epistolam,
564 2609 631 2636 hunc
650 2614 749 2644 notate,
771 2615 795 2638 et
813 2612 890 2639 nolite
911 2615 1064 2642 commisceri

273 2665 331 2685 cum
343 2664 382 2690 eo,
402 2660 430 2683 ut
441 2656 587 2688 erubescat;
601 2660 624 2683 et
642 2665 693 2684 non
706 2661 734 2684 ut
753 2657 883 2686 inimicum
902 2668 959 2687 eum
977 2662 1050 2689 existi
1056 2678 1064 2682 -

275 2703 356 2735 metis,
369 2702 413 2730 sed
428 2701 545 2737 corripite
562 2705 589 2728 ut
603 2703 707 2737 fratrem
722 2702 756 2738 (ll
772 2703 860 2732 Thess.
876 2713 914 2739 tu,
928 2706 971 2739 14,
987 2707 1043 2742 l5).

309 2750 335 2776 4.
350 2748 383 2776 Et
392 2748 450 2784 ipse
460 2747 588 2776 Dominus
598 2749 748 2784 exemplum
762 2750 896 2786 singulare
910 2754 1060 2789 patientiae,

272 2795 317 2830 qui
332 2795 411 2822 etiam
429 2795 457 2822 in
470 2794 611 2823 duodecim
624 2795 757 2830 Apostolis
769 2805 852 2833 usque
866 2799 899 2827 ad
912 2801 1062 2834 passionem

271 2841 405 2870 diabolum
411 2841 518 2877 pertulit
523 2850 532 2876 ;
538 2846 565 2870 et
570 2841 752 2877 quiait,Sinite
759 2849 863 2880 utraque
868 2854 977 2875 crescere
982 2856 1059 2883 usque

750 136 794 163 DE
815 135 893 163 FIDE
913 135 957 162 ET
977 123 1154 169 Ol’ERIBUS,
1175 135 1203 163 S.
1224 135 1406 165 AUGUSTINI

1855 141 1910 173 9.υο

1116 192 1150 218 ad
1164 200 1277 226 messem,
1291 202 1322 221 ne
1331 196 1396 229 forte
1409 194 1470 221 dum
1490 195 1565 223 vultis
1579 196 1697 232 colligere
1710 197 1818 231 zizania,
1832 199 1911 228 simul

1116 239 1247 266 eradicetis
1261 243 1283 266 et
1297 240 1407 267 triticum
1418 240 1522 277 (Matth.
1536 249 1591 275 χιιι,
1603 241 1647 274 29,
1660 243 1720 278 50);
1734 244 1853 280 retiaque
1863 245 1908 273 illa

1116 285 1142 312 in
1157 286 1328 315 similitudine
1342 287 1468 315 Ecclesia:
1483 296 1566 323 usque
1579 289 1612 315 ad
1622 289 1702 322 littus,
1713 290 1764 318 hoc
1777 296 1818 318 est
1827 299 1911 327 usque

1116 331 1149 358 ad
1161 332 1250 359 szcculi
1265 332 1355 366 linem,
1372 333 1457 360 bonos
1470 337 1498 361 et
1510 334 1594 362 malos
1608 334 1693 369 pisces
1706 334 1828 363 habitura
1841 344 1910 371 prae-

1116 377 1196 410 dixit;
1212 382 1240 405 et
1251 383 1358 413 caetera,
1375 379 1397 406 si
1418 387 1469 415 qua
1488 379 1521 407 de
1540 381 1715 415 permixtione
1738 381 1870 410 bonorum
1883 387 1911 412 et

1116 423 1247 451 malorum
1272 424 1328 451 sive
1351 429 1443 459 aperte
1455 425 1512 453 sive
1531 433 1579 460 per
1598 426 1788 455 similitudines
1804 427 1910 458 locutus

1117 473 1158 496 est
1172 478 1178 496 :
1194 477 1247 496 non
1265 469 1326 497 ideo
1350 474 1439 498 tamen
1460 471 1634 499 omittendam
1656 473 1760 500 censuit
1781 473 1911 503 Ecclesia:

1117 514 1299 550 disciplinam;
1311 515 1366 543 imo
1380 524 1444 544 vero
1457 516 1595 545 admonuit
1605 518 1793 552 adhibendam,
1803 520 1911 556 quando

1117 561 1170 588 ait:
1186 561 1312 589 Attendite
1321 562 1406 596 vobis;
1419 564 1441 590 si
1454 566 1590 599 peccaverit
1604 565 1629 591 in
1637 570 1661 592 te
1669 567 1747 600 frater
1755 571 1823 600 tuus,
1835 568 1910 602 vada,

1118 612 1141 634 et
1154 607 1252 643 corripe
1268 616 1325 635 cum
1337 609 1402 636 inter
1416 614 1439 636 te
1465 615 1489 637 et
1499 610 1582 645 ipsum
1595 612 1686 637 solum.
1703 611 1734 638 Si
1746 613 1854 639 audierit
1877 618 1909 647 te,

1118 652 1230 680 lucratus
1244 653 1293 681 eris
1307 654 1411 689 fratrem
1431 659 1511 681 tuum.
1526 655 1556 683 Si
1569 661 1652 683 autent
1669 665 1719 683 non
1742 658 1850 684 audierit
1876 664 1909 691 te,

1119 706 1218 725 assume
1229 703 1310 726 tecum
1324 707 1403 726 unum
1418 700 1457 727 vel
1469 700 1542 734 duos,
1555 706 1581 726 ut
1593 702 1618 727 in
1632 710 1674 728 ore
1689 702 1786 729 testium
1802 704 1910 731 duorum

1118 744 1156 770 vel
1170 744 1246 771 trium
1261 749 1308 771 stet
1327 753 1400 772 omne
1413 746 1524 773 verbum.
1542 747 1616 779 Quod
1631 748 1651 773 si
1665 756 1714 773 non
1728 749 1834 775 audierit
1857 758 1909 782 eos,

1119 788 1159 815 dic
1175 789 1303 817 Ecclesite.
1316 790 1346 817 Si
1359 795 1444 819 autem
1457 800 1501 819 nec
1521 792 1661 819 Ecclesium
1684 795 1803 827 audierit,
1819 796 1852 822 sit
1867 796 1910 823 tibi

1120 839 1239 870 tanquam
1253 837 1365 864 ethnicus
1378 842 1402 864 et
1416 838 1574 872 publicanus.
1591 840 1691 867 Deinde
1706 841 1787 875 ipsius
1809 843 1910 870 severi-

1120 881 1183 908 tatis
1203 886 1333 910 terrorem
1353 884 1539 918 gravissimum
1566 885 1662 919 adjecit
1685 887 1764 913 etiam
1784 895 1816 914 eo
1842 888 1909 921 loco,

1119 926 1210 955 dicens
1224 936 1231 954 :
1249 927 1312 961 Qua:
1325 928 1449 956 solveritis
1461 929 1488 956 in
1499 934 1575 962 terra,
1586 931 1668 957 soluta
1681 936 1752 958 erunt
1761 938 1783 959 et
1796 933 1821 959 in
1833 934 1908 966 creto,

1119 976 1142 999 et
1154 981 1212 1008 quae
1228 973 1364 1008 ligavetitis
1379 975 1406 1001 in
1419 980 1497 1007 terra,
1509 976 1586 1011 ligata
1600 984 1671 1003 erunt
1685 983 1707 1004 et
1729 979 1754 1004 in
1777 979 1839 1005 caelo
1854 979 1909 1015 (Id.

1119 1025 1193 1051 xvnt,
1210 1018 1316 1054 15-18).
1333 1019 1462 1047 Prohibet
1480 1021 1559 1048 etiam
1582 1027 1701 1049 sanctum
1723 1023 1780 1050 dari
1801 1025 1911 1052 canibus

1120 1063 1174 1097 (Id.
1190 1072 1237 1097 vn,
1263 1064 1302 1099 6).
1325 1065 1380 1093 Nec
1396 1066 1546 1094 contrarius
1560 1073 1599 1094 est
1620 1069 1762 1102 Apostolus
1788 1070 1910 1103 Domino,

1120 1109 1180 1143 quia
1200 1109 1273 1143 dicit,
1288 1110 1425 1139 Peccantes
1438 1120 1523 1139 coram
1545 1114 1657 1140 omnibus
1678 1123 1764 1150 argue,
1786 1121 1813 1142 ut
1828 1117 1913 1144 cteteri

1120 1156 1234 1182 timorem
1244 1156 1351 1183 habeant
1363 1157 1385 1193 (Ι
1397 1157 1461 1184 Tim.
1474 1166 1498 1190 v,
1510 1158 1555 1194 20)
1566 1168 1573 1192 ;
1586 1167 1647 1187 cuin
1662 1161 1706 1188 ille
1717 1161 1799 1194 dicat,
1808 1162 1914 1197 Corripe

1120 1208 1176 1227 eum
1190 1201 1255 1228 inter
1265 1206 1288 1229 te
1303 1206 1325 1229 et
1339 1203 1431 1237 ipsum.
1450 1203 1596 1239 Utrumque
1606 1206 1678 1233 enim
1693 1206 1844 1234 faciendum
1858 1211 1911 1240 est,

1119 1246 1187 1273 sicut
1200 1246 1360 1275 inﬁrmitatis
1372 1248 1511 1276 diversitas
1525 1249 1650 1278 admonet
1661 1259 1754 1279 eorum
1777 1260 1845 1287 quos
1859 1253 1912 1280 uti-

1119 1299 1170 1326 que
1185 1299 1238 1319 non
1255 1293 1419 1328 perdendos,
1453 1294 1500 1322 sed
1521 1296 1694 1331 corrigendos
1725 1298 1912 1335 curandosque

1119 1337 1301 1372 suscepimus;
1324 1343 1350 1366 et
1372 1339 1439 1366 alius
1453 1340 1502 1372 sic,
1526 1341 1594 1368 alius
1613 1347 1703 1370 autem
1717 1344 1757 1371 sic
1778 1344 1913 1373 sanandus

1120 1386 1169 1410 est.
1181 1383 1218 1409 Ita
1231 1383 1311 1410 etiam
1323 1388 1365 1411 est
1376 1385 1442 1412 ratio
1452 1385 1636 1415 dissimulandi
1649 1393 1676 1416 et
1687 1389 1817 1417 tolerandi
1828 1391 1913 1419 malos

1120 1428 1146 1455 in
1162 1428 1279 1456 Ecclesia
1296 1439 1302 1457 :
1316 1434 1343 1457 et
1361 1435 1402 1459 est
1415 1439 1509 1459 rursus
1523 1433 1594 1460 ratio
1611 1434 1756 1469 castigandi
1780 1439 1808 1463 et
1826 1436 1912 1463 corri-

1120 1474 1216 1508 piendi,
1230 1483 1282 1502 non
1291 1475 1447 1504 admittendi
1462 1478 1503 1505 vel
1515 1485 1530 1505 a
1543 1480 1732 1508 communione
1745 1481 1912 1509 removendi.

1155 1520 1267 1549 CAPUT
1287 1522 1330 1549 ιν.
1344 1537 1379 1542 ——
1392 1523 1419 1550 5.
1433 1522 1540 1551 Errores
1563 1533 1614 1552 non
1640 1526 1793 1553 servantium
1809 1527 1913 1554 modum

1120 1565 1145 1593 in
1157 1565 1296 1601 Scripturis
1306 1568 1483 1603 intelligendis.
1499 1569 1689 1598 Donatistarum
1702 1572 1781 1599 errori
1795 1573 1863 1600 alius
1873 1581 1914 1600 etl-

1120 1619 1163 1638 ror
1176 1613 1317 1640 contrarius
1331 1621 1362 1640 ea:
1374 1613 1514 1649 Scripturis
1529 1624 1660 1651 perperam
1676 1618 1794 1652 acceptis.
1815 1618 1914 1646 Errant

1120 1661 1207 1683 autem
1229 1657 1367 1690 homines,
1390 1666 1443 1685 non
1464 1664 1601 1688 servantes
1614 1661 1742 1694 modum;
1764 1666 1866 1691 etcum
1885 1664 1914 1692 in

1120 1708 1198 1727 unam
1213 1706 1315 1735 partem
1330 1703 1481 1736 procliviter
1493 1704 1533 1731 ire
1543 1705 1683 1740 (imperim,
1699 1713 1752 1733 non
1765 1707 1913 1742 respiciunt

1120 1745 1216 1772 divina:
1230 1748 1394 1774 auctoritatis
1407 1748 1458 1775 alia
1473 1750 1635 1784 testimonia,
1650 1751 1746 1786 quibus
1760 1753 1864 1787 possint
1878 1753 1913 1782 ab

1120 1793 1164 1820 illa
1180 1793 1326 1822 intentione
1351 1796 1482 1829 revocari,
1505 1801 1531 1824 et
1555 1797 1581 1824 in
1604 1805 1635 1825 ea
1656 1806 1715 1833 quas
1733 1807 1767 1826 ex
1791 1799 1912 1835 utrisque

1120 1843 1264 1874 temporum
1278 1845 1320 1868 est
1345 1842 1457 1869 veritate
1479 1850 1510 1869 ac
1531 1843 1715 1872 moderatione
1740 1846 1911 1874 consistere:

1121 1893 1170 1913 nec
1181 1886 1206 1912 in
1224 1885 1274 1914 hac
1286 1895 1316 1914 re
1330 1891 1443 1921 tantum,
1466 1889 1500 1916 de
1514 1897 1565 1924 qua
1581 1897 1651 1917 nunc
1665 1892 1777 1926 quaestio
1797 1897 1848 1925 est,
1864 1893 1912 1921 sed

1120 1931 1198 1958 etiam
1210 1932 1235 1958 in
1249 1932 1308 1959 aliis
1321 1933 1419 1960 multis.
1431 1933 1608 1968 Namquidam
1617 1936 1749 1964 intuentes
1761 1937 1913 1967 divinarum

1122 1979 1270 2005 testimonia
1293 1979 1463 2012 Litterarum,
1478 1981 1573 2015 quibus
1600 1989 1669 2009 unus
1694 1982 1765 2010 Deus
1783 1984 1913 2014 colendus

1122 2024 1278 2057 insinuatur,
1288 2024 1410 2052 eumdem
1420 2025 1525 2053 Patrem
1534 2026 1578 2061 qui
1588 2031 1630 2054 est
1640 2027 1732 2061 Filius,
1740 2033 1913 2065 sanctumque

1121 2068 1247 2104 Spiritum
1265 2074 1438 2105 putaverunt;
1462 2072 1506 2099 alii
1528 2079 1620 2100 rursus
1637 2074 1718 2101 veluti
1735 2075 1829 2103 morbo
1848 2083 1913 2104 con-

1121 2116 1203 2143 trario
1217 2116 1379 2150 laborantes,
1393 2124 1453 2144 cum
1468 2118 1636 2146 attenderem
1645 2127 1676 2147 ea
1690 2120 1784 2155 quibus
1797 2121 1913 2150 Trinitas

1120 2161 1281 2196 declaratur,
1295 2171 1345 2190 nec
1358 2164 1478 2191 valerent
1490 2165 1638 2201 intelligere
1651 2168 1785 2202 quomodo
1797 2169 1831 2196 sit
1844 2177 1913 2198 unus

1120 2207 1199 2239 Deus,
1213 2215 1273 2235 cum
1285 2213 1313 2235 et
1325 2208 1403 2236 Pater
1416 2217 1469 2237 non
1483 2210 1517 2237 sit
1527 2210 1619 2244 Filius,
1628 2219 1677 2240 nec
1686 2213 1767 2241 Filius
1777 2213 1811 2241 sit
1821 2214 1910 2250 Pater,

1120 2260 1170 2279 nec
1183 2253 1295 2287 Spiritus
1308 2259 1416 2282 sanctus
1431 2260 1477 2283 aut
1487 2256 1572 2284 Filius
1585 2262 1630 2284 aut
1640 2258 1730 2291 Pater,
1744 2259 1913 2289 diversitates

1120 2299 1199 2326 etiam
1216 2299 1423 2329 substantiarum
1437 2302 1595 2330 asserendas
1611 2307 1778 2338 putaverunt.
1800 2306 1913 2340 Quidam

1121 2345 1255 2372 intuentes
1275 2346 1301 2373 in
1327 2346 1472 2382 Scripturis
1496 2353 1596 2376 sanctae
1616 2349 1776 2384 virginitatis
1794 2352 1911 2388 laudem,

1120 2392 1250 2419 connubia
1264 2392 1458 2421 damnaverunt
1471 2403 1478 2423 :
1492 2395 1599 2430 quidam
1612 2404 1706 2425 rursus
1718 2405 1750 2425 ea
1761 2399 1913 2428 testimonia

1119 2443 1304 2466 consectantes
1314 2439 1410 2474 quibus
1424 2445 1497 2469 casta
1511 2442 1634 2478 coniugia
1649 2444 1837 2478 praedicantur,
1856 2446 1912 2474 vir~

1119 2483 1255 2517 ginitatem
1278 2485 1377 2519 nuptiis
1389 2491 1571 2521 aequaverant.
1583 2488 1696 2523 Quidam
1709 2497 1769 2518 cum
1783 2491 1912 2527 legerent,

1118 2527 1218 2556 Bonum
1226 2535 1272 2564 est,
1284 2532 1385 2565 fratres,
1395 2540 1447 2560 non
1458 2534 1614 2562 manducare
1622 2543 1732 2569 carnem,
1745 2544 1823 2572 neque
1832 2537 1914 2565 bibere

1119 2575 1203 2601 vinum
1214 2574 1300 2610 (Rom.
1315 2584 1371 2611 xiv,
1382 2577 1440 2614 2i),
1460 2583 1488 2607 et
1499 2579 1626 2607 nonnulla
1636 2580 1748 2614 similia;
1762 2587 1914 2613 creaturam

1119 2620 1166 2647 Dei
1180 2625 1216 2654 et,
1229 2629 1295 2657 quas
1307 2623 1460 2658 voluerunt,
1480 2632 1557 2653 escas
1571 2626 1721 2655 immundas
1741 2635 1803 2656 esse
1815 2636 1912 2659 sense-

1118 2671 1180 2693 runt
1192 2676 1198 2693 :
1211 2667 1318 2702 quidam
1329 2676 1394 2697 vero
1408 2670 1537 2705 legentes,
1554 2671 1643 2700 Omnis
1656 2678 1771 2701 creatura
1784 2673 1834 2702 Dei
1846 2676 1913 2704 bona

1118 2716 1165 2745 est,
1181 2717 1203 2738 et
1228 2713 1292 2740 nihil
1308 2714 1477 2749 abjiciendum
1499 2717 1567 2751 quod
1590 2725 1647 2745 cum
1661 2719 1802 2755 gratiarum
1814 2722 1913 2750 actions

1119 2759 1255 2793 percipitur
1271 2760 1292 2795 (ι
1304 2759 1371 2787 Tim.
1383 2769 1420 2795 ιν,
1432 2761 1471 2797 4),
1487 2762 1513 2789 in
1533 2764 1705 2793 voracitatem
1723 2766 1912 2796 vinolentiam-

1118 2811 1170 2839 que
1182 2805 1292 2840 collapsi
1303 2810 1380 2839 sunt;
1397 2814 1450 2834 non
1461 2807 1512 2835 sibi
1525 2809 1643 2838 valentes
1655 2811 1762 2839 auferre
1774 2808 1848 2846 vitia,
1859 2814 1912 2842 nisi

1121 2850 1160 2878 eis
1173 2858 1189 2879 e
1199 2851 1335 2879 contrario
1347 2853 1389 2881 vel
1401 2857 1474 2881 tanta
1490 2855 1531 2883 vel
1545 2855 1646 2891 majora
1657 2858 1840 2889 succederent.
