4124 6206
187 5843 216 5883 Δ

340 391 432 452 201

401 511 452 567 6.
476 509 568 566 Sic
587 509 748 566 etiam
774 510 826 566 in
857 508 959 567 hac
974 524 1152 579 causa,
1180 529 1299 584 qure
1326 514 1553 574 habetur
1579 514 1630 572 in
1653 520 1918 590 manibus,

335 601 543 673 quidam
571 600 843 657 intuentes
868 612 1133 673 praecepta
1169 606 1489 674 severitatis,
1522 608 1713 678 quibus
1733 611 1937 669 admo-.

331 707 516 747 nemur
537 691 812 762 corripere
841 691 1126 764 inquietos,
1151 710 1256 751 non
1273 695 1404 752 dare
1425 708 1669 755 sanctum
1680 702 1916 773 canibus,

331 791 386 836 ut
408 781 683 838 ethnicum
713 782 913 839 habere
960 783 1220 841 Ecclesia:
1245 796 1689 860 contemptorem,
1717 809 1746 847 a
1771 808 1920 850 com-

333 887 457 945 page
501 874 745 944 corporis
772 874 1072 932 membrum
1121 877 1263 947 quod
1291 880 1614 937 scandalizat
1647 884 1913 953 avellere;

331 966 396 1022 ita
423 967 736 1038 perturbant
758 966 1013 1024 Ecclesia:
1034 984 1241 1038 pacem,
1269 980 1328 1027 ut
1347 982 1606 1030 conentur
1631 984 1755 1032 ante
1775 985 1914 1033 tem-

333 1073 421 1126 pus
440 1073 694 1132 separare
715 1059 940 1128 zizania,
971 1068 1132 1131 atque
1159 1061 1262 1118 hoc
1281 1079 1464 1120 errore
1484 1067 1666 1122 caecati
1692 1066 1792 1137 ipsi
1815 1081 1912 1138 po-

331 1151 428 1206 tius
457 1165 488 1206 a
517 1151 714 1207 Christi
742 1151 947 1207 unitate
974 1162 1307 1222 separentur.
1355 1155 1538 1224 Qualis
1567 1159 1719 1215 nobis
1752 1174 1912 1216 causa

327 1230 403 1296 est
422 1240 679 1297 adversus
702 1240 932 1298 schisma
960 1243 1171 1300 Donati.
1199 1245 1267 1300 Et
1285 1245 1390 1302 hoc
1415 1263 1521 1303 non
1542 1263 1662 1304 cum
1690 1249 1794 1305 illis
1820 1251 1910 1320 qui

325 1341 588 1390 noverunt
609 1333 974 1402 Cmcilianum,
1007 1351 1112 1390 non
1135 1337 1295 1402 veris,
1327 1337 1421 1393 sed
1443 1339 1787 1396 calumniosis
1807 1342 1910 1396 cri-

329 1424 554 1480 minibus
585 1425 898 1496 appetittuu,
927 1433 981 1481 et
1006 1427 1359 1496 perniciosam
1401 1431 1718 1485 sententiam
1755 1445 1908 1486 suam

327 1515 596 1572 mortifero
614 1515 819 1587 pudore
849 1531 955 1570 non
980 1515 1261 1584 deserunt;
1295 1517 1389 1574 sed
1430 1533 1552 1574 cum
1579 1520 1683 1576 illis
1712 1521 1907 1591 quibus

327 1604 592 1662 dicimus:
624 1604 843 1660 Etiamsi
882 1605 1008 1660 mali
1039 1605 1263 1662 fuissent
1302 1616 1522 1677 prepter
1546 1623 1679 1680 quos
1722 1610 1773 1663 in
1799 1610 1906 1665 Ee-

323 1698 482 1755 clesia
507 1711 613 1754 non
635 1698 786 1765 estis,
800 1713 896 1754 vos
921 1707 1096 1754 tamen
1115 1713 1210 1755 eos
1229 1699 1449 1756 ferendo
1471 1716 1604 1772 quos
1618 1703 1905 1760 emendare

322 1800 411 1848 aut
443 1806 721 1864 segregare
754 1791 973 1848 minime
1005 1792 1279 1863 poteratis,
1312 1793 1364 1848 in
1417 1792 1655 1850 Ecclesia
1693 1811 1904 1866 perma-

320 1899 446 1942 nere
469 1884 752 1943 debuistis.
784 1883 1010 1953 Quidam
1026 1899 1154 1940 vero
1169 1898 1201 1940 e
1224 1886 1492 1940 contrario
1518 1887 1899 1956 periclitantes,

318 1992 436 2036 cum
490 1977 755 2034 bonorum
797 1976 1168 2048 malorumque
1221 1977 1651 2034 commixtionem
1699 1978 1750 2032 in
1802 1978 1902 2032 Ec-

317 2067 475 2126 clesia
502 2067 922 2124 demonstratam
934 2068 1019 2124 vel
1040 2067 1346 2139 praedictam
1364 2084 1484 2125 esse
1510 2070 1896 2140 perspexerint,

316 2169 372 2218 et
387 2161 656 2231 patientiae
677 2169 946 2233 praecepta
969 2159 1254 2217 didicerint
1287 2160 1427 2232 (qua:
1447 2163 1517 2215 ita
1542 2175 1639 2216 nos
1660 2161 1900 2216 ﬁrmissi-

315 2265 432 2308 mos
469 2251 740 2318 reddunt,
769 2259 829 2306 ut
852 2251 1012 2306 etiam
1041 2251 1086 2306 si
1138 2250 1389 2306 videntur
1422 2251 1476 2306 in
1514 2251 1751 2307 Ecclesia
1780 2266 1900 2307 esse

314 2343 535 2409 zizania,
561 2356 668 2397 non
699 2349 878 2397 tamen
905 2340 1225 2412 impediatur
1248 2349 1337 2396 aut
1363 2340 1514 2408 ﬁdes,
1546 2349 1637 2396 aut
1669 2340 1900 2396 charitas

314 2442 517 2499 nostra,
547 2441 605 2488 ut
627 2433 879 2503 quoniam
906 2431 1107 2487 zizania
1136 2447 1256 2488 esse
1286 2432 1339 2486 in
1357 2431 1590 2486 Ecclesia
1605 2433 1894 2500 cernimus,

313 2525 411 2597 ipsi
424 2524 494 2580 de
518 2523 760 2580 Ecclesia
788 2523 1142 2595 recedamus),
1171 2521 1563 2578 destituendam
1589 2530 1777 2592 putant
1795 2521 1900 2577 Ec-

312 2615 486 2672 clesite
504 2613 844 2685 disciplinam
867 2615 908 2680 ί,
943 2612 1228 2684 quamdam
1254 2611 1708 2683 perversissimam
1737 2625 1896 2669 secu-

309 2707 518 2763 ritatem
547 2707 846 2778 praepositis
867 2706 1181 2772 tribuentes,
1219 2714 1278 2761 ut
1302 2705 1370 2761 ad
1395 2719 1488 2762 eos
1510 2720 1616 2761 non
1639 2707 1900 2776 pertineat

311 2799 410 2855 nisi
434 2799 615 2855 dicere
637 2798 765 2870 quid
777 2798 1074 2855 cavendum
1092 2795 1283 2868 quidve
1299 2795 1595 2853 faciendum
1611 2796 1700 2864 sit,
1722 2795 1897 2868 quod-

309 2889 436 2946 libet
455 2899 634 2945 autem
667 2889 892 2960 quisque
919 2887 1077 2944 faciat
1099 2901 1205 2943 non
1227 2902 1433 2943 curare.

374 2979 602 3038 CAPUT
621 2979 818 3036 V.—7.
837 2979 982 3036 Sana
1002 2979 1229 3034 doctrina
1251 2988 1324 3033 est
1339 2987 1393 3032 ut
1408 2993 1496 3032 nec
1516 2987 1720 3050 prepter
1734 2979 1895 3034 malos

306 3074 572 3130 recedatur
621 3073 686 3128 ab
729 3071 982 3140 Ecclesia,
1022 3087 1113 3127 nec
1151 3072 1205 3126 in
1243 3071 1404 3125 malos
1444 3071 1581 3142 ipsos
1614 3071 1895 3143 negligatur

307 3163 598 3236 disciplina.
628 3164 738 3221 Nos
766 3179 896 3220 vero
938 3162 1007 3219 ad
1059 3177 1242 3218 sanam
1283 3161 1577 3218 doctrinam
1625 3163 1894 3233 pertinere

303 3256 634 3313 arbitramur
661 3271 725 3311 ex
753 3255 993 3326 utrisque
1015 3253 1332 3309 testimoniis
1355 3253 1518 3308 vitam
1543 3253 1892 3309 sententiam-

301 3362 406 3418 que
429 3347 696 3404 moderari
724 3349 768 3413 ί,
801 3355 860 3402 ιιι
882 3353 938 3402 et
960 3360 1120 3402 canes
1134 3345 1189 3400 in
1213 3343 1452 3402 Ecclesia
1474 3353 1693 3416 propter
1706 3359 1890 3416 pacem

300 3437 562 3497 Ecclesia:
599 3439 913 3508 toleremus,
943 3446 1000 3495 et
1044 3438 1269 3494 canibus
1311 3447 1556 3493 sanetum
1584 3479 1599 3506 ,
1655 3438 1744 3493 ubi
1788 3453 1892 3510 pax

300 3529 562 3588 Ecclesia:
609 3539 722 3586 tuta
745 3541 849 3600 est,
903 3545 1013 3586 non
1062 3529 1272 3586 demus.
1315 3528 1445 3584 Cum
1493 3544 1621 3600 ergo
1648 3531 1761 3585 sive
1794 3545 1890 3600 per

295 3624 677 3696 negligentiam
700 3623 1126 3695 praepositorum,
1155 3622 1272 3678 sive
1297 3636 1392 3692 per
1416 3621 1644 3692 aliquam
1669 3637 1890 3678 excusa-

295 3717 462 3775 bilem
489 3718 898 3786 necessitatem,
917 3716 1030 3772 sive
1051 3731 1146 3786 per
1172 3715 1405 3771 occultas
1429 3715 1772 3786 obreptiones
1801 3719 1885 3770 in-

307 3811 559 3867 venimus
587 3811 643 3866 in
668 3809 909 3866 Ecclesia
945 3809 1137 3876 malos,
1168 3822 1302 3878 quos
1327 3806 1681 3863 ecclesiastica
1722 3808 1888 3864 disci-

293 3904 443 3976 plina
465 3904 743 3975 corrigere
770 3912 861 3958 aut
889 3915 1144 3962 coercere
1166 3916 1274 3956 non
1298 3914 1616 3971 possumus;
1643 3907 1770 3956 tunc
1793 3899 1885 3973 (ne

289 3995 556 4052 ascendat
595 3995 650 4050 in
680 4008 775 4051 cor
806 4001 1046 4049 nostrum
1093 3991 1255 4062 impia
1304 3999 1358 4046 et
1395 3991 1694 4062 perniciosa
1743 4006 1881 4061 prae-

286 4089 558 4160 sumptio,
582 4101 686 4159 qua
709 4085 1077 4143 existimemus
1096 4097 1193 4139 nos
1212 4083 1281 4138 ab
1296 4082 1380 4138 his
1405 4097 1522 4138 esse
1538 4081 1878 4153 separandos,

285 4186 356 4234 ut
381 4177 620 4248 peccatis
649 4190 834 4234 eorum
883 4190 990 4231 non
1039 4173 1402 4246 inquinemur,
1449 4181 1608 4243 atque
1653 4173 1724 4228 ita
1761 4183 1884 4244 post

281 4282 394 4325 nos
422 4266 641 4324 trahere
660 4282 916 4325 conemur
935 4265 1101 4322 veluti
1121 4263 1348 4322 mundos
1371 4273 1687 4336 sanctosque
1722 4263 1880 4321 disci-

283 4361 472 4433 pulos,
498 4361 568 4416 ab
589 4360 809 4416 unitatis
827 4374 1084 4431 compage
1105 4358 1254 4430 quasi
1280 4372 1308 4412 a
1328 4357 1586 4412 malorum
1610 4358 1879 4414 consortio

283 4450 629 4526 sqregatos)
657 4451 876 4509 veniant
901 4452 956 4508 in
989 4458 1222 4507 mentem
1253 4449 1359 4505 illa:
1383 4447 1451 4504 de
1491 4448 1778 4520 Scripturis
1801 4451 1877 4506 si-

281 4543 623 4600 militudines
646 4552 703 4599 et
733 4543 910 4598 divina
936 4541 1152 4598 oracula
1183 4539 1267 4596 vel
1292 4540 1587 4596 certissima
1611 4541 1874 4612 exempla,

279 4638 488 4710 quibus
513 4637 944 4694 demonstratum
973 4643 1028 4693 et
1053 4634 1462 4707 praenuntiatum
1493 4641 1595 4700 est,
1625 4634 1794 4689 malos
1823 4633 1876 4689 in

276 4731 540 4789 Ecclesia
566 4731 865 4802 permixtos
888 4728 1044 4784 bonis
1069 4740 1237 4798 usque
1263 4726 1314 4781 in
1343 4725 1499 4782 ﬁnem
1530 4725 1710 4781 saeculi
1739 4734 1872 4780 tem‘

274 4838 497 4896 pesque
533 4821 721 4893 iudicii
770 4820 997 4886 futuros,
1038 4827 1093 4874 et
1120 4817 1252 4873 nihil
1295 4817 1449 4873 bonis
1506 4817 1558 4872 in
1583 4816 1784 4872 unitate
1811 4831 1875 4872 ac

274 4914 698 4986 participatione
719 4912 1189 4969 Sacramentorum
1209 4909 1300 4980 qui
1339 4924 1524 4966 eorum
1565 4907 1717 4964 factis
1763 4923 1873 4964 non

269 5007 664 5064 consenserint
699 5005 999 5062 obfuturos.
1045 5004 1177 5060 Cum
1211 5018 1340 5058 vero
1367 5003 1446 5058 eis
1490 5019 1584 5074 per
1608 5017 1740 5073 quos
1767 5001 1873 5058 Ec-

266 5100 445 5157 clesia
475 5099 702 5170 regitur,
725 5098 877 5154 adest
905 5098 1046 5153 salva
1071 5111 1204 5168 pace
1244 5095 1497 5151 Ecclesiae
1526 5105 1762 5165 potestas
1790 5096 1872 5152 di-

261 5191 528 5260 sciplinte
557 5190 819 5245 adversus
853 5189 1123 5259 improbos
1163 5195 1254 5241 aut
1281 5183 1514 5240 nefarios
1538 5184 1868 5254 exercendte,

263 5291 411 5334 tunc
432 5294 644 5344 rursus,
675 5293 743 5333 ne
767 5277 1006 5335 socordia
1034 5275 1363 5348 segnitiaque
1382 5273 1728 5338 dormiamus,
1754 5275 1872 5331 aliis

259 5370 487 5426 aculeis
504 5377 913 5440 praceptorum,
934 5385 1052 5438 quze
1072 5369 1138 5423 ad
1168 5366 1502 5423 severitatem
1537 5365 1872 5422 eoercitionis

258 5461 577 5531 pertinent,
599 5460 864 5517 excitandi
890 5476 1096 5528 sumus,
1129 5471 1186 5515 ut
1210 5471 1428 5530 gressus
1455 5466 1668 5513 nostros
1693 5459 1745 5513 in
1786 5458 1868 5512 via

257 5551 500 5608 Domini
530 5567 600 5608 ex
625 5551 866 5623 utrisque
888 5549 1208 5608 testimoniis
1229 5550 1323 5605 illo
1348 5549 1483 5606 duce
1521 5556 1679 5618 atque
1720 5547 1870 5618 adju-

326 5710 350 5743 ³
392 5713 469 5761 Ita
643 5709 764 5775 aditi
780 5718 964 5774 autem,
982 5709 1323 5764 instituendam
1340 5714 1510 5775 putant
1531 5719 1632 5761 esse
1645 5714 1693 5760 et
1714 5705 1870 5759 Eccle-

426 5767 818 5836 ιιάίεάριεηωη.

322 5835 353 5869 ³
391 5843 504 5888 Am.
529 5831 712 5895 ann,
741 5839 898 5886 tutam
926 5831 1488 5888 sententitanmoderart.

565 5915 796 5982 Sacr.
827 5917 1108 5985 Ausus'r.
1136 5917 1246 5982 VI.

1767 401 1972 462 LIBER
2010 400 2207 468 UNUS.

2037 537 2152 582 tore
2181 528 2470 600 dirigentes
2494 529 2532 601 ’,
2563 551 2658 592 nec
2687 526 2950 608 patientiae
2980 541 3194 598 nomine
3219 552 3610 616 torpescamus,

2034 633 2133 674 nec
2155 619 2374 676 obtentu
2397 624 2679 694 diligentiae
2704 633 3002 688 szeviamus.

2101 709 2325 766 CAPUT
2345 712 2407 767 Vl
2416 754 2428 768 .
2451 717 2584 772 —8.
2601 717 2678 772 Ad
2693 719 3004 792 Baptismum
3019 740 3086 780 an
3101 724 3436 782 admittendus
3454 726 3611 782 adul-

2029 807 2106 853 ter
2125 809 2171 853 et
2192 813 2423 870 peccator
2451 823 2550 861 non
2573 821 2841 867 correctus.
2875 813 2951 867 An
2978 826 3227 886 praecepta
3251 817 3370 870 bene
3410 817 3608 873 vivendi

2027 905 2128 944 non
2152 892 2293 961 prius
2323 897 2569 951 tradenda
2592 917 2741 968 quant
2767 901 3079 974 Baptismus.
3114 905 3221 961 Hac
3249 922 3378 977 ergo
3411 923 3606 964 secun-

2025 983 2151 1038 dum
2178 999 2359 1042 sanam
2380 989 2674 1047 doctrinam
2699 995 3060 1052 moderatione
3080 1007 3309 1062 servata,
3334 999 3609 1056 videamus

2023 1075 2164 1132 unde
2188 1079 2381 1148 agitur,
2412 1081 2461 1136 id
2483 1092 2582 1150 est,
2602 1095 2774 1140 utrum
2793 1087 2859 1141 ad
2876 1089 3269 1159 percipiendum
3281 1090 3607 1161 Baptismum

2021 1167 2104 1223 sic
2122 1169 2434 1227 admittendi
2475 1184 2598 1230 sunt
2624 1175 2890 1244 homines,
2920 1188 2978 1233 ut
3004 1179 3147 1234 nulla
3178 1180 3249 1234 ibi
3277 1181 3457 1251 vigilet
3485 1181 3607 1237 dili-

2021 1259 2220 1329 gentia,
2253 1278 2320 1317 ne
2340 1272 2581 1319 sanctum
2603 1267 2824 1323 canibus
2851 1267 3042 1336 detur;
3069 1285 3234 1341 usque
3261 1271 3395 1327 adeo
3424 1280 3480 1327 ut
3505 1287 3605 1328 nec

2019 1352 2341 1420 apertissimi
2371 1354 2617 1412 adulterii
2657 1368 3054 1429 perpetratores
3085 1370 3137 1416 et
3179 1363 3294 1432 ejus
3344 1379 3601 1433 perseve-

2018 1442 2207 1497 rantim
2254 1447 2589 1514 professores
2625 1463 2655 1502 a
2704 1449 3052 1507 Sacramento
3109 1461 3266 1508 tantae
3306 1454 3601 1509 sanctitatis

2017 1531 2299 1591 videantur
2323 1539 2535 1595 arcendi
2561 1560 2575 1596 :
2595 1556 2699 1612 quo
2719 1543 2834 1599 sine
2850 1543 3012 1600 dubio
3043 1560 3147 1600 non
3172 1545 3595 1613 admitterentur,

2015 1627 2064 1680 si
2090 1642 2184 1696 per
2211 1629 2353 1698 ipsos
2381 1630 2496 1687 dies
2521 1634 2710 1704 quibus
2741 1636 2986 1692 eamdem
3011 1639 3235 1709 gratiam
3269 1641 3591 1708 percepturi,

2013 1717 2126 1771 suis
2151 1721 2452 1777 nominibus
2506 1723 2664 1791 datis,
2708 1726 3050 1793 abstinentia,
3100 1729 3338 1798 jejuniis,
3386 1731 3597 1785 exorci-

2014 1806 2246 1876 smisque
2270 1821 2577 1881 purgantur,
2596 1829 2716 1868 cum
2736 1816 3110 1888 suislegitimis
3121 1819 3323 1874 etveris
3344 1821 3598 1876 uxoribus

2012 1911 2073 1952 se
2089 1900 2462 1958 concubituros
2485 1904 2878 1974 proﬁterentur,
2896 1917 3055 1978 atque
3070 1907 3228 1978 hujus
3239 1910 3338 1973 rei,
3354 1910 3597 1978 quamvis

2011 1989 2116 2045 alio
2133 1998 2369 2062 tempore
2385 1995 2559 2062 licitae,
2575 1998 2757 2066 paucis
2774 1999 2902 2069 ipsis
2927 2001 3254 2058 solemnibus
3269 2002 3459 2058 diebus
3473 2004 3594 2058 nul-

2009 2078 2116 2134 lam
2146 2083 2528 2140 continentiam
2557 2098 2884 2146 servaturos.
2914 2090 3030 2159 Quo
3055 2091 3214 2148 modo
3231 2093 3388 2164 igitur
3416 2093 3481 2151 ad
3502 2093 3592 2152 illa

2009 2181 2192 2226 sancta
2222 2189 2476 2231 recusans
2499 2179 2884 2236 correctionem
2917 2181 3123 2238 adulter
3138 2183 3454 2255 admittitur,
3485 2205 3592 2260 quo

2005 2276 2262 2318 recusans
2282 2265 2706 2324 observationem
2736 2287 2842 2328 non
2859 2273 3154 2330 admittitur
3174 2277 3530 2349 coniugatus?

2077 2353 2131 2408 9.
2172 2354 2278 2410 Sed
2304 2356 2470 2426 prius,
2517 2359 2781 2430 inquiunt,
2819 2363 3145 2433 baptizetur;
3179 2367 3371 2424 deinde
3397 2371 3588 2428 docea-

2007 2451 2094 2499 tur
2120 2446 2247 2517 quid
2267 2447 2334 2502 ad
2359 2448 2552 2505 bonam
2582 2452 2742 2508 vitam
2771 2469 3054 2526 moresque
3073 2459 3356 2528 pertineat.
3381 2462 3464 2518 Fit
3483 2464 3588 2520 hoe

2005 2536 2095 2592 ubi
2118 2552 2439 2609 quemquam
2464 2541 2600 2598 forte
2618 2542 2733 2599 dies
2759 2542 2914 2615 urget
2939 2557 3232 2616 extremus,
3261 2559 3318 2606 ut
3338 2551 3403 2607 ad
3424 2554 3584 2611 verba

2005 2625 2345 2698 paucissima,
2370 2631 2561 2701 quibus
2582 2641 2761 2689 tamen
2787 2637 2968 2693 omnia
2993 2639 3350 2712 continentur,
3378 2645 3580 2715 credat,

2002 2716 2510 2793 Sacramentumque
2533 2724 2816 2794 percipiat;
2865 2734 2923 2781 ut
2947 2727 2994 2783 si
3031 2743 3096 2784 ex
3124 2729 3225 2786 hac
3249 2733 3354 2788 vita
3379 2737 3582 2808 migra-

2003 2811 2161 2878 verit,
2202 2811 2453 2869 liberatus
2480 2824 2636 2871 exeat
2671 2831 2700 2871 a
2739 2827 2889 2874 reatu
2915 2823 3311 2891 praeteritorum
3338 2828 3576 2886 omnium

2001 2912 2359 2974 peccatorum.
2403 2906 2458 2962 Si
2501 2918 2679 2964 autem
2723 2925 2886 2968 sanus
2915 2914 3078 2984 petit,
3123 2919 3458 2992 spatiumque
3500 2924 3575 2980 di-

1998 2993 2181 3049 seendi
2229 3005 2332 3062 est,
2369 2996 2512 3066 quod
2549 2998 2688 3054 aliud
2726 3004 3076 3072 opportunius
3111 3014 3321 3079 tempus
3346 3015 3573 3082 reperiri

2000 3092 2210 3154 potest,
2235 3101 2341 3156 quo
2363 3087 2542 3143 audiat
2566 3092 3014 3160 quemadmodum
3040 3095 3211 3154 ﬁdelis
3245 3101 3360 3155 ﬁeri
3388 3117 3451 3157 ac
3489 3106 3575 3159 vi-

1997 3189 2124 3230 vere
2153 3173 2366 3242 debeat,
2397 3192 2554 3248 quam
2576 3179 2705 3234 illud
2733 3195 2856 3236 cum
2882 3185 3169 3242 attentiore
3195 3189 3377 3247 animo
3409 3202 3572 3264 atque

1997 3265 2110 3336 ipsa
2138 3265 2393 3337 religione
2413 3282 2674 3338 suspenso
2703 3271 3067 3331 saluberrima:
3099 3276 3221 3333 ﬁdei
3244 3278 3570 3340 Sacramen-

1997 3366 2106 3414 tum
2137 3359 2307 3430 petit?
2348 3361 2429 3416 An
2475 3376 2642 3433 usque
2667 3362 2801 3420 adeo
2842 3364 3238 3427 dissimulamus
3263 3386 3294 3426 a
3322 3375 3571 3434 sensibus

1994 3449 2211 3516 nostris,
2243 3458 2300 3505 ut
2324 3451 2407 3506 vel
2431 3465 2528 3506 nos
2559 3451 2702 3522 ipsos
2721 3468 2831 3510 non
2847 3455 3192 3514 recordemur
3209 3476 3371 3532 quam
3398 3463 3568 3522 fueri-

1993 3556 2112 3596 mus
2153 3542 2339 3597 attenti
2380 3550 2540 3613 ntque
2577 3543 2786 3599 solliciti
2816 3547 2942 3617 quid
2969 3549 3122 3606 nobis
3153 3555 3501 3626 praeciperent
3530 3574 3563 3614 a

1992 3631 2184 3704 quibus
2199 3631 2676 3700 eatechizabamur,
2709 3649 2827 3690 cum
2854 3636 3014 3694 fontis
3039 3639 3180 3696 illius
3221 3643 3564 3703 Sacramenta

1990 3731 2470 3792 peteremus,atque
2481 3721 2550 3776 ob
2567 3722 2666 3778 hoc
2675 3724 2802 3780 Com
2807 3735 3043 3796 petentes
3057 3731 3214 3786 etiam
3232 3748 3561 3804 vocaremur;

1989 3815 2072 3870 vel
2087 3830 2190 3870 non
2209 3816 2504 3871 intueamur
2517 3816 2669 3882 alios,
2685 3817 2774 3887 qui
2794 3833 2890 3889 per
2903 3835 3072 3875 annos
3087 3822 3320 3892 singulos
3333 3827 3399 3880 ad
3419 3829 3563 3882 lava-

1987 3920 2137 3960 crum
2152 3907 2567 3976 regenerationis
2582 3919 2886 3975 accurrunt,
2909 3911 3092 3978 quales
3111 3912 3216 3965 sint
3235 3913 3362 3981 ipsis
3376 3915 3563 3974 diebus

1987 3995 2176 4067 quibus
2186 3996 2597 4062 catechizantur,
2617 3999 3002 4064 exercizantur,
3025 4010 3349 4072 scrutantur,
3366 4019 3560 4077 quanta

1986 4087 2250 4159 vigilantia
2293 4087 2626 4157 conveniant,
2657 4104 2763 4160 quo
2804 4090 2980 4148 studio
3003 4091 3266 4162 ferveant,
3305 4112 3406 4168 qua
3433 4115 3561 4157 cura

1985 4180 2280 4252 pendeant?
2304 4181 2359 4236 Si
2390 4190 2510 4236 tunc
2533 4190 2738 4253 tempus
2758 4198 2862 4239 non
2885 4194 2966 4239 est
2983 4185 3219 4242 discendi
3249 4189 3292 4256 ²,
3316 4206 3434 4260 quae
3456 4194 3560 4249 vita

1985 4281 2239 4345 congruat
2254 4282 2418 4341 tanto,
2431 4273 2571 4344 quod
2585 4274 2826 4345 accipere
2837 4275 3162 4345 desiderant,
3177 4279 3522 4339 Sacramento
3538 4302 3554 4351 ;

1983 4352 2201 4438 quando
2243 4364 2400 4422 erit?
2452 4367 2533 4420 An
2581 4381 2709 4422 vero
2746 4383 2867 4422 eum
2902 4371 3241 4440 acceperint,
3301 4374 3355 4427 in
3399 4376 3559 4431 tantis

1983 4457 2292 4513 criminibus
2318 4467 2687 4527 permanentes
2706 4457 2867 4513 etiam
2897 4469 3013 4529 post
3056 4459 3405 4530 Baptismum,
3445 4479 3554 4520 non

1984 4550 2106 4605 novi
2133 4549 2394 4614 homines,
2417 4547 2512 4603 sed
2541 4547 2616 4602 rei
2647 4547 2894 4603 veteres?
2925 4558 2981 4602 ut
3008 4549 3252 4604 videlicet
3286 4554 3554 4620 perversi-

1983 4647 2091 4694 tate
2115 4638 2342 4694 mirabili
2371 4637 2516 4707 prius
2541 4637 2619 4692 eis
2639 4636 2864 4702 dicatur,
2896 4637 3098 4693 lnduite
3141 4639 3410 4696 hominem
3455 4658 3554 4696 no-

1981 4745 2136 4793 vum;
2187 4737 2239 4784 et
2270 4742 2390 4782 cum
2437 4725 2602 4780 induti
2645 4725 2860 4793 fuerint,
2899 4737 3080 4797 postea
3103 4728 3328 4793 dicatur,
3367 4731 3556 4786 Exuite

1979 4829 2211 4877 veterem
2244 4836 2257 4871 :
2290 4833 2408 4874 cum
2438 4817 2724 4887 Apostolus
2752 4832 2938 4872 sanum
2973 4818 3214 4874 ordinem
3249 4828 3432 4875 tenens
3465 4821 3550 4875 di-

1979 4922 2084 4981 cat,
2116 4911 2302 4966 Exuite
2327 4918 2555 4978 veterem,
2584 4918 2628 4962 et
2658 4909 2848 4964 induite
2883 4924 3065 4964 novum
3111 4908 3333 4980 (Coloss.
3365 4926 3459 4978 ιιι,
3489 4911 3544 4976 9,

1981 5005 2100 5076 t0);
2147 5013 2202 5059 et
2245 5004 2358 5074 ipse
2399 5001 2655 5057 Dominus
2683 5002 2895 5067 clamet,
2929 4998 3093 5054 Nemo
3133 5001 3290 5054 assuit
3321 5017 3546 5071 pannum

1978 5114 2158 5154 novum
2193 5097 2476 5152 vestimento
2514 5096 2682 5162 veteri,
2721 5104 2768 5149 et
2807 5109 2950 5148 nemo
2977 5094 3124 5147 mittit
3149 5093 3330 5159 ,vinum
3367 5111 3550 5150 novum

1976 5191 2030 5246 in
2057 5197 2188 5244 utres
2213 5199 2414 5243 veterea.
2444 5187 2656 5258 (Matth.
2686 5201 2764 5252 ix,
2784 5185 2872 5251 16,
2906 5182 3014 5258 17).
3044 5184 3180 5254 Quid
3206 5196 3381 5244 autem
3407 5188 3549 5242 aliud

1975 5281 2082 5353 agit
2105 5289 2270 5336 totum
2317 5289 2542 5348 tempus,
2593 5291 2700 5348 quo
2733 5277 3234 5334 catechumenorum
3278 5279 3449 5333 locum
3493 5287 3550 5332 et

1976 5386 2170 5428 nomen
2199 5375 2401 5437 tenent,
2429 5367 2530 5423 nisi
2561 5374 2620 5422 ut
2643 5366 2859 5422 audiant
2885 5381 3002 5438 qua:
3028 5367 3160 5424 ﬁdes
3187 5376 3242 5422 et
3267 5366 3438 5437 qualis
3468 5367 3547 5420 vi-

1975 5472 2030 5520 ta
2067 5463 2256 5520 debeat
2289 5476 2407 5518 esse
2444 5459 2746 5526 christiani;
2775 5468 2834 5515 ut
2858 5474 2980 5516 eum
3009 5475 3068 5516 se
3105 5461 3249 5531 ipsos
3279 5457 3545 5530 probave-

1974 5558 2098 5624 rint,
2143 5564 2270 5611 tunc
2292 5554 2359 5610 de
2386 5567 2566 5608 mensa
2606 5551 2815 5608 Domini
2845 5551 3181 5619 manducent,
3213 5559 3267 5606 et
3291 5549 3358 5606 de
3382 5551 3548 5609 calice

1974 5647 2189 5706 bibant?
2230 5645 2486 5714 Quoniam
2522 5644 2608 5715 qui
2634 5644 2904 5700 manducat
2929 5651 2978 5699 et
3003 5641 3123 5698 bibit
3157 5640 3382 5714 indigne,
3406 5643 3546 5711 judi~

2040 5768 2059 5798 ι
2091 5770 2218 5822 uss,
2239 5765 2380 5824 atque
2408 5764 2557 5824 utare.

2043 5829 2063 5860 ³
2097 5821 2222 5887 uss,
2245 5821 2455 5876 dicendi.

3069 5899 3304 5986 (Sept)

3563 5900 3580 5947 ἱ
