4124 6206
535 308 643 363 205

531 426 665 479 cium
692 421 785 477 sibi
814 420 1084 475 manducet
1113 426 1159 473 et
1194 417 1334 471 bibit.
1367 416 1409 487 (I
1440 416 1557 472 Cor.
1588 433 1660 481 χι,
1694 417 1783 481 9.8,
1816 412 1929 485 99.)
1964 413 2113 483 Quod

532 524 712 570 autem
744 513 803 567 ﬁt
833 528 927 582 per
953 526 1112 565 omne
1141 519 1368 579 tempus,
1400 523 1506 578 quo
1537 509 1587 562 in
1629 508 1861 561 Ecclesia
1892 506 2118 561 salubri-

532 617 616 664 ter
645 606 988 663 constitutum
1019 612 1120 669 est,
1152 611 1208 656 ut
1234 602 1300 656 ad
1345 616 1537 656 nomen
1576 600 1770 655 Christi
1801 599 2117 655 accedentes

531 698 1035 753 catcchumenorum
1064 693 1259 763 gradus
1282 692 1516 761 excipiat
1531 692 1571 757 ¹;
1596 690 1699 744 hoc
1721 690 1777 743 ﬁt
1801 690 1966 744 multo
1988 688 2115 743 dili-

527 789 740 857 gentius
770 796 823 841 et
849 785 1131 840 instantius
1157 783 1240 838 his
1266 783 1476 851 diebus,
1522 781 1715 851 quibus
1738 779 2116 851 Competentes

527 890 803 946 vocantur,
842 888 963 933 cum
995 877 1060 931 ad
1098 875 1493 946 percipiendum
1513 875 1842 944 Baptismum
1881 888 1975 929 sua
2015 887 2115 928 no-

526 970 667 1026 rnina
712 973 820 1039 jam
850 970 1131 1025 dederunt.

598 1060 827 1117 CAPUT
848 1059 961 1115 VII.
983 1090 1055 1099 —-
1075 1060 1161 1115 Η).
1189 1059 1343 1131 Virgo
1372 1075 1485 1131 qua:
1509 1060 1734 1115 nesciens
1758 1058 1925 1129 nupsit
1950 1057 2115 1112 alieno

527 1157 656 1219 viro,
692 1170 757 1207 an
772 1153 1019 1209 censenda
1048 1153 1111 1205 sit
1142 1152 1391 1205 adultera.
1424 1152 1779 1221 Apostolorum
1808 1150 2035 1220 exemplo
2066 1157 2116 1202 et

529 1245 708 1301 litteris
746 1247 820 1300 nil
852 1246 1024 1317 furari
1068 1247 1152 1314 qui
1206 1246 1372 1299 colunt
1400 1245 1730 1315 baptirmtdos
1756 1244 1820 1295 de
1842 1243 1951 1296 sola
1977 1242 2111 1311 ﬁda,

528 1337 804 1407 baptizatos
834 1352 947 1390 vero
987 1337 1049 1390 de
1077 1336 1301 1389 moribus
1330 1334 1699 1388 admonendos.
1730 1333 1866 1399 Quid
1915 1332 1956 1387 si
1977 1374 1991 1396 ,
2036 1332 2116 1386 in-

526 1431 715 1498 quiunt
735 1472 748 1491 ,
778 1430 928 1499 virgo
973 1429 1220 1484 nesciens
1261 1428 1379 1483 viro
1409 1427 1653 1496 nupserit
1683 1426 1900 1479 alieno?
1931 1424 2039 1478 Hoc
2068 1425 2114 1479 si

525 1535 739 1587 semper
767 1521 998 1585 neseiat,
1029 1531 1296 1589 nunquam
1346 1532 1411 1573 ex
1460 1517 1562 1571 hoc
1592 1515 1695 1571 erit
1733 1516 1973 1570 adultera
2014 1531 2026 1568 :
2062 1514 2114 1568 si

525 1620 702 1664 autem
731 1613 894 1675 sciat,
924 1611 1033 1681 jam
1075 1625 1143 1665 ex
1186 1609 1288 1663 hoc
1330 1624 1449 1663 esse
1478 1608 1736 1676 incipiet,
1768 1622 1833 1661 ex
1859 1622 1967 1676 quo
1992 1618 2113 1661 cum

526 1702 701 1755 alieno
728 1702 843 1755 viro
870 1702 1046 1755 sciens
1067 1699 1359 1754 cubaverit.
1381 1698 1531 1753 Sicut
1552 1698 1605 1752 in
1622 1698 1743 1767 jure
1767 1696 2111 1767 praediorum,

524 1792 725 1846 tamdiu
756 1794 979 1862 quisque
1008 1792 1163 1845 bonae
1188 1791 1312 1845 ﬁdei
1335 1805 1615 1860 possessor
1641 1790 1943 1845 rectissime
1976 1789 2111 1844 dici-

525 1891 631 1949 tur,
665 1883 916 1954 quamdiu
959 1899 1018 1938 se
1064 1883 1343 1952 possidere
1386 1882 1599 1951 ignorat
1650 1882 1880 1935 alienant
1927 1899 1939 1934 :
1986 1893 2107 1935 cum

525 1995 655 2033 vero
701 1980 910 2042 scierit,
943 1993 1041 2031 nec
1090 1978 1157 2031 ab
1196 1977 1370 2031 aliena
1409 1976 1753 2045 possessione
1792 1974 2111 2040 recesserit,

523 2078 651 2124 tunc
678 2072 832 2123 malze
860 2068 980 2123 ﬁdei
1010 2068 1341 2137 perhibetur,
1374 2076 1499 2121 tunc
1525 2068 1665 2137 justc
1700 2067 1927 2135 injustus
1956 2080 2114 2121 voca-

524 2169 633 2214 tur.
682 2159 834 2214 Absit
873 2174 1000 2229 ergo
1049 2168 1108 2213 nt
1147 2172 1308 2212 sensu
1353 2159 1511 2227 plane
1548 2174 1653 2211 non
1702 2158 1968 2222 humano,
2018 2157 2113 2212 sed

524 2251 682 2320 plane
720 2264 860 2304 vano
908 2250 985 2303 sic
1034 2249 1309 2304 doleamus
1355 2264 1474 2303 cum
1509 2248 1701 2318 ﬂagitia
1749 2248 2110 2319 corriguntur,

524 2350 778 2409 tanquam
828 2340 1093 2395 connubia
1145 2339 1507 2394 dirimentur:
1542 2339 1772 2393 maxime
1812 2338 1864 2391 in
1897 2338 2113 2393 civitate

522 2431 618 2485 Dei
646 2432 835 2497 nostri,
860 2431 913 2484 in
941 2438 1122 2486 monte
1151 2439 1338 2485 sancto
1363 2430 1479 2499 ejus
1508 2427 1677 2500 (Psal.
1712 2446 1852 2483 XLVII
1872 2471 1887 2495 ,
1910 2429 1981 2497 2,
2012 2428 2072 2502 ’5)
2094 2471 2110 2499 ,

519 2521 628 2576 hoc
655 2530 738 2576 est
767 2523 819 2576 in
852 2522 1087 2577 Ecclesia
1108 2563 1122 2587 ,
1154 2521 1242 2575 ubi
1275 2522 1576 2590 nuptiarum
1597 2536 1703 2575 non
1736 2522 2114 2577 solum‘vincu-

523 2614 884 2679 lum,verum
930 2615 1089 2668 etiam
1136 2622 1528 2667 sacramentum
1573 2612 1645 2667 ita
1684 2613 2112 2682 commendatur,

522 2714 582 2761 ut
606 2718 711 2760 non
738 2706 893 2760 liceat
917 2706 1035 2759 viro
1068 2720 1285 2760 uxorem
1314 2718 1463 2760 suam
1506 2705 1661 2759 alteri
1692 2705 1935 2768 tradere;
1968 2706 2113 2775 quod

522 2797 576 2850 in
612 2795 884 2865 republica
922 2805 1051 2849 tunc
1093 2794 1331 2850 Romana
1356 2835 1368 2858 ,
1402 2809 1506 2849 non
1536 2795 1708 2849 solum
1745 2795 1966 2851 minime
1996 2796 2113 2851 cul-

520 2886 789 2957 pabiliter,
824 2901 1006 2940 verum
1047 2886 1207 2941 etiam
1236 2885 1575 2942 laudabiliter
1602 2886 1735 2940 Cato
1766 2886 1957 2943 fecisse
1988 2902 2112 2958 per-

520 2975 736 3031 hibetur
781 2976 1078 3045 (Plutarch.
1147 2978 1201 3031 in
1245 2976 1432 3031 Catone
1476 2979 1711 3048 minore).
1758 2979 1941 3049 Neque
1987 2979 2113 3036 hinc

521 3066 720 3121 diutius
761 3066 918 3121 modo
944 3066 1218 3136 disputare
1258 3081 1395 3136 opus
1422 3076 1503 3122 est
1526 3109 1539 3134 ,
1568 3083 1687 3122 cum
1718 3078 1771 3122 ct
1798 3068 1871 3122 illi
1919 3068 2113 3139 quibus

520 3158 824 3228 respondeo
854 3174 959 3213 non
986 3158 1219 3212 audeant
1244 3158 1547 3223 afﬁrmare,
1592 3158 1797 3213 nullum
1845 3158 1948 3214 hoc
1992 3172 2112 3215 esse

520 3259 834 3320 peccatum,
864 3264 1042 3317 neque
1082 3256 1279 3319 negent
1329 3265 1447 3304 esse
1494 3249 1848 3315 adulterium,
1896 3266 1965 3307 ne
2008 3253 2111 3321 ipsi

522 3341 749 3395 Domino
776 3350 1067 3408 sanctoque
1089 3339 1381 3408 Evangelia
1407 3350 1587 3410 aperte
1614 3342 1998 3397 convincuntur
2016 3344 2112 3399 ob-

518 3432 732 3485 sistere.
766 3430 873 3484 Sed
901 3446 1021 3483 ctnn
1052 3430 1131 3484 eis
1152 3430 1327 3499 placet
1352 3430 1581 3498 primum
1612 3431 1969 3488 admittendos
1990 3449 2110 3491 esse

522 3521 658 3575 tales
686 3520 753 3574 ad
786 3520 1182 3590 percipiendum
1229 3520 1479 3588 Baptismi
1513 3531 1904 3578 sacramentum
1950 3534 2003 3580 et
2038 3527 2109 3582 ad

520 3611 851 3666 Dominicam
878 3624 1117 3665 mensam
1139 3652 1152 3674 ,
1178 3612 1383 3666 etiamsi
1410 3614 1801 3668 correctionem
1824 3630 1960 3672 voce
1990 3632 2106 3673 ma-

520 3705 867 3760 nifestissima
902 3702 1300 3761 recusaverint:
1332 3704 1442 3757 imo
1469 3719 1595 3758 vero
1624 3705 1756 3759 nihil
1782 3721 1877 3761 eos
1914 3706 1980 3763 de
2008 3709 2109 3765 hac

516 3810 580 3851 re.
609 3810 828 3865 prorsus
854 3793 1128 3849 admoneri
1158 3802 1408 3864 oportere
1428 3835 1441 3859 ,
1466 3794 1560 3849 sed
1592 3804 1775 3865 postea
1810 3797 2019 3866 doceri;
2052 3809 2109 3855 ut

519 3888 567 3941 si
627 3886 878 3957 praaeepti
926 3887 1349 3941 observationem
1405 3888 1733 3956 receperint,
1788 3890 2107 3963 culpamque

519 3981 882 4044 correxerint,
911 3980 1206 4035 habeantur
1232 3980 1285 4034 in
1314 3980 1521 4046 tritico;
1555 3981 1599 4036 si
1642 3990 1819 4037 autem
1861 3992 2104 4039 contem-

517 4074 725 4142 pserint
745 4113 759 4138 ,
782 4072 918 4125 inter
947 4072 1146 4125 zizania
1176 4073 1648 4127 tolerentur:satis
1679 4074 1967 4130 ostendunt
1997 4090 2103 4131 non

518 4177 580 4217 se
620 4162 841 4217 crimina
874 4160 977 4214 ista
1010 4160 1325 4227 defendere,
1366 4171 1458 4215 aut
1484 4163 1633 4231 quasi
1676 4164 1810 4218 levia
1849 4165 1931 4220 vel
1962 4166 2105 4222 nulli

519 4253 628 4308 sint
674 4266 849 4322 agere.
897 4251 1028 4315 Quis
1058 4250 1198 4305 enim
1231 4250 1549 4305 adulterium
1592 4252 1747 4307 boum
1798 4256 1911 4323 spei
1956 4258 2103 4313 chri-

518 4344 723 4398 stianus
746 4342 951 4396 nullum
982 4356 1077 4395 seu
1106 4354 1333 4410 parvum
1355 4340 1558 4397 crimen
1583 4343 1889 4400 existimet?

592 4436 678 4490 tl.
710 4434 964 4489 Ordinem
995 4443 1172 4489 tamen
1218 4446 1325 4503 quo
1352 4432 1470 4489 haec
1494 4435 1547 4490 in
1578 4435 1695 4491 aliis
1720 4438 1803 4492 vel
1834 4439 2105 4511 corrigan-

516 4538 603 4584 tur
628 4528 709 4583 vel
740 4527 995 4586 ferantur.
1024 4525 1091 4581 de
1128 4524 1420 4596 Scripturis
1446 4528 1644 4583 sanctis
1672 4545 1731 4585 se
1757 4531 1995 4601 proferre
2018 4548 2105 4589 ar-

515 4623 802 4683 bitrantur,
831 4634 951 4674 cum
998 4618 1181 4673 dicunt
1224 4618 1511 4689 Apostolos
1558 4620 1636 4677 sic
1677 4622 1885 4691 egisse;
1938 4632 1994 4679 et
2036 4625 2104 4682 de

517 4715 734 4771 Litteris
773 4728 958 4768 eorum
1007 4711 1250 4782 quaedam
1292 4713 1600 4767 testimonia
1651 4715 1961 4786 proferunt,
2015 4719 2104 4775 ubi

515 4807 856 4877 reperiuntur
909 4804 1057 4874 prius
1118 4803 1416 4857 insinuasse
1465 4803 1762 4860 doctrinam
1829 4807 1987 4876 ﬁdei,
2038 4822 2103 4864 ac

515 4900 707 4955 deinde
729 4910 936 4953 morum
968 4894 1250 4951 tradidisse
1280 4905 1566 4965 prmcepta.
1591 4897 1765 4966 Atque
1792 4898 1916 4955 hinc
1932 4901 2101 4956 intel-

516 4991 606 5060 ligi
655 4992 874 5055 volunt,
918 4988 1047 5043 'ﬁdei
1092 4987 1459 5042 tantummodo
1494 4988 1733 5057 regulam
1772 4990 2102 5060 baptizandis

516 5096 637 5137 esse
667 5080 1037 5134 insinuandam
1064 5080 1107 5145 ’,
1138 5086 1324 5150 postea
1346 5093 1477 5134 vero
1498 5078 1607 5148 jam
1636 5078 1911 5150 baptizatis
1939 5085 2101 5140 etiam

514 5173 637 5227 vita:
682 5171 733 5226 in
775 5171 967 5224 melius
1011 5169 1276 5225 mutanda:
1322 5179 1584 5241 praecepta
1607 5171 1870 5227 tradenda
1905 5193 1917 5228 :
1949 5176 2099 5245 quasi

517 5265 719 5335 aliquas
734 5260 1105 5333 Apostolorum
1126 5258 1396 5330 Epistolas
1415 5261 1592 5331 legant
1608 5260 1672 5316 ad
1697 5277 1790 5317 eos
1818 5264 1904 5332 qui
1932 5264 2101 5335 bapti-

518 5359 673 5414 zandi
715 5362 839 5411 sunt
876 5353 1027 5409 datas
1052 5393 1066 5418 ,
1098 5353 1188 5406 ubi
1213 5353 1280 5408 de
1309 5354 1420 5408 sola
1444 5354 1551 5409 ﬁde
1579 5352 2019 5425 disputaverunt;
2046 5365 2101 5413 et

522 5450 651 5506 alias
677 5448 742 5505 ad
765 5446 1061 5518 baptizatos
1080 5486 1095 5511 ,
1125 5444 1317 5514 quibus
1344 5454 1611 5518 prtecepta
1641 5446 1709 5502 de
1729 5449 1883 5502 malis
1904 5462 2099 5505 carem

576 5611 601 5644 ε
626 5609 769 5668 um,
782 5605 1043 5671 accipiant.
1059 5604 1349 5655 minuitis
1367 5612 1495 5671 Mss,
1517 5604 1763 5671 excipiat;
1788 5608 1893 5670 ipse
1910 5607 2100 5661 scilicet

515 5670 695 5734 gradus
734 5667 1193 5720 catechumeuorum
1239 5680 1325 5717 eos
1359 5669 1443 5729 qui
1487 5668 1545 5717 ad
1590 5667 1760 5718 Christi
1802 5667 1981 5723 nomen
2015 5682 2099 5721 ac-

858 5792 1071 5856 Atedju,
1106 5789 1343 5847 intrmand'
1343 5802 1442 5842 am.
1870 5758 1883 5763 ’

1498 302 1585 357 DE
1626 299 1780 355 FIDE
1823 296 1909 353 ET
1947 295 2307 367 OPERIBUS,
2350 301 2407 358 S.
2449 301 2823 362 AUGUSTINI

3701 306 3811 365 1οι

2226 421 2309 477 dis
2352 422 2611 493 bonisque
2650 418 2988 476 instituendis
3014 418 3252 474 moribus
3280 418 3639 476 continentur.
3671 414 3805 476 Cum

2226 513 2385 583 igitur
2406 527 2499 569 eos
2523 512 2589 567 ad
2614 511 2947 567 Christianos
2968 510 3079 579 jam
3120 509 3412 579 baptizatos
3439 509 3654 566 dedisse
3680 506 3806 566 Lit-

2226 610 2368 658 teras
2397 612 2639 671 constet,
2678 619 2775 657 cur
2801 612 3028 672 utroque
3072 616 3320 658 sermone
3357 611 3621 658 contextae.
3650 611 3807 670 sunt,

2224 702 2369 749 eteo
2406 694 2606 750 scilicet
2636 694 2724 764 qui
2754 693 2818 748 ad
2851 694 3006 750 ﬁdem
3028 734 3042 757 ,
3077 701 3133 749 et
3164 707 3231 747 eo
3262 693 3357 763 qui
3399 692 3466 747 ad
3506 693 3667 747 vitam
3702 693 3812 749 'bo-

2225 800 2348 839 nam
2389 786 2655 856 pertinet?
2693 786 2774 842 An
2814 786 2954 842 forte
2992 786 3099 857 jam
3134 786 3317 855 placet
3378 794 3435 839 ut
3478 782 3810 855 baptizandis

2225 887 2507 949 utrumque
2546 894 2651 933 non
2703 878 2920 944 demus,
2948 888 3002 935 et
3040 878 3318 948 baptizatis
3359 884 3640 948 utrumque
3682 875 3810 932 red-

2225 970 2456 1025 damus?
2502 969 2654 1038 Quod
2718 964 2764 1025 si
2816 970 3047 1027 absurde
3098 969 3311 1039 dicitur,
3367 980 3495 1040 ergo
3536 968 3811 1025 ﬁttenn'tttr

2224 1062 2509 1131 Apostolos
2561 1063 2854 1118 doctrinam
2918 1077 3068 1118 suam
3108 1077 3189 1118 ex
3248 1072 3478 1133 utroque
3522 1061 3808 1133 perfectam

2223 1158 2335 1209 suis
2363 1156 2612 1225 Epistolis
2639 1156 2924 1222 indidisse;
2950 1154 3051 1210 sed
3078 1162 3356 1225 propterea
3382 1153 3696 1225 plerumque
3711 1154 3809 1208 lin»

2224 1246 2464 1301 sinuassc
2488 1247 2637 1317 prius
2662 1246 2839 1312 ﬁdem,
2867 1262 2928 1301 ac
2949 1244 3144 1301 deinde
3170 1244 3310 1316 quod
3328 1244 3396 1300 ad
3423 1245 3585 1299 vitam
3600 1243 3805 1300 bonam

2221 1338 2453 1407 pertinet
2480 1338 2800 1407 subjecisse,
2831 1338 2952 1406 quia
2978 1346 3031 1392 et
3064 1336 3114 1391 in
3134 1335 3352 1391 homine
3383 1336 3496 1406 ipso
3520 1336 3628 1390 nisi
3660 1348 3806 1405 prm-

2222 1428 2375 1483 ccdat
2415 1429 2547 1484 ﬁdes
2571 1472 2583 1494 ,
2612 1429 2719 1482 vita
2764 1429 2900 1483 bona
2945 1427 3093 1498 sequi
3126 1443 3241 1481 non
3284 1428 3499 1498 poterit.
3532 1425 3802 1497 Quidquid

2222 1523 2363 1578 enim
2391 1522 2553 1577 homo
2576 1521 2739 1576 veluti
2760 1528 2907 1576 recte
2932 1519 3120 1575 fecerit
3138 1562 3153 1587 ,
3184 1519 3285 1573 nisi
3315 1519 3381 1573 ad
3402 1520 3659 1590 pietatem
3686 1522 3806 1589 que

2221 1618 2285 1672 ad
2330 1618 2495 1671 Deum
2538 1624 2647 1680 est,
2689 1614 2970 1679 referatur,
3009 1620 3213 1668 rectum
3260 1611 3368 1666 dici
3412 1624 3518 1666 non
3566 1616 3802 1682 oportet.

2220 1709 2370 1776 Quod
2404 1709 2446 1762 si
2478 1706 2862 1761 arbitrarentur
2896 1704 3057 1775 aliqui
3092 1702 3241 1757 stulti
3285 1713 3341 1758 et
3364 1702 3531 1759 nimis
3562 1702 3807 1774 ‘lmpet'iti

2221 1801 2597 1871 Apostolorum
2630 1799 2892 1869 Epistolas
2922 1795 2988 1851 ad
3011 1796 3423 1851 catechumenos
3452 1795 3635 1862 datas,
3678 1806 3808 1867 pro-

2221 1894 2362 1951 fecto
2392 1895 2551 1948 etiam
2590 1893 2687 1962 ipsi
2730 1891 3039 1956 faterentur,
3076 1888 3311 1943 nondum
3346 1889 3637 1958 ‘baptiza'tis
3667 1896 3807 1959 prm-

2219 1996 2371 2057 cepta
2406 2001 2614 2041 morum
2662 1984 2749 2053 qui
2792 1982 2914 2037 ﬁdei
2958 1988 3285 2051 congruant,
3320 1980 3479 2034 simul
3518 1993 3639 2034 cum
3678 1979 3805 2037 ﬁdei

2224 2081 2424 2150 regulis
2452 2076 2743 2133 intimanda
2765 2094 2776 2129 :
2796 2075 2895 2130 nisi
2918 2075 3058 2130 forte
3082 2074 3148 2128 ad
3165 2072 3802 2129 hanenccessitatemeun

2222 2189 2320 2228 nos
2375 2173 2459 2227 isti
2500 2170 2858 2241 disputatione
2895 2168 3254 2239 compellunt,
3288 2176 3356 2223 ἰιι
3382 2168 3580 2239 primas
3622 2174 3805 2238 partes

2226 2265 2583 2337 Epistolarum
2607 2262 3016 2334 apostolicarum
3046 2262 3135 2317 ubi
3163 2261 3229 2316 de
3254 2260 3359 2316 ﬁde
3386 2261 3690 2331 loquuntur,
3712 2274 3806 2317 ett-

2223 2359 2551 2415 techumcnis
2572 2356 2822 2427 legendas
2848 2355 3051 2421 velint;
3086 2353 3408 2424 posteriores
3436 2361 3611 2407 autem
3628 2346 3804 2408 ﬁdeli-

2220 2454 2359 2520 bus,
2405 2452 2493 2507 ubi
2531 2450 2639 2521 jam
2687 2448 2992 2521 prtecipitur
3029 2446 3475 2518 quemadmodum
3508 2440 3803 2502 Christiani

2220 2546 2401 2601 vivere
2427 2543 2676 2599 debeant.
2702 2541 2854 2611 Quod
2881 2540 2925 2596 si
2944 2539 3312 2595 stultissimum
3335 2548 3416 2594 eSt
3443 2537 3652 2605 dicere;
3678 2536 3804 2595 ndi-

2218 2635 2329 2691 lum
2359 2648 2484 2706 ergo
2507 2633 2883 2688 documentum
2913 2629 3173 2700 esthujus
3199 2629 3464 2700 opinionis
3489 2640 3556 2685 ex
3587 2622 3803 2700 Episto—

2219 2726 2285 2783 lis
2309 2726 2685 2797 Apostolorum
2709 2766 2722 2790 ,
2754 2739 2849 2777 cur
2870 2721 2990 2777 ideo
3015 2721 3337 2777 arbitremur
3360 2718 3706 2791 baptizandos
3734 2710 3804 2776 de

2221 2818 2333 2875 sola
2364 2817 2469 2872 ﬁde
2491 2858 2506 2882 ,
2535 2817 2830 2887 baptizatos
2852 2824 3028 2868 autem
3055 2812 3121 2869 de
3149 2811 3386 2869 moribus
3411 2809 3799 2877 admonendos,

2219 2910 2339 2981 quia
2366 2910 2438 2964 illi
2468 2908 2651 2978 primis
2675 2906 2911 2977 partibus
2934 2904 3259 2959 Litterarum
3289 2916 3502 2958 suarum
3531 2914 3804 2957 commen-

2218 3003 2479 3059 davernnt
2498 3001 2655 3057 ﬁdem
2678 3044 2692 3070 ,
2726 3016 2787 3055 ac
2809 3009 2993 3071 postea
3021 3004 3409 3067 consequenter
3439 3002 3497 3049 ut
3522 2995 3658 3050 bene
3678 3004 3709 3049 a
3735 2994 3802 3049 ﬁ-

2218 3096 2425 3155 delibus
2453 3096 2722 3151 viveretur
2762 3092 2956 3147 hortati
3000 3097 3143 3146 sunt.
3185 3086 3438 3156 Quamvis
3487 3086 3628 3141 enim
3672 3085 3802 3142 illud

2218 3191 2396 3261 prius,
2428 3189 2532 3244 hoc
2561 3187 2824 3258 posterius
2845 3225 2861 3250 ,
2901 3182 3195 3254 smpissime
3236 3189 3413 3235 tamen
3445 3192 3549 3233 una
3579 3186 3801 3234 contex-

2218 3283 2364 3338 tione
2411 3282 2674 3338 sermonis
2724 3289 3005 3349 utrumque
3053 3273 3489 3338 catechumenis,
3520 3280 3802 3343 utrqutIe

2218 3374 2467 3429 ﬁdelibus
2491 3414 2506 3440 ,
2536 3381 2819 3440 utrumque
2854 3365 3182 3437 baptizandis
3203 3409 3218 3431 ,
3252 3374 3535 3435 utrumque
3562 3364 3804 3434 baptiza-

2217 3469 2284 3523 tis
2306 3508 2321 3533 ,
2350 3469 2460 3522 sive
2482 3475 2537 3519 ut
2562 3466 2914 3528 instruantur,
2938 3459 3049 3515 sive
3076 3474 3143 3513 ne
3166 3457 3572 3524 obliviscantur,
3601 3458 3717 3511 sWe
3730 3465 3802 3515 ut

2216 3559 2583 3631 proﬁteantur,
2609 3555 2720 3609 sive
2741 3562 2799 3609 ut
2817 3551 3220 3616 conﬁrmentur,
3243 3549 3486 3605 doctrina
3516 3549 3795 3605 sanissinta

2214 3662 2269 3709 et
2295 3650 2700 3722 diligentissima
2745 3644 3142 3717 praedicandum
3188 3652 3291 3699 est.
3326 3642 3592 3714 'Epistdlte
3620 3642 3801 3711 itaque

2213 3744 2354 3799 Petri
2377 3784 2391 3805 ,
2426 3741 2674 3811 Epistula:
2701 3738 2920 3794 Joannis
2943 3777 2958 3802 ,
2986 3736 3053 3791 de
3074 3734 3265 3806 quibus
3285 3732 3526 3805 qutedam
3548 3733 3797 3788 testimo-

2212 3839 2300 3894 nia
2329 3841 2787 3901 commemorant,
2816 3832 3013 3886 addant
3040 3838 3095 3884 et
3116 3828 3270 3883 Pauli
3305 3835 3360 3883 et
3385 3828 3609 3881 aliorum
3654 3826 3798 3896 Ἀρο-

2213 3931 2507 3995 stolorum;
2537 3944 2599 3984 ea
2629 3928 2837 3982 ratione
2860 3921 3229 3993 accipiendum
3270 3930 3352 3975 est
3379 3918 3520 3990 quod
3547 3918 3795 3973 adverte-

2212 4030 2338 4079 runt
2359 4023 2505 4093 prius
2525 4021 2592 4076 tle
2621 4020 2723 4075 ﬁde
2752 4034 2817 4073 ac
2847 4024 3025 4087 postea
3057 4014 3123 4070 de
3151 4012 3388 4069 moribus
3416 4009 3521 4067 dici
3546 4053 3561 4080 ,
3593 4024 3751 4084 qnam
3775 4051 3791 4082 ,

2212 4115 2313 4171 nisi
2338 4114 2489 4168 fallor
2512 4115 2552 4181 ί,
2578 4110 2916 4182 apertissime
2945 4105 3191 4178 exposui.

2283 4202 2508 4261 CAPUT
2531 4200 2836 4258 “IL—1‘2.
2856 4200 2897 4253 Α
2916 4198 3067 4253 Petro
3097 4213 3196 4251 non
3223 4196 3332 4251 sola
3344 4195 3489 4266 fides,
3505 4195 3593 4247 sed
3619 4205 3664 4249 et
3684 4204 3788 4265 pa:-

2210 4297 2419 4353 nitentia
2440 4293 2758 4364 baptizandis
2782 4290 3078 4362 pra’dicata.
3112 4278 3417 4343 Paenitentia
3444 4284 3647 4346 indicta,
3693 4296 3793 4340 no’n

2208 4389 2365 4445 solius
2386 4386 2732 4457 inﬁdelitatis,
2761 4384 2849 4438 sed
2878 4384 2987 4436 vita:
3019 4381 3194 4435 veteris
3221 4378 3476 4434 mutanda:
3500 4376 3550 4431 in
3588 4386 3788 4432 novam.

2211 4482 2316 4539 Sed
2378 4481 2434 4535 in
2490 4478 2711 4535 Actibus
2766 4473 3142 4545 Apostolorum
3202 4466 3433 4535 Petrus,
3510 4468 3787 4537 inquiunt,

2208 4578 2288 4633 sic
2314 4576 2578 4631 allocutus
2602 4580 2685 4627 est
2723 4570 2841 4623 illos
2866 4565 2953 4636 qui
2982 4564 3146 4619 verbo
3173 4560 3353 4616 audite
3368 4560 3627 4631 baptizati
3670 4571 3793 4615 sunt

2209 4686 2317 4727 uno
2344 4668 2431 4725 die
2457 4667 2555 4722 tria
2582 4663 2745 4719 millia
2764 4701 2780 4728 ,
2814 4670 2871 4716 ut
2897 4659 2975 4715 eis
2999 4656 3167 4713 solam
3207 4655 3388 4718 ﬁdem,
3430 4668 3532 4725 qua
3558 4650 3793 4707 in‘Chri—

2207 4773 2350 4820 stum
2376 4760 2687 4820 crederent,
2720 4751 3052 4824 praedicaret.
3074 4746 3173 4818 Qui
3204 4763 3323 4803 cum
3347 4746 3624 4811 dixissent,
3658 4744 3791 4811 Quid

2209 4852 2490 4927 faciemus?
2516 4845 2790 4917 respondit
2813 4846 2920 4912 eis,
2952 4825 3095 4914 Agite
3136 4842 3477 4913 paznitentiam
3498 4880 3512 4906 ,
3554 4848 3597 4890 ct
3625 4835 3790 4907 bapti-

2204 4926 2349 5002 sentr
2372 4941 2709 5010 unusquisque
2734 4945 2948 4993 vestrum
2976 4935 3027 4990 in
3048 4934 3247 4988 nomine
3268 4928 3475 4987 Domini
3501 4929 3623 4983 Jesu
3646 4926 3792 4982 Citri-

2208 5040 2272 5095 sti
2299 5038 2351 5091 in
2371 5032 2712 5090 remissionem
2732 5041 3088 5102 peccatorum,
3110 5036 3156 5082 et
3179 5026 3431 5098 accipietis
3452 5024 3638 5076 donum
3666 5021 3793 5093 Spi-

2208 5132 2334 5185 ritus
2354 5127 2535 5182 sancti.
2559 5128 2668 5181 Cur
2692 5138 2821 5195 ergo
2841 5138 2950 5177 non
2978 5119 3257 5176 advertunt
3282 5118 3420 5185 quod
3450 5112 3651 5167 dictum
3684 5122 3785 5180 est,

2204 5222 2354 5294 Agite
2379 5216 2757 5290 pmzitentiam?
2786 5215 2858 5269 lbi
2881 5222 2962 5267 est
2992 5210 3133 5266 enim
3155 5206 3274 5259 vitae
3299 5204 3492 5294 veteris
3524 5204 3791 5275 exspolia-

2206 5288 2317 5378 tio,
2348 5288 2409 5367 ut
2443 5324 2578 5365 nova
2622 5307 2908 5363 induantur
2926 5299 3024 5371 qui
3064 5296 3419 5365 baptizanlur.
3461 5288 3561 5350 Cui
3606 5304 3789 5352 autem

2205 5404 2474 5459 fructuosa
2492 5394 2915 5469 estpteuiteutia
2939 5432 2951 5457 ,
2977 5404 3094 5461 qua:
3120 5387 3294 5457 agitur
3320 5385 3385 5441 de
3412 5385 3638 5442 mortuis
3658 5401 3789 5458 ope-
3834 5464 3837 5465 ν

2202 5496 2353 5553 ribus
2374 5536 2389 5561 ,
2416 5494 2461 5548 si
2494 5493 2549 5546 iu
2582 5487 2841 5545 adulterio
2877 5488 3181 5553 perseveret
3206 5476 3431 5550 aliisque
3461 5478 3785 5549 sceleribus,

2205 5588 2397 5660 quibus
2422 5582 2636 5640 dilectio
2666 5577 2846 5633 mundi
2876 5574 3035 5645 hujus
3064 5570 3392 5628 involvitur?

2270 5729 2287 5759 ι
2321 5723 2457 5781 editi,
2482 5712 2744 5783 φλοώηίδὶ
2773 5710 2930 5778 fallor.
2950 5715 3155 5774 nise,
3177 5714 3342 5775 qutun,
3362 5703 3789 5775 manu.»

2208 5794 2334 5855 audi,
2357 5787 2613 5843 rationem.
