4124 6206
410 452 493 508 l5.
516 448 626 509 Sed
663 448 1028 519 inﬁdelitatis,
1069 447 1344 519 inquiunt,
1388 444 1792 509 tantummodo,
1819 456 1925 514 qua

351 546 397 603 in
410 543 682 601 Christum
724 558 834 600 non
861 542 1236 611 crediderunt,
1259 554 1354 597 eos
1404 540 1572 594 voluit
1615 552 1774 611 agere
1805 549 1925 607 pte-

350 637 633 694 nitentiarn.
660 636 793 693 Mira
820 635 1168 708 praisumptio
1196 632 1345 705 (nolo
1384 628 1672 704 quidquam
1700 630 1926 703 gravius

351 728 557 802 dicere),
582 728 797 801 quando
821 742 888 785 eo
908 728 1091 783 audito
1117 725 1261 798 quod
1288 724 1491 782 dictum
1511 732 1595 780 est
1612 765 1628 791 ,
1645 723 1791 794 Agite
1815 737 1925 794 pae—

350 821 631 889 nitentiam,
677 819 844 876 solius
885 817 1215 874 inﬁdelitatis
1239 824 1355 872 acta
1380 816 1598 881 dicitur,
1646 829 1770 870 cum
1820 813 1927 868 vita

352 912 591 970 mutanda
639 926 706 967 ex
754 918 938 967 vetere
981 911 1033 965 in
1084 922 1284 965 novam
1331 907 1571 964 doctrina
1621 904 1926 976 evangelica

350 1006 660 1073 traderetur,
690 1004 787 1060 ubi
806 1004 988 1074 utique
1012 1010 1067 1058 et
1092 1001 1223 1057 illud
1248 1008 1334 1057 est
1361 999 1503 1071 quod
1529 1000 1580 1053 in
1609 1012 1671 1053 ea
1700 1006 1949 1076 senteng

351 1099 411 1155 tia
430 1099 587 1169 ponit
610 1097 939 1168 Apostolus,
972 1092 1075 1161 Qui
1118 1093 1403 1166 furabatttr,
1424 1094 1540 1163 jam
1586 1108 1687 1145 non
1733 1094 1930 1161 {aretur

352 1188 555 1262 (Eplta.
588 1203 665 1255 rv,
691 1187 820 1260 28);
841 1194 898 1242 et
918 1194 1115 1242 cetera
1132 1227 1145 1253 ,
1170 1184 1364 1256 quibus
1387 1184 1696 1254 exsequitur
1715 1180 1841 1252 quid
1862 1180 1932 1235 sit

352 1282 611 1353 deponere
655 1288 897 1336 veterem
939 1277 1215 1333 hominem
1245 1284 1302 1334 et
1342 1276 1565 1332 induere
1607 1290 1825 1331 novum.
1871 1272 1929 1327 In

350 1372 427 1429 his
450 1382 627 1430 autem
675 1372 809 1443 ipsis
839 1371 1020 1427 verbis
1047 1369 1194 1425 Petri
1240 1369 1440 1425 habent
1466 1369 1609 1423 unde
1651 1365 1931 1422 admoneri

350 1467 669 1538 potuissent,
719 1460 767 1519 si
813 1462 1097 1534 diligenter
1122 1460 1399 1517 attendere
1441 1461 1752 1515 voluissent.
1797 1458 1931 1513 Cum

350 1556 486 1615 enim
513 1556 769 1622 dixisset,
794 1553 944 1627 Agite
980 1554 1361 1624 paenitentiam,
1392 1562 1440 1607 et
1463 1553 1745 1621 baptizetur
1770 1565 1929 1603 unus-

349 1649 553 1721 quisque
571 1657 785 1703 oestrum
809 1647 865 1700 in
890 1647 1092 1700 nomine
1120 1643 1330 1699 Domini
1356 1643 1482 1698 Jesu
1516 1642 1704 1697 Christi
1751 1644 1805 1695 in
1845 1657 1931 1695 re.

351 1742 630 1796 auctionem
674 1747 1028 1811 peccatorum,
1084 1747 1131 1792 et
1172 1738 1433 1807 accipietis
1478 1737 1664 1789 donum
1707 1735 1933 1805 Spiritus

352 1835 524 1889 sancti.
559 1831 725 1887 Nobis
750 1832 883 1887 enim
929 1832 1037 1886 hac
1082 1841 1155 1885 est
1185 1831 1450 1901 promissio
1477 1838 1525 1884 et
1550 1829 1675 1898 ﬁliis
1713 1829 1929 1896 nostris,

351 1934 395 1981 et
410 1925 642 1982 omnibus
672 1926 758 1997 qui
783 1934 901 1979 sunt
942 1924 1090 1995 longe
1116 1936 1458 1993 quoscumque
1484 1922 1801 1975 advocaverit
1826 1920 1934 1974 Do-

353 2018 510 2073 minae
533 2016 672 2072 Deus
695 2026 896 2081 noster;
918 2015 1173 2070 continuo
1207 2013 1439 2080 subjecit
1464 2014 1551 2083 qui
1584 2000 1774 2066 librum
1804 2012 1936 2067 scri-

352 2109 481 2180 psit,
512 2117 675 2179 atque
718 2108 793 2162 ait
821 2124 834 2160 :
869 2106 937 2160 Et
960 2106 1156 2160 steteris
1181 2105 1343 2159 verbis
1371 2103 1602 2176 pluribus
1629 2104 1936 2172 testiﬁcaba-

352 2210 447 2269 tur,
477 2202 683 2268 dicens,
712 2199 911 2272 Eripite
950 2214 1036 2254 eos
1080 2215 1117 2253 α
1150 2198 1336 2253 διεσπιο
1383 2198 1477 2251 hoc
1526 2212 1701 2268 pravo.
1754 2198 1818 2250 At
1858 2198 1937 2252 illi

351 2294 630 2348 malignae
652 2295 910 2364 capientes
938 2301 1241 2364 exceperunt
1278 2292 1444 2356 verba,
1494 2301 1540 2345 et
1584 2292 1932 2360 crediderunt,

353 2393 401 2441 et
425 2386 668 2456 baptismi
707 2393 859 2450 sunt;
908 2393 955 2439 et
998 2384 1211 2454 adjecta:
1251 2390 1368 2437 attat
1408 2382 1501 2436 illa
1528 2382 1609 2435 die
1654 2383 1752 2435 tria
1776 2383 1939 2437 millia

351 2479 530 2533 aliine
556 2478 693 2551 (Act.
736 2492 803 2545 tt,
849 2476 1060 2547 38-“).
1088 2474 1221 2542 Quis
1250 2474 1336 2528 hic
1364 2488 1469 2528 non
1498 2471 1790 2543 intelligat,
1829 2482 1936 2527 cte-

352 2572 477 2628 teris
502 2570 750 2642 pluribus
775 2568 954 2625 verbis
973 2607 989 2634 ,
1021 2582 1139 2637 quae
1165 2581 1195 2621 a
1224 2565 1486 2635 scriptore
1515 2572 1733 2634 propter
1763 2564 1937 2634 Iongi-
1961 2592 1966 2603 ι

351 2662 585 2720 tudinem
615 2663 930 2726 reticentur,
976 2659 1031 2714 id
1075 2659 1253 2730 egisse
1295 2658 1547 2725 Petrum,
1582 2664 1639 2711 ut
1664 2657 1938 2726 eriperent

351 2769 407 2813 se
429 2755 501 2811 ab
518 2754 624 2810 hoc
644 2754 849 2810 sicculo
872 2762 1077 2823 pravo;
1101 2747 1531 2822 quandoquidem
1561 2748 1674 2819 ipsa
1715 2756 1937 2803 senten-

352 2846 421 2902 tia
445 2846 680 2903 breviter
710 2844 875 2900 inditu
915 2853 1029 2910 est,
1059 2844 1147 2898 cui
1177 2840 1562 2913 persuadendo:
1589 2842 1770 2896 verbis
1816 2841 1937 2910 plne

351 2937 493 2994 rbus
517 2937 710 2993 Petrus
739 2935 989 2992 instabat.
1022 2934 1139 3005 ipsa
1159 2933 1357 3004 quippe
1383 2946 1591 2988 stlmma
1621 2933 1791 3002 posita
1821 2938 1936 3000 est,

353 3046 469 3087 cum
494 3031 697 3087 dictum
728 3038 812 3086 est
829 3070 847 3096 ,
874 3027 1073 3099 Eripite
1099 3041 1186 3081 eos
1209 3042 1243 3081 a
1266 3025 1454 3081 casula
1477 3026 1571 3079 hoc
1602 3038 1776 3095 pravo.
1804 3023 1939 3080 Vero

356 3124 441 3180 bis
481 3133 665 3180 autem
719 3123 997 3195 pluribus,
1046 3129 1104 3175 ut
1163 3120 1269 3175 hoc
1326 3120 1511 3185 ﬁeret,
1560 3119 1941 3174 testilirabatur

356 3215 563 3273 Petrus.
593 3217 657 3271 in
684 3216 768 3270 his
795 3214 973 3270 verbis
1015 3222 1131 3269 erat
1156 3220 1489 3268 mortuorum
1531 3225 1756 3282 operum
1806 3227 1941 3267 con-v

355 3306 659 3375 dementia,
686 3319 807 3376 qm
833 3304 1075 3375 nequiter
1101 3310 1270 3373 agunt
1292 3302 1446 3373 huius
1489 3303 1671 3357 saeculi
1711 3301 1940 3358 dilecto-

358 3412 446 3455 res
465 3439 482 3465 ,
505 3407 561 3454 et
584 3396 983 3453 commendatio
1000 3396 1122 3450 vita:
1148 3396 1324 3462 bonae,
1352 3408 1517 3465 quam
1540 3402 1756 3449 teneant
1784 3403 1942 3465 atque

364 3498 639 3546 sectentur
664 3489 752 3560 qui
778 3501 840 3544 se
876 3487 945 3542 ab
986 3488 1089 3542 hoe
1119 3496 1285 3557 pravo
1311 3486 1506 3541 saeculo
1542 3485 1794 3556 eripiunt.
1826 3486 1943 3540 iam

364 3580 541 3652 itaque
563 3621 580 3647 ,
609 3580 657 3633 si
704 3578 921 3649 placet,
957 3576 1226 3632 ultimam
1273 3585 1550 3644 conentur,
1601 3590 1722 3632 eum
1751 3591 1809 3631 se
1833 3577 1944 3632 eri-

349 3684 478 3742 pere
503 3672 581 3725 ab
602 3669 708 3724 hoe
736 3670 934 3724 saeculo
961 3682 1125 3740 pravo
1144 3710 1160 3733 ,
1188 3669 1279 3739 qui
1302 3668 1669 3723 tanutmmodo
1688 3669 1859 3725 credit
1888 3668 1944 3723 in

352 3764 623 3821 Clu-inuam
641 3805 657 3830 ,
682 3762 898 3819 etiamsi
937 3762 997 3817 in
1034 3762 1249 3832 ﬂagitiis
1273 3761 1466 3831 quibus
1492 3762 1724 3816 voluerit
1753 3775 1942 3831 perse-

353 3861 509 3911 veret
526 3870 699 3926 usque
718 3854 786 3909 ad
814 3853 1207 3925 professionem
1224 3851 1495 3908 adulterii.
1518 3853 1679 3919 Quod
1699 3854 1743 3907 si
1767 3853 1951 3909 dicere

352 3947 511 4004 nefas
532 3957 641 4016 est,
660 3946 883 4002 audiant
903 3944 1203 4015 bapt'mandi
1232 3958 1341 3999 non
1367 3945 1540 3999 solum
1569 3943 1695 4014 quid
1725 3943 1947 3999 credere

358 4041 633 4110 debeant,
662 4040 759 4097 sed
779 4040 940 4097 etiam
971 4039 1423 4109 quemadmodum
1452 4054 1511 4095 se
1535 4040 1608 4094 ab
1651 4039 1753 4095 hoc
1784 4053 1947 4110 pravo

355 4132 563 4187 saeculo
580 4131 822 4202 eripiant.
841 4130 918 4186 lbi
937 4129 1081 4185 enim
1103 4142 1329 4185 necesse
1345 4137 1427 4185 est
1450 4138 1506 4184 ut
1522 4129 1737 4184 audiant
1754 4144 1946 4201 quern-

352 4221 651 4278 admodum
685 4222 971 4278 credentes
997 4222 1180 4277 vivere
1207 4220 1455 4277 debeant.

426 4315 659 4373 CAPUT
688 4315 782 4371 1X.
800 4344 872 4357 --
897 4316 985 4372 14.
1016 4313 1279 4386 Spadouis‘
1301 4324 1415 4387 post
1440 4315 1559 4385 ﬁdei
1589 4316 1949 4387 professionem

355 4410 527 4465 statim
567 4409 810 4481 baptismi
854 4407 1081 4477 exemplo
1112 4406 1246 4461 mle
1270 4408 1347 4461 uti
1369 4408 1703 4462 aduersarios.
1727 4406 1907 4477 Spado
1929 4449 1944 4476 ,

355 4503 603 4575 inquiunt
626 4542 641 4568 ,
670 4502 767 4557 ille
804 4515 964 4572 quem
1008 4498 1286 4570 Philippus
1323 4499 1638 4569 baptizavit,
1668 4500 1801 4554 nihil
1830 4499 1950 4569 plus

357 4596 528 4662 dixit,
559 4609 721 4666 quam
747 4635 767 4662 ,
793 4592 954 4647 Credo
981 4589 1177 4646 Filium
1196 4590 1293 4646 Dei
1321 4607 1429 4646 esse
1452 4589 1631 4646 Iesum
1658 4591 1949 4656 Christum;

354 4695 410 4742 et
453 4687 511 4742 in
556 4685 659 4742 hac
685 4683 1020 4756 professione
1049 4683 1303 4738 continuo
1344 4683 1642 4756 baptizatus
1682 4693 1784 4739 est.
1813 4683 1948 4737 Num

354 4794 486 4852 ergo
515 4782 693 4852 placet
721 4787 783 4834 ut
828 4778 932 4833 hoc
976 4778 1149 4833 solum
1197 4777 1443 4831 homines
1477 4775 1866 4846 respondeant,
1898 4781 1957 4828 et

356 4874 618 4929 continuo
655 4869 1028 4943 baptizentur?
1056 4869 1188 4923 nihil
1233 4869 1303 4924 de
1328 4868 1526 4939 Spiritu
1569 4876 1785 4935 sancto,
1818 4865 1952 4921 nihil

356 4966 427 5021 de
452 4974 641 5022 sancta
664 4963 906 5020 Ecclesia
923 5003 939 5030 ,
972 4960 1111 5017 nihil
1135 4960 1203 5016 de
1228 4961 1549 5016 remissione
1573 4967 1911 5031 peccatorum
1933 4999 1948 5026 ,

355 5057 492 5112 nihil
517 5056 587 5112 de
607 5052 1011 5111 resurrectione
1051 5060 1382 5107 mortuorum
1400 5093 1413 5118 ,
1444 5058 1717 5122 postremo
1741 5050 1810 5105 de
1836 5050 1959 5119 ipso

356 5148 592 5205 Domino
618 5146 749 5203 Iesu
787 5144 1003 5201 Christo
1045 5144 1177 5199 nihil
1219 5142 1477 5213 nisiquia
1519 5141 1682 5196 Filius
1712 5140 1806 5195 Dei
1833 5147 1949 5205 est,

356 5255 479 5295 non
498 5238 568 5295 de
587 5237 961 5294 incarnatione
984 5235 1101 5307 ejus
1120 5250 1186 5291 ex
1206 5234 1435 5304 virgine,
1458 5244 1565 5285 non
1589 5231 1658 5287 de
1677 5231 1950 5303 passione,

355 5330 437 5387 de
458 5339 638 5388 morte
658 5330 856 5397 crucis,
887 5328 956 5385 de
990 5329 1259 5400 sepultura
1281 5368 1295 5393 ,
1326 5325 1394 5381 de
1418 5324 1555 5380 tertii
1584 5322 1689 5379 dici
1712 5334 1955 5379 resurre-

355 5421 654 5491 ctione,de
676 5421 993 5476 ascanione
1016 5428 1083 5475 ac
1100 5419 1241 5476 Sede
1264 5418 1333 5474 ad
1360 5419 1633 5474 deuteram
1660 5414 1831 5470 Patris
1856 5414 1957 5469 all.

355 5517 497 5588 quid
517 5515 807 5573 dicendum
837 5513 1293 5570 est‘eattcchirnnti
1311 5553 1327 5582 ,
1359 5526 1423 5570 ac
1450 5508 1809 5583 proﬁtendum
1833 5522 1954 5563 cre-

352 5607 561 5668 denti?
578 5608 639 5666 Si
660 5608 813 5664 enim
826 5605 1008 5677 Spado
1026 5620 1149 5662 cum
1170 5606 1554 5677 respondisset,
1580 5601 1740 5658 Credo
1760 5598 1956 5654 Filium

353 5700 475 5760 Dei
493 5697 1121 5767 mlm~m
1157 5698 1263 5754 hoc
1293 5699 1345 5754 ei
1375 5698 1617 5753 sufﬁcere
1640 5694 1814 5749 visum
1841 5698 1953 5759 est,

346 5804 429 5856 ut
455 5796 710 5858 mutinae
733 5792 1036 5866 baptizatus
1064 5791 1405 5860 abscederet;
1432 5804 1527 5846 cur
1555 5802 1665 5845 non
1690 5784 1744 5843 id
1768 5780 1950 5853 sequi-

1755 327 1964 393 LIBER
2001 325 2207 387 UNUS.

3511 335 3619 393 206

2034 443 2186 499 mur?
2210 458 2307 500 cur
2335 456 2440 500 non
2471 444 2761 514 imitamur,
2780 452 2944 518 atque
2961 444 3255 503 auferimus
3280 453 3475 504 caetera
3497 465 3618 520 quae

2033 551 2255 592 necesse
2293 537 2584 607 habemus,
2626 540 2785 595 etiam
2813 552 2933 593 cum
2963 540 3031 594 ad
3060 538 3435 609 baptizaudum
3476 549 3617 596 tem-

2034 629 2180 697 poris
2230 638 2382 700 urget
2425 631 2701 702 angustia,
2755 631 3059 703 exprimere
3108 632 3518 702 interregando,
3563 641 3625 689 ut

2032 720 2384 792 baptizandus
2427 722 2493 778 ad
2537 730 2725 779 cuncta
2771 724 3127 794 respondeat,
3172 725 3384 780 etiamsi
3413 741 3475 780 ea
3509 742 3622 781 me-

2033 815 2221 873 moriae
2244 817 2500 873 mandare
2521 834 2626 874 non
2650 821 2857 875 vacavit
2884 820 2943 873 1?
2969 820 3027 876 Si
3053 830 3229 874 autem
3250 820 3520 890 Scriptura
3546 829 3625 876 ta-

2034 906 2179 978 cuit,
2207 918 2368 980 ntque
2390 908 2731 981 intelligenda
2757 913 2956 968 dimisit
2979 922 3171 969 caetera
3194 954 3208 979 ,
3241 930 3359 983 qua:
3388 929 3508 970 cum
3531 915 3624 970 illo

2034 999 2285 1070 Spadone
2304 999 2622 1070 baptizando
2648 1004 2920 1074 Philippus
2949 1006 3076 1076 egit,
3110 1014 3270 1074 atque
3296 1008 3347 1059 in
3372 1022 3439 1062 eo
3480 1007 3625 1077 quod

2035 1094 2128 1160 ait,
2144 1092 2430 1164 Baptizavt't
2447 1109 2562 1147 eum
2583 1092 2858 1166 Philippus
2876 1096 3008 1166 (Act.
3035 1112 3140 1163 vnt,
3163 1098 3375 1167 55-58),
3403 1099 3627 1169 intelligi

2035 1183 2201 1238 voluit
2245 1185 2459 1253 impleta
2505 1185 2719 1252 omnia,
2771 1200 2888 1255 qua:
2933 1186 3057 1242 licet
3086 1197 3361 1242 taceantur
3391 1189 3443 1242 in
3474 1190 3622 1244 Scri-

2039 1274 2206 1342 pturis
2228 1275 2397 1343 gratia
2427 1275 2741 1344 brevitatis,
2776 1285 2951 1332 tamen
3000 1279 3140 1334 serie
3169 1280 3469 1335 traditionis
3515 1282 3626 1336 sci-

2036 1380 2155 1418 mus
2181 1366 2479 1435 implenda;
2507 1371 2620 1437 pari
2649 1368 2810 1423 modo
2834 1371 2995 1426 etiam
3022 1367 3075 1423 in
3104 1384 3170 1425 eo
3197 1371 3339 1441 quod
3364 1373 3625 1441 scriptum

2037 1461 2119 1508 cst
2154 1457 2549 1525 evangelizasse
2589 1459 2891 1529 Philippum
2942 1460 3178 1531 Spadoni
3214 1463 3496 1517 Dominum
3537 1465 3627 1520 Je—

2038 1560 2154 1601 sum
2177 1589 2191 1613 ,
2226 1549 2372 1603 nullo
2402 1550 2561 1605 modo
2586 1551 3047 1609 dubitandum’est
3070 1563 3125 1610 et
3152 1556 3241 1610 illa
3291 1557 3347 1611 in
3390 1556 3630 1612 catechi-

2037 1654 2157 1695 smo
2184 1642 2323 1697 dicta
2373 1657 2493 1699 esse
2516 1687 2531 1713 ,
2580 1660 2697 1715 qua:
2746 1646 2810 1701 ad
2854 1648 3015 1701 vitam
3047 1662 3332 1719 moresque
3358 1652 3629 1720 pertinent

2038 1732 2153 1802 ejus
2179 1735 2268 1803 qui
2315 1735 2484 1789 credit
2524 1736 2575 1789 in
2620 1736 2902 1791 Dominum
2947 1738 3151 1793 Jesum.
3200 1741 3311 1796 Hoc
3354 1751 3438 1796 est
3483 1744 3629 1799 enim
3742 1737 3751 1757 '

2040 1828 2405 1897 evangelizare
2434 1829 2701 1884 Christum
2725 1871 2740 1897 ,
2771 1844 2877 1885 non
2911 1839 3115 1887 tantum
3144 1833 3329 1888 dicere
3355 1848 3476 1903 quae
3502 1843 3633 1892 sunt

2040 1915 2307 1971 credenda
2331 1918 2397 1973 de
2427 1920 2640 1973 Christo
2661 1956 2677 1985 ,
2706 1921 2798 1975 sed
2827 1922 2986 1976 etiam
3033 1936 3152 1992 quae
3205 1924 3534 1981 observanda
3577 1927 3632 1982 ei

2040 2008 2130 2078 qui
2158 2008 2365 2063 accedit
2391 2010 2457 2064 ad
2484 2024 2798 2081 compagem
2828 2014 3071 2082 corporis
3098 2012 3297 2070 Chrisri
3326 2033 3338 2069 :
3367 2017 3476 2071 imo
3500 2031 3632 2074 vero

2041 2109 2228 2154 cuncta
2258 2100 2439 2156 dicere
2463 2117 2581 2173 quae
2604 2110 2729 2158 sunt
2749 2105 3013 2160 credenda
3034 2106 3102 2160 de
3122 2106 3335 2163 ChriSto
3356 2144 3373 2175 ,ν
3404 2122 3510 2164 non
3537 2124 3630 2166 so-

2043 2193 2153 2248 lum
2197 2196 2349 2264 cujus
2389 2196 2461 2249 sit
2507 2196 2679 2263 illius,
2733 2198 2874 2254 unde
2916 2200 3210 2255 secundum
3258 2202 3629 2272 divinitatem,

2044 2285 2187 2340 unde
2216 2286 2505 2341 secundum
2549 2301 2767 2343 carnem
2814 2291 3057 2359 genitus,
3100 2307 3220 2363 qua:
3248 2308 3534 2364 perpessus
3572 2304 3632 2351 ct

2043 2391 2239 2446 quare,
2266 2390 2387 2448 qua:
2427 2380 2497 2433 sit
2524 2380 2693 2433 virtus
2722 2383 3133 2437 resurrectionis
3156 2385 3302 2453 ejus,
3342 2387 3485 2455 quod
3529 2387 3633 2444 do-

2045 2483 2172 2522 num
2219 2468 2449 2553 Spiritus
2491 2470 2800 2541 promiserit
2843 2472 3157 2545 dederitque
3204 2476 3488 2545 ﬁdelibus;
3537 2481 3635 2537 sed

2045 2563 2207 2617 etiam
2236 2565 2408 2632 qualia
2441 2566 2710 2634 membra,
2744 2567 2934 2637 quibus
2965 2570 3034 2625 sit
3056 2581 3215 2641 caput
3235 2614 3250 2640 ,
3282 2584 3517 2643 quaerat,
3550 2576 3635 2630 in-

2045 2652 2264 2720 stituat,
2306 2654 2527 2726 diligat,
2581 2658 2803 2728 liberet,
2853 2668 3014 2732 atque
3058 2664 3126 2718 ad
3172 2673 3428 2720 aeternam
3470 2669 3635 2725 vitam

2045 2742 2411 2817 honoremque
2437 2749 2714 2817 perducat.
2745 2752 2872 2809 Hcce
2897 2770 3018 2809 cum
3050 2757 3319 2825 dicuntur,
3350 2761 3636 2831 aliquando

2043 2835 2261 2893 brevius
2289 2848 2455 2910 atque
2475 2843 2820 2899 eonstrictius
2840 2887 2855 2913 ,
2898 2848 3186 2918 aliquando
3228 2851 3388 2906 latius
3414 2861 3468 2907 et
3501 2855 3635 2909 ube-

2045 2928 2188 2995 rius,
2232 2928 2479 2987 Christus
2506 2935 2933 3003 evangelizatur;
2987 2948 3266 2997 etstamen
3311 2959 3416 2999 non
3461 2948 3637 3003 solum

2045 3022 2187 3093 quod
2216 3024 2281 3078 ad
2304 3024 2497 3093 ﬁdem,
2524 3042 2711 3082 verum
2737 3029 2900 3084 etiam
2926 3032 3069 3101 quod
3095 3033 3162 3088 ad
3188 3048 3372 3092 mores
3399 3037 3639 3095 ﬁdelium

2045 3114 2309 3182 pertinet,
2341 3130 2448 3170 non
2473 3119 2918 3185 praetermittitur.

2116 3204 2341 3261 CAPUT
2372 3206 2443 3261 X.
2470 3236 2543 3247 --
2566 3210 2654 3264 15.
2685 3208 2853 3266 Locus
2882 3210 3038 3266 Pauli
3062 3229 3116 3267 se
3139 3214 3268 3270 nihil
3293 3218 3422 3272 seire
3451 3232 3637 3289 prteter

2046 3298 2302 3355 Christum
2325 3299 2503 3356 Iesum
2531 3304 2830 3373 proﬁtentis.
2859 3304 3126 3377 Praecpta
3150 3309 3250 3363 duo
3279 3310 3344 3365 de
3375 3314 3639 3371 dilectione

2045 3389 2147 3447 Dei
2171 3401 2221 3447 et
2244 3394 2461 3465 proximi
2504 3396 2637 3451 male
2670 3399 2880 3469 referri,
2910 3399 3126 3455 alterum
3167 3402 3236 3456 ad
3260 3403 3591 3475 baptizandos
3618 3452 3635 3478 ,

2047 3486 2261 3540 alterum
2288 3486 2357 3539 ad
2376 3486 2676 3557 baptizatos.
2707 3488 2821 3544 Hoc
2836 3490 3058 3562 intelligi
3093 3503 3268 3562 potest
3297 3498 3456 3552 etiam
3488 3500 3543 3553 in
3570 3516 3638 3555 eo

2046 3578 2189 3647 quod
2213 3588 2637 3636 commemorant
2658 3580 2857 3638 dixisse
2881 3585 3183 3653 apostolum
3205 3588 3424 3643 Paulum
3447 3632 3462 3657 ,
3490 3592 3641 3647 Nihil

2048 3684 2128 3725 me
2160 3670 2285 3725 duxi
2308 3672 2438 3725 scire
2462 3672 2515 3725 in
2543 3673 2714 3739 vobis,
2744 3674 2842 3729 nisi
2893 3672 3148 3731 Christum
3180 3678 3384 3746 Jesum,
3433 3692 3478 3734 et
3504 3684 3641 3735 hunc

2049 3761 2350 3830 cruciﬁxum
2376 3762 2419 3834 (ι
2444 3762 2560 3816 Cor.
2590 3779 2657 3830 ll,
2692 3764 2769 3835 2).
2800 3764 2950 3831 Quod
2971 3767 3048 3820 illi
3069 3778 3255 3835 putant
3280 3770 3352 3824 ita
3392 3772 3589 3826 dictum
3618 3816 3633 3840 ,

2051 3857 2303 3921 tanquam
2328 3852 2460 3907 nihil
2482 3853 2627 3909 aliud
2648 3853 2724 3908 eis
2745 3854 3067 3909 insinuatum
3094 3869 3265 3922 esset;
3287 3869 3345 3912 ut
3366 3862 3635 3928 primitus‘

2051 3943 2358 4012 crederent,
2409 3960 2471 4001 ac
2497 3945 2692 4001 deinde
2746 3946 2998 4015 baptizati
3038 3948 3294 4019 quidquid
3348 3952 3416 4006 ad
3474 3956 3637 4010 vitam

2050 4050 2335 4108 moresque
2361 4038 2589 4108 pertinet
2616 4038 2905 4094 discerent.
2939 4040 3051 4095 Hoc
3071 4042 3348 4112 inquiunt,
3376 4045 3638 4115 Apostelo

2052 4133 2181 4188 satis
2205 4147 2469 4204 superque
2492 4132 2695 4189 suﬁ‘ecit
2717 4176 2732 4200 ,
2758 4135 2849 4204 qui
2868 4136 3106 4192 eis'dixit
3134 4140 3277 4207 quod
3299 4142 3415 4196 etsi
3444 4143 3639 4199 multos

2052 4225 2370 4297 paedagogos
2411 4224 2670 4281 haberent
2691 4226 2745 4281 in
2786 4225 3000 4283 Christo
3023 4271 3038 4295 ,
3062 4230 3161 4284 sed
3188 4244 3293 4286 non
3324 4234 3525 4288 multos
3549 4248 3642 4303 pa-

2055 4325 2198 4384 tres,
2224 4317 2349 4387 quia
2379 4332 2475 4372 eos
2507 4317 2561 4371 in
2609 4315 2823 4373 Christo
2846 4317 2973 4374 Jesu
3004 4336 3098 4389 per
3149 4320 3494 4391 Evangelium
3524 4325 3641 4394 ipse

2053 4412 2326 4483 genuisset
2350 4410 2460 4481 (Id.
2489 4426 2560 4477 tv,
2592 4410 2699 4482 lo).
2727 4412 2785 4467 Si
2809 4428 2939 4482 ergo
2959 4414 3050 4468 ille
3070 4415 3157 4483 qui
3182 4431 3275 4484 per
3296 4416 3644 4486 Evangelium

2053 4506 2239 4576 genuit
2258 4548 2274 4573 ,
2301 4506 2544 4574 quamvis
2566 4504 2761 4574 gratias
2788 4512 2913 4574 amt
2938 4505 3080 4575 quod
3108 4507 3373 4562 neminem
3403 4509 3641 4575 ipsorum

2055 4599 2403 4668 baptizaverit
2425 4597 2527 4651 nisi
2548 4594 2796 4665 Crispum
2814 4605 2870 4651 et
2894 4597 3081 4652 Gaium
3101 4637 3116 4665 ,
3150 4607 3204 4652 et
3228 4598 3511 4668 Stephants
3540 4600 3641 4654 do-

2056 4706 2202 4745 mum
2232 4689 2341 4761 (Id.
2370 4705 2420 4756 l,
2451 4690 2523 4743 l4
2542 4730 2557 4755 ,
2588 4686 2679 4760 l6)
2698 4730 2713 4755 ,
2740 4689 2875 4744 nihil
2907 4704 3001 4745 eos
3021 4692 3249 4760 amplius
3269 4692 3451 4747 docuit
3478 4709 3641 4763 quam

2055 4783 2326 4840 Christum
2351 4781 2699 4849 cruciﬁxum;
2727 4783 2851 4854 quid
2888 4784 2934 4837 si
2959 4784 3103 4837 dicat
3143 4783 3336 4853 aliquis
3359 4826 3374 4851 ,
3406 4800 3502 4839 nec
3551 4800 3642 4841 re-

2057 4879 2355 4936 surrexisse
2371 4877 2644 4934 Chtisttrm
2686 4891 2780 4933 eos
2803 4875 3016 4933 audisse
3034 4915 3051 4942 ,
3098 4876 3310 4945 quando
3342 4892 3439 4944 per
3466 4876 3646 4933 Evan-

2055 4972 2252 5042 gelium
2268 4971 2430 5042 geniti
2458 4970 2615 5025 sunt?
2631 4967 2872 5024 Undeest
2896 4966 3054 5036 igitur
3075 4964 3216 5035 quod
3239 4966 3317 5019 eis
3340 4967 3488 5033 dicit,
3514 4969 3645 5023 Tra-

2057 5063 2513 5119 didieninwobisin
2525 5055 3094 5131 primis,quiaC/zristus
3115 5066 3340 5113 mortuus
3369 5070 3439 5114 est
3466 5077 3645 5115 secun-

2058 5152 2179 5207 dum
2208 5153 2519 5222 Scripturas,
2542 5159 2586 5203 et
2611 5148 2729 5216 quia
2749 5145 2972 5217 sepultus
3004 5155 3097 5211 est,
3143 5156 3190 5201 et
3223 5150 3341 5217 quia
3372 5152 3646 5203 resurrexit

2058 5244 2205 5301 tertia
2224 5244 2305 5297 die
2331 5240 2606 5298 secundum
2634 5238 2928 5309 Scripturas
2954 5236 3062 5310 (Id.
3090 5255 3158 5294 xv
3179 5281 3193 5309 ,
3223 5241 3287 5307 5,
3311 5242 3367 5311 4)
3387 5282 3400 5306 ,
3435 5242 3479 5295 si
3511 5242 3645 5297 nihil

2058 5337 2160 5395 nisi
2184 5334 2490 5392 cruciﬁxum
2514 5331 2802 5388 docuerat?
2832 5328 2888 5384 Si
2910 5340 3086 5386 autem
3116 5347 3219 5386 non
3238 5332 3306 5385 ita
3326 5332 3643 5401 intelligunt,

2059 5432 2152 5489 sed
2169 5430 2273 5487 hoc
2294 5441 2503 5501 quoque
2521 5424 2587 5481 ad
2608 5424 2877 5481 Christum
2905 5424 3210 5480 cruciﬁxum
3231 5424 3495 5492 pertinere
3518 5432 3646 5479 con-

2125 5609 2142 5641 ι
2165 5606 2336 5672 pditi,
2636 5604 2871 5672 ntanaare
2900 5615 2996 5659 non
3026 5599 3203 5661 valuit;
3238 5606 3290 5650 et
3308 5599 3649 5672 pauio_post;,

2057 5664 2613 5740 intelligenda
2659 5665 2827 5717 Helius
2868 5673 3001 5725 uss,
3462 5663 3643 5719 iitum;

2059 5726 2434 5799 gendd'dimisit.
3026 5785 3039 5797 _
3069 5785 3083 5797 .
3658 5754 3661 5759 ›

2127 5796 2148 5827 ²
2182 5792 2320 5857 mliti,
2343 5788 2438 5846 nisi
2461 5794 2511 5842 ut
2535 5787 2771 5854 priuatus.
2798 5786 2969 5852 hbeat,
2986 5799 3100 5851 nm,
3116 5792 3266 5849 alas.
