4144 6212
1456 248 1462 257 4
1498 244 1532 255 1"

416 500 639 560 tendunt
664 496 680 528 ¹
704 511 719 562 ;
747 491 918 548 sciant
945 486 999 541 in
1028 479 1242 539 Christo
1266 473 1522 532 cruciﬁxo
1547 471 1711 526 multa
1752 466 1998 523 homines

416 597 623 652 discere
639 631 652 655 ,
679 561 736 643 et
754 584 983 641 maxime
1010 574 1153 649 quod
1172 580 1308 628 uetus
1335 571 1482 624 homo
1504 575 1672 621 noster
1695 561 1847 618 simul
1884 577 2000 615 cru-

417 689 598 758 ciﬁxus
623 690 732 747 est,
755 687 808 732 ut
854 680 1116 730 evacuetur
1152 680 1335 737 corpus
1379 659 1599 733 peccati,
1643 666 1688 758 et
1733 655 1869 758 ultra
1896 668 1999 706 non

416 744 691 835 serviamus
717 744 919 842 peccato
960 762 1134 832 (Rom.
1162 774 1251 825 vi,
1303 755 1398 825 6):
1430 751 1570 808 unde
1611 748 1768 805 etiam
1825 744 2000 842 de_se

418 833 532 938 ipso
558 833 728 927 dicit,
756 857 886 913 Mihi
916 864 1081 908 autem
1098 850 1225 906 absit
1252 843 1466 918 gloriari
1489 885 1503 909 ,
1532 841 1630 895 nisi
1648 839 1702 893 in
1721 852 1864 892 cruce
1891 833 2002 938 Do-

419 928 540 1012 mini
566 954 723 1011 nostri
751 950 787 1005 Ι
790 966 877 1005 esu
901 945 1085 1025 Christi
1111 984 1126 1009 ,
1154 958 1243 1012 per
1268 954 1413 1011 quem
1438 934 1563 989 mihi
1588 931 1806 987 mundus
1824 928 1997 1025 cruci-

417 1053 549 1117 ﬁxus
580 1055 650 1101 est
676 1085 691 1110 ,
724 1051 769 1098 et
795 1056 885 1111 ego
932 1019 1334 1103 mundo(Galat.
1380 1043 1465 1094 vt,
1509 1025 1621 1117 id).
1645 1019 1876 1077 Proinde
1919 1026 1999 1072 at-

418 1113 637 1196 tendant
660 1176 674 1200 ,
708 1142 762 1190 et
800 1130 1015 1186 videant
1056 1116 1504 1194 quemadmodum
1544 1113 1799 1169 doceatur
1839 1118 2000 1178 atque

419 1235 652 1286 discatur
681 1223 925 1281 Christus
949 1215 1262 1280 cruciﬁxus,
1288 1220 1343 1266 et
1394 1209 1459 1264 ad
1486 1207 1603 1277 ejus
1649 1218 1863 1260 crucem
1902 1215 2000 1255 no-

398 1311 594 1377 Rcrint
622 1315 889 1387 pertinere
915 1307 1057 1381 quod
1077 1306 1238 1362 etiam
1269 1317 1365 1357 nos
1391 1301 1444 1354 in
1473 1299 1591 1368 ejus
1623 1309 1849 1363 corpore
1878 1307 2000 1347 cru-

418 1385 682 1481 ciligimur
702 1403 935 1467 mundo;
965 1399 1051 1453 ubi
1079 1394 1388 1464 intelligitur
1407 1388 1585 1444 omnis
1611 1385 1866 1441 coercitio
1896 1396 2004 1436 ma-

418 1478 590 1558 larum
615 1491 1164 1566 concupiscentiarum
1197 1503 1210 1539 :
1241 1499 1303 1538 ac
1325 1496 1419 1553 per
1439 1480 1540 1535 hoc
1566 1478 1681 1532 ﬁeri
1698 1491 1803 1530 non
1829 1480 2003 1544 potest

419 1604 478 1649 ut
504 1593 583 1647 eis
602 1590 693 1661 qui
722 1565 881 1642 cruce
902 1579 1098 1637 Christi
1123 1577 1420 1631 formantur
1437 1573 1458 1603 ²
1479 1611 1494 1636 ,
1526 1568 1764 1639 professa
1791 1565 2002 1620 adulte-

418 1688 498 1742 ria
526 1659 916 1755 permutantur.
944 1673 1078 1729 Nam
1106 1677 1160 1726 et
1180 1665 1453 1739 apostolus
1479 1663 1671 1717 Petrus
1713 1659 1781 1714 de
1821 1671 2003 1712 sacra-

420 1752 603 1835 mento
633 1775 799 1847 ipsius
817 1770 992 1826 crucis
1012 1809 1026 1834 ,
1055 1766 1159 1821 hoc
1178 1772 1261 1819 est
1279 1757 1541 1832 passionis
1562 1754 1757 1811 Christi
1776 1795 1789 1817 .
1819 1752 2003 1808 admo-

419 1883 544 1933 net,
574 1876 633 1924 ut
656 1844 761 1937 ἰιιιί
787 1878 849 1918 ea
895 1864 1275 1916 consecrantur
1325 1866 1547 1922 peccare
1597 1847 1883 1909 desinant,
1933 1844 2005 1897 ila

420 1964 645 2034 loquens
677 1936 701 2011 εί
721 1955 921 2011 Christo
967 1966 1083 2021 ergo
1122 1962 1270 2019 passo
1297 1945 1351 1998 in
1400 1958 1551 1997 carne
1575 1981 1590 2008 ,
1624 1950 1671 1994 et
1721 1954 1805 1992 vos
1832 1936 2007 1991 eadem

422 2027 724 2124 cogitatione
742 2041 1043 2106 armamini;
1074 2038 1193 2106 quia
1215 2035 1302 2106 qui
1326 2043 1551 2088 mortuus
1576 2038 1648 2084 est
1674 2045 1825 2083 carne
1850 2070 1865 2096 ,
1914 2027 2005 2081 de-

532 2153 735 2212 peccare
753 2178 769 2205 ,
814 2144 869 2189 ut
887 2134 1000 2204 jam
1026 2145 1129 2183 non
1165 2125 1425 2180 hominum
1470 2120 1730 2176 desideriis
1752 2159 1767 2184 ,
1797 2117 1885 2173 sed
1914 2134 2004 2172 uo-

424 2210 618 2292 luntate
643 2227 852 2285 Domini
872 2224 971 2280 Dei
993 2222 1241 2292 reliquum
1269 2218 1322 2271 in
1349 2231 1501 2270 carne
1522 2214 1653 2268 vivat
1685 2211 1727 2283 (l
1759 2210 1900 2265 Pelr.
1932 2226 2004 2278 tv,

426 2329 455 2383 1
485 2367 501 2392 ,
528 2322 623 2397 2);
651 2330 704 2378 et
722 2328 915 2376 caetera
934 2357 951 2384 ,
981 2314 1171 2385 quibus
1197 2314 1585 2378 consequenter
1608 2303 1861 2371 ostendit,
1886 2317 2007 2358 eum

426 2417 697 2491 pertinere
718 2410 785 2466 ad
815 2408 1084 2465 Christum
1111 2401 1421 2458 cruciﬁxum
1438 2439 1453 2465 ,
1487 2397 1590 2452 hoc
1613 2406 1722 2462 est,
1773 2409 1869 2465 per
1893 2409 2011 2491 ear-

426 2484 549 2566 nem
566 2518 804 2577 passum,
826 2499 916 2571 qui
939 2498 990 2552 in
1008 2497 1125 2566 ejus
1141 2505 1364 2562 corpore
1381 2486 1652 2545 cruciﬁxis
1668 2488 1687 2519 ³
1709 2484 2010 2542 carnalibus

427 2595 705 2658 desideriis
734 2592 870 2649 bene
893 2589 1020 2644 vivit
1037 2602 1132 2657 per
1154 2580 1520 2654 Evangelium.

499 2714 588 2770 16.
616 2708 753 2779 Quid
773 2749 789 2776 ,
819 2703 962 2777 quod
976 2703 1135 2758 etiam
1160 2698 1267 2753 duo
1295 2697 1385 2752 illa
1412 2700 1676 2766 praecepta
1697 2733 1712 2759 ,
1741 2690 1794 2745 in
1819 2689 2011 2761 quibus

430 2805 687 2865 Dominus
739 2800 814 2854 ait
841 2807 1007 2852 totam
1050 2793 1244 2861 Legem
1296 2786 1695 2856 Prophetasque
1732 2780 1966 2853 pendere
1991 2821 2008 2848 ,

428 2898 555 2954 huic
581 2908 691 2950 sum
723 2887 962 2961 opinioni
1007 2879 1286 2951 suﬁ‘ragari
1332 2874 1695 2933 arbitrantur?
1737 2882 1793 2928 et
1826 2873 1903 2927 sic
1949 2885 2013 2927 ea

428 2990 865 3048 commemorant,
887 2989 948 3036 ut
961 2975 1208 3049 quoniam
1222 2972 1450 3044 primum
1468 2975 1786 3040 praeceptum
1812 2965 2013 3022 dictum

430 3092 516 3141 est
537 3124 552 3151 ,
582 3079 779 3150 Diliges
808 3072 1085 3128 Dominum
1114 3067 1283 3122 Deum
1303 3075 1446 3120 tuum
1488 3078 1552 3117 ea:
1574 3069 1677 3116 toto
1704 3060 1855 3114 corde
1882 3069 1968 3114 tuo
1996 3099 2012 3126 ,

430 3186 479 3233 et
507 3191 571 3231 ea:
603 3181 710 3228 tota
740 3169 913 3223 anima
938 3175 1025 3219 tua
1045 3204 1060 3229 ,
1083 3171 1130 3217 et
1166 3175 1228 3215 ea:
1257 3167 1362 3213 tota
1384 3164 1548 3210 mente
1589 3163 1715 3221 tua;
1741 3152 2017 3208 secundum

429 3280 599 3324 autem
622 3263 787 3320 simile
805 3260 920 3314 huic
945 3300 959 3325 ,
987 3254 1182 3325 Diliges
1204 3251 1489 3321 proximum
1531 3257 1672 3302 tuum
1709 3256 1948 3316 tanquam
1971 3254 2019 3299 te

429 3365 597 3434 ipsum
622 3356 837 3431 (Matth.
866 3366 981 3406 nu
1005 3389 1020 3415 ,
1073 3344 1262 3415 ’57-40)
1285 3360 1305 3434 ;7
1326 3342 1558 3434 primum
1589 3338 1821 3434 credant
1847 3336 2015 3434 perti-

430 3427 562 3512 nere
589 3427 655 3505 ad
682 3441 1029 3516 baptizandos
1056 3438 1100 3504 ⁸,
1139 3435 1231 3490 ubi
1280 3432 1491 3489 dilectio
1520 3430 1615 3484 Dei
1665 3427 1968 3498 praecipitur
1998 3466 2014 3493 ,

431 3539 725 3602 secundum
755 3542 934 3589 autem
981 3528 1050 3583 ad
1094 3525 1422 3595 baptizatos,
1474 3520 1561 3575 ubi
1608 3518 1855 3574 videntur
1899 3531 2017 3572 esse

431 3645 615 3692 mores
633 3619 1056 3685 conversationis
1082 3616 1332 3671 humanae
1362 3629 1375 3665 :
1406 3611 1484 3667 sic
1508 3609 1658 3665 obliti
1704 3607 1847 3678 quod
1881 3607 2014 3661 scri-

432 3735 583 3801 ptum
604 3730 705 3788 est,
726 3718 785 3774 Si
807 3717 1015 3786 fratrem
1041 3720 1183 3765 tuum
1194 3722 1341 3778 quem
1362 3704 1499 3759 uides
1519 3719 1619 3757 non
1642 3700 1836 3801 diligis,
1854 3698 2020 3754 Deum

432 3789 581 3890 quem
609 3829 710 3868 non
750 3808 887 3864 vides
912 3801 1161 3875 quomodo
1189 3798 1399 3868 diligere
1431 3793 1617 3864 poteris
1647 3792 1690 3890 (l
1734 3789 1891 3845 Joan.
1915 3806 2015 3890 IV“,

434 3880 570 3980 eo)?
597 3914 652 3961 et
678 3899 808 3958 illud
859 3895 1003 3952 aliud
1050 3894 1104 3948 in
1142 3890 1330 3946 eadem
1361 3885 1598 3957 Epistola
1647 3883 1908 3949 Joannis,
1959 3880 2022 3936 Si

437 3976 550 4080 quis
580 4001 747 4072 diligit
775 3993 1057 4060 mundum,
1112 4004 1214 4043 non
1257 3993 1330 4041 est
1376 3982 1608 4080 charitas-
1649 3977 1905 4080 Patris-in
1930 3976 2022 4030 illo

443 4070 555 4172 (Id.
586 4111 653 4159 ιι,
679 4070 799 4160 i5).
826 4088 942 4155 Quo
968 4094 1146 4140 autem
1169 4070 1879 4172 pertinentornnia“uagi-tia
1910 4084 2025 4172 mo:

437 4162 560 4248 rum
598 4183 861 4241 malorum
883 4220 897 4243 ,
938 4175 1043 4231 nisi
1096 4172 1165 4227 ad
1221 4168 1407 4225 mundi
1449 4166 1609 4235 hujus
1637 4162 2024 4219 dilectionem?

334 4312 335 4315 η
439 4283 522 4338 Ae
546 4291 641 4347 per
662 4274 766 4329 hoc
789 4268 917 4325 illud
940 4266 1172 4337 primum
1200 4266 1525 4331 prmeeptum
1547 4298 1561 4322 ,
1591 4254 1734 4347 quod
1763 4254 1830 4308 ad
1854 4254 2026 4347 bapti-

442 4345 643 4430 zandos
684 4362 953 4435 pertinere
1007 4355 1365 4418 arbitrantur,
1416 4349 1533 4404 sine
1579 4346 1735 4403 bonis
1784 4345 2027 4402 moribus

442 4456 719 4521 observari
742 4452 888 4509 nullo
908 4457 1064 4520 pacto
1080 4452 1273 4517 potest.
1294 4441 1431 4498 Nolo
1452 4439 1691 4511 pluribus
1713 4438 1985 4494 immorari
2008 4455 2023 4492 :

445 4568 570 4612 nam
590 4548 875 4618 diligenter
897 4538 1231 4597 considerata
1253 4536 1353 4590 ista
1382 4532 1489 4589 duo
1515 4539 1777 4602 praecepta
1793 4571 1827 4618 ,_
1850 4529 1921 4584 ita
1960 4544 2025 4584 ex

443 4616 711 4704 alterutro
719 4649 959 4694 connexa
974 4630 1329 4703 reperiuntur,
1342 4633 1400 4680 ut
1416 4639 1514 4680 nec
1525 4621 1741 4678 dilectio
1752 4616 1845 4676 Del
1861 4618 2030 4691 possit

444 4736 630 4796 essein
647 4728 931 4794 homine,si
945 4740 1049 4780 non
1064 4721 1234 4792 diligit
1246 4717 1673 4791 proximummec
1689 4714 1902 4770 dilectio
1916 4729 2031 4783 pro-

444 4827 595 4889 ximi,
621 4825 667 4880 si
678 4837 785 4878 non
795 4818 966 4889 diligit
992 4810 1299 4871 Deum.Sed
1316 4808 1383 4864 ad
1399 4824 1510 4864 rem
1525 4822 1645 4878 qua:
1666 4821 1805 4863 nunc
1832 4805 2025 4877 agitur,

445 4919 588 4990 quod
617 4916 685 4973 de
704 4915 786 4970 his
811 4911 1016 4969 duobus
1042 4903 1324 4979 praeceptis
1341 4902 1572 4959 diximus
1585 4898 1796 4955 sufﬁcit.

517 5042 744 5100 CAPUT
787 5040 880 5095 XI.
903 5037 1091 5092 -17,
1123 5032 1379 5104 Objectio,
1424 5026 1559 5098 quod
1599 5026 1849 5084 Israelita:
1888 5025 2030 5095 prius

447 5154 588 5194 mare
608 5135 895 5190 transierint
920 5142 966 5186 et
992 5138 1102 5203 post
1132 5130 1291 5198 legem
1318 5122 1619 5194 acceperint.
1643 5121 1714 5177 At
1763 5118 1902 5174 enim
1928 5132 2026 5188 po-

449 5231 603 5303 pulus
641 5225 803 5281 Israel
829 5224 1059 5294 primum
1089 5235 1184 5290 per
1213 5233 1359 5273 mare
1398 5214 1637 5270 Rubrum
1666 5211 1856 5267 ductus
1904 5219 1985 5266 est
2010 5252 2025 5275 ,

447 5335 555 5394 quo
580 5317 905 5391 signiﬁcatur
929 5312 1231 5383 Baptismus
1257 5326 1272 5376 ;
1299 5317 1354 5365 et
1382 5316 1566 5379 postea
1595 5305 1765 5375 legem
1787 5303 2026 5372 accepit,

512 5473 533 5507 ⁸
566 5472 640 5521 sic
660 5478 766 5520 Mss.
799 5475 856 5519 At
878 5468 1015 5521 editi.
1039 5466 1322 5516 concedunt.

512 5501 535 5596 ξ
566 5501 770 5592 ῗῖγῖδῖἇ
1526 5523 1690 5596 abest,
1714 5524 1781 5596 in.
1802 5525 1865 5596 ap
1889 5524 2032 5596 editis

449 5594 556 5647 aliis
578 5600 629 5644 et
648 5584 826 5655 (uss,
851 5601 1059 5658 quorum
1078 5584 1308 5652 praecipui
1329 5584 1451 5645 loco,
1469 5584 1807 5648 informantur,
1828 5586 2030 5647 habent,

1013 5688 1300 5784 Quendam;
1321 5720 1389 5784 es
1400 5707 1554 5784 editis
1567 5709 1673 5759 aliis
1696 5718 1876 5784 et_l\lss.

513 5782 538 5814 ι
563 5770 710 5847 μισ,
731 5770 1619 5847 pertutereadbaptizandum
1633 5785 1654 5835 ;
1668 5775 1845 5827 omisso
1858 5774 2029 5836 verbo,

455 5841 675 5905 credin“,
700 5839 829 5905 quod
850 5839 1122 5896 τααωιιιιτ
1144 5847 1211 5888 ex
1232 5840 1341 5889 uss.

1403 356 1487 411 DE
1527 354 1681 410 FIDE
1722 351 1807 408 ΕΤ
1846 347 2205 416 OPERIBUS,
2246 348 2304 406 S.
2344 344 2710 405 AUGUSTINI

3583 348 3691 406 208

2113 463 2198 518 ubi
2226 447 2456 518 disceret
2497 457 2943 532 quemadmodum
2971 457 3194 513 viveret.
3223 455 3333 513 Cur
3357 471 3485 529 ergo
3510 457 3690 531 bapti.

2106 554 2288 609 zandis
2314 554 2398 609 vel
2435 552 2745 624 Symbolum
2791 550 3045 605 tradimus
3071 589 3087 615 ,
3119 548 3556 621 reddendumque
3602 568 3690 609 re-

2105 632 2417 715 poscimus?
2447 642 2585 697 Nihil
2610 643 2755 698 enim
2788 641 2893 696 tale
2921 640 3115 695 factum
3145 650 3228 696 est
3252 656 3377 711 erga
3407 640 3529 698 illos
3552 659 3690 714 quos

2105 750 2202 805 per
2226 750 2373 789 mare
2393 733 2631 788 Rubrum
2660 733 2799 788 Deus
2819 731 2887 787 ab
2909 730 3176 804 Egyptiis
3221 730 3484 787 liberavit.
3509 732 3567 788 Si
3589 749 3690 789 au-

2106 836 2213 884 tem
2263 834 2410 881 recte
2452 824 2753 895 intelligunt
2796 823 2897 878 hoc
2937 822 3224 893 signiﬁcari
3266 824 3695 894 praecedentibus

2107 916 2375 989 mysteriis
2393 915 2460 972 de
2488 915 2746 986 sanguine
2772 914 2889 971 ovis
2915 914 3156 984 postibus
3181 913 3315 970 illito
3340 956 3356 983 ,
3378 924 3432 970 et
3460 914 3529 973 de
3558 932 3693 990 azy-

2107 1012 2210 1066 mis
2238 1009 2562 1065 sinceritatis
2589 1018 2643 1064 et
2682 1008 2919 1063 veritatis
2940 1006 3136 1078 (Exod.
3158 1006 3404 1079 xtl-xw);
3436 1023 3533 1064 cur
3581 1025 3692 1067 non

2111 1105 2271 1160 etiam
2299 1103 2430 1158 illud
2453 1109 2842 1173 consequenter
2880 1100 3210 1171 intelligunt,
3238 1106 3410 1171 ipsam
3440 1102 3508 1157 ab
3527 1100 3695 1174 lEgy-

2111 1196 2237 1266 ptiis
2252 1193 2643 1264 separationem
2660 1191 2959 1262 signiﬁcare
2978 1191 3362 1248 discessionem
3388 1208 3420 1247 a
3439 1195 3691 1264 peccatis,

2109 1303 2267 1358 quam
2304 1285 2606 1357 baptizandi
2644 1284 3004 1355 proﬁtentur?
3030 1284 3111 1339 Ad
3150 1283 3253 1340 hoc
3278 1285 3420 1340 enim
3463 1285 3695 1355 pertinet

2108 1380 2250 1451 quod
2280 1395 2308 1433 a
2350 1379 2510 1434 Petro
2534 1378 2730 1433 dictum
2760 1385 2842 1432 est
2866 1418 2880 1445 ,
2912 1377 3056 1448 Agite
3092 1377 3435 1447 pwnitentiam
3457 1419 3473 1445 ,
3525 1388 3572 1433 et
3611 1377 3694 1431 ba:

2109 1474 2324 1544 ptizetur
2344 1471 2681 1541 unusquisque
2707 1480 2926 1524 vestrum
2952 1470 3005 1523 in
3031 1469 3234 1524 nomine
3288 1467 3492 1524 Domini
3535 1470 3694 1524 nostri

2107 1565 2230 1620 Jesu
2252 1564 2436 1620 Christi
2464 1580 2484 1619 :
2513 1573 2760 1634 tanquam
2788 1562 3025 1628 diceret,
3054 1561 3307 1626 Recedite
3332 1562 3399 1616 ab
3418 1561 3654 1633 Arigypto
3673 1598 3691 1629 ,

2110 1668 2164 1715 et
2187 1674 2282 1728 per
2295 1672 2443 1713 mare
2460 1656 2698 1712 Rubrum
2723 1656 2962 1711 transite.
2988 1654 3141 1711 Unde
3168 1664 3224 1711 et
3239 1655 3292 1709 in
3316 1654 3550 1724 Epistola
3576 1669 3696 1724 qua:

2110 1752 2178 1808 ad
2205 1751 2457 1806 llebrzeos
2486 1748 2795 1804 inscribitur
2814 1789 2828 1813 ,
2866 1763 2991 1803 cum
3019 1762 3203 1802 eorum
3230 1746 3319 1816 qui
3360 1745 3696 1816 baptizantur

2112 1849 2660 1901 commemorarentur
2688 1841 2838 1896 initia
2858 1883 2872 1907 ,
2902 1840 3072 1911 posita
3096 1848 3180 1895 est
3224 1839 3296 1895 ibi
3325 1838 3636 1909 paenitentia
3660 1854 3694 1894 a

2111 1935 2336 1992 mortuis
2361 1934 2633 2005 operibus.
2673 1932 2763 1989 Sic
2810 1931 2953 1987 enim
3001 1930 3173 1986 dicit:
3223 1928 3350 1985 Ideo
3389 1930 3697 1984 remittentes

2110 2028 2258 2081 initia
2278 2025 2469 2081 Christi
2488 2024 2690 2080 verbum
2708 2065 2723 2091 ,
2745 2024 2801 2078 in
2820 2023 3301 2078 consummationem
3329 2022 3658 2092 respiciamus
3677 2059 3693 2086 ,

2112 2134 2215 2173 non
2238 2118 2419 2172 iterum
2427 2116 2674 2187 jacientes
2692 2115 3078 2186 fundamentum
3098 2113 3401 2184 pwnitentiw
3422 2130 3454 2165 a
3481 2113 3697 2167 mortuis

2113 2209 2350 2281 operibus
2372 2250 2388 2276 ,
2417 2216 2462 2262 et
2488 2207 2609 2277 ﬁdei
2648 2207 2702 2261 in
2732 2206 2924 2273 Deum,
2963 2204 3150 2259 lavacri
3184 2203 3461 2268 doctrinae,
3493 2202 3696 2273 imposi.

2114 2303 2264 2357 tionis
2287 2317 2567 2367 manuum,
2591 2298 2966 2354 resurrectionis
3003 2298 3152 2352 etiam
3187 2305 3496 2349 mortuorum
3522 2305 3570 2349 et
3599 2295 3696 2366 ju-

2114 2394 2235 2447 dicii
2254 2392 2425 2449 aeterni
2456 2390 2640 2463 (Hebr.
2665 2406 2718 2445 Vt
2742 2431 2760 2459 ,
2791 2390 2819 2445 1
2843 2430 2856 2453 ,
2886 2388 2963 2459 2).
2994 2387 3120 2443 Haec
3142 2387 3302 2457 igitur
3326 2387 3506 2442 omnia
3534 2386 3700 2457 perti-

2114 2501 2244 2542 nere
2268 2485 2336 2541 ad
2365 2485 2510 2540 initia
2540 2483 2931 2554 ne0pbytorum
2957 2482 3088 2537 satis
3107 2490 3397 2552 aperteque
3424 2480 3701 2551 Scriptura

2115 2585 2357 2634 testatur.
2390 2574 2528 2644 Quid
2551 2582 2635 2631 est
2667 2583 2848 2633 autem
2898 2589 2930 2629 a
2977 2573 3204 2629 mortuis
3232 2573 3485 2644 operibus
3523 2574 3698 2643 poeni-

2117 2669 2313 2734 tentia,
2343 2665 2447 2723 nisi
2471 2666 2540 2721 ab
2576 2665 2660 2721 his
2682 2680 2805 2737 qua:
2829 2673 3040 2736 oportet
3066 2664 3376 2720 mortiﬁcari
3395 2707 3410 2732 ,
3441 2675 3502 2720 ut
3552 2665 3700 2720 viva-

2120 2760 2414 2830 mus?qua:
2442 2758 2491 2814 si
2540 2757 2800 2813 adulteria
2853 2755 3341 2827 fornicationesque
3397 2772 3505 2813 non
3534 2766 3697 2826 sunt,

2116 2850 2244 2923 quid
2263 2851 2373 2923 jam
2398 2850 2537 2905 inter
2560 2864 2725 2920 opera
2762 2857 2972 2904 mortua
3015 2848 3397 2904 nominandum
3436 2848 3560 2904 est?
3612 2849 3704 2905 Sic

2116 2952 2296 2998 autem
2320 2956 2427 2997 non
2450 2938 2648 2996 sufﬁcit
2673 2938 2933 3009 professio
2961 2940 3283 2995 recessionis
3301 2954 3331 2993 a
3360 2939 3573 3006 talibus,
3600 2939 3704 2994 nisi

2117 3036 2278 3093 etiam
2327 3035 2539 3090 lavacro
2567 3032 2983 3104 regenerationis
3021 3042 3209 3089 cuncta
3235 3033 3533 3103 praeterita,
3584 3047 3705 3102 qua:

2118 3129 2265 3185 velut
2307 3133 2738 3197 persequuntur,
2789 3130 3009 3194 peccata
3034 3123 3355 3190 deleantur,
3412 3124 3551 3179 sicut
3597 3138 3704 3179 non

2119 3219 2331 3276 suffecit
2355 3217 2607 3272 lsraelitis
2634 3215 2888 3272 recedere
2940 3214 3009 3270 ab
3031 3214 3298 3286 Egypto,
3345 3213 3449 3271 nisi
3477 3230 3539 3270 ea
3587 3229 3706 3285 qua:

2120 3298 2501 3380 insecjuebatur
2543 3306 2778 3361 hostium
2822 3304 3109 3360 multitudo
3145 3305 3384 3375 ejusdem
3413 3306 3577 3360 maris
3605 3304 3706 3362 flu-

2120 3401 2295 3456 ctibus
2324 3398 2591 3465 interiret,
2622 3396 2713 3467 qui
2741 3395 2837 3451 Dei
2860 3395 3059 3468 populo
3086 3394 3377 3452 transitum
3403 3396 3707 3453 liberandm

2121 3505 2225 3561 que
2258 3495 2565 3560 patuerunt.
2594 3484 2696 3554 Qui
2715 3500 2844 3556 ergo
2866 3486 3148 3556 proﬁtetur
3172 3486 3238 3543 ab
3261 3486 3525 3544 adulterio
3562 3489 3708 3546 nolle

2121 3599 2182 3640 se
2204 3590 2411 3637 mutare
2430 3622 2444 3648 ,
2471 3579 2739 3651 quomodo
2765 3595 2862 3650 per
2879 3595 3028 3636 mare
3046 3579 3290 3637 Rubrum
3315 3579 3558 3648 ducetur,
3581 3597 3704 3637 cum

2122 3673 2191 3728 ab
2216 3671 2451 3744 Egypto
2476 3671 2655 3727 adhuc
2679 3680 2893 3727 recuset
2919 3670 3250 3728 abscedere?
3274 3671 3473 3728 Deinde
3492 3687 3600 3727 non
3626 3680 3708 3727 at-

2125 3766 2351 3823 tendunt
2370 3767 2423 3821 in
2451 3781 2515 3821 ea
2540 3766 2659 3836 lege
2679 3805 2695 3832 ,
2722 3780 2842 3836 quae
2871 3772 2996 3835 post
3015 3765 3296 3820 transitum
3329 3766 3494 3820 maris
3538 3764 3710 3820 Rubri

2125 3861 2204 3916 illi
2233 3860 2431 3931 populo
2455 3858 2578 3914 data
2602 3866 2719 3923 est,
2751 3857 2981 3927 primum
3015 3871 3138 3913 esse
3176 3864 3501 3928 praeceptum
3521 3897 3537 3921 ,
3585 3856 3710 3912 Non

2125 3961 2269 4007 erunt
2292 3952 2381 4006 tibi
2401 3951 2491 4005 alii
2516 3951 2590 4005 dii
2615 3959 2801 4021 prieter
2818 3965 2918 4003 me.
2937 3947 3061 4003 Non
3080 3948 3235 4022 [acies
3255 3947 3343 4002 tibi
3370 3948 3532 4016 idola,
3552 3964 3710 4019 neque

2124 4045 2286 4100 ullum
2315 4043 2644 4098 simulacrum
2671 4083 2686 4109 ,
2711 4056 3054 4116 quacumque
3083 4039 3139 4093 in
3170 4038 3296 4094 caelo
3316 4047 3432 4093 sunt
3456 4055 3658 4093 sursum
3686 4078 3703 4106 ,

2124 4148 2171 4193 et
2189 4151 2512 4209 quotcumque
2535 4135 2590 4189 in
2616 4142 2749 4190 terra
2776 4133 3049 4198 deorsum,
3071 4140 3117 4187 et
3141 4146 3465 4203 quacumque
3486 4130 3541 4186 in
3574 4148 3711 4203 aqua

2126 4240 2173 4287 et
2197 4230 2288 4286 sub
2320 4239 2487 4295 terra;
2518 4244 2620 4283 non
2639 4225 2951 4282 adorabisea
2973 4267 2989 4293 ,
3020 4241 3177 4296 neque
3198 4225 3381 4280 seruies
3404 4229 3475 4281 eis
3509 4224 3708 4296 (Exod.
3744 4268 3745 4273 η

2127 4341 2229 4392 xx,
2258 4325 2323 4391 4,
2353 4324 2448 4394 5);
2475 4329 2529 4377 et
2552 4329 2748 4377 caetera
2777 4318 2845 4374 ad
2880 4319 2982 4374 hoc
3010 4327 3335 4389 praeceptum
3364 4316 3705 4388 pertinentia.

2127 4416 2410 4473 Afﬁrment
2437 4414 2616 4484 itaque
2650 4411 2773 4477 isti,
2821 4411 2865 4467 si
2889 4410 3102 4477 volunt,
3129 4417 3314 4465 contra
3341 4409 3509 4480 ipsam
3556 4422 3709 4465 suam

2127 4506 2518 4572 assertionem,
2541 4504 2703 4560 etiam
2728 4502 2797 4557 de
2842 4501 3001 4556 unius
3044 4500 3139 4556 Dei
3179 4500 3324 4556 cultu
3366 4499 3712 4570 cavendaque

2128 4596 2463 4661 idololatria,
2492 4611 2598 4651 non
2628 4593 2801 4650 adhuc
2824 4592 3185 4663 baptizandis,
3216 4592 3312 4648 sed
3335 4593 3446 4662 jam
3474 4591 3711 4663 baptiza-

2130 4693 2197 4747 tis
2245 4704 2365 4746 esse
2417 4686 2811 4760 praedicandum
2843 4703 2857 4740 :
2894 4694 2948 4741 et
2974 4699 3083 4739 non
3105 4683 3217 4754 jam
3259 4684 3472 4749 dicant,
3504 4684 3583 4740 eis
3621 4685 3712 4755 qui

2128 4783 2457 4854 Baptismum
2489 4777 2787 4851 percepturi
2828 4784 2985 4841 sunt,
3037 4775 3197 4830 fidem
3241 4784 3443 4831 tantum
3493 4790 3611 4845 quae
3658 4776 3712 4830 in

2131 4877 2300 4933 Deum
2319 4882 2403 4929 est
2426 4868 2772 4928 intimandam
2797 4908 2814 4934 ,
2841 4876 2896 4923 et
2920 4877 3041 4937 post
3064 4866 3181 4937 ejus
3220 4866 3553 4923 Sacramenti
3585 4881 3711 4936 per-

2131 4968 2432 5041 ceptionem
2459 4965 2528 5021 de
2549 4962 2788 5019 moribus
2803 4962 2926 5017 vitae
2946 4967 3196 5032 tanquam
3222 4959 3291 5016 de
3314 4957 3548 5015 secundo
3576 4972 3709 5027 prse-

2129 5068 2289 5132 cepto
2307 5072 2401 5115 eos
2426 5054 2570 5128 quod
2601 5052 2671 5109 ad
2699 5052 3038 5109 dilectionem
3083 5051 3313 5123 proximi
3360 5049 3589 5120 pertinet
3626 5048 3712 5103 in-

2134 5151 2437 5210 struendos.
2464 5149 2762 5219 Utrumque
2788 5147 2929 5204 enim
2957 5146 3043 5202 lex
3066 5144 3337 5210 continet,
3383 5156 3539 5211 quam
3592 5150 3715 5210 post

2132 5262 2283 5305 mare
2310 5245 2549 5301 Rubrum
2574 5250 2827 5312 tanquam
2854 5247 2975 5311 post
2992 5236 3320 5306 Baptismum
3354 5233 3579 5304 populus
3618 5248 3714 5289 ac-

2131 5338 2307 5410 cepit;
2330 5351 2430 5392 nec
2473 5335 2546 5390 ita
2591 5332 2727 5388 facta
2754 5339 2838 5387 est
2881 5326 3183 5384 distributio
3207 5332 3624 5396 praeceptorum,
3654 5334 3716 5382 ut

2131 5439 2254 5487 ante
2295 5428 2438 5483 illius
2490 5424 2653 5482 maris
2693 5421 2970 5479 transitum
3016 5417 3085 5474 de
3130 5416 3366 5473 cavenda
3413 5416 3714 5473 idololatria

2134 5524 2283 5597 plebs
2301 5523 2604 5586 doceretur,
2629 5526 2685 5573 et
2712 5524 3057 5587 posteaquam
3085 5511 3441 5576 transierunt,
3469 5509 3717 5567 audirent

2134 5614 2503 5672 honorandum
2553 5619 2758 5682 patrem
2784 5618 2841 5664 et
2863 5613 3120 5672 matrem,
3152 5619 3262 5661 non
3288 5601 3663 5661 mmehandum
3693 5641 3713 5670 ,

2133 5723 2239 5766 non
2268 5702 2649 5767 occidendum,
2690 5710 2746 5757 et
2780 5707 2974 5756 cetera
3022 5697 3178 5755 bona:
3205 5704 3365 5768 atque
3413 5691 3751 5755 innocentis.

2134 5794 2558 5859 conversationis
2583 5793 2848 5852 humanae.
3309 5848 3320 5859 ,
3377 5812 3392 5848 ;
