4124 6206
381 330 489 390 που

452 442 683 503 CAPUT
713 440 825 498 XII.
857 441 1035 498 -18.
1080 440 1462 497 Incommodum
1486 457 1636 515 grave
1658 440 1713 495 in
1760 440 1971 494 adversa

381 538 647 595 sententia.
681 535 738 590 Si
765 550 895 606 ergo
917 535 987 590 ita
1016 535 1240 606 quisque
1268 536 1446 590 veniat
1471 534 1538 589 ad
1577 534 1744 588 sancti
1776 532 1971 587 lavacri

382 628 698 703 petitionem
721 668 736 692 ,
767 634 824 682 ut
852 627 1165 697 profiteatur
1209 640 1269 681 se
1308 627 1376 682 ab
1405 625 1667 682 idolorum
1698 624 1973 682 sacriﬁciis

387 736 496 776 non
521 732 895 783 recessurum,
927 717 1028 771 nisi
1069 718 1203 771 forte
1243 725 1425 787 postea
1452 716 1665 789 quando
1693 717 1970 787 placuerit,

383 810 717 883 Baptismum
745 817 920 865 tamen
939 807 1049 878 jam
1070 807 1284 878 jamque
1305 807 1578 878 deposcat,
1610 808 1974 879 templumque

385 904 478 961 Dei
508 902 615 957 vivi
639 917 699 957 se
728 900 840 955 ﬁeri
869 899 1069 971 ﬂagitet
1092 940 1107 967 ,
1141 914 1246 955 non
1277 900 1451 957 solum
1482 901 1656 957 cultor
1681 900 1969 966 idolorum,

383 1010 571 1054 verum
602 995 763 1050 etiam
786 993 839 1047 in
857 993 1036 1062 aliquo
1061 1000 1167 1047 tam
1191 991 1396 1049 nefario
1424 992 1725 1048 sacerdotio
1748 993 1763 1023 ¹
1793 1006 1974 1063 perse-

384 1102 576 1146 verans
595 1102 611 1153 ;
628 1101 816 1173 μυωτο
837 1084 1040 1140 abistis
1066 1092 1242 1140 utrum
1263 1100 1383 1140 eum
1413 1084 1712 1142 faciendum
1755 1084 1839 1139 vel
1883 1098 1974 1139 ca-

386 1180 768 1237 techumenum
795 1186 1090 1234 censeant:
1117 1177 1258 1249 quod
1310 1180 1492 1249 procul
1532 1178 1693 1233 dubio
1729 1177 1840 1233 ﬁeri
1868 1192 1976 1233 non

386 1270 586 1326 debere
610 1268 935 1325 clamabunt.
959 1266 1142 1338 Neque
1163 1268 1303 1323 enim
1323 1267 1463 1323 aliud
1480 1267 1547 1324 de
1573 1268 1786 1324 illorum
1814 1267 1976 1322 corde

386 1360 728 1418 sentiendum
759 1369 860 1417 est.
889 1360 1135 1416 Reddam
1173 1361 1351 1432 itaque
1390 1362 1652 1417 rationem
1682 1360 1975 1418 secundum

388 1442 1133 1522 testimoniaScripturarum,
1162 1467 1279 1522 qua:
1305 1452 1383 1506 sic
1410 1453 1749 1524 intelligenda
1769 1460 1973 1523 putant,

384 1561 499 1616 quo
524 1544 682 1600 modo
703 1544 826 1599 huic
854 1542 1087 1598 audeant
1112 1543 1482 1600 contradicere
1502 1586 1517 1611 ,
1564 1559 1663 1599 nec
1691 1544 1977 1598 admitten-

385 1635 518 1691 dum
549 1650 668 1691 esse
717 1634 1039 1690 conﬁrment
1078 1635 1455 1690 reclamantem
1481 1644 1640 1706 atque
1664 1634 1931 1690 dicentem
1960 1652 1973 1688 :

389 1725 560 1780 Didici
582 1734 635 1781 et
659 1740 887 1781 veneror
906 1724 1175 1781 Christum
1201 1726 1512 1781 cruciﬁxum
1534 1769 1547 1794 ,
1595 1725 1758 1783 credo
1784 1725 1977 1781 Filium

390 1816 489 1872 Dei
518 1832 638 1872 esse
681 1815 950 1873 Christum
997 1817 1214 1885 Jesum;
1246 1834 1354 1874 non
1400 1834 1489 1874 me
1532 1820 1670 1875 ultra
1715 1819 1930 1875 differas
1958 1860 1975 1886 ,

392 1906 521 1962 nihil
550 1908 781 1978 amplius
798 1909 907 1978 jam
936 1909 1197 1979 requiras.
1226 1909 1371 1976 Quos
1395 1925 1488 1981 per
1512 1910 1862 1981 Evangelium
1885 1925 1979 1982 ge-

390 1999 615 2054 nerabat
664 2000 992 2070 Apostolus,
1047 2000 1179 2055 nihil
1229 2016 1322 2056 eos
1371 2016 1532 2057 nosse
1577 2011 1704 2059 tunc
1750 2003 1980 2074 amplius

388 2104 547 2161 quam
575 2088 847 2145 Christum
869 2089 1179 2146 cruciﬁxum
1209 2092 1455 2158 volebat;
1489 2103 1608 2163 post
1637 2109 1824 2149 vocem
1846 2094 1980 2163 Spa-

390 2178 710 2250 donis,qua
741 2195 800 2235 se
848 2179 1064 2236 credere
1092 2179 1277 2236 Jesum
1321 2180 1591 2237 Christum
1639 2183 1833 2239 Filium
1882 2183 1979 2240 Dei

389 2285 510 2326 esse
534 2269 832 2340 respondit,
855 2271 1109 2327 continuo
1132 2272 1404 2343 Philippus
1426 2288 1549 2328 eum
1577 2274 1849 2344 baptizare
1872 2289 1980 2331 non

391 2361 636 2418 distulit:
664 2361 791 2432 quid
820 2377 908 2418 me
935 2363 1003 2418 ab
1031 2363 1292 2419 idolorum
1335 2366 1482 2419 cultu
1534 2366 1786 2436 prohibes
1808 2409 1826 2435 ,
1881 2382 1981 2425 nec

389 2455 461 2511 ad
505 2466 900 2511 sacramentum
952 2455 1152 2512 Christi
1192 2457 1459 2524 admittis,
1501 2459 1809 2530 priusquam
1857 2460 1980 2516 inde

390 2547 732 2604 discessero?
756 2548 890 2604 Illud
915 2563 943 2603 a
972 2550 1198 2619 pueritia
1227 2550 1387 2606 didici
1406 2593 1422 2618 ,
1474 2552 1864 2608 consuetudine
1907 2553 1981 2610 ibi

388 2641 703 2714 gravissima
727 2656 946 2711 premor
971 2658 984 2695 :
1010 2642 1198 2697 faciam
1226 2657 1348 2698 cum
1376 2650 1600 2714 potuero
1625 2685 1641 2709 ,
1674 2659 1795 2700 cum
1823 2659 1980 2701 com-

390 2732 611 2787 modum
637 2730 827 2796 fuerit;
851 2731 993 2804 quod
1022 2733 1123 2787 etsi
1147 2748 1250 2787 non
1275 2733 1464 2790 faciam
1490 2775 1504 2800 ,
1534 2749 1641 2790 non
1659 2744 1835 2791 tamen
1865 2736 1983 2794 sine

391 2821 591 2878 Christi
615 2834 953 2878 sacramento
979 2823 1117 2878 hanc
1147 2824 1309 2879 vitam
1342 2824 1521 2880 ﬁniam
1540 2865 1555 2891 ,
1588 2840 1656 2882 ne
1680 2826 1819 2881 Deus
1866 2828 1983 2883 exi-

392 2924 483 2987 gat
510 2916 743 2972 animam
790 2932 962 2972 meam
993 2917 1060 2973 de
1104 2918 1349 2973 manibus
1389 2919 1511 2974 tuis.
1540 2917 1679 2987 Quid
1718 2918 1844 2976 huic
1895 2935 1984 2977 re—

389 3007 763 3078 spondendum
813 3008 1163 3064 existimant?
1201 3011 1283 3065 An
1315 3010 1488 3080 placet
1527 3018 1586 3066 ut
1625 3010 1983 3068 admittatur?

394 3099 581 3156 Absit:
605 3099 757 3155 nullo
780 3099 939 3156 modo
955 3101 1272 3157 crediderim
1294 3103 1346 3156 in
1372 3110 1575 3158 tantum
1597 3118 1690 3159 eos
1712 3105 1979 3176 progredi.

394 3187 530 3258 Quid
556 3205 686 3261 ergo
706 3190 1107 3261 respondebunt
1128 3191 1243 3247 hmo
1264 3191 1497 3259 dicenti,
1531 3203 1585 3248 et
1610 3193 1826 3250 addenti
1841 3195 1983 3267 quod

392 3281 523 3335 nihil
554 3281 655 3336 sibi
681 3281 749 3338 de
775 3281 1071 3337 idololatria
1087 3282 1429 3354 relinquenda
1456 3284 1643 3338 saltem
1671 3284 1775 3341 dici
1802 3285 1984 3342 debuit

394 3379 520 3427 ante
549 3371 880 3443 Baptismum
902 3414 916 3439 ,
940 3373 1077 3428 sicut
1098 3373 1228 3427 nihil
1260 3373 1382 3428 inde
1412 3381 1535 3430 ante
1565 3389 1713 3430 mare
1742 3375 1982 3434 Rubrum

392 3463 621 3533 populus
650 3464 739 3519 ille
758 3465 964 3536 primus
984 3465 1223 3533 audivit,
1253 3467 1505 3538 quoniam
1529 3468 1613 3524 lex
1641 3468 1746 3525 hoc
1775 3470 1977 3539 habet,

394 3569 551 3626 quam
581 3570 648 3611 ex
676 3555 909 3627 Egypto
924 3557 1033 3627 jam
1075 3556 1331 3613 liberatus
1370 3560 1594 3629 accepit.
1627 3560 1874 3617 Profecto
1897 3563 1983 3618 di-

394 3644 532 3703 cturi
570 3653 697 3700 sunt
745 3645 946 3701 homini
977 3664 990 3700 :
1016 3647 1297 3718 Templum
1344 3649 1439 3704 Dei
1480 3649 1690 3706 futurus
1718 3666 1810 3719 es,
1860 3668 1982 3710 cum

394 3734 728 3806 Baptismum
757 3739 1062 3808 acceperis;
1103 3738 1233 3794 dicit
1275 3749 1451 3795 autem
1496 3742 1816 3812 Apostolus,
1853 3744 1982 3809 Qua:

395 3830 692 3899 compositio
720 3830 906 3901 templo
938 3828 1030 3884 Dei
1057 3847 1174 3885 cum
1214 3831 1366 3886 idolis
1416 3830 1484 3906 (11
1533 3832 1651 3887 Cor.
1701 3850 1788 3901 vi,
1846 3835 1978 3905 16)?

396 3918 572 3987 Quare
592 3934 721 3989 ergo
740 3935 846 3976 non
863 3920 1045 3977 vident
1064 3923 1310 3978 similiter
1329 3937 1450 3979 esse
1470 3923 1754 3980 dicendum
1784 3944 1796 3980 :
1821 3926 1983 3982 Mem-

394 4010 552 4067 hrum
577 4009 775 4067 Christi
803 4012 1013 4068 futurus
1041 4029 1099 4068 es
1119 4054 1134 4079 ,
1162 4030 1285 4069 cum
1319 4016 1589 4085 acceperis
1617 4017 1980 4087 Baptismum;

400 4118 511 4160 non
539 4116 755 4174 possunt
772 4106 1013 4161 membra
1030 4105 1225 4162 Christi
1247 4121 1367 4163 esse
1383 4109 1622 4165 membra
1649 4110 1985 4166 meretricis?

401 4193 540 4264 Quia
566 4204 620 4250 et
638 4195 735 4252 hoc
756 4198 1043 4268 Apostolus
1071 4196 1238 4252 dicit:
1264 4197 1354 4268 qui
1376 4205 1429 4253 et
1447 4198 1552 4253 alio
1582 4198 1702 4254 loco
1724 4239 1740 4267 ,
1773 4198 1949 4255 Nolite
1966 4242 1982 4268 ,

398 4285 611 4357 inquit,
640 4302 845 4351 errare;
890 4304 1048 4357 neque
1086 4289 1451 4358 fornicatores,
1480 4305 1639 4361 neque
1682 4290 1835 4346 idolis
1880 4308 1989 4346 ser-

397 4378 619 4446 vientes,
665 4388 718 4435 et
746 4387 940 4435 caetera
985 4396 1104 4450 qua:
1146 4379 1255 4436 illic
1283 4388 1602 4447 enumerat,
1656 4398 1867 4453 regnum
1890 4382 1989 4440 Dei

397 4472 742 4543 possidebunt.
774 4471 885 4528 Cur
904 4487 1033 4543 ergo
1057 4472 1124 4527 ad
1147 4472 1473 4541 Baptismum
1501 4471 1657 4527 idolis
1692 4473 1987 4531 servientes

397 4579 507 4620 non
546 4564 914 4627 admittimus,
963 4572 1019 4619 et
1046 4563 1394 4620 fornicatores
1443 4564 1804 4621 admittendos
1830 4576 1988 4637 puta-

393 4672 520 4713 mus
539 4700 554 4725 ,
583 4673 705 4713 cum
727 4666 781 4713 et
821 4657 904 4712 his
933 4665 987 4712 et
1005 4657 1216 4713 czeteris
1262 4657 1414 4714 malis
1444 4657 1619 4724 dicat,
1647 4656 1716 4713 Et
1745 4659 1853 4714 [nec
1877 4662 1989 4732 qui-

392 4752 517 4806 dam
549 4753 747 4821 fuistis,
774 4752 864 4807 sed
882 4752 1041 4806 abluti
1067 4752 1214 4819 estis,
1259 4752 1350 4806 sed
1373 4752 1674 4822 sanctiﬁcati
1727 4753 1842 4806 estis
1861 4795 1875 4819 ,
1899 4753 1990 4807 sed

378 4845 668 4920 justiﬁcati
686 4846 805 4899 estis
830 4847 885 4900 in
908 4845 1110 4900 nomine
1136 4843 1345 4899 Domini
1364 4843 1490 4899 Jesu
1514 4844 1705 4900 Christi
1732 4852 1778 4899 et
1800 4845 1853 4898 in
1874 4846 1988 4916 spi-

385 4941 501 4995 ritu
530 4937 632 4993 Dei
655 4940 814 4993 nostri
841 4938 884 5008 (1
916 4938 1033 4993 Cor.
1062 4954 1115 4993 VI
1135 4979 1151 5007 ,
1185 4938 1251 4994 15
1274 4981 1289 5006 ,
1313 4938 1347 4994 9
1370 4980 1385 5006 ,
1415 4937 1480 4994 10
1502 4979 1517 5006 ,
1550 4938 1687 5009 ll)?
1716 4936 1853 5006 Quid
1893 4937 1988 5010 igi-

388 5042 489 5086 llll'
513 5045 690 5087 causa:
719 5039 803 5087 CSl
834 5038 891 5085 Ill.
918 5045 1038 5085 cum
1067 5039 1303 5101 potestas
1329 5037 1510 5101 pateat
1547 5040 1832 5101 utrumque
1859 5045 1989 5101 ι)Γο-

384 5121 650 5189 hibendi,
685 5124 984 5178 venientem
1008 5121 1075 5176 ad
1108 5121 1441 5192 Baptismum
1472 5121 1777 5190 permittam
1827 5121 1992 5176 forni-

384 5215 604 5272 carium
632 5228 975 5284 permanere,
998 5220 1053 5269 et
1089 5228 1196 5268 non
1234 5211 1537 5283 permittam
1563 5210 1720 5267 idolis
1755 5213 1993 5268 servien-

382 5316 504 5365 tem
533 5323 549 5372 ;
584 5321 705 5361 cum
735 5314 791 5361 et
818 5305 923 5360 illis
948 5314 1004 5361 et
1028 5304 1136 5361 illis
1156 5303 1259 5360 dici
1282 5301 1494 5357 audiam
1518 5343 1534 5370 ,
1563 5301 1630 5356 Et
1651 5303 1758 5357 Ιιαῖσ
1782 5303 1988 5376 quidam

380 5399 604 5472 fuistis,
636 5398 727 5451 sed
752 5396 911 5451 abluti
956 5395 1117 5451 estis?
1152 5394 1260 5451 Sed
1290 5409 1354 5450 eo
1381 5402 1664 5450 moventur
1716 5394 1836 5462 isti,
1869 5395 1989 5466 quia

378 5498 591 5567 putant
633 5504 758 5545 esse
800 5489 854 5544 in
900 5497 1014 5545 tuto
1057 5487 1283 5544 salutem
1332 5500 1557 5554 eorum,
1604 5485 1847 5558 quamvis
1894 5501 1994 5558 per

450 5647 474 5680 ι
513 5645 593 5696 sic
621 5632 839 5694 melioris
860 5653 988 5693 noue
1003 5647 1111 5691 Mss.
1141 5639 1338 5703 Quidam
1360 5640 1571 5703 addunt,
1603 5637 1842 5703 sacrilego
1870 5650 1888 5689 :
1911 5638 1994 5689 alii

1779 275 2001 378 Ituran
2039 317 2242 379 unus.

3556 328 3664 386 210

2080 435 2277 507 ignem,
2296 439 2385 509 qui
2412 439 2466 495 in
2493 438 2767 496 Christum
2790 439 3134 509 crediderint,
3152 439 3663 518 Saeramentumque

2080 527 2195 598 ejus
2224 532 2565 601 acceperint,
2594 532 2648 588 id
2675 543 2757 589 est
2780 533 3031 605 baptizati
3061 534 3284 604 fuerint,
3308 536 3517 593 etiamsi
3540 554 3662 594 mo-

2080 636 2198 675 rum
2231 621 2665 693 corrigendorum
2694 625 2764 679 ita
2791 626 3121 698 negligentes
3144 626 3253 682 sint
3273 669 3289 694 ,
3319 637 3377 683 ut
3418 630 3664 700 nequiter

2079 709 2277 767 vivant.
2306 711 2459 771 Unde
2492 730 2616 769 mox
2647 715 2873 783 videbo,
2907 716 2951 770 si
2978 716 3117 773 Deus
3137 716 3368 788 iuverit,
3408 720 3536 791 quid
3576 735 3667 778 se-

2080 802 2312 857 cundum
2343 804 2648 875 Scripturas
2676 806 3015 862 sentiendum
3038 808 3128 863 sit.

2151 892 2375 951 CAPUT
2414 895 2553 952 XIII.
2575 928 2648 940 —-
2672 898 2756 954 l9.
2777 897 3108 969 Baptizandis
3137 911 3387 973 prwcepta
3410 919 3608 959 morum
3633 921 3669 959 α

2079 983 2278 1041 Joanne
2308 987 2516 1043 tradita.
2544 989 2624 1043 Ad
2652 992 3053 1062 consequendam
3080 994 3233 1047 vitam
3258 1003 3498 1050 aeternam
3527 1010 3666 1067 pra:-

2082 1087 2227 1146 cepta
2269 1080 2457 1133 servari
2491 1080 2647 1151 jussit
2683 1079 2932 1137 Christus.
2951 1082 3101 1139 Nunc
3144 1084 3196 1139 in
3238 1085 3339 1141 hac
3371 1088 3666 1158 quaestione

2080 1167 2255 1224 adhuc
2279 1185 2484 1239 versor,
2510 1172 2562 1226 in
2590 1189 2692 1246 qua
2719 1174 2796 1229 eis
2820 1173 3033 1231 videtur
3056 1176 3348 1248 baptizatos
3368 1180 3668 1237 admonen-

2082 1258 2178 1316 dos
2207 1276 2326 1317 esse
2354 1262 2420 1318 de
2449 1264 2688 1320 moribus
2716 1264 2783 1321 ad
2815 1265 3159 1322 cbristianam
3189 1269 3350 1326 vitam
3391 1272 3668 1341 pertinen-

2082 1353 2243 1419 tibus,
2286 1354 2618 1426 baptizandis
2656 1366 2834 1413 autem
2877 1358 3043 1413 solam
3086 1359 3456 1416 insinuandam
3485 1361 3665 1418 ﬁdem.

2080 1443 2233 1512 Quod
2275 1446 2319 1499 si
2364 1445 2435 1501 ita
2480 1457 2641 1515 esset,
2675 1456 2868 1519 praeter
2901 1457 3008 1504 tam
3051 1451 3215 1506 multa
3257 1468 3377 1522 quae
3416 1451 3667 1520 diximus,

2082 1550 2191 1590 non
2247 1536 2482 1593 Joannes
2540 1540 2773 1609 Baptista
2835 1541 3170 1597 venientibus
3222 1542 3290 1597 ad
3346 1543 3671 1613 baptismum

2083 1640 2238 1682 suum
2269 1627 2488 1697 diceret,
2520 1628 2786 1685 Generatio
2814 1631 3120 1702 viperarum,
3152 1633 3262 1704 quis
3291 1634 3506 1688 ostendit
3534 1635 3673 1689 vobis

2084 1722 2258 1792 fugere
2284 1721 2345 1775 ab
2371 1720 2450 1775 ira
2476 1724 2722 1778 ventura?
2749 1722 2925 1779 Facite
2949 1742 3064 1796 ergo
3092 1725 3313 1795 fructum
3336 1728 3546 1799 dignum
3576 1746 3675 1799 pw-

2082 1814 2307 1870 nitentia:
2330 1814 2544 1885 (Matth.
2569 1833 2646 1886 ut,
2671 1819 2726 1885 7,
2750 1817 2835 1890 8);
2865 1828 2921 1874 et
2948 1826 3139 1874 caetera
3160 1860 3174 1884 ,
3206 1836 3324 1889 quae
3354 1823 3536 1892 utique
3564 1836 3675 1878 non

2084 1904 2151 1960 de
2183 1904 2306 1974 ﬁde,
2339 1906 2434 1961 sed
2460 1907 2526 1962 de
2551 1908 2706 1963 bonis
2734 1909 2985 1980 operibus
3014 1909 3284 1966 admonet.
3314 1911 3466 1969 Unde
3494 1922 3548 1969 et
3574 1913 3676 1967 mi-

2084 1995 2268 2051 litibus
2301 1996 2620 2065 dicentibus,
2653 1999 2788 2067 Quid
2815 2000 3099 2071 faciemus?
3128 2016 3233 2056 non
3263 2001 3424 2068 dixit,
3457 2002 3676 2059 Interim

2085 2086 2287 2142 credite
2316 2096 2371 2143 et
2397 2079 2758 2159 baptizamini,
2785 2098 2905 2161 post
2933 2090 3162 2146 audietis
3198 2092 3324 2162 quid
3362 2092 3535 2149 facere
3575 2093 3674 2149 dc-

2083 2176 2290 2240 beatis;
2324 2177 2417 2233 sed
2459 2186 2582 2233 ante
2621 2179 2775 2247 dixit,
2819 2188 2943 2235 ante
2982 2183 3323 2251 praemonuit,
3354 2191 3412 2237 ut
3450 2192 3675 2239 venturo

2086 2266 2313 2323 Domino
2344 2268 2396 2322 in
2426 2282 2521 2324 cor
2545 2285 2731 2325 eorum
2774 2278 3025 2341 tanquam
3064 2287 3362 2342 prmcursor
3393 2274 3677 2331 mundaret

2084 2358 2225 2413 viam
2256 2376 2268 2411 :
2305 2357 2574 2413 Neminem
2602 2362 2975 2429 concusseritis,
3001 2363 3131 2417 nulli
3159 2364 3465 2418 calumniam
3492 2366 3676 2436 feceri-

2087 2449 2171 2516 tis,
2200 2450 2410 2520 suﬁiciat
2439 2450 2576 2504 vobis
2604 2452 2912 2520 stipendium
2941 2462 3179 2508 vestrum.
3213 2453 3468 2511 Similiter
3497 2456 3676 2525 publi-

2086 2542 2233 2597 canis
2249 2543 2608 2613 quaerentibus
2622 2543 2746 2615 quid
2764 2542 2941 2601 facere
2961 2544 3238 2612 deberent,
3260 2546 3411 2602 Nihil
3429 2550 3652 2620 amplius

2086 2630 2276 2703 inquit,
2296 2635 2508 2705 exigatis
2533 2645 2715 2705 preter
2740 2652 2892 2706 quant
2918 2638 3243 2692 constitutum
3270 2648 3342 2694 est
3364 2639 3500 2695 vobis
3521 2640 3672 2712 (Luc.

2086 2737 2163 2789 lli,
2197 2722 2420 2796 12-14).
2453 2725 2547 2780 His
2577 2726 2811 2782 breviter
2847 2731 3301 2797 commemoratis,
3335 2730 3677 2803 Evangelista

2093 2814 2241 2888 (-non
2272 2816 2413 2871 enim
2459 2826 2599 2872 totos
2641 2820 2997 2875 catechismos
3028 2822 3263 2879 inserere
3293 2824 3515 2898 debuit)
3546 2828 3678 2884 satis

2086 2906 2409 2977 signiﬁcavit
2439 2910 2705 2979 pertinere
2733 2910 2800 2966 ad
2827 2927 2949 2966 cum
2967 2927 2997 2967 a
3026 2928 3132 2983 quo
3160 2913 3508 2985 baptizandus
3528 2927 3675 2974 cate-

2085 2996 2347 3066 chizatur,
2376 2998 2570 3055 docere
2601 3008 2655 3056 et
2682 3017 2901 3059 monere
2940 3003 3008 3058 de
3047 3006 3305 3061 moribus.
3332 3007 3485 3073 Quod
3513 3009 3559 3064 si
3589 3026 3679 3066 re-

2089 3088 2431 3157 spondissent
2455 3089 2668 3156 Joanni,
2691 3092 2920 3149 Prorsus
2949 3110 3056 3149 non
3086 3095 3343 3152 faciemus
3366 3097 3569 3153 fructus
3599 3101 3682 3156 di-

2088 3191 2223 3248 gnos
2274 3180 2624 3250 paenitentiae,
2676 3183 3050 3238 calumniaturi
3098 3201 3314 3252 sumus,
3367 3191 3680 3245 concussuri

2090 3282 2296 3337 sumus,
2328 3285 2390 3326 ea
2420 3286 2540 3341 quae
2573 3271 2729 3328 nobis
2767 3288 2873 3329 non
2904 3272 3165 3331 debentur
3193 3279 3429 3332 exaeturi
3468 3295 3677 3348 sumus,

2090 3373 2146 3417 et
2173 3361 2521 3419 nihilominus
2556 3379 2650 3420 eos
2688 3374 2810 3437 post
2839 3366 2975 3423 hanc
3017 3368 3401 3438 professionem
3438 3372 3678 3442 baptiza-

2089 3461 2205 3521 ret;
2237 3470 2335 3510 nec
2376 3457 2453 3511 sic
2496 3466 2674 3513 tamen
2715 3458 2817 3514 dici
2859 3469 3061 3532 posset,
3090 3461 3228 3519 unde
3268 3464 3427 3520 modo
3455 3467 3679 3537 quaestio

2090 3552 2192 3608 est,
2222 3560 2328 3600 non
2356 3561 2475 3602 esse
2503 3550 2759 3619 temporis
2784 3565 2905 3606 cum
2931 3553 3155 3623 quisque
3195 3553 3542 3625 baptizandus
3571 3568 3674 3624 est,

2089 3643 2148 3689 ut
2178 3635 2321 3705 prius
2363 3636 2439 3691 illi
2481 3653 2659 3694 sermo
2689 3640 2780 3695 ﬁat
2809 3643 3257 3711 quemadmodum
3288 3648 3450 3703 vitam
3481 3642 3676 3705 bonam

2088 3739 2246 3796 agere
2274 3725 2482 3782 debeat.

2158 3825 2249 3882 20.
2278 3826 2416 3893 Quid
2446 3828 2557 3898 ipse
2583 3829 2857 3898 Dominus,
2881 3843 2939 3887 ut
2965 3834 3067 3889 alia
3092 3836 3355 3898 omittam.
3385 3853 3505 3893 cum
3526 3841 3593 3896 ab
3611 3858 3678 3899 eo

2089 3914 2239 3972 dives
2269 3918 2359 3974 ille
2387 3932 2653 3990 quaereret
2690 3922 2814 3991 quid
2854 3922 2979 3977 boni
3020 3924 3221 3980 faceret
3247 3937 3304 3981 ut.
3330 3929 3489 3983 vitam
3517 3941 3678 3987 teter-

2090 4023 2213 4063 nam
2245 4019 2688 4080 consequeretur;
2712 4013 2948 4067 recolant
2974 4013 3098 4084 quid
3125 4017 3460 4086 responderit
3484 4037 3496 4072 :
3523 4021 3585 4076 Si
3610 4025 3682 4077 vis

2090 4102 2277 4168 venire,
2309 4102 2499 4172 inquit,
2526 4103 2594 4157 ad
2624 4104 2796 4172 vitam,
2820 4122 2962 4160 serva
2986 4106 3246 4162 mandata.
3275 4109 3343 4163 At
3371 4110 3482 4177 ille,
3518 4111 3681 4178 Qum?

2091 4190 2241 4247 Tunc
2279 4193 2537 4251 Dominus
2576 4199 3013 4253 commemoravit
3051 4210 3315 4271 prmcepta
3347 4202 3521 4274 Legis,
3558 4203 3680 4257 Non

2093 4284 2288 4340 occides
2307 4326 2322 4351 ,
2359 4284 2475 4341 Non
2502 4286 2846 4354 mmchaberis,
2874 4297 2927 4345 et
2955 4299 3166 4345 castora.
3192 4291 3289 4348 Ubi
3317 4308 3438 4349 cum
3469 4295 3561 4351 ille
3590 4312 3680 4351 re-

2092 4377 2396 4447 spondisset
2439 4379 2557 4436 haec
2599 4395 2658 4436 se
2705 4380 2899 4437 fecisse
2942 4397 2969 4436 a
3012 4382 3288 4453 juventute
3332 4402 3444 4451 sua,
3479 4386 3683 4442 addidit

2094 4468 2253 4522 etiam
2281 4467 2623 4539 perfectionis
2652 4480 2998 4540 prmccptum.
3030 4481 3086 4526 ut
3113 4475 3339 4529 venditis
3368 4479 3477 4530 suis
3508 4479 3681 4531 ninni-

2092 4558 2196 4614 bus
2239 4568 2292 4613 et
2341 4559 2391 4613 in
2436 4575 2731 4630 pauperum
2776 4562 3143 4633 eleemosynas
3189 4567 3416 4633 erogatis
3462 4566 3680 4623 haherct

2095 4649 2404 4706 thesaurum
2437 4651 2488 4704 in
2518 4652 2675 4717 cmlo,
2706 4660 2760 4706 et
2787 4654 3031 4708 eumdem
3060 4654 3339 4708 Dominum
3370 4670 3682 4727 sequeretur

2096 4742 2310 4816 (Matt/i.
2336 4759 2445 4809 xIx,
2469 4742 2674 4816 17-21).
2699 4743 2928 4800 Videant
2958 4746 3117 4816 igitur
3137 4762 3240 4799 non
3267 4747 3315 4800 ei
3339 4748 3536 4802 dictum
3562 4766 3680 4802 esse

2094 4842 2154 4890 ut
2178 4833 2423 4890 crederet
2448 4842 2501 4889 et
2528 4833 2905 4904 baptizaretur,
2934 4851 3038 4905 quo
3063 4837 3177 4890 solo
3202 4836 3466 4904 adjutorio
3497 4848 3675 4907 putant

2095 4923 2183 4980 isti
2213 4926 2393 4981 venire
2422 4925 2693 4981 hominem
2723 4925 2790 4981 ad
2820 4926 3016 4990 vitam;
3047 4926 3139 4980 sed
3168 4941 3375 4981 morum
3415 4941 3679 5001 praecepta

2095 5014 2297 5073 homini
2335 5015 2476 5082 data,
2506 5031 2624 5086 qua:
2650 5017 2830 5087 utique
2860 5017 2973 5070 sine
3001 5016 3105 5070 ﬁde
3134 5017 3389 5073 custodiri
3427 5021 3682 5075 observa-

2095 5108 2245 5178 rique
2266 5121 2370 5161 non
2400 5115 2641 5177 possunt.
2666 5105 2775 5161 Nec
2803 5115 2976 5161 tamen
3006 5108 3128 5178 quia
3157 5108 3240 5163 hic
3271 5109 3338 5166 de
3366 5112 3677 5167 insinuanda

2096 5197 2202 5252 ﬁde
2230 5197 2485 5252 Dominus
2515 5196 2723 5252 videtur
2758 5199 2981 5252 tacuisse
3001 5239 3015 5265 ,
3046 5201 3443 5270 praescribimus
3474 5218 3571 5258 nos
3601 5212 3683 5257 at-

2095 5302 2198 5359 que
2234 5286 2622 5351 contendimus,
2655 5301 2862 5342 morum
2903 5292 3268 5348 tantummodo
3298 5300 3560 5362 prmcepta
3600 5293 3683 5347 di-

2096 5382 2262 5439 cenda
2284 5396 2403 5438 esse
2421 5381 2726 5436 hominibus
2745 5380 2810 5436 ad
2832 5382 2993 5439 vitam
3016 5385 3294 5454 pervenire
3318 5385 3675 5455 cupientibus.

2095 5474 2332 5546 Utraque
2357 5472 2497 5528 enim
2525 5482 2710 5527 mutuo
2738 5487 2977 5530 connexa
3008 5484 3163 5541 sunt,
3196 5475 3333 5530 sicut
3372 5482 3494 5529 ante
3531 5475 3678 5543 dixi;

2096 5569 2219 5638 quia
2246 5580 2418 5636 neque
2442 5563 2654 5620 dilectio
2675 5564 2771 5620 Dei
2799 5573 2972 5636 potest
2998 5565 3189 5619 essein
3218 5562 3433 5618 homine
3453 5564 3541 5634 qui
3569 5581 3680 5621 non

2097 5660 2269 5729 diligit
2301 5658 2624 5727 proximum,
2660 5673 2759 5713 nec
2787 5657 2997 5713 dilectio
3024 5656 3249 5724 proximi
3279 5656 3330 5710 in
3357 5671 3423 5712 eo
3451 5657 3540 5727 qui
3572 5674 3683 5713 non

982 5704 992 5715 .
1164 5701 1171 5703 -
1956 5703 1969 5713 .
2098 5701 2189 5716 υ...
2231 5701 2269 5714 ..
2660 5701 2759 5713 ..νυ
2787 5701 2995 5713 -..νην
3024 5701 3249 5724 ,.-......-
3359 5701 3419 5712 ν-
3453 5701 3540 5727 ιι...
3574 5701 3681 5713 ,,,,,,

370 5714 567 5823 agn
590 5719 711 5770 pro,
753 5704 1053 5767 mrdom’
1097 5703 1307 5767 haben“
1343 5701 1540 5756 scelere.
1582 5708 1640 5753 At
1663 5701 1780 5751 eam
1800 5736 1815 5762 ’
1838 5714 1994 5752 δίκη-
2102 5704 2270 5823 diligit
2292 5701 2478 5806 Deum.
2503 5701 2627 5806 lded
2653 5747 2936 5820 aliquando
2960 5747 3181 5803 alterum
3209 5747 3326 5803 sine
3349 5748 3536 5817 altero,
3567 5749 3681 5806 sive

370 5768 537 5836 legio.

3628 6012 3647 6049 Ι
