4124 6206
431 467 587 539 illud,
630 467 744 527 sive
785 467 938 538 illud,
971 480 1070 539 pro
1097 465 1252 542 plena
1291 464 1531 522 doctrina
1572 465 1840 520 invenitur
1875 461 2022 518 Scri-

431 570 586 633 ptura
617 574 1058 628 commemorare,
1087 543 1144 616 ut
1172 559 1330 615 etiam
1363 560 1464 614 hoc
1500 557 1660 613 modo
1696 558 2022 628 intelligatur

430 657 659 711 alterum
693 657 808 711 sine
834 655 1002 709 altero
1022 667 1142 708 esse
1167 668 1274 708 non
1301 667 1457 723 posse
1483 669 1494 705 :
1519 653 1640 724 quia
1663 661 1717 708 et
1736 652 1827 724 qui
1851 651 2022 714 credit

432 746 566 811 Deo,
608 747 768 800 debet
810 746 984 800 facere
1029 745 1171 816 quod
1211 745 1466 815 prrecepit
1491 745 1666 810 Deus;
1694 753 1748 800 et
1775 744 1863 816 qui
1890 758 2020 816 pro-

427 847 612 909 pterea
638 837 766 893 facit
787 839 911 910 quia
943 838 1195 910 praecepit
1219 839 1380 913 Dens,
1404 853 1623 902 necesse
1647 848 1730 897 est
1755 847 1814 896 ut
1835 838 2020 896 credat

429 931 560 988 Deo.

497 1021 726 1078 CAPUT
783 1021 922 1078 XIV.
961 1053 1033 1063 -
1067 1023 1158 1084 2].
1209 1022 1290 1077 De
1325 1024 1472 1087 tertia
1515 1024 1790 1096 qutestione
1829 1039 1848 1078 :
1880 1023 2016 1098 quod

428 1116 555 1187 ﬁdes
581 1115 649 1170 ad
676 1117 889 1184 salutem
918 1132 1018 1170 non
1049 1117 1228 1192 sufﬁcit
1256 1117 1364 1174 sine
1387 1117 1640 1190 aperibus.
1659 1115 2015 1184 Quamobrem

419 1208 532 1280 jam
563 1208 692 1264 illud
717 1208 1012 1274 videamus,
1036 1207 1177 1277 quod
1203 1207 1577 1268 excutiendum
1604 1215 1686 1261 est
1713 1222 1743 1262 a
1766 1206 2016 1262 cordibus

424 1298 708 1367 religiosis,
740 1314 804 1352 ne
833 1299 971 1352 mala
1002 1299 1287 1353 securitate
1315 1298 1537 1358 salutem
1577 1312 1725 1354 suam
1768 1296 2010 1368 perdant,

421 1389 468 1444 si
492 1389 558 1444 ad
579 1405 696 1444 eam
719 1390 1060 1446 obtinendam
1081 1389 1326 1445 sufﬁcere
1348 1390 1506 1446 ﬁdem
1531 1390 1852 1462 putaverint,
1875 1390 2014 1448 bene

422 1491 600 1538 autem
632 1483 811 1538 vivere
839 1493 892 1538 et
930 1482 1084 1544 bonis
1123 1483 1374 1554 operibus
1410 1484 1546 1538 viam
1579 1483 1670 1538 Dei
1703 1492 1884 1538 tenere
1913 1497 2011 1537 ne-

421 1573 710 1642 glexerint.
737 1573 869 1628 Nam
888 1573 1046 1628 etiam
1071 1573 1397 1646 temporibus
1417 1573 1788 1650 Apostolorum
1806 1588 1911 1628 non
1930 1571 2012 1627 in-

421 1665 653 1720 tellectis
700 1665 1014 1736 quibusdam
1065 1666 1406 1726 subobscuris
1455 1667 1734 1722 sententiis
1783 1665 2014 1737 apostoli

421 1755 593 1824 Pauli,
618 1755 719 1811 hoc
742 1773 860 1811 cum
877 1758 1089 1828 quidam
1111 1758 1351 1816 arbitrati
1373 1767 1496 1824 sunt
1517 1759 1716 1827 dicere,
1735 1757 2012 1818 Faciamus

420 1847 581 1914 mala,
610 1858 666 1901 ut
695 1849 893 1902 veniant
922 1849 1052 1902 bona
1082 1849 1256 1919 (Rom.
1284 1865 1363 1916 nt,
1387 1847 1466 1922 8);
1493 1851 1615 1920 quia
1645 1849 1874 1916 dixerat,
1903 1849 2013 1909 Lex

417 1938 736 2004 subintravit,
760 1949 813 1992 ut
843 1939 1120 1994 abundaret
1145 1939 1420 2012 delictum;
1438 1941 1520 1996 ubi
1547 1953 1716 1997 autem
1735 1943 2012 2006 abundavit

419 2028 679 2094 delictum,
693 2030 1116 2099 superabundavit
1131 2033 1294 2112 gratia
1310 2031 1482 2105 (Rom.
1503 2048 1558 2100 v,
1570 2032 1662 2105 20)
1673 2073 1686 2087 .
1710 2033 1862 2104 Quod
1890 2033 2011 2093 ideo

415 2133 604 2176 verum
649 2130 750 2190 est,
791 2123 914 2194 quia
963 2123 1134 2194 legem
1177 2125 1499 2194 accipientes
1539 2125 1786 2182 homines
1814 2126 1904 2197 qui
1943 2126 2011 2186 de

415 2212 529 2269 suis
558 2214 760 2269 viribus
789 2215 1170 2286 superbissime
1199 2217 1612 2290 prmsumebant,
1643 2234 1743 2274 nec
1771 2219 2010 2286 divinum

414 2303 739 2384 adjutorium
763 2306 1143 2364 vincendarum
1169 2308 1426 2366 malarum
1455 2311 2008 2382 concupiscentiarum

415 2405 563 2458 recta
593 2395 697 2450 ﬁde
727 2395 1103 2468 impetrantcs,
1137 2397 1376 2470 pluribus
1401 2401 1841 2474 gravioribusque
1869 2395 2006 2460 deli-

414 2489 517 2544 ctis
547 2488 706 2544 etiam
739 2487 854 2560 lege
883 2492 1229 2562 praevaricata
1257 2496 1462 2562 onerati
1499 2506 1625 2552 sunt
1648 2515 1660 2550 :
1683 2514 1748 2554 ac
1777 2499 1854 2554 sic
1887 2514 2006 2559 ma-

413 2594 520 2650 gno
548 2592 695 2638 reatu
723 2584 1078 2654 eompellente
1106 2585 1456 2658 confugerunt
1479 2588 1543 2643 ad
1576 2589 1755 2658 ﬁdem,
1785 2606 1889 2660 qua
1913 2591 2008 2646 mi-

415 2673 765 2732 sericordiam
817 2674 1159 2752 indulgentia:
1200 2689 1558 2747 mererentur,
1598 2689 1654 2738 et
1693 2683 1948 2740 auxilium
1972 2698 2008 2744 a

413 2763 644 2822 Domino
673 2765 762 2842 qui
790 2767 918 2821 fecit
945 2769 1139 2822 coelum
1170 2776 1226 2822 et
1255 2778 1450 2830 terram
1485 2771 1654 2842 (Psal.
1685 2789 1808 2842 cxx,
1835 2775 1918 2846 2);
1945 2784 2006 2836 ut

413 2855 603 2912 diﬁ'usa
643 2872 740 2932 per
767 2858 1020 2930 Spiritum
1065 2868 1311 2920 sanctum
1357 2861 1612 2919 charitate
1657 2865 1713 2922 in
1753 2866 2004 2926 cordibus

412 2948 526 3004 suis
560 2945 734 3021 (Rom.
763 2964 813 3014 ν,
843 2947 920 3024 5),
946 2964 1067 3004 cum
1093 2948 1380 3020 dilectione
1409 2965 1624 3026 agerent
1661 2972 1778 3028 quas
1816 2967 2006 3023 contra

413 3039 598 3100 szeculi
643 3040 802 3114 huius
843 3043 1300 3112 concupiscentias
1340 3043 1674 3118 iuberentur,
1707 3051 2004 3118 secundum

410 3132 468 3192 id
511 3136 653 3208 quod
705 3139 1017 3209 prmdictum
1063 3139 1238 3206 fuerat
1279 3141 1335 3204 in
1371 3143 2004 3217 Psalmo:Multiplicatte

409 3235 529 3280 sunt
571 3228 890 3299 inﬁrmitates
935 3247 1107 3285 eorum
1124 3249 1146 3300 ;
1173 3241 1348 3304 postea
1381 3236 1777 3296 acceleraverunt
1809 3237 2000 3310 (Psal.

411 3335 505 3392 xv,
524 3322 559 3378 4
580 3319 622 3396 ).
649 3320 781 3378 Cnm
820 3338 950 3399 ergo
979 3324 1110 3390 dicit
1135 3327 1422 3396 Apostolus
1449 3329 1695 3388 arbitrari
1721 3345 1782 3386 se
1803 3329 2001 3399 justiﬁ.

411 3413 522 3480 cari
545 3412 814 3469 hominem
839 3429 936 3486 per
957 3414 1113 3475 ﬁdem
1137 3417 1253 3482 sine
1276 3419 1526 3497 operibus
1544 3419 1675 3490 legis
1700 3420 1874 3494 (Rom,
1899 3421 2000 3494 Iv);

410 3519 520 3566 non
544 3506 646 3562 hoc
668 3510 796 3578 agit,
823 3520 879 3571 ut
904 3521 1154 3582 percepta
1178 3527 1242 3572 ac
1264 3513 1502 3590 professa
1528 3515 1635 3572 ﬁde
1658 3531 1821 3588 opera
1845 3517 2005 3588 justi.

409 3597 502 3652 tite
541 3607 970 3674 contemnantur,
999 3607 1093 3664 sed
1119 3615 1179 3662 ut
1205 3607 1338 3675 sciat
1366 3622 1425 3664 se
1452 3608 1676 3683 quisque
1703 3624 1799 3681 per
1840 3610 2004 3673 ﬁdem

410 3701 573 3760 posse
606 3693 904 3763 iustiﬁcari,
939 3697 1148 3754 etiamsi
1190 3699 1320 3771 legis
1363 3715 1525 3770 opera
1563 3717 1672 3768 nou
1709 3719 2004 3774 praeesse.

410 3785 538 3844 rint.
579 3785 886 3860 Sequuntur
929 3791 1074 3850 enim
1116 3793 1482 3875 jusﬁﬁcatum,
1533 3812 1640 3854 non
1690 3798 2001 3870 praecedunt

405 3877 826 3950 justiﬁcandum.
855 3882 1007 3942 Unde
1049 3887 1103 3941 in
1148 3888 1395 3956 praesenti
1433 3903 1595 3960 Opere
1622 3904 1732 3948 non
1759 3905 1896 3962 opus
1917 3899 2004 3958 est

410 3968 574 4028 latius
603 3971 908 4044 disputare;
935 3979 1236 4048 praesertim
1261 3979 1383 4054 quia
1411 3980 1570 4042 modo
1593 3983 1607 4012 ¹
1631 3981 1696 4038 de
1725 3981 1826 4039 hac
1847 4000 2002 4055 qute-

411 4061 590 4125 stione
639 4064 906 4135 prolixum
953 4067 1148 4134 librum
1191 4069 1364 4139 edidi,
1409 4073 1498 4149 qui
1555 4075 1884 4144 inscribitur,
1930 4077 2002 4136 de

411 4149 610 4208 Littera
633 4162 686 4208 et
704 4154 924 4224 Spiritu.
951 4157 1212 4225 Quoniam
1239 4177 1366 4234 ergo
1393 4165 1507 4220 haec
1526 4166 1706 4236 opinio
1731 4176 1856 4224 tunc
1878 4168 1999 4232 fue-

409 4253 496 4300 rat
521 4255 726 4311 exorta,
755 4246 876 4302 alim
903 4251 1208 4318 apostolica:
1242 4253 1514 4324 Epistolas,
1542 4256 1689 4318 Petri
1707 4297 1722 4322 ,
1753 4258 1995 4330 Joannis,

409 4336 615 4404 Jacobi,
644 4337 815 4404 Judae,
847 4349 1030 4400 contra
1067 4357 1184 4400 eam
1223 4345 1456 4401 maxime
1481 4346 1716 4418 dirigunt
1747 4349 2001 4410 intentio-

409 4443 558 4496 nem,
583 4439 640 4484 ut
659 4429 1008 4488 vehementer
1027 4441 1268 4493 astruant
1289 4435 1449 4495 ﬁdem
1474 4437 1592 4496 sine
1613 4439 1863 4510 operibus
1887 4457 1996 4500 non

409 4521 667 4592 prodesse
699 4540 714 4576 :
746 4521 884 4582 sicut
925 4525 1086 4584 etiam
1129 4527 1242 4601 ipse
1269 4527 1484 4601 Paulus,
1516 4544 1622 4588 non
1651 4530 1996 4602 qualemlihet

407 4607 590 4680 ﬁdem,
621 4628 723 4684 qna
749 4612 804 4668 in
832 4613 997 4670 Deum
1023 4616 1278 4686 creditur,
1307 4619 1402 4676 sed
1430 4635 1550 4687 eam
1575 4621 1846 4685 salubrem
1875 4626 1994 4696 pla-

407 4717 582 4773 neque
603 4705 962 4776 evangelicam
979 4706 1239 4775 deﬁnivit,
1263 4711 1411 4785 cujus
1433 4727 1595 4788 opera
1617 4729 1685 4770 ex
1707 4715 1998 4778 dilectione

403 4795 704 4864 procedunt
728 4814 739 4850 :
763 4796 834 4855 Et
871 4798 1020 4868 ﬁdes,
1057 4799 1246 4874 inquit,
1276 4820 1389 4871 quae
1413 4823 1502 4876 per
1525 4806 1842 4872 dilectionem
1866 4827 1992 4883 ops.

403 4895 554 4940 ratur
583 4886 797 4960 (Galat.
829 4905 888 4958 v,
909 4889 942 4946 6
969 4889 1008 4962 ).
1045 4891 1196 4950 Unde
1225 4894 1370 4952 illam
1397 4896 1558 4954 ﬁdem
1589 4915 1712 4970 quae
1743 4901 1996 4966 sufﬁcere

405 4976 474 5030 ad
499 4977 730 5036 salutem
757 4981 1074 5052 quibusdam
1099 4983 1328 5060 videtur,
1357 4986 1428 5049 ita
1466 4988 1596 5046 nihil
1625 4991 1878 5062 prodesse
1905 5008 1992 5051 as-

404 5076 640 5136 severat,
659 5079 716 5135 ut
735 5071 876 5134 dicat
901 5091 912 5126 :
941 5073 1003 5134 Si
1029 5075 1241 5136 habeam
1259 5093 1454 5133 ormnem
1477 5079 1650 5152 ﬁdem,
1673 5083 1744 5140 ita
1769 5091 1828 5138 ut
1847 5101 1994 5142 mon-

403 5167 478 5218 tes
523 5163 844 5234 transferam,
886 5167 1186 5227 charitatem
1225 5182 1394 5238 autem
1437 5191 1542 5235 non
1585 5175 1818 5245 habetest,
1860 5180 1990 5238 nillil

403 5268 518 5308 sum
548 5251 590 5326 (Ι
617 5251 736 5309 Cor.
759 5268 874 5320 xm,
908 5257 982 5328 l).
1008 5258 1109 5314 Ubi
1139 5271 1322 5330 autem
1350 5263 1522 5332 ﬁdelis
1543 5266 1774 5332 charitas
1800 5285 1990 5340 opera-

399 5351 492 5404 tur
515 5349 557 5414 ³,
587 5347 703 5414 sine
743 5347 904 5406 dubio
947 5349 1084 5411 bene
1120 5353 1334 5426 vivitur.
1354 5355 1632 5422 Plenitudo
1672 5362 1815 5428 enim
1864 5364 1988 5434 legis

401 5437 624 5496 charitas
647 5438 822 5514 (Rom.
842 5457 955 5512 xui,
983 5443 1095 5514 10),

461 5599 493 5676 ξ.
504 5605 601 5676 sex
623 5608 729 5653 Mss.
743 5603 805 5676 in
825 5605 1003 5676 quibus
1025 5611 1099 5676 est
1113 5606 1416 5661 Corbeiensis
1438 5618 1552 5662 ante
1577 5613 1708 5663 mille
1726 5627 1878 5666 annos
1893 5615 1982 5669 de-

396 5663 609 5740 uilptus
620 5699 642 5740 ,‘
649 5663 934 5740 inuigilant
948 5702 962 5726 ,
983 5669 1142 5740 mpdo,
1167 5679 1486 5740 praetereunt.

461 5724 758 5804 1933mm
791 5725 919 5782 liber
935 5724 957 5793 ,“
982 5729 1070 5784 ubi
1090 5724 1254 5790 autem
1281 5732 1408 5799 ﬁdes
1441 5742 1512 5788 est
1532 5741 1578 5788 et
1616 5735 1830 5797 Charitas
1868 5751 1982 5804 θρα.

391 5790 553 5845 war.

1483 347 1572 404 DE
1611 343 1769 402 FIDE
1797 343 1888 402 ET
1917 342 2276 414 OPERIBUS,
2317 347 2377 404 S.
2417 347 2786 408 AUGUSTINI

2196 462 2286 518 ΞΩ.
2314 463 2470 522 Unde
2493 467 2768 525 evidenter
2792 470 2846 524 in
2867 472 3095 528 secunda
3115 471 3351 546 Epistola
3376 491 3471 534 sua
3491 479 3700 554 Petrus,

2125 569 2245 611 cum
2275 556 2342 611 ad
2367 559 2494 614 vita:
2521 568 2576 616 et
2600 576 2808 617 morum
2835 566 3168 622 sanctitatem
3199 567 3521 641 hortaretur,
3553 589 3709 632 mun-

2124 649 2358 719 dumque
2388 651 2546 706 istum
2587 655 2930 712 transiturum
2961 661 3361 734 praenuntiaret,
3387 665 3557 724 caelos
3581 684 3709 728 vero

2124 755 2293 796 novos
2316 751 2370 796 et
2393 753 2588 799 terram
2617 761 2806 802 novam
2833 754 3148 821 exspectari,
3179 769 3297 826 qua:
3317 755 3477 830 justis
3502 758 3708 818 inhabi-

2124 834 2284 890 tanda
2325 836 2648 908 traderetur,
2677 849 2736 896 ut
2763 857 2829 898 ex
2861 843 2962 900 hoc
2987 846 3324 908 attenderem
3361 852 3588 922 qualiter
3612 869 3710 920 eos

2122 937 2395 998 oporteret
2437 931 2636 998 vivere,
2680 943 2739 988 ut
2777 935 3105 996 habitatione
3155 940 3246 1001 illa
3287 943 3432 1016 digni
3473 945 3704 1022 ﬁerent;

2123 1020 2299 1074 sciens
2329 1021 2394 1075 de
2424 1024 2650 1091 apostoli
2679 1024 2828 1080 Pauli
2857 1030 3172 1099 quibusdam
3209 1033 3553 1094 subobscuris
3581 1020 3708 1097 seu;

2123 1113 2303 1168 tentiis
2350 1117 2636 1174 nonnullos
2679 1117 2892 1190 iniquos
2937 1125 3208 1196 accepisse
3255 1131 3619 1200 occasionem,
3650 1143 3708 1200 ut

2121 1211 2370 1274 tanquam
2403 1208 2576 1261 securi
2603 1208 2672 1264 de
2695 1211 2867 1268 salute
2892 1230 3012 1283 qua:
3037 1215 3091 1271 in
3121 1216 3226 1274 ﬁde
3247 1229 3349 1294 est,
3374 1221 3508 1280 bene
3528 1225 3708 1288 vivere

2121 1311 2228 1351 non
2255 1308 2534 1365 curarent,
2566 1307 3004 1362 commemoravit
3029 1309 3274 1380 qutcdam
3303 1311 3370 1368 ad
3399 1314 3722 1393 intelligent

2120 1387 2245 1442 dum
2294 1389 2530 1445 difﬁcilia
2575 1406 2695 1448 esse
2738 1395 2789 1449 in
2832 1397 3086 1468 Epistolis
3129 1403 3266 1475 ejus,
3308 1421 3426 1480 qua:
3465 1387 3706 1470 homines

2123 1489 2505 1548 perverterent,
2549 1483 2685 1539 sicut
2725 1493 2781 1541 et
2818 1487 2950 1543 alias
2979 1489 3302 1564 Scripturas,
3335 1497 3399 1556 ad
3432 1505 3702 1574 proprium

2119 1584 2274 1626 suum
2320 1573 2595 1628 interitum
2629 1592 2642 1628 :
2674 1591 2794 1632 cum
2827 1587 3003 1636 tamen
3031 1591 3085 1636 et
3114 1584 3200 1639 ille
3227 1573 3502 1661 apostolus
3526 1591 3593 1647 de
3618 1608 3706 1648 sa-

2118 1659 2230 1715 lute
2277 1669 2501 1732 acterna,
2533 1680 2653 1734 quae
2682 1667 2786 1722 nisi
2813 1668 2950 1726 bene
2987 1659 3285 1731 viventibus
3321 1692 3426 1734 non
3465 1681 3704 1754 daretur,

2117 1752 2303 1808 eadem
2350 1757 2592 1825 sentiret,
2625 1774 2742 1830 quae
2771 1763 2950 1816 cmteri
2981 1767 3224 1836 apostoli.
3261 1767 3350 1824 Sic
3393 1771 3570 1844 itaque
3599 1752 3704 1830 P04

2117 1849 2270 1896 trus:
2303 1842 2398 1898 His
2445 1864 2584 1918 ergo,
2633 1849 2823 1921 inquit,
2867 1855 3097 1910 omnibus
3147 1842 3495 1932 pereuntibus,
3531 1867 3704 1934 quales

2116 1944 2310 2004 oportet
2337 1953 2420 1990 vos
2445 1955 2550 1993 esse
2572 1940 2625 1994 in
2648 1943 2838 1997 sanctis
2861 1948 3314 2006 conversationibus
3339 1963 3385 2006 et
3413 1955 3698 2028 pietatibus,

2115 2037 2460 2096 exspectantes
2489 2041 2536 2085 et
2568 2047 2895 2105 preparantes
2913 2040 2981 2091 ad
3000 2043 3318 2116 prtt’sentiam
3349 2045 3450 2100 diei
3473 2047 3704 2122 Domini,l

2115 2133 2208 2188 per
2244 2135 2395 2188 quam
2435 2122 2550 2175 ειεΙὶ
2585 2123 2819 2180 ardentes
2859 2128 3130 2198 solventur,
3161 2141 3208 2186 et
3246 2133 3486 2191 elementa
3522 2139 3704 2204 ardore

2114 2207 2248 2280 ignis
2290 2211 2666 2283 decoquentur?
2695 2232 2851 2272 novos
2877 2234 2990 2276 vero
3034 2220 3184 2275 corios
3221 2233 3268 2278 et
3306 2233 3489 2282 terram
3521 2245 3702 2294 novam

2115 2301 2392 2354 secundum
2421 2305 2671 2373 promissa
2693 2306 2852 2376 ipsius
2881 2321 3248 2382 exspectamus,
3273 2316 3326 2375 in
3349 2318 3522 2386 quibus
3539 2320 3699 2394 justis-

2114 2393 2186 2447 tia
2224 2395 2492 2452 inhabitat.
2523 2399 2863 2471 Quapropter,
2892 2404 3196 2474 citatissimi,
3225 2409 3332 2464 lucc
3360 2393 3701 2486 exspectantes

2111 2487 2327 2556 satagite
2359 2490 2588 2544 inviolati
2627 2501 2675 2544 et
2714 2493 3027 2554 immaculati
3065 2500 3207 2570 apud
3241 2518 3357 2560 eum
3399 2507 3608 2578 reperiri
3646 2511 3699 2570 in

2113 2589 2254 2644 pace,
2287 2589 2336 2629 et
2365 2577 2572 2633 Domini
2615 2583 2775 2636 nostri
2814 2587 3105 2656 patientiam
3142 2591 3358 2648 salutem
3400 2577 3698 2668 edistimate,

2111 2663 2258 2720 Sicut
2300 2676 2347 2722 et
2389 2668 2744 2730 dilectissimus
2785 2675 2944 2746 frater
2988 2691 3157 2736 noster
3193 2681 3390 2740 Paulus
3427 2663 3700 2758 secundum

2110 2772 2241 2825 eam,
2279 2776 2395 2831 qua:
2433 2762 2554 2817 data
2591 2773 2666 2819 est
2703 2763 2802 2836 illi,
2831 2769 3130 2838 sapientiam
3158 2775 3359 2847 scripsit
3387 2778 3542 2848 vobis,
3571 2790 3622 2844 ut
3649 2791 3699 2848 et

2107 2851 2164 2906 in
2206 2854 2436 2910 omnibus
2473 2855 2748 2931 Epistolis,
2777 2861 2987 2933 loquens
3016 2865 3068 2919 in
3098 2867 3168 2922 eis
3193 2867 3256 2922 de
3281 2869 3360 2924 his
3387 2887 3408 2926 :
3436 2873 3490 2928 in
3517 2875 3698 2942 quibus

2107 2954 2229 2999 sunt
2255 2945 2479 3020 diﬁicitia
2513 2952 2748 3022 quedam
2785 2954 3042 3014 intellectu
3061 3000 3076 3027 ,
3102 2975 3217 3032 quae
3243 2961 3432 3018 indocti
3456 2975 3504 3020 et
3532 2967 3694 3027 insta-2

2109 3037 2231 3093 biles
2251 3051 2556 3110 pervertunt,
2573 3046 2701 3101 sicut
2716 3055 2764 3101 et
2783 3058 2988 3108 ceteras
3001 3049 3316 3126 Scripturas,
3340 3057 3410 3112 ad
3426 3059 3694 3132 proprium

2107 3147 2256 3186 suum
2293 3133 2568 3200 interitum.
2613 3137 2716 3193 Vos
2757 3141 2931 3214 igitur,
2965 3149 3319 3216 amantissimi,
3351 3152 3696 3232 prtcscieutes,

2108 3235 2275 3280 cavete
2304 3243 2366 3282 ne
2389 3229 2726 3298 infaustorum
2748 3233 2765 3264 ί
2788 3251 2958 3292 errore
2982 3239 3170 3296 seducti
3194 3241 3436 3300 decidatis
3465 3264 3498 3301 a
3517 3229 3694 3302 θοντο-ζ

2106 3315 2367 3378 boratione
2409 3331 2572 3376 uestra
2598 3338 2618 3380 :
2646 3325 2852 3380 crescite
2892 3345 3007 3382 vero
3047 3331 3100 3386 in
3138 3335 3304 3402 gratia
3348 3346 3396 3394 et
3437 3337 3696 3401 itttellecm

2105 3405 2318 3462 Domini
2345 3411 2504 3508 nostri
2530 3421 2578 3468 et
2603 3413 2887 3470 Saluatoris
2911 3415 3036 3474 Jesu
3062 3418 3267 3480 Christi.
3294 3424 3408 3496 Ipsi
3435 3429 3621 3508 gloria,
3645 3441 3694 3502 et

2107 3514 2242 3565 nunc
2271 3509 2318 3554 et
2352 3501 2405 3554 in
2435 3502 2568 3581 diem
2595 3506 2890 3564 teternitatis
2917 3509 2982 3578 (ll
3015 3509 3156 3568 Petr.
3185 3529 3262 3582 ut,
3295 3501 3510 3590 11-18),

2175 3592 2268 3648 25.
2308 3594 2540 3651 Iacobus
2559 3608 2738 3655 autem
2767 3608 2874 3656 tam
2896 3602 3240 3664 vehementer
3261 3609 3486 3675 infestus
3510 3622 3596 3678 est
3613 3617 3695 3680 eis

2105 3686 2452 3782 quimsapiunt
2493 3689 2649 3748 ﬁdem
2694 3694 2811 3750 sine
2850 3697 3104 3768 operibus
3133 3702 3313 3762 valere
3345 3705 3412 3762 ad
3439 3707 3691 3782 salutem,

2104 3783 2164 3836 ut
2189 3776 2312 3834 illos
2331 3779 2490 3834 etiam
2512 3781 2848 3842 daemonibus
2869 3800 3160 3860 comparet,
3181 3791 3366 3853 dicens
3387 3814 3400 3850 :
3425 3796 3506 3858 Tu
3529 3776 3693 3862 credis

2104 3869 2343 3940 quoniam
2381 3886 2511 3930 unus
2552 3883 2624 3930 est
2653 3875 2789 3932 Deus
2816 3878 2977 3938 :bene
3013 3879 3138 3952 facis
3163 3899 3183 3952 ;
3213 3894 3259 3945 ct
3296 3885 3548 3948 dwmones
3575 3907 3688 3951 cre-

2105 3960 2252 4031 dunt,
2275 3970 2324 4018 et
2348 3966 2753 4022 contremiscunt.
2776 3968 2912 4038 Quid
2932 3971 3166 4040 brevius,
3189 3977 3386 4045 verius,
3407 3978 3690 4040 vehemens

2103 4054 2210 4144 tius
2247 4055 2354 4112 dici
2394 4059 2586 4130 potuit,
2625 4075 2746 4128 cum
2790 4073 2842 4120 et
2886 4065 2940 4122 in
2976 4065 3264 4140 Evangelio
3310 4071 3547 4144 legamus
3587 4075 3692 4141 hoe

2103 4143 2304 4204 dixisse
2330 4148 2614 4225 daemonia,
2656 4167 2777 4218 cum
2817 4153 3086 4214 Christum
3118 4159 3308 4224 Filium
3339 4143 3430 4225 Dei
3459 4167 3688 4228 conﬁte-

2101 4245 2312 4331 rentur,
2353 4249 2408 4298 et
2451 4241 2520 4296 ab
2563 4243 2656 4298 illo
2697 4247 3094 4318 corriperentur
3131 4250 3342 4325 (Marc.
3367 4258 3512 4324 1,21.
3540 4260 3612 4316 25
3639 4261 3686 4331 >ι

2101 4329 2246 4403 quod
2273 4329 2330 4384 in
2359 4331 2506 4387 Petri
2535 4333 2872 4396 confessione
2903 4340 3174 4404 laudatum
3203 4355 3284 4402 est
3314 4347 3332 4418 (
3362 4346 3546 4405 Matth.
3574 4329 3688 4422 xvi;

2101 4419 2192 4486 16,
2223 4419 2374 4495 i7)?
2401 4423 2537 4492 Quid
2579 4427 2824 4498 proderit,
2861 4431 2934 4486 ait
2971 4431 3222 4500 Jacobus,
3262 4441 3448 4510 fratres
3490 4441 3606 4508 mei,
3639 4419 3686 4500 si

2099 4513 2255 4585 ﬁdem
2293 4515 2430 4570 dicat
2468 4533 2524 4576 se
2557 4519 2668 4591 quis
2711 4521 2912 4592 habere,
2945 4541 3097 4596 Opera
3127 4539 3292 4584 autem
3332 4547 3432 4586 non
3470 4531 3686 4590 habeat?

2101 4606 2371 4680 Numquid
2395 4613 2576 4681 poterit
2610 4613 2740 4682 ﬁdes
2769 4617 2963 4676 salvere
2991 4636 3098 4678 eum
3123 4621 3147 4674 1’
3177 4623 3311 4678 Dicit
3335 4625 3516 4694 etiam,
3552 4627 3688 4696 Quid

2098 4701 2226 4791 ﬁdes
2263 4701 2370 4758 sine
2399 4704 2632 4773 operibus
2660 4717 2858 4762 mortua
2887 4720 2958 4772 est
2990 4710 3204 4782 (Jacobi
3235 4729 3292 4780 ιι²
3323 4715 3413 4782 iii,
3443 4718 3528 4783 Μ,
3553 4717 3684 4791 20).

2097 4790 2388 4864 Quousque
2425 4809 2556 4866 ergo
2592 4795 2866 4866 falluntur,
2894 4801 2984 4880 qui
3011 4801 3077 4858 de
3105 4803 3208 4860 ﬁde
3235 4813 3445 4870 mortua
3472 4809 3573 4868 sibi
3602 4790 3683 4870 vi-

2096 4892 2205 4942 tam
2237 4895 2545 4960 perpetuam
2574 4888 2926 4957 pollicentur?
3701 4887 3711 4962 ἶ

2165 4975 2392 5034 CAPUT
2412 4978 2527 5034 XV.
2545 4981 2715 5044 —‘2i.
2746 4981 2908 5046 Locus
2931 4986 3158 5056 Apostoli
3180 4989 3420 5064 diﬁcilis,
3448 4991 3577 5050 male
3602 4992 3682 5048 ἕης

2095 5069 2336 5128 tellectus.
2364 5070 2637 5144 Refutatur
2660 5078 2830 5148 opinio
2851 5081 3242 5142 emistitnantium
3265 5087 3415 5152 [idem
3433 5086 3540 5142 sine
3559 5103 3683 5158 ope-

2093 5159 2228 5216 ribus
2244 5161 2478 5232 prodesse
2492 5164 2559 5217 ad
2579 5167 2812 5236 salutem,
2826 5169 3158 5240 Quapropter
3177 5172 3454 5244 diligenter
3470 5185 3683 5244 oportet

2092 5253 2370 5310 attendere
2409 5257 2673 5330 quomodo
2707 5261 3016 5328 accipienda
3059 5263 3126 5316 sit
3155 5264 3378 5330 apostoli
3411 5264 3558 5322 Pauli
3585 5268 3680 5330 illa

2093 5345 2354 5398 sententia
2375 5387 2388 5412 ,
2431 5347 2584 5418 plane
2615 5347 2678 5404 ad
2713 5349 3112 5420 intelligemlum
3146 5351 3414 5423 difﬁcilis,
3441 5357 3530 5414 ubi
3557 5361 3632 5421 ait
3660 5380 3676 5418 :

2089 5433 2505 5491 Fundamentum
2531 5440 2664 5492 enim
2689 5441 2832 5502 aliud
2853 5457 2995 5494 nemo
3023 5451 3180 5512 potest
3199 5461 3401 5515 ponere,
3427 5462 3604 5517 praeter
3623 5454 3676 5508 id

2087 5528 2224 5596 quod
2247 5530 2466 5600 positum
2483 5539 2574 5597 est,
2593 5533 2728 5601 quod
2751 5542 2820 5585 est
2843 5531 3068 5586 Christus
3088 5533 3124 5586 Ι
3127 5551 3258 5589 esus.
3294 5536 3354 5592 Si
3378 5543 3490 5612 quis
3506 5553 3673 5598 autem

2095 5681 2544 5770 :...'..f:‘f..“2f’“"fi‘:‘l
2563 5683 3342 5770 ,ἓξὲξ,ἐξηὲἐὲἓληίηῖαίξονξη.
3366 5701 3505 5766 Ferte
3547 5709 3667 5770 μοι

2085 5740 2390 5822 ίηεξιζδονηηι,
2415 5745 2540 5822 quod
2563 5740 3025 5822 Incl‘lUS‘l‘LCSpOlldei.
3066 5740 3442 5822 inulgauéha'si‘
3457 5740 3503 5766 τ*
3547 5740 3636 5770 ειν-ν
3651 5740 3667 5763 ι

2087 5803 2178 5853 sed
2192 5805 2239 5853 in
2263 5819 2422 5866 gnsco
2432 5803 2577 5856 textu
2593 5813 2688 5867 est,
2711 5803 2957 5858 tttltesntbn
2974 5844 2989 5871 ,
3012 5803 3326 5874 nefariorum.
