4124 6206
464 302 575 369 815

464 426 792 483 tinacissime
809 423 1138 481 cohaerentes
1155 462 1170 490 ,
1190 433 1291 478 nec
1309 419 1640 478 emendando
1658 427 1750 474 aut
1766 417 2037 490 poeniten-

461 521 532 578 do
552 528 804 577 mutatos.

531 613 757 670 CAPUT
783 612 920 668 XVI.
942 611 1116 667 —-27.
1144 611 1308 666 Locus
1332 610 1560 682 Apostoli
1578 607 1826 680 quomodo
1851 606 2043 661 intelli-

458 707 670 778 gendus.
689 705 834 759 Alius
854 705 1084 774 Apostoli
1112 703 1252 758 locus
1276 707 1467 774 {rustra
1489 702 1550 755 ab
1578 701 1639 756 iis
1658 699 1928 767 adductus,
1955 699 2042 769 qui

455 801 609 870 ﬁdem
638 799 746 854 sine
765 797 994 869 operibus
1015 797 1210 852 salvere
1239 797 1436 851 docent.
1452 796 1754 850 Chanancea:
1768 793 1895 864 fides
1910 809 2037 864 qua-

456 893 520 948 lis
577 893 785 947 laudata
831 902 923 947 est.
991 891 1087 946 Hic
1139 906 1170 945 a
1225 905 1312 945 me
1365 889 1590 944 fortasse
1631 898 1920 958 quaeratur,
1970 886 2039 942 de

451 986 567 1056 ipsa
590 984 739 1040 Pauli
762 982 987 1055 apostoli
1007 981 1269 1038 sententia
1289 979 1415 1050 quid
1437 994 1536 1050 ego
1555 979 1802 1044 sentiam,
1831 987 1885 1032 et
1905 991 2037 1047 quo-

449 1092 575 1134 nam
611 1075 773 1130 modo
803 1072 1200 1144 intelligendam
1227 1081 1427 1142 putem.
1458 1069 1670 1135 Fateor,
1701 1068 1825 1122 hinc
1846 1069 1862 1099 ¹
1906 1067 2037 1122 mal-

439 1173 555 1225 lem
594 1168 777 1223 audire
817 1157 1254 1237 intelligentiores
1299 1172 1459 1232 atque
1499 1161 1786 1225 doctiores,
1826 1159 1915 1230 qui
1958 1159 2037 1213 sic

448 1275 567 1316 eam
593 1265 896 1328 exponant,
927 1264 988 1311 ut
1016 1254 1107 1311 illa
1135 1254 1312 1310 omnia
1333 1268 1459 1309 vera
1489 1259 1546 1309 et
1565 1252 1877 1306 inconcussa
1908 1265 2033 1321 per-

448 1358 718 1414 maneant,
760 1364 880 1419 quae
915 1361 1074 1417 supra
1112 1341 1550 1407 commemoravi,
1590 1351 1646 1398 et
1683 1355 2030 1412 quaecumque

443 1445 546 1498 alia
570 1458 674 1497 non
702 1437 1192 1504 commmemoravi,
1215 1437 1405 1508 quibus
1429 1433 1764 1505 apertissime
1784 1431 2028 1502 Scriptu-

443 1550 507 1590 ra
525 1541 750 1590 testatur
766 1531 895 1586 nihil
914 1530 1168 1602 prodesse
1187 1528 1367 1594 ﬁdem,
1387 1527 1487 1582 nisi
1513 1541 1631 1581 eam
1650 1539 1807 1595 quam
1833 1523 2027 1579 deﬁni-

443 1626 520 1681 vit
531 1624 833 1697 Apostolus,
850 1622 904 1678 id
915 1631 1015 1688 est,
1031 1637 1142 1690 quae
1154 1637 1241 1692 per
1255 1619 1568 1674 dilectionem
1579 1626 1817 1686 operatur
1829 1614 2023 1687 (Galat.

442 1734 500 1788 v,
524 1718 612 1789 6);
653 1719 769 1772 sine
794 1716 1044 1786 operibus
1071 1722 1249 1769 autem
1276 1712 1482 1767 salvare
1511 1725 1616 1765 non
1646 1723 1824 1781 posse,
1857 1723 2028 1780 neque

441 1819 639 1882 prazter
655 1811 850 1879 ignem,
868 1821 1038 1876 neque
1051 1820 1144 1875 per
1157 1804 1352 1874 ignem:
1365 1802 1485 1873 quia
1498 1800 1541 1855 si
1561 1815 1652 1870 per
1669 1800 1844 1869 ignem
1856 1798 2027 1853 salvat

442 1903 559 1972 ipsa
577 1903 756 1972 utique
771 1903 958 1955 salvat.
974 1898 1230 1954 Absolute
1241 1903 1417 1951 autem
1436 1895 1634 1949 dictum
1652 1900 1800 1947 estet
1818 1899 2022 1961 aperte,

445 1994 583 2062 Quid
606 1993 830 2064 prodest,
851 1993 894 2046 si
915 1992 1050 2045 dicat
1074 1991 1186 2063 quis
1213 2005 1268 2043 se
1289 1989 1442 2058 [idem
1458 1985 1657 2048 habere,
1682 1999 1835 2054 opera
1850 1994 2020 2036 autem

438 2103 545 2141 non
571 2086 788 2140 habeat?
815 2083 1079 2154 Numquid
1105 2082 1285 2152 poterit
1313 2079 1438 2148 ﬁdes
1457 2078 1651 2133 salvare
1669 2076 1821 2130 eum?
1842 2075 2022 2130 Dicam

439 2185 640 2241 tamen,
671 2191 826 2247 quam
853 2167 1163 2231 brevissime
1190 2181 1398 2243 potero,
1429 2169 1590 2226 etiam
1616 2169 1730 2239 ipse
1752 2166 1880 2238 quid
1905 2181 2026 2222 sen-

439 2269 569 2323 tiam
605 2269 671 2324 de
697 2268 782 2322 illa
811 2269 1070 2323 sententia
1096 2266 1244 2320 Pauli
1273 2263 1498 2334 apostoli
1522 2263 1590 2317 ad
1625 2259 2024 2331 intelligendum

439 2359 676 2424 difﬁcili;
699 2357 991 2414 dummodo
1016 2355 1163 2422 illud,
1192 2354 1336 2426 quod
1349 2353 1416 2408 ad
1441 2367 1613 2409 meam
1636 2350 2024 2421 professionem

437 2451 688 2516 attinet”,
711 2450 978 2521 prmcipue
1022 2455 1283 2512 teneatur,
1329 2444 1467 2515 quod
1498 2444 1568 2500 de
1606 2444 1704 2498 hac
1741 2457 1829 2498 me
1863 2441 2026 2498 malle

437 2540 553 2596 dixi
595 2539 780 2595 audire
811 2539 1082 2594 meliores.
1122 2535 1548 2592 Fundamentum
1582 2532 1825 2589 Christus
1859 2541 1941 2588 est
1970 2531 2025 2587 in

437 2640 707 2688 structura
730 2630 1003 2686 architecti
1029 2628 1313 2698 sapientis;
1339 2627 1440 2680 hoc
1459 2624 1788 2694 expositione
1812 2637 1918 2678 non
1939 2623 2027 2678 in-

439 2725 592 2796 diget
620 2743 632 2778 :
664 2732 849 2794 aperte
887 2723 1030 2778 enim
1061 2720 1262 2776 dictum
1296 2727 1399 2784 est,
1422 2717 1854 2780 Fundamentum
1891 2717 2026 2770 enim

441 2815 590 2870 aliud
617 2830 762 2868 nemo
788 2822 946 2884 potest
971 2826 1156 2882 ponere
1194 2819 1378 2880 praeter
1421 2809 1476 2862 id
1504 2809 1638 2875 quod
1685 2809 1903 2879 positum
1929 2815 2020 2874 est,

437 2904 576 2976 quod
601 2912 673 2958 est
694 2903 923 2958 Christus
941 2901 1112 2957 Jesus.
1144 2899 1200 2956 Si
1225 2907 1402 2954 autem
1431 2897 1692 2963 Christus,
1718 2897 1903 2968 procul
1923 2896 2023 2952 du-

439 2996 530 3052 bio
551 2995 682 3051 ﬁdes
709 2994 910 3050 Christi
946 3012 959 3048 :
1001 3008 1098 3064 per
1127 2992 1285 3047 ﬁdem
1326 2991 1521 3062 quippe
1553 2989 1754 3046 habitat
1779 2989 2024 3047 Christus

436 3085 494 3142 in
511 3085 762 3142 cordibus
787 3085 1008 3150 nostris,
1032 3083 1172 3140 sicut
1191 3082 1332 3138 idem
1356 3081 1631 3151 apostolus
1658 3080 1786 3136 dicit
1806 3080 2021 3152 (Ephes.

443 3193 526 3244 ιιι,
559 3177 672 3250 17).
701 3177 868 3233 Porro
891 3176 938 3231 si
963 3174 1098 3231 ﬁdes
1131 3173 1354 3239 Christi,
1383 3173 1468 3228 illa
1490 3173 1670 3244 utique
1695 3187 1857 3242 quam
1886 3171 2022 3227 deﬁ-

440 3269 580 3325 nivit
626 3269 934 3339 Apostolus,
978 3281 1095 3336 quis
1137 3282 1226 3336 per
1262 3263 1578 3318 dilectionem
1615 3272 1870 3333 aperatur.
1904 3261 2023 3318 Non

437 3363 582 3418 enim
616 3361 747 3416 ﬁdes
773 3361 862 3415 illa
884 3359 1207 3422 daemonum,
1237 3370 1358 3411 cum
1382 3363 1438 3410 et
1462 3355 1561 3425 ipsi
1582 3355 1801 3410 credant
1822 3362 1878 3410 et
1895 3368 2024 3409 con-

434 3455 771 3517 tremiscam,
803 3459 858 3506 et
883 3450 1078 3505 Filium
1108 3448 1200 3503 Dei
1231 3446 1583 3503 conﬁteantur
1607 3444 1816 3510 Iesum,
1848 3454 2022 3514 potest

435 3545 610 3615 accipi
649 3545 702 3598 in
743 3541 1107 3597 fundamento.
1147 3540 1345 3606 Quare,
1379 3537 1478 3592 nisi
1503 3537 1626 3607 quia
1653 3551 1759 3591 non
1785 3544 1870 3591 est
1890 3535 2023 3592 lides

433 3651 558 3707 qute
599 3649 692 3706 per
730 3633 1072 3689 dilectionem
1109 3636 1386 3700 operatur,
1429 3627 1523 3683 sed
1554 3643 1669 3698 quae
1707 3626 2022 3697 exprimitur

438 3743 538 3799 per
562 3728 844 3784 timorem?
873 3726 1030 3781 Fides
1059 3725 1236 3795 itaque
1260 3721 1476 3787 Christi,
1509 3721 1641 3776 ﬁdes
1665 3721 1848 3792 gratiae
1875 3719 2021 3775 chri-

436 3819 645 3886 stianae,
669 3817 724 3874 id
748 3826 862 3885 est,
893 3831 956 3872 ea
978 3815 1108 3872 ﬁdes
1131 3829 1251 3885 quae
1277 3829 1371 3884 per
1401 3813 1739 3897 dilectionem
1773 3819 2023 3882 operatur

439 3909 612 3981 posita
637 3910 689 3964 in
711 3908 1054 3964 fundamento
1080 3906 1347 3961 neminem
1384 3905 1558 3974 perire
1600 3903 1876 3974 permittit.
1913 3903 2021 3959 Sed

440 4001 569 4073 quid
605 4001 678 4056 sit
711 4000 978 4056 mdiﬁcare
1016 4013 1177 4069 super
1205 3999 1304 4051 hoc
1339 3994 1738 4051 fundamentum
1759 4036 1774 4061 ,
1807 4010 2018 4060 aurum,

435 4101 738 4162 argentum,
771 4090 973 4160 lapides
1001 4089 1262 4160 pretiosos
1283 4128 1297 4151 ,
1327 4097 1380 4141 ct
1406 4088 1543 4157 ligna
1561 4127 1575 4152 ,
1609 4087 1786 4142 fenum
1806 4127 1820 4152 ,
1849 4088 2020 4158 stipu-

430 4184 563 4249 lam,
597 4183 640 4237 si
668 4181 916 4237 subtilius
941 4179 1203 4234 disserere
1233 4192 1417 4244 coner,
1453 4193 1642 4233 vereor
1667 4194 1737 4234 ne
1765 4179 1831 4233 ad
1861 4180 2020 4235 intel-

431 4273 702 4344 ligendum
736 4269 1007 4326 difﬁcilior
1047 4268 1115 4322 sit
1151 4268 1264 4338 ipsa
1290 4268 1590 4338 expositio:
1623 4269 1794 4324 enitar
1818 4277 2018 4340 tamen,

432 4374 689 4438 quantum
715 4361 970 4418 Dominus
989 4359 1238 4430 adjuvat,
1282 4367 1336 4414 et
1361 4358 1621 4424 breviter,
1664 4369 1720 4415 et
1759 4371 2017 4430 quantum

432 4469 642 4531 potero,
673 4454 904 4513 dilucide
944 4453 1202 4526 expedire
1236 4452 1377 4524 quod
1416 4454 1615 4508 sentio.
1647 4453 1785 4510 Ecce
1814 4455 1901 4511 ille
1926 4452 2024 4527 qui

428 4551 678 4623 quaesivit
704 4564 735 4603 a
762 4547 1015 4618 magistro
1040 4547 1201 4613 bono,
1219 4543 1344 4616 quid
1369 4544 1492 4600 boni
1520 4544 1738 4614 faceret,
1773 4556 1831 4602 ut
1857 4548 2018 4604 habe-

430 4651 516 4699 ret
535 4643 696 4695 vitam
723 4648 1012 4706 aeternam;
1034 4645 1090 4692 et
1109 4636 1328 4704 audivit,
1355 4637 1401 4692 si
1421 4636 1487 4692 ad
1515 4636 1677 4693 vitam
1699 4640 1881 4696 venire
1904 4641 2018 4696 vel-

429 4735 523 4803 let,
549 4731 810 4789 servanda
837 4731 937 4787 sibi
963 4745 1083 4786 esse
1097 4731 1374 4786 mandata:
1395 4739 1450 4787 et
1470 4746 1590 4786 cum
1615 4744 1881 4804 quaereret
1899 4752 2017 4806 quae

431 4825 702 4889 mandata,
724 4823 920 4878 dictum
937 4823 1103 4888 estei,
1133 4821 1255 4876 Non
1278 4822 1495 4889 occides,
1520 4822 1642 4877 Non
1671 4826 2012 4893 maechaberis,

433 4915 559 4973 Non
581 4919 773 4988 furtum
801 4916 978 4988 facies,
1010 4913 1130 4970 Non
1151 4914 1338 4985 falsum
1362 4914 1698 4968 testimonium
1721 4915 1877 4983 dices,
1909 4917 2018 4972 Ho-

429 5025 559 5065 nora
576 5016 769 5074 patrem
796 5017 938 5062 tuum
956 5015 1003 5062 et
1024 5014 1233 5060 matrem
1253 5014 1415 5072 tuam;
1435 5013 1501 5072 et,
1519 5004 1710 5077 Diliges
1731 5007 2016 5077 proximum

427 5109 575 5157 tuum
600 5108 838 5167 tanquam
864 5111 910 5154 te
947 5101 1131 5171 ipsum.
1162 5099 1287 5155 Haec
1313 5098 1512 5154 faciens
1550 5099 1602 5153 in
1646 5098 1750 5156 ﬁde
1790 5100 2012 5169 Christi,

428 5201 640 5250 teneret
665 5191 845 5261 procul
869 5190 1030 5246 dubio
1056 5191 1214 5247 ﬁdem
1242 5207 1360 5263 quae
1390 5207 1485 5262 per
1517 5192 1854 5249 dilectionem
1879 5209 2013 5265 ope-

431 5295 602 5340 ratur.
643 5281 826 5354 Neque
861 5281 1004 5336 enim
1041 5282 1288 5352 diligeret
1321 5283 1621 5354 proximum
1663 5292 1911 5355 tanquam
1952 5300 2012 5341 se

430 5379 635 5450 ipsum,
657 5378 760 5433 nisi
783 5384 993 5446 recepta
1022 5374 1306 5430 dilectione
1336 5377 1457 5440 Dei,
1492 5379 1606 5432 sine
1627 5392 1729 5446 qua
1758 5393 1861 5432 non
1890 5377 2011 5433 dili-

431 5480 581 5543 geret
599 5487 658 5527 se
682 5470 874 5540 ipsum.
901 5469 1069 5523 Porro
1093 5467 1138 5522 si
1163 5463 1362 5521 faceret
1390 5467 1550 5522 etiam
1579 5468 1721 5537 quod
1751 5468 2008 5525 Dominus

496 5627 513 5656 ι
996 5631 1008 5652 γ
1319 5622 1330 5633 .

492 5687 514 5718 ²
701 5623 1113 5736 ῗιῖοέυὲἐῆὶιὲἓὴι
1127 5623 1495 5736 [ϐίῖῖῖιίιέιδξὸηεξί
1515 5685 1696 5736 attinet.
1721 5687 1944 5736 Concinni

492 5691 514 5718 ³
545 5691 681 5746 sum,
705 5691 831 5750 quod
855 5691 919 5735 ad
956 5698 1113 5735 meam
1134 5691 1494 5750 promissionem
1515 5691 1696 5737 attinet.
1721 5691 2006 5744 concinnius

429 5754 560 5812 uss,
583 5747 708 5811 quod
729 5746 794 5798 ad
813 5759 969 5798 meam
982 5746 1320 5811 professionem
1336 5747 1516 5798 attinet.

1425 301 1513 360 DE
1549 299 1706 359 FIDE
1746 298 1838 357 ET
1876 295 2238 371 OPERlBUS,
2279 300 2338 358 S.
2379 301 2749 363 AUGUSTINI

3635 309 3760 372 916

2153 417 2373 485 addidit,
2401 421 2605 489 dicens,
2639 421 2700 478 Si
2736 422 2810 477 vis
2833 421 3083 494 perfectus
3119 437 3247 490 esse,
3276 422 3420 492 unde,
3447 428 3607 484 vende
3627 443 3750 484 omo

2152 511 2236 564 nia
2259 527 2372 581 qua:
2398 513 2548 567 habes
2568 555 2582 578 ,
2611 523 2659 567 et
2687 514 2756 567 da
2782 513 3087 584 pauperibus
3105 556 3121 583 ,
3153 523 3199 569 et
3221 514 3422 571 habebis
3447 518 3745 575 thesaurum

2149 604 2204 658 in
2223 603 2386 670 caelo;
2417 614 2462 659 et
2491 607 2622 673 ueni,
2652 623 2854 678 sequere
2879 623 2957 661 me
2988 606 3202 676 (Matth.
3226 624 3338 676 xix,
3367 608 3591 680 46-21);
3610 609 3747 667 tedi-

2149 696 2332 753 ﬁcaret
2359 711 2520 768 super
2541 699 2670 754 illud
2697 699 3132 766 fundamentum,
3178 716 3369 756 aurum
3390 743 3406 770 ,
3440 711 3742 774 argentum,

2147 787 2353 860 lapides
2380 790 2644 860 pretiosos
2670 808 2684 847 :
2715 806 2824 846 non
2854 793 2996 848 enim
3017 793 3276 865 cogitaret
3301 834 3314 856 ,
3344 793 3448 848 nisi
3473 809 3592 865 quae
3617 801 3746 852 sunt

2147 879 2261 946 Dei,
2288 879 2557 950 quomodo
2585 881 2820 952 placeret
2841 882 2986 949 Deo;
3018 893 3072 939 et
3098 882 3181 939 ha:
3213 884 3565 956 cogitationes
3590 895 3741 952 sunt,

2144 980 2396 1043 quantum
2415 971 2688 1041 existimo,
2711 987 2922 1042 aurum,
2937 985 3236 1046 argentum,
3261 975 3465 1047 lapides
3487 977 3738 1048 pretiosi.

2143 1063 2319 1120 Porro
2347 1065 2392 1120 si
2423 1064 2566 1120 circa
2587 1065 2809 1121 divitias
2830 1081 2956 1123 suas
2985 1068 3185 1123 carnali
3204 1067 3434 1138 quodam
3465 1075 3739 1124 teneretur

2148 1154 2363 1222 affectu,
2387 1156 2630 1226 quamvis
2671 1171 2738 1213 ex
2775 1157 2854 1213 eis
2893 1160 3088 1215 multas
3114 1159 3485 1233 eleemosyuas
3511 1159 3736 1227 faceret,

2142 1261 2243 1303 nec
2281 1247 2349 1302 ad
2387 1261 2482 1302 eas
2513 1247 2784 1319 augendas
2822 1249 3026 1306 fraudis
3063 1250 3262 1322 aliquid
3295 1252 3740 1323 rapinasquemo-

2138 1337 2356 1408 liretur,
2398 1349 2491 1396 aut
2527 1358 2713 1400 earum
2754 1345 3160 1401 minuendarum
3197 1347 3283 1402 vel
3321 1346 3740 1404 amittendarum

2136 1443 2285 1489 metu
2310 1436 2362 1490 in
2380 1435 2597 1506 aliquod
2619 1435 2828 1493 facinus
2845 1437 3171 1509 flagitiumve
3191 1439 3464 1496 laberetur
3477 1439 3737 1512 (alioquin

2131 1525 2241 1594 jam
2267 1540 2327 1580 se
2355 1526 2459 1581 isto
2487 1526 2647 1582 modo
2675 1528 2742 1582 ab
2768 1528 2908 1583 illius
2933 1527 3262 1584 fundamenti
3289 1530 3576 1586 stabilitate
3600 1531 3738 1586 sub-

2135 1615 2426 1688 traheret),
2454 1617 2546 1672 sed
2579 1626 2796 1690 propter
2821 1619 3113 1688 carnalem,
3142 1629 3200 1674 ut
3223 1619 3352 1687 dixi,
3375 1637 3534 1691 quem
3563 1622 3617 1677 in
3639 1623 3726 1679 eis

2133 1703 2356 1762 haberet
2383 1705 2651 1775 affectum,
2678 1723 2788 1779 quo
2809 1709 3000 1766 talibus
3021 1707 3174 1766 bonis
3194 1712 3309 1766 sine
3330 1710 3515 1766 dolore
3534 1726 3733 1768 carere

2132 1810 2239 1853 non
2267 1809 2479 1868 posset;
2520 1795 2812 1857 aediﬁcaret
2847 1816 3008 1873 super
3045 1800 3450 1858 fundamentum
3495 1802 3626 1858 illud
3658 1803 3734 1858 li-

2131 1902 2256 1958 gna,
2290 1889 2472 1945 fenum
2495 1932 2510 1958 ,
2542 1891 2792 1962 stipulam
2822 1909 2836 1944 :
2869 1893 3101 1948 maxime
3125 1893 3171 1948 si
3200 1901 3254 1948 et
3278 1908 3501 1948 uxorem
3530 1893 3611 1948 sic
3630 1892 3733 1948 ba-

2130 1981 2310 2049 beret,
2359 1993 2418 2038 ut
2453 1982 2616 2039 etiam
2642 1991 2860 2054 propter
2888 1983 3058 2055 ipsam
3078 1985 3336 2056 cogitaret
3360 1999 3422 2041 ea
3462 1999 3581 2057 qua:
3603 1989 3734 2042 sunt

2130 2074 2338 2139 mundi,
2366 2073 2635 2146 quomodo
2661 2075 2898 2146 placeret
2931 2076 3107 2131 uxori.
3134 2076 3261 2132 Haec
3285 2076 3445 2148 igitur
3467 2077 3724 2148 quoniam

2129 2163 2325 2219 affectu
2379 2163 2574 2221 dilecta
2625 2165 2826 2221 carnali
2858 2180 2967 2221 non
2994 2166 3110 2222 sine
3160 2165 3348 2223 dolore
3393 2167 3726 2236 amittuntur,

2129 2265 2411 2328 propterea
2447 2257 2538 2328 qui
2578 2272 2640 2314 ea
2687 2258 2766 2314 sic
2815 2257 3034 2326 habent,
3074 2265 3134 2313 ut
3180 2258 3412 2314 habeant
3448 2258 3499 2314 in
3538 2256 3729 2314 funda-

2129 2359 2311 2408 mento
2352 2350 2513 2408 ﬁdem
2556 2367 2675 2422 quae
2719 2366 2816 2422 per
2856 2351 3199 2407 dilectionem
3244 2360 3524 2422 operatur,
3552 2363 3727 2422 neque

2131 2443 2255 2500 huic
2284 2445 2384 2500 ista
2411 2445 2520 2499 ulla
2550 2445 2759 2500 ratione
2774 2444 2860 2498 vel
2875 2443 3166 2515 cupiditate
3191 2451 3526 2517 praeponam,
3556 2443 3610 2499 in
3633 2456 3726 2500 eo-

2128 2549 2248 2589 rum
2274 2533 2560 2589 amissione
2584 2534 2727 2604 passi
2758 2532 3138 2590 detrimentum
3157 2575 3173 2600 ,
3202 2549 3299 2607 per
3327 2534 3503 2605 ignem
3533 2549 3723 2606 quem.

2129 2626 2250 2682 dam
2281 2626 2481 2682 doloris
2503 2627 2822 2697 perveniunt
2848 2626 2914 2682 ad
2935 2627 3182 2682 salutem.
3213 2627 3253 2680 Α
3294 2641 3400 2697 quo
3427 2625 3612 2683 dolore
3637 2633 3723 2682 at-

2127 2734 2232 2790 que
2255 2717 2575 2774 detrimento
2612 2725 2761 2773 tanto
2787 2725 2870 2774 est
2897 2718 3122 2788 quisque
3147 2717 3405 2781 securior,
3436 2727 3631 2787 quanto
3658 2730 3722 2772 ea

2127 2811 2211 2867 vel
2249 2812 2425 2866 minus
2453 2811 2735 2878 amaverit,
2766 2810 2851 2866 vel
2881 2818 3130 2882 tanquam
3157 2824 3265 2865 non
3293 2808 3495 2864 habens
3516 2807 3722 2864 habue-

2127 2903 2216 2958 rit.
2247 2903 2348 2971 Qui
2367 2918 2494 2958 vero
2523 2911 2742 2974 propter
2772 2902 2862 2957 illa
2908 2903 2994 2958 vel
3023 2901 3252 2958 tenenda
3292 2901 3375 2956 vel
3414 2900 3717 2971 adipiscen-

2126 2992 2213 3060 da,
2235 2986 2600 3058 homicidium,
2622 2993 2963 3057 adulterium,
3005 2993 3431 3058 fornicationem,
3477 2991 3708 3048 idolola-

2127 3084 2305 3149 triam,
2329 3092 2385 3140 et
2407 3084 2600 3140 similia
2620 3099 2846 3156 qumque
2864 3083 3216 3151 commiserit,
3239 3097 3343 3139 non
3366 3091 3584 3153 propter
3603 3081 3719 3138 lun-

2128 3173 2436 3230 damentum
2466 3189 2563 3246 per
2585 3175 2762 3245 ignem
2787 3175 3080 3230 salvabitur
3102 3216 3118 3241 ,
3161 3173 3257 3230 sed
3294 3173 3494 3230 amisso
3532 3173 3718 3228 funda-

2125 3274 2330 3332 mento,
2358 3275 2561 3322 aeterno
2591 3267 2712 3338 igne
2741 3267 3089 3337 torquebitur.

2196 3355 2286 3412 28.
2314 3356 2674 3424 Quamobrem
2707 3365 2761 3411 et
2811 3355 2938 3410 illud
2981 3354 3124 3426 quod
3163 3354 3367 3422 dicunt,
3395 3355 3558 3412 Veluti
3585 3370 3715 3428 pro-

2127 3445 2255 3502 bare
2305 3448 2579 3518 cupientes
2615 3455 2872 3518 quantum
2901 3447 3076 3502 valeat
3123 3447 3234 3502 sola
3271 3447 3424 3515 ﬁdes,
3454 3448 3545 3503 ubi
3571 3449 3718 3522 Apo-

2126 3540 2297 3596 stolus
2335 3540 2484 3607 dicit,
2521 3539 2670 3608 Quod
2688 3542 2733 3595 si
2765 3541 2986 3610 inﬁdelis
3033 3541 3265 3606 discedit,
3303 3540 3526 3596 discedat
3555 3559 3573 3607 ;
3609 3559 3712 3598 non

2125 3642 2198 3690 est
2222 3635 2354 3690 enim
2375 3635 2599 3689 servituti
2633 3633 2885 3704 subjectus
2911 3634 3070 3704 frater
3102 3635 3181 3689 vel
3199 3651 3341 3689 soror
3359 3635 3411 3689 in
3439 3635 3710 3707 hujusmo-

2126 3726 2219 3799 ὀὶ(
2245 3726 2264 3780 l
2293 3727 2412 3781 Cor.
2464 3742 2561 3795 vu,
2591 3727 2734 3800 {5);
2766 3727 2819 3782 id
2840 3735 2943 3794 est,
2988 3736 3046 3783 ut
3075 3737 3290 3799 prepter
3334 3726 3490 3783 ﬁdem
3515 3727 3712 3784 Christi

2124 3819 2284 3877 etiam
2312 3821 2424 3892 ipsa
2448 3835 2586 3876 uxor
2605 3821 2837 3892 legitima
2865 3820 3118 3876 societate
3143 3821 3442 3890 conjuncta,
3471 3821 3587 3876 sine
3616 3821 3702 3874 ul-

2126 3914 2343 3984 laculpa
2367 3914 2716 3985 relinquatur,
2747 3914 2792 3970 si
2836 3928 2957 3970 cum
3003 3913 3119 3969 viro
3148 3912 3462 3977 christiano,
3493 3919 3708 3982 propter

2126 4004 2229 4060 hoc
2266 4005 2386 4076 quia
2432 4003 2755 4060 Christianus
2791 4012 2897 4071 est,
2947 4017 3262 4074 permanere
3309 4001 3706 4058 noluerit:non

2125 4096 2487 4152 attendunteo
2507 4095 2667 4151 modo
2692 4095 2832 4150 illam
2856 4094 3153 4150 rectissime
3168 4092 3381 4159 dimitti,
3404 4091 3449 4146 si
3470 4091 3585 4146 viro
3609 4103 3707 4146 suo

2125 4186 2288 4253 dicat,
2312 4187 2429 4242 Non
2457 4201 2552 4242 ero
2597 4202 2732 4241 uxor
2782 4196 2891 4254 tua,
2933 4186 3032 4241 nisi
3060 4184 3192 4240 mihi
3229 4184 3311 4239 vel
3339 4183 3407 4239 de
3431 4181 3705 4238 latrocinio

2125 4277 2335 4333 divitias
2363 4289 2638 4347 congeras,
2666 4277 2872 4332 autnisi
2902 4277 3056 4332 solita
3087 4274 3572 4344 lenocinia,quibus
3597 4286 3699 4326 no-

2124 4379 2288 4426 stram
2305 4369 2518 4424 domum
2540 4369 3058 4439 transigebas,etiam
3080 4366 3401 4422 chrisﬁanus
3421 4377 3701 4431 exerceas;

2124 4470 2216 4517 aut
2242 4461 2287 4516 si
2314 4461 2438 4531 quid
2471 4459 2612 4515 aliud
2647 4461 2729 4515 vel
2773 4459 3126 4514 facinorosum
3167 4459 3250 4513 vel
3301 4456 3617 4526 flagitiosum
3645 4455 3702 4510 in

2124 4555 2240 4610 viro
2264 4554 2539 4616 noverat‘,
2562 4569 2668 4624 quo
2688 4551 2948 4608 delectata
2986 4551 3070 4606 vel
3119 4549 3390 4605 libidinem
3425 4546 3697 4616 explebat,

2122 4645 2208 4701 vel
2230 4645 2434 4700 facilem
2481 4644 2677 4698 victum
2722 4642 2968 4706 habebat,
3003 4640 3087 4696 vel
3126 4641 3284 4694 etiam
3315 4638 3702 4694 incedebator-

2123 4739 2315 4794 natior.
2344 4737 2492 4793 Tunc
2520 4737 2662 4792 enim
2703 4735 2789 4791 ille
2817 4735 2902 4790 cui
2953 4733 3054 4790 hoc
3092 4747 3226 4788 uxor
3253 4731 3403 4800 dicit,
3431 4732 3476 4786 si
3501 4731 3702 4788 veraci-

2124 4837 2204 4886 ter
2229 4830 2337 4899 egit
2358 4828 2722 4898 paenitentiam
2778 4827 2846 4881 ab
2889 4825 3141 4897 operibus
3195 4826 3438 4891 mortuis,
3485 4823 3698 4896 quando

2121 4922 2344 4978 accessit
2405 4920 2471 4974 ad
2536 4919 2900 4990 Baptismum,
2952 4919 3218 4991 habetque
3261 4919 3313 4973 in
3359 4917 3699 4973 fundamento

2120 5012 2277 5068 fidem
2311 5027 2428 5082 quae
2453 5025 2550 5082 per
2602 5010 2942 5067 dilectionem
2981 5020 3251 5082 operatur,
3301 5008 3485 5079 procul
3532 5007 3694 5063 dubio

2119 5107 2238 5176 plus
2259 5105 2523 5161 tenebitur
2543 5120 2722 5160 amore
2747 5105 2940 5162 divinae
2962 5106 3165 5176 gratiae,
3189 5116 3344 5172 quam
3371 5098 3545 5154 carnis
3567 5115 3698 5160 ,ακο-

2117 5199 2231 5266 rite,
2253 5207 2309 5254 et
2333 5198 2628 5254 membrum
2657 5199 2796 5269 quod
2819 5213 2939 5252 eum
2967 5194 3306 5256 scandalizat,
3357 5190 3565 5247 fortiter
3583 5207 3694 5246 am.

2117 5301 2283 5363 putat.
2307 5282 2705 5362 Quemcumque
2732 5300 2907 5345 autem
2949 5289 2999 5342 in
3023 5288 3121 5342 hac
3145 5283 3500 5354 diremptione
3537 5285 3691 5341 dolo-

2116 5396 2228 5438 rem
2254 5382 2431 5438 cordis
2483 5391 2700 5453 pr0pter
2731 5380 2994 5434 carnalem
3019 5375 3267 5431 allectum
3305 5375 3544 5445 conjugis
3572 5390 3691 5430 sus-

2115 5474 2320 5539 tinebit,
2350 5473 2451 5529 hoc
2487 5484 2569 5528 est
2609 5472 2982 5527 detrimentum
3023 5465 3165 5536 quod
3208 5465 3457 5537 patietur,
3495 5465 3580 5520 hic
3606 5476 3688 5522 est

2114 5567 2251 5638 ignis
2276 5581 2371 5636 per
2389 5580 2547 5636 quem
2577 5562 2697 5618 feno
2715 5559 2937 5616 ardente
2961 5561 3074 5630 ipse
3094 5559 3402 5615 salvabitur.
3427 5558 3483 5614 Si
3511 5565 3691 5614 autem

2108 5657 2217 5729 jam
2246 5658 2322 5713 sic
2353 5656 2578 5711 habebat
2627 5667 2845 5707 uxorem
2889 5661 3138 5722 tanquam
3167 5666 3277 5708 non
3324 5651 3546 5719 habens,
3579 5663 3687 5706 non

2192 5748 2210 5780 ³
2233 5749 2482 5799 Remensis
2502 5752 2604 5806 Ms,
2628 5744 2779 5796 virum
2800 5757 2943 5810 agere
2962 5748 3169 5796 noverat.
