4124 6206
249 320 396 414 lm-

272 480 485 542 propter
505 463 1018 538 concupiscentiam,
1044 462 1139 520 sed
1164 470 1383 534 propter
1401 459 1845 523 misericordiam,

273 580 339 618 ne
366 563 501 616 forte
522 575 642 616 eam
673 559 874 615 salvam
924 556 1145 625 iaceret,
1180 556 1410 612 reddens
1463 555 1640 626 potius
1690 570 1849 624 quam

271 659 488 726 exigens
517 653 757 710 debitum
782 651 1094 723 conjugale;
1127 649 1365 720 profecto
1388 663 1486 704 nec
1513 648 1713 704 dolebit
1734 662 1853 702 car-

272 749 477 810 naliter,
534 761 658 801 eum
703 745 771 800 ab
817 743 909 799 illo
945 743 1049 799 tale
1100 743 1422 798 connubium
1476 742 1849 812 separabitur:

272 857 438 911 neque
457 839 602 896 enim
622 839 677 894 in
707 853 770 894 ea
800 838 816 869 ί
845 837 1130 908 cogitabat,
1157 837 1259 892 nisi
1287 851 1406 908 quae
1429 845 1554 892 sunt
1577 836 1692 902 Dei,
1720 850 1854 905 quo-

271 932 424 988 modo
472 932 710 1004 placeret
744 928 1054 1002 Deo(Ibid.
1101 929 1339 1001 29-54).
1388 931 1467 984 Ac
1505 945 1600 999 per
1648 928 1750 983 hoc
1798 928 1850 982 in

269 1034 522 1096 quantum
559 1039 781 1090 aurum,
813 1031 1112 1094 argentum,
1139 1031 1196 1077 et
1236 1020 1437 1091 lapides
1465 1021 1727 1091 pretiosos
1749 1019 1853 1074 illis

268 1115 674 1187 cogitationibus
715 1114 1196 1186 supersediﬁcabat,
1247 1114 1300 1169 in
1330 1122 1532 1170 tantum
1562 1114 1853 1169 detrimen-

271 1215 376 1262 tum
406 1207 610 1262 nullum
639 1215 931 1276 pateretur,
960 1207 1012 1261 in
1030 1215 1233 1260 tantum
1267 1206 1382 1276 ejus
1411 1214 1703 1274 structura,
1732 1221 1850 1276 qua:

266 1316 371 1358 non
400 1309 516 1358 erat
540 1302 712 1365 leuca,
744 1300 892 1356 nullo
922 1299 1168 1355 incendio
1192 1308 1545 1355 cremaretur.

332 1392 564 1449 29.5ive
587 1406 716 1462 ergo
737 1391 788 1446 in
818 1392 916 1446 hac
951 1398 1157 1445 tantum
1187 1390 1293 1446 vita
1329 1390 1431 1445 ista
1476 1389 1720 1444 homines
1745 1403 1848 1459 pa-

267 1484 486 1553 tiuntur,
537 1487 650 1540 sive
680 1483 839 1539 etiam
882 1491 1003 1554 post
1053 1482 1191 1539 hanc
1234 1482 1396 1537 vitam
1448 1482 1570 1537 talia
1606 1480 1848 1552 qua3dam

266 1575 457 1648 judicia
506 1576 920 1646 subsequuntur,
953 1588 1060 1630 non
1087 1574 1361 1640 abhorret,
1413 1584 1669 1645 quantum
1709 1574 1848 1649 arbi-

269 1679 393 1737 tror,
423 1684 456 1724 a
482 1669 691 1724 ratione
739 1666 977 1724 veritatis
1019 1667 1121 1722 iste
1146 1667 1446 1722 intellectus
1476 1666 1695 1737 hujusce
1721 1680 1846 1720 sen-

267 1762 461 1819 tentias.
489 1759 870 1816 Verumtamen
904 1759 1065 1815 etiam
1090 1759 1135 1813 si
1162 1766 1245 1814 est
1270 1759 1428 1826 alius,
1458 1759 1548 1828 qui
1575 1757 1705 1812 mihi
1734 1772 1839 1812 non

265 1852 511 1920 occurrit,
533 1853 708 1924 potius
749 1850 1059 1922 eligendus;
1087 1850 1245 1906 istum
1293 1850 1544 1921 quamdiu
1578 1859 1842 1915 tenemus,

265 1960 366 2007 non
392 1946 634 2017 cogimur
659 1943 840 2000 dicere
894 1943 1103 2014 injustis
1121 1982 1138 2008 ,
1168 1957 1274 1997 non
1303 1942 1548 2006 subditis,
1582 1942 1843 2008 scelestis,

266 2037 652 2100 contaminatis,
702 2035 997 2107 parricidis,
1042 2034 1356 2100 matricidis,
1408 2034 1707 2100 homicidis,
1741 2033 1848 2088 for-

265 2129 605 2193 nicatoribus,
654 2128 1010 2184 masculorum
1050 2126 1506 2190 concubitoribus,
1550 2126 1842 2196 plagiariis,

263 2219 621 2287 mendacibus,
641 2217 887 2290 perjuris,
906 2227 959 2274 et
997 2218 1042 2273 si
1069 2217 1195 2289 quid
1243 2217 1385 2272 aliud
1413 2231 1555 2271 sana:
1589 2217 1847 2272 doctrina:

261 2310 592 2378 adversatur,
625 2325 745 2380 qua:
775 2317 857 2365 est
909 2307 1204 2364 secundum
1260 2307 1607 2378 Evangelium
1664 2307 1846 2377 gloria:

258 2399 395 2458 beati
421 2402 515 2457 Dei
550 2402 606 2474 (l
638 2399 769 2455 Tim.
788 2416 825 2466 ι,
870 2399 992 2456 9-H
1021 2399 1075 2470 ):
1103 2398 1161 2454 Si
1213 2399 1577 2453 tantummodo
1605 2399 1655 2452 in
1684 2397 1844 2452 Chri-

259 2502 398 2548 stum
424 2491 680 2557 credatis,
726 2501 781 2547 et
832 2497 1226 2545 sacramentum
1272 2488 1531 2558 Baptismi
1557 2489 1674 2558 ejus
1701 2489 1844 2542 acci-

259 2586 434 2659 piatis,
465 2585 673 2642 etiamsi
702 2584 863 2639 vitam
893 2583 1046 2638 istam
1077 2581 1364 2654 pessimam
1415 2595 1521 2636 non
1550 2579 1843 2636 mutaveri-

259 2679 342 2744 iis,
373 2678 507 2733 salvi
536 2677 706 2732 eritis.

324 2768 416 2825 50.
443 2767 598 2824 Unde
624 2782 723 2823 nec
753 2766 841 2821 illa
866 2765 1020 2821 nobis
1062 2765 1258 2821 mulier
1278 2764 1580 2821 Chananzea
1601 2766 1848 2835 prtescrl-

257 2859 354 2926 bit,
381 2859 505 2929 quia
531 2857 790 2913 Dominus
818 2855 868 2912 ei
911 2855 1053 2927 quod
1105 2855 1319 2926 petebat
1369 2855 1536 2922 dedit,
1575 2871 1694 2910 cum
1722 2862 1848 2909 ante

257 2951 495 3014 dixisset,
525 2947 648 3004 Non
675 2957 749 3003 est
776 2949 960 3003 bonum
985 2948 1161 3002 tollere
1182 2964 1358 3018 panem
1385 2947 1630 3018 ﬁliorum,
1657 2955 1702 3001 et
1727 2947 1846 3001 mit-

258 3051 357 3098 tere
374 3041 626 3106 canibus;
654 3040 775 3112 quia
806 3040 893 3096 ille
908 3038 1086 3095 cordis
1102 3040 1372 3110 inspector
1401 3048 1658 3094 mutatam
1689 3038 1842 3103 vidit,

261 3133 470 3205 quando
494 3131 748 3188 laudavit.
770 3131 839 3187 Et
863 3129 983 3186 ideo
1005 3141 1110 3186 non
1140 3131 1234 3197 ait,
1283 3129 1326 3185 Ο
1348 3131 1517 3195 canis,
1548 3143 1736 3199 magna
1763 3138 1846 3183 est

260 3225 389 3281 ﬁdes
421 3234 509 3279 tua
535 3226 550 3278 !
575 3223 690 3290 sed,
727 3222 772 3277 0
798 3222 995 3288 mulier,
1019 3238 1204 3292 magna
1245 3229 1318 3276 est
1348 3221 1474 3290 ﬁdes
1499 3220 1616 3290 tua(
1650 3219 1843 3274 Matth.

258 3331 352 3383 xv,
374 3315 465 3382 26,
494 3313 569 3370 28
596 3313 617 3386 )
643 3314 658 3368 ι
683 3313 901 3369 Mutavit
928 3312 1266 3380 vocabulum,
1298 3312 1423 3382 quia
1472 3319 1732 3366 mutatum
1761 3310 1846 3365 vi-

260 3408 335 3463 dit
382 3407 655 3472 aﬂ'ectum,
708 3413 869 3477 atque
906 3405 1048 3460 illam
1081 3406 1473 3476 correptionem
1503 3405 1568 3460 ad
1616 3405 1846 3461 fructum

260 3500 568 3572 pervenisse
621 3497 892 3570 cognovit.
934 3498 1095 3554 Miror
1123 3506 1302 3554 autem
1331 3498 1375 3553 si
1407 3497 1647 3553 laudaret
1681 3497 1732 3551 in
1779 3511 1846 3553 ea

260 3593 416 3650 ﬁdem
446 3594 568 3649 sine
609 3591 898 3663 operibus;
943 3589 997 3645 id
1035 3598 1139 3658 est,
1183 3589 1346 3646 fidem
1373 3605 1479 3645 non
1531 3590 1688 3644 talem
1729 3604 1849 3659 qua:

253 3686 362 3758 jam
388 3702 488 3758 per
509 3685 852 3742 dilectionem
888 3691 1070 3755 posset
1093 3683 1327 3754 operari,
1358 3682 1514 3739 ﬁdem
1561 3690 1845 3748 mortuam,

257 3790 312 3836 et
338 3778 484 3851 quod
512 3777 747 3834 Iacobus
794 3777 976 3834 dicere
1005 3776 1224 3832 minime
1247 3776 1525 3843 dubitavit,
1553 3775 1712 3831 ﬁdem
1740 3790 1848 3831 non

257 3871 690 3929 Christianorum
722 3913 737 3938 ,
781 3871 876 3928 sed
919 3871 1243 3926 d:emonum.
1284 3871 1562 3927 Postremo
1604 3871 1651 3926 si
1686 3872 1849 3926 istam

255 3965 618 4023 Chananzeam
653 3967 840 4022 nolunt
878 3965 1173 4036 intelligere
1198 3972 1436 4021 mutasse
1452 3965 1689 4035 perditos
1730 3979 1849 4019 mo-

255 4074 367 4124 res,
393 4059 610 4131 quando
623 4075 742 4116 eam
778 4057 1027 4115 Christus
1055 4057 1448 4114 contemnendo
1476 4067 1531 4113 et
1553 4057 1850 4127 corripien-

253 4151 327 4208 do
377 4150 1084 4222 redarguit:quoscumque
1131 4150 1431 4206 invenerint
1475 4149 1849 4204 tantummodo

255 4244 526 4310 credere,
581 4244 736 4300 vitam
774 4260 904 4300 vero
947 4244 1425 4315 inquinatissimam
1449 4283 1465 4310 ,
1521 4257 1624 4297 nec
1661 4241 1848 4297 saltem

257 4336 554 4402 occultare,
583 4335 676 4392 sed
690 4337 849 4392 etiam
876 4335 1043 4392 libere
1057 4335 1315 4407 proﬁteri,
1337 4349 1401 4390 ac
1423 4333 1568 4389 nolle
1596 4342 1808 4389 mutare
1830 4350 1845 4401 ;

257 4440 450 4486 sanent
478 4428 620 4484 ﬁlios
644 4441 854 4494 eorum,
882 4428 928 4484 si
971 4437 1213 4500 possunt,
1264 4428 1402 4484 sicut
1428 4436 1611 4483 sanata
1635 4435 1719 4484 est
1743 4426 1850 4482 ﬁlia

255 4517 580 4576 Chananaur
604 4519 1010 4586 mulieris;non
1036 4528 1214 4575 tamen
1255 4533 1351 4575 eos
1389 4517 1588 4574 faciant
1611 4519 1850 4574 membra

255 4609 484 4678 Christi,
510 4625 634 4667 cum
667 4610 766 4682 ipsi
792 4623 912 4666 esse
931 4625 1038 4666 non
1059 4610 1307 4666 desinant
1342 4610 1581 4665 membra
1601 4611 1851 4666 meretri-

255 4703 355 4758 cis.
389 4701 526 4757 Illud
565 4716 699 4758 sane
727 4716 834 4758 non
859 4701 1091 4758 absurde
1115 4701 1436 4773 intelligunt,
1463 4717 1586 4758 eum
1630 4715 1851 4773 peccare

257 4794 308 4850 in
333 4793 599 4865 Spiritum
627 4801 892 4861 sanetum,
939 4803 996 4850 et
1018 4809 1138 4850 esse
1163 4794 1280 4850 sine
1305 4795 1461 4850 venia
1487 4809 1638 4850 reum
1663 4794 1852 4850 aeterni

256 4887 486 4956 peccati,
516 4888 606 4958 qui
635 4902 806 4958 usque
844 4889 898 4942 in
946 4887 1104 4943 ﬁnem
1128 4889 1250 4942 vita:
1297 4888 1528 4945 noluerit
1554 4886 1776 4943 credere
1796 4887 1850 4942 in

254 4978 536 5034 Christum
568 4997 582 5034 :
608 4978 704 5035 sed
724 4979 770 5034 si
795 4988 939 5035 recte
969 4979 1344 5050 intelligerent,
1385 4980 1512 5050 quid
1538 4981 1608 5034 sit
1632 4978 1852 5035 credere

253 5068 309 5124 in
351 5069 656 5125 Christum.
692 5068 810 5125 Non
849 5071 992 5126 enim
1040 5069 1140 5125 hoc
1181 5079 1265 5126 est
1305 5071 1498 5128 habere
1547 5071 1852 5126 diemonum

255 5159 445 5229 ﬁdem,
473 5176 598 5230 quae
624 5170 770 5216 recte
805 5169 1014 5216 mortua
1053 5161 1401 5232 perhibetur;
1429 5162 1524 5218 sed
1551 5161 1710 5217 ﬁdem
1731 5177 1853 5232 quae

251 5263 355 5321 per
383 5250 728 5306 dilectionem
758 5262 1026 5322 operatur.

323 5341 563 5398 CAPUT
600 5341 763 5397 XVII.
793 5343 970 5399 ~3l.
1013 5344 1380 5416 Argumentum
1416 5347 1608 5415 frustra
1648 5344 1852 5399 ductum

251 5449 318 5487 α
344 5433 610 5503 parabolis
658 5435 971 5489 zizaniorum
997 5446 1047 5492 et
1080 5437 1414 5491 adducturum
1456 5437 1524 5490 ad
1569 5437 1849 5492 convivium

253 5541 353 5594 pro
375 5525 646 5580 obstinatis
684 5525 738 5580 in
780 5538 984 5599 peccato
1032 5527 1356 5582 admittendis
1386 5527 1453 5581 ad
1500 5526 1820 5600 Baptismum

251 5616 565 5674 similitudo
611 5620 741 5674 servi
767 5621 980 5676 nolentis
1014 5637 1220 5693 erogare
1262 5622 1504 5677 talentum
1531 5623 1598 5677 ad
1623 5620 1850 5676 eamdem

246 5822 301 5865 .
318 5753 454 5867 ἔσθιε
471 5761 580 5805 uss.
604 5760 660 5805 At
684 5753 822 5818 editi,
847 5752 938 5806 tali
952 5755 1174 5820 conjugio
1194 5757 1494 5822 separabitur
1523 5770 1708 5822 :neque
1730 5755 1858 5808 enim

1683 343 1882 400 LIBER
1919 342 2117 400 UNUS.

3441 349 3552 418 218

1966 475 2071 512 rem
2096 458 2308 514 inutilis.
2349 461 2478 529 Quae
2526 477 2646 518 cum
2689 464 2760 518 ita
2787 464 2914 532 sint,
2945 465 3156 536 quando
3183 465 3316 522 tales
3340 465 3407 521 ad
3436 466 3544 521 Ba-

1962 553 2212 622 ptismum
2261 570 2366 608 non
2410 555 2757 621 admittimus,
2807 575 2908 611 non
2937 568 3058 612 ante
3089 567 3298 629 tempus
3339 558 3541 613 zizania

1961 647 2189 701 evellere
2212 663 2488 716 conamur,
2524 650 2616 705 sed
2645 653 2888 705 nolumus
2921 653 3156 721 insuper,
3188 652 3326 707 sicut
3350 651 3537 707 diabo-

1961 739 2060 804 lus,
2092 741 2289 795 zizania
2320 743 2584 797 seminare
2615 761 2627 798 :
2660 758 2756 798 nec
2785 744 2850 798 ad
2876 741 3143 798 Christum
3175 743 3421 798 volentes
3449 758 3542 799 ve-

1961 832 2074 886 nire
2096 833 2459 902 prohibemus,
2491 834 2582 888 sed
2611 849 2704 890 eos
2753 835 2820 889 ad
2849 833 3118 889 Christum
3146 837 3327 890 venire
3373 835 3540 902 nolle,

1960 923 2073 993 ipsa
2100 938 2194 977 sua
2216 924 2547 994 professione
2577 927 2976 981 convincimus:
3002 942 3100 981 nec
3119 938 3358 981 vetamus
3385 925 3544 981 Chri-

1958 1023 2042 1070 sto
2069 1016 2310 1083 credere,
2337 1017 2431 1072 sed
2449 1017 2874 1072 demonstramus
2898 1034 2990 1073 eos
3020 1019 3158 1072 nolle
3180 1018 3390 1073 Christo
3411 1033 3537 1073 cre-

1959 1103 2108 1169 dere,
2140 1106 2227 1176 qui
2277 1106 2356 1160 vel
2387 1106 2702 1160 adulterium
2733 1107 2918 1161 dicunt
2962 1123 3066 1161 non
3101 1123 3220 1162 esse
3263 1108 3402 1178 quod
3451 1109 3542 1163 ille

1958 1194 2272 1249 adulterium
2300 1195 2427 1250 dicit
2447 1212 2586 1261 esse,
2607 1197 2686 1251 vel
2701 1197 2918 1252 credunt
2944 1197 3211 1251 adulteros
3240 1198 3353 1267 ejus
3371 1213 3547 1252 mem-

1958 1287 2051 1341 bra
2075 1303 2230 1358 posse
2254 1304 2394 1354 esse,
2416 1305 2549 1360 quos
2573 1305 2666 1359 per
2693 1291 3002 1358 Apestolum
3024 1291 3150 1344 dicit
3181 1308 3396 1360 regnum
3434 1292 3537 1346 Dei

1957 1396 2065 1437 non
2087 1383 2378 1452 possidere.
2407 1393 2460 1438 et
2513 1399 2656 1438 sana:
2707 1384 2962 1438 doctrinm
2991 1384 3280 1446 adversari,
3314 1401 3430 1454 qua:
3458 1393 3540 1440 est

1955 1475 2245 1529 secundum
2293 1476 2635 1546 Evangelium
2687 1477 2869 1546 glori-.c
2911 1475 3050 1530 beati
3094 1476 3206 1530 Dei.
3253 1475 3404 1530 Unde
3433 1493 3539 1529 non

1955 1572 2080 1619 sunt
2135 1566 2220 1619 isti
2275 1566 2413 1620 inter
2463 1581 2556 1620 eos
2609 1567 2928 1636 deputandi,
2964 1566 3055 1636 qui
3121 1566 3186 1622 ad
3237 1567 3540 1620 convivium

1958 1656 2261 1724 nuptiarum
2298 1667 2599 1723 venerunt;
2631 1659 2723 1713 sed
2745 1659 2880 1712 inter
2912 1660 3109 1728 eosqui
3142 1659 3323 1713 venire
3353 1659 3542 1712 nolue-

1956 1755 2098 1801 runt.
2130 1747 2263 1801 Cum
2301 1748 2442 1802 enim
2478 1749 2574 1818 ipsi
2604 1749 2857 1805 doctrina:
2902 1749 3098 1804 Christi
3142 1750 3338 1804 audent
3377 1765 3537 1819 aper-

1956 1838 2157 1894 tissime
2227 1841 2630 1908 contradicere,
2678 1852 2732 1898 ct
2793 1853 2977 1896 sancto
3029 1843 3297 1897 adversari
3364 1845 3538 1898 Evan-

1952 1931 2094 2002 gelio
2120 1971 2135 1996 ,
2159 1949 2266 1986 non
2321 1935 2594 1990 venientes
2642 1935 2971 2004 repelluntur
2995 1976 3008 1994 ,
3049 1935 3143 1989 sed
3190 1936 3370 1988 venire
3409 1951 3540 1991 con-

1955 2031 2218 2077 temnunt.
2250 2023 2350 2089 Qui
2396 2035 2569 2079 autem
2615 2027 2810 2079 smculo
2869 2027 3056 2080 saltem
3113 2026 3306 2090 verbis,
3326 2026 3537 2081 etiamsi

1955 2129 2059 2168 non
2129 2114 2324 2180 factis,
2367 2117 2718 2185 renuntiant,
2773 2118 2994 2172 veniunt
3047 2118 3307 2187 quidem,
3354 2128 3406 2173 et
3456 2121 3539 2173 in-

1953 2215 2036 2262 ter
2080 2206 2312 2261 triticum
2349 2208 2675 2262 seminantur
2705 2250 2720 2274 ,
2753 2217 2806 2264 et
2841 2208 2894 2262 in
2946 2224 3124 2272 aream
3155 2218 3537 2278 congeruntur,

1953 2307 2008 2353 et
2054 2299 2241 2354 ovibus
2299 2308 2670 2370 aggregantur,
2712 2310 2766 2354 et
2819 2301 2948 2354 retia
3000 2301 3268 2367 subeunt,
3302 2311 3356 2356 et
3410 2317 3543 2356 con-

1954 2396 2251 2451 vivantibus
2302 2396 2698 2462 admiscentur;
2737 2397 2832 2451 sed
2886 2396 3029 2451 intus
3061 2398 3172 2452 sive
3215 2397 3430 2462 lateant,
3463 2397 3542 2452 si-

1952 2503 2018 2544 ve
2075 2498 2315 2558 pareant,
2353 2498 2479 2544 tunc
2504 2489 2604 2544 erit
2647 2491 2780 2544 ratio
2805 2489 3065 2544 tolerandi
3091 2490 3136 2544 si
3164 2499 3398 2560 potestas
3417 2491 3538 2544 nul-

1953 2583 2004 2638 la
2028 2591 2112 2638 est
2139 2582 2460 2652 corrigendi,
2516 2598 2615 2638 nec
2643 2582 2801 2639 debet
2824 2597 2944 2639 esse
2994 2585 3340 2654 praesumptio
3375 2597 3535 2653 sepa-

1951 2673 2125 2730 randi.
2149 2674 2492 2729 Absitautem
2525 2674 2681 2729 utsic
2705 2674 3062 2743 intelligamus
3086 2673 3226 2743 quod
3273 2675 3534 2745 scriptum

1953 2773 2055 2831 est,
2082 2764 2148 2819 ad
2183 2766 2486 2820 convivium
2520 2767 2824 2834 nuptiarum
2866 2765 3142 2828 adductos,
3170 2782 3294 2838 quos
3339 2767 3542 2820 invene-

1950 2868 2069 2914 runt
2086 2858 2239 2914 bonos
2263 2867 2308 2912 et
2334 2858 2710 2930 malosUlIatt/c.
2735 2874 2864 2924 χχιι,
2892 2859 3070 2930 2-10),
3100 2867 3157 2913 ut
3176 2875 3270 2914 eos
3290 2859 3542 2914 adduxis-

1953 2965 2016 3006 sc
2042 2950 2346 3016 credantur,
2393 2951 2483 3020 qui
2514 2966 2573 3005 se
2626 2951 2796 3006 malos
2826 2959 3263 3020 perseveraturos
3309 2952 3540 3024 professi

1952 3050 2094 3097 sunt.
2131 3042 2377 3112 Alioquin
2403 3042 2501 3112 ipsi
2521 3043 2661 3096 servi
2682 3041 3074 3112 patrisfamilias
3088 3045 3290 3100 zizania
3307 3047 3542 3102 semina-

1953 3141 2164 3198 verunt,
2197 3132 2492 3202 falsumque
2539 3135 2640 3188 erit
2684 3132 2832 3188 illud.
2861 3132 3106 3189 Inimicus
3145 3145 3312 3190 autem
3366 3137 3454 3206 qui
3479 3153 3541 3190 ea

1953 3225 2248 3290 seminavit,
2277 3224 2506 3278 diabolus
2532 3233 2602 3279 est
2628 3223 2648 3294 (
2678 3221 2764 3276 Id.
2795 3240 2887 3278 xm
2908 3265 2923 3292 ,
2971 3225 3039 3279 39
3071 3224 3110 3295 ).
3141 3224 3248 3281 Sed
3282 3227 3407 3296 quia
3440 3227 3542 3283 hoc

1954 3314 2147 3372 falsum
2169 3331 2288 3372 esse
2316 3331 2422 3370 non
2445 3323 2639 3386 potest,
2666 3314 3146 3370 adduxeruntservi
3173 3316 3328 3370 bonos
3356 3327 3402 3370 et
3426 3334 3539 3370 ma-

1955 3411 2052 3477 los,
2071 3411 2186 3466 sive
2229 3411 2320 3481 qui
2353 3411 2601 3475 laterent,
2626 3408 2739 3464 sive
2775 3410 2866 3480 qui
2905 3409 3014 3480 jam
3045 3410 3278 3478 adducti,
3303 3419 3357 3466 et
3379 3411 3545 3466 intro-

1954 3502 2104 3558 missi
2145 3511 2503 3572 apparerent;
2541 3502 2654 3556 sive
2695 3500 2850 3555 bonos
2899 3509 2947 3556 et
3004 3500 3164 3555 malos
3210 3501 3411 3556 dictum
3460 3511 3544 3558 est
3602 3553 3607 3561 .

1954 3592 2247 3649 secundum
2297 3592 2580 3663 quamdam
2638 3591 2924 3648 humanam
2976 3579 3457 3657 conversationem,
3490 3594 3545 3650 in

1956 3699 2059 3754 qua
2075 3683 2233 3738 etiam
2281 3683 2316 3736 ii
2342 3684 2430 3753 qui
2466 3683 2700 3738 nondum
2726 3682 3092 3750 crediderunt,
3118 3682 3203 3737 vel
3239 3683 3440 3738 laudari
3457 3684 3541 3739 vel

1956 3777 2245 3846 vituperari
2271 3776 2464 3830 solent.
2490 3775 2644 3832 Unde
2668 3784 2750 3830 est
2765 3776 2923 3831 etiam
2949 3784 3005 3830 et
3041 3775 3171 3830 illud
3200 3776 3339 3846 quod
3361 3777 3544 3830 Domi-

1956 3882 2056 3923 nus
2082 3875 2264 3922 monet
2311 3867 2620 3936 discipulos,
2668 3882 2802 3936 quos
2854 3866 2922 3920 ad
2973 3867 3316 3936 Evangelium
3349 3865 3544 3936 praedi-

1957 3958 2190 4014 candum
2216 3957 2461 4026 primitus
2486 3957 2666 4024 mittit,
2700 3966 2757 4010 ut
2804 3957 2858 4010 in
2888 3971 3276 4027 quamcumque
3300 3958 3547 4013 venerint

1956 4050 2259 4117 civitatem,
2288 4056 2528 4119 quaerant
2553 4049 2669 4117 quis
2697 4047 2804 4102 illic
2829 4046 3022 4116 dignus
3051 4047 3139 4114 sit,
3171 4057 3228 4102 ut
3250 4049 3388 4118 apud
3419 4064 3542 4104 eum

1958 4144 2216 4208 habitent,
2241 4141 2410 4197 donec
2437 4141 2561 4196 inde
2584 4139 3029 4212 proficiscantur(
3061 4140 3147 4195 Id.
3167 4158 3225 4209 x,
3255 4144 3314 4199 ll
3342 4141 3385 4214 ).
3415 4143 3545 4199 Pro-

1955 4237 2098 4294 fecto
2127 4236 2216 4291 ille
2241 4235 2435 4306 dignus
2463 4236 2582 4306 quis
2604 4236 2727 4300 erit,
2760 4235 2862 4290 nisi
2887 4236 2978 4306 qui
3006 4236 3398 4293 existimatione
3421 4253 3546 4294 suo-

1957 4349 2079 4388 rum
2127 4332 2322 4388 eivium
2353 4333 2524 4388 bonus
2551 4333 2875 4389 habebitur?
2896 4342 2951 4390 et
2975 4336 3094 4406 quis
3125 4337 3403 4408 indignus,
3440 4341 3545 4397 nisi

1957 4426 2047 4497 qui
2095 4426 2172 4480 eis
2219 4425 2392 4482 malus
2441 4427 2765 4482 innotuerit?
2795 4428 2873 4483 Ex
2917 4428 3018 4484 hoc
3073 4439 3298 4502 utroque
3348 4449 3546 4503 genere

1957 4517 2179 4573 veniunt
2200 4515 2266 4572 ad
2295 4516 2492 4572 Christi
2549 4517 2731 4582 ﬁdem,
2760 4526 2814 4574 et
2863 4519 2940 4574 sic
2967 4520 3298 4578 adducuntur
3343 4524 3468 4580 boni
3492 4536 3547 4583 et

1958 4608 2085 4663 mali
2113 4625 2126 4662 :
2155 4609 2278 4678 quia
2305 4615 2360 4662 et
2406 4608 2482 4662 illi
2513 4608 2637 4662 mali
2664 4623 2694 4662 a
2735 4610 2958 4664 mortuis
3002 4613 3251 4680 operibus
3279 4616 3544 4683 poeniten-

1959 4703 2089 4758 tiam
2110 4716 2218 4756 non
2268 4709 2537 4756 recusant.
2584 4702 2639 4757 Si
2667 4711 2844 4756 autem
2895 4713 3164 4770 recusant,
3211 4722 3318 4762 non
3345 4708 3546 4768 intrare

1957 4794 2232 4864 cupientes
2256 4793 2606 4863 repelluntur,
2630 4793 2725 4849 sed
2745 4793 2812 4849 ab
2842 4793 3061 4850 introitu
3082 4795 3181 4866 ipsi
3209 4808 3395 4868 aperta
3411 4815 3542 4857 con-

1958 4885 2274 4942 tradictione
2302 4884 2600 4942 discedunt.

2031 4981 2120 5040 52.
2148 4980 2264 5037 Erit
2297 4995 2427 5052 ergo
2454 4989 2509 5036 et
2535 4993 2723 5036 servus
2752 4979 2840 5036 ille
2873 4994 3116 5046 securus,
3146 4997 3246 5038 nec
3292 4982 3431 5039 inter
3455 4987 3543 5059 pi-

1959 5087 2084 5145 gros
2109 5072 2467 5137 damnabitur,
2497 5071 2640 5143 quod
2663 5071 2992 5127 dominicum
3045 5072 3300 5130 talentum
3351 5078 3541 5134 nolue-

1960 5165 2032 5220 rit
2081 5177 2344 5234 erogare;
2375 5162 2804 5234 quandoquidem
2835 5162 2907 5216 illi
2938 5162 3224 5222 noluerunt
3246 5169 3387 5239 quod
3423 5187 3544 5227 ero-

1961 5256 2119 5329 gabat
2154 5256 2414 5326 accipere.
2467 5256 2693 5326 Propter
2740 5255 2860 5311 illos
2904 5257 3048 5312 enim
3085 5258 3200 5317 haec
3249 5261 3541 5318 similitudo

1962 5349 2230 5422 proposita
2253 5356 2354 5403 est.
2385 5347 2513 5421 (Id.
2547 5364 2675 5415 xxv,
2701 5347 2930 5422 14-50),
2959 5351 3052 5421 qui
3078 5353 3262 5408 nolunt
3303 5354 3541 5422 suscipe-

1962 5455 2023 5498 re
2073 5441 2126 5496 in
2166 5439 2403 5495 Ecclesia
2472 5438 2856 5509 diSpensatoris
2910 5441 3166 5510 ofﬁcium,
3219 5443 3543 5500 desidiosam

1963 5530 2358 5604 praetendentes
2385 5532 2800 5598 excusationem,
2835 5534 2979 5590 nolle
2995 5549 3054 5590 se
3069 5535 3327 5612 rationem
3350 5535 3544 5592 redde-

1964 5639 2024 5680 re
2057 5624 2123 5680 de
2163 5624 2394 5695 peccatis
2430 5623 2654 5691 alienis;
2688 5625 2777 5696 qui
2819 5625 3042 5681 audiunt
3087 5633 3141 5680 et
3185 5639 3289 5677 non
3320 5625 3536 5693 faciunt,

1965 5719 2019 5774 id
2045 5727 2147 5785 est,
2174 5719 2504 5789 accipiuntet
2532 5733 2636 5774 non
2667 5719 2914 5776 reddunt.
2948 5716 3079 5772 Cum
3103 5731 3230 5770 vero
3258 5716 3543 5788 dispensa-

1970 5821 2053 5869 tor
2079 5807 2252 5866 ﬁdelis
2287 5815 2342 5866 et
2384 5808 2632 5883 diligens,
2685 5810 2741 5866 in
2767 5805 3036 5880 erogando
3078 5807 3464 5882 paratissimus,
3491 5819 3548 5868 et
