4144 6212
567 333 676 393 219

571 451 843 508 lucrorum
878 448 1262 505 dominicorum
1314 445 1670 509 avidissimus,
1704 442 1831 496 dicit
1879 439 2141 502 adultero,

570 544 689 601 Noli
734 558 855 600 esse
903 541 1128 606 adulter,
1173 543 1216 595 si
1264 541 1340 594 vis
1388 538 1679 608 baptizari;
1712 534 1868 589 crede
1911 532 2146 596 Christo,

570 635 660 712 qui
700 636 801 690 hoc
843 633 983 705 quod
1012 632 1142 688 facis
1170 633 1296 687 dicit
1323 647 1442 686 esse
1481 631 1820 694 adulterium,
1860 627 1904 681 si
1929 627 2008 680 vis
2059 626 2151 680 ba-

570 728 798 800 ptizari;
831 725 937 779 noli
968 740 1088 780 esse
1135 726 1432 780 membrum
1472 723 1787 786 meretricis,
1835 722 1879 776 si
1908 722 1986 774 vis
2027 718 2142 774 ﬁeri

569 819 867 876 membrum
894 817 1088 873 Christi
1116 835 1130 871 :
1164 818 1254 872 ille
1273 827 1445 871 autem
1473 816 1780 886 respondet,
1799 814 1911 868 Non
1936 813 2146 878 ohedio,

569 928 674 971 non
705 912 838 967 facio
865 931 876 965 :
912 912 1023 982 ipse
1037 926 1140 964 non
1165 911 1273 963 vult
1302 926 1476 963 veram
1507 909 1784 979 peCuniam
1831 906 2148 961 dominicam

570 1006 832 1078 accipere,
858 1005 950 1062 sed
978 1019 1127 1058 suam
1173 1004 1346 1072 potius
1384 1003 1730 1056 adulterinam
1759 997 2152 1053 vultthesauris

569 1097 848 1153 dominicis
880 1097 1188 1166 importare.
1221 1095 1276 1150 Si
1300 1104 1475 1148 autem
1500 1110 1554 1148 se
1584 1092 1842 1146 facturum
1865 1089 2150 1161 proﬁtere-

569 1199 674 1256 tur,
698 1203 795 1244 nec
844 1186 1060 1254 faceret,
1117 1202 1213 1242 nee
1257 1195 1441 1256 postea
1485 1185 1722 1253 quolibet
1753 1183 1909 1236 modo
1959 1179 2154 1248 corrigi

568 1288 785 1351 posset;
817 1280 1143 1333 inveniretur
1178 1277 1302 1348 quid
1326 1276 1391 1332 de
1423 1276 1510 1330 illo
1539 1275 1707 1340 ﬁeret,
1740 1290 1804 1327 ne
1833 1272 1950 1326 aliis
1978 1272 2146 1325 inuti-

568 1373 632 1428 lis
656 1382 820 1438 esset,
847 1371 936 1441 qui
955 1371 1052 1425 sibi
1078 1370 1222 1424 utilis
1269 1383 1387 1424 esse
1432 1383 1535 1422 non
1566 1375 1745 1438 posset
1777 1384 1788 1418 :
1821 1373 1876 1417 ut
1920 1364 1964 1416 si
2017 1362 2152 1415 intra

568 1465 703 1520 retia
726 1463 934 1518 Domini
958 1461 1095 1516 bona
1126 1461 1284 1530 piscis
1315 1459 1485 1513 malus
1529 1466 1690 1523 esset,
1726 1471 1827 1508 non
1871 1465 2044 1508 tamen
2071 1453 2154 1523 pi-

569 1571 692 1611 sces
713 1554 921 1609 Domini
951 1555 1033 1608 sui
1079 1553 1232 1607 malis
1253 1552 1454 1606 retibus
1481 1552 1738 1614 irretiret;
1767 1550 1863 1602 hoc
1895 1555 1994 1612 est,
2025 1554 2082 1599 ut
2109 1545 2153 1599 si

570 1648 792 1705 haberet
817 1647 872 1700 in
899 1643 1133 1701 Ecclesia
1166 1645 1327 1698 vitam
1352 1643 1564 1707 malum,
1597 1655 1701 1693 non
1734 1648 1908 1692 tamen
1943 1637 2047 1691 illic
2072 1639 2153 1690 in—

569 1741 815 1796 stitueret
839 1738 1134 1792 doctrinam
1165 1737 1376 1789 malam.
1409 1734 1542 1788 Cum
1566 1733 1707 1786 enim
1734 1731 1866 1791 tales
1889 1730 2020 1784 facta
2051 1744 2150 1783 sua

570 1833 693 1887 talia
722 1830 1030 1893 defendunt,
1063 1829 1146 1883 vel
1175 1829 1224 1882 in
1251 1829 1326 1882 eis
1354 1843 1411 1881 se
1459 1834 1888 1896 perseveraturos
1927 1824 2152 1892 apertis-

569 1927 703 1984 sime
729 1926 1035 1995 prolitentes
1062 1923 1408 1976 admittuntur
1430 1920 1492 1972 ad
1521 1920 1845 1987 Baptismum
1870 1933 1883 1982 ;
1918 1916 2044 1970 nihil
2078 1916 2155 1968 vi-

573 2016 728 2072 detur
755 2015 892 2069 aliud
945 2013 1286 2084 praedicari’,
1319 2013 1416 2065 nisi
1473 2011 1818 2064 fornicatores
1846 2016 1898 2062 et
1951 2007 2154 2061 adulte-

569 2125 662 2166 ros
686 2110 842 2165 etiam
865 2123 1032 2178 usque
1084 2108 1137 2160 in
1186 2106 1308 2159 vitae
1339 2105 1494 2173 hujus
1545 2103 1700 2157 linem
1735 2103 1784 2155 in
1817 2118 1876 2156 ea
1921 2100 2152 2170 nequitia

570 2208 981 2272 permanentes,
1034 2213 1255 2267 regnum
1307 2195 1398 2249 Dei
1444 2209 1801 2265 possessuros,
1861 2200 1914 2245 et
1962 2191 2153 2245 merito

570 2291 711 2357 ﬁdei,
741 2306 856 2360 qua:
887 2289 1000 2344 sine
1029 2288 1276 2359 operibus
1318 2295 1521 2339 mortua
1551 2293 1651 2348 est,
1684 2284 1747 2337 ad
1795 2283 1953 2336 vitam
2001 2291 2151 2335 reter-

569 2398 692 2438 nam
728 2381 1058 2450 salutemque
1084 2387 1360 2434 venturos.
1395 2377 1517 2430 llaec
1547 2385 1669 2430 sunt
1696 2374 1831 2428 mala
1861 2374 2010 2437 retia,
2037 2388 2154 2442 quze

569 2487 758 2528 cavere
807 2472 1000 2527 debent
1049 2471 1312 2541 prtecipuc
1362 2467 1698 2537 piscatores:
1733 2467 1774 2519 si
1843 2475 2018 2518 tamen
2066 2464 2152 2516 illa

571 2563 876 2633 evangeliea
923 2561 1267 2616 similitudine
1295 2560 1584 2630 piscatores
1624 2557 1878 2626 episcopi,
1909 2557 1991 2609 vel
2020 2556 2151 2609 infe-

569 2656 724 2710 rioris
741 2651 940 2709 ordinis
971 2652 1323 2708 Ecelesiarum
1349 2650 1615 2721 praepositi
1646 2647 1972 2717 intelligendi
1995 2657 2148 2711 sunt;

571 2747 694 2818 quia
717 2747 912 2801 dictum
940 2755 1040 2811 est,
1090 2743 1284 2810 Venite,
1331 2752 1378 2797 et
1407 2743 1592 2815 faciant
1634 2757 1718 2793 vos
1753 2739 2027 2809 piscatores
2055 2738 2150 2793 ho-

573 2837 1024 2910 minnm(il!atth.
1073 2834 1316 2908 ιν,19).
1370 2835 1590 2889 Retibus
1630 2833 1769 2886 enim
1826 2831 1986 2884 bonis
2035 2829 2153 2899 capi

570 2939 790 3008 possunt
819 2931 995 3000 pisces
1017 2937 1069 2984 et
1106 2928 1232 2984 boni
1252 2937 1303 2983 et
1333 2927 1457 2980 mali
1489 2943 1502 2991 ;
1548 2925 1752 2986 retibus
1778 2931 1954 2977 autem
2000 2922 2152 2976 malis

570 3022 686 3092 capi
719 3037 823 3075 non
866 3027 1090 3091 possunt
1116 3019 1286 3089 pisces
1330 3018 1472 3072 boni.
1516 3016 1774 3082 Quoniam
1814 3015 1863 3067 in
1913 3014 2152 3068 doctrina

570 3114 707 3169 bona
738 3124 791 3168 et
816 3113 983 3168 bonus
1010 3120 1183 3183 potest
1213 3125 1338 3167 esse
1365 3109 1453 3182 qui
1482 3108 1628 3163 audit
1679 3116 1732 3161 et
1760 3107 1897 3170 l'aeit,
1941 3115 1994 3160 et
2037 3121 2153 3158 ma-

569 3205 651 3260 lus
681 3206 770 3278 qui
797 3206 942 3260 audit
983 3214 1038 3260 et
1079 3219 1187 3258 non
1235 3202 1360 3257 facit
1393 3219 1404 3254 :
1436 3202 1487 3254 in
1537 3200 1776 3254 doctrina
1825 3212 1950 3252 vero
1994 3197 2148 3261 mala,

570 3309 623 3355 et
653 3301 742 3372 qui
769 3316 883 3353 eam
914 3313 1090 3353 veram
1122 3305 1289 3365 putat,
1310 3293 1550 3364 quamvis
1581 3294 1626 3346 ei
1656 3307 1758 3345 non
1792 3283 2149 3358 obtemperet,

571 3391 742 3445 malus
771 3398 881 3453 est;
913 3399 964 3442 et
1001 3386 1087 3455 qui
1116 3385 1470 3452 obtemperat,
1495 3382 1646 3451 pejor
1673 3389 1773 3433 est.

640 3479 865 3533 CAPUT
893 3477 1237 3531 XVlll.—-55.
1253 3472 1514 3527 Prohiberi
1531 3473 1806 3542 pertinaces
1827 3469 1986 3522 malos
2001 3487 2032 3521 α
2055 3469 2155 3521 Βαε

571 3573 750 3643 ptismo
795 3588 894 3625 non
922 3585 1122 3623 novum.
1171 3567 1300 3626 Illud
1341 3580 1469 3620 sane
1496 3565 1735 3617 mirabile
1765 3572 1867 3629 est,
1886 3561 2024 3631 quod
2051 3561 2154 3615 {ra-

571 3675 679 3720 tres
709 3664 794 3734 qui
824 3663 977 3716 aliter
1001 3662 1206 3730 sapiunt
1232 3703 1246 3724 ,
1279 3675 1398 3713 cum
1429 3658 1656 3712 debeant
1683 3657 1749 3709 ab
1784 3657 1880 3708 ista
1910 3655 1990 3708 vel
2014 3671 2153 3710 nova

571 3757 653 3812 vel
685 3765 890 3818 vetere,
922 3753 1216 3824 perniciosa
1246 3760 1419 3804 tamen
1451 3749 1699 3818 opinione
1726 3746 2017 3811 discedere,
2053 3747 2151 3816 ipsi

572 3849 789 3921 insuper
813 3850 991 3904 dicunt
1020 3863 1206 3902 novam
1235 3862 1353 3901 esse
1375 3845 1693 3910 doctrinam,
1718 3859 1817 3913 qua
1842 3843 2153 3913 nequissimi

571 3942 818 3998 homines
844 3942 894 3996 in
925 3941 1034 3996 suis
1075 3939 1283 4012 ﬂagitiis
1312 3955 1369 3993 se
1403 3945 1832 4008 perseveraturos
1863 3935 1914 3988 in
1958 3949 2152 4004 propa-

572 4034 685 4089 tulo
744 4033 1050 4102 proﬁtentes
1098 4047 1202 4086 non
1264 4030 1613 4084 admittuntur
1668 4027 1733 4081 ad
1779 4027 2150 4095 Baptismum:

577 4125 726 4196 quasi
758 4124 940 4178 nescio
967 4122 1056 4176 ubi
1088 4123 1508 4192 peregrinentur,
1535 4119 1744 4189 quando
1773 4120 2078 4173 meretrices
2101 4126 2156 4172 et

575 4217 859 4272 histriones
880 4257 892 4278 ,
926 4224 978 4268 et
1016 4213 1235 4283 quilibet
1274 4213 1362 4265 alii
1392 4211 1613 4280 publica:
1661 4209 1999 4279 turpitudinis
2029 4223 2154 4279 pro-

575 4310 825 4372 fessores,
850 4309 950 4362 nisi
976 4309 1162 4362 solutis
1184 4316 1273 4360 aut
1298 4306 1550 4374 disruptis
1579 4305 1768 4359 talibus
1796 4305 2018 4358 vinculis
2039 4347 2051 4371 ,
2087 4304 2154 4358 ad

575 4402 863 4457 christiana
907 4407 1238 4453 sacramenta
1281 4413 1384 4451 non
1437 4397 1813 4467 permittuntur
1858 4396 2150 4463 accedere;

575 4495 663 4565 qui
689 4496 868 4563 utique
901 4491 1192 4546 secundum
1238 4492 1456 4545 istorum
1488 4490 1802 4543 sententiam
1845 4504 2032 4542 omnes
2057 4488 2148 4542 ad-

578 4587 945 4649 mitterentur,
981 4584 1078 4638 nisi
1102 4584 1372 4652 antiquum
1410 4591 1462 4636 et
1493 4582 1767 4635 robustum
1799 4597 2000 4635 morem
2027 4595 2152 4634 san-

575 4689 658 4732 eta
687 4676 922 4730 Ecclesia
944 4675 1198 4730 retineret
1220 4715 1234 4736 ,
1266 4689 1331 4727 ex
1357 4673 1440 4727 illa
1467 4673 1667 4726 scilicet
1701 4672 2042 4741 liquidissima
2067 4687 2154 4726 ve-

571 4771 728 4825 ritate
755 4770 1073 4831 venientem,
1107 4782 1209 4837 qua
1239 4775 1440 4821 eertum
1475 4767 1648 4829 habet,
1671 4767 1907 4833 quoniam
1932 4766 2156 4836 qnitalia

575 4871 762 4931 agunt,
796 4877 1002 4931 regnum
1043 4857 1138 4911 Dei
1167 4875 1267 4911 non
1297 4857 1621 4924 possidebunt
1647 4856 1839 4927 (Cultu.
1875 4873 1928 4922 ν,
1961 4857 2150 4924 19³21,

572 4962 619 5005 et
663 4952 681 5004 l
723 4951 839 5005 Cor.
882 4967 932 5004 γι
959 4993 972 5018 ,
1000 4948 1036 5004 9
1057 4991 1071 5016 ,
1101 4949 1209 5018 l0).
1241 4947 1305 5001 Et
1334 4949 1434 5003 nisi
1461 4950 1664 5017 egerint
1704 4947 1769 5001 ab
1807 4948 1888 5000 bis
1933 4950 2154 5001 mortuis

576 5047 826 5114 operibus
866 5047 1230 5116 pmnitentiam
1252 5087 1265 5110 ,
1299 5043 1556 5098 accedere
1597 5042 1660 5095 ad
1693 5042 2016 5110 Baptismum
2045 5056 2152 5096 non

573 5139 854 5194 sinuntur:
883 5141 926 5193 si
953 5147 1128 5194 autem
1158 5139 1556 5209 subrepserint,
1587 5137 1687 5190 nisi
1713 5136 1789 5189 vel
1819 5145 1999 5205 postea
2033 5153 2151 5190 mu-

575 5231 671 5285 tati
716 5230 980 5298 egeriut',
1007 5231 1134 5283 salvi
1180 5243 1298 5284 esse
1338 5244 1443 5282 non
1481 5235 1718 5297 possunt.
1773 5227 1882 5281 Sed
1921 5227 2149 5294 ebriosi,

573 5323 738 5386 avari,
771 5319 1035 5387 maledici,
1068 5329 1120 5375 et
1147 5322 1188 5374 si
1216 5337 1315 5391 qua
1346 5323 1445 5374 alia
1476 5322 1597 5374 vitia
1633 5320 1951 5374 damnabilia
1993 5336 2152 5390 aper-

573 5418 640 5472 tis
673 5415 822 5470 l‘actis
865 5413 1102 5468 convinci
1144 5413 1492 5483 redarguique
1527 5429 1631 5466 non
1662 5422 1916 5482 possunt;
1950 5428 2151 5482 praece-

572 5510 676 5577 ptis
705 5517 877 5562 tamen
906 5514 958 5560 et
981 5504 1316 5559 catechismis
1343 5505 1667 5560 validissime
1690 5505 2040 5575 ﬁagellantur,
2074 5516 2154 5562 at-

573 5615 674 5670 que
723 5614 908 5653 omnes
966 5597 1100 5652 tales
1156 5605 1354 5650 mutata
1409 5597 1460 5650 in
1507 5596 1698 5651 melius
1754 5599 2022 5652 voluntate
2073 5600 2139 5654 ad

633 5738 657 5806 ξ
695 5743 763 5806 tta
777 5744 884 5806 tit-ss:
909 5736 1027 5806 Ε(ξίιὶ
1046 5743 1232 5806 autem,
1253 5731 1378 5806 nihil
1397 5731 1616 5804 tidcntur
1637 5732 1772 5806 aliud
1795 5733 2084 5806 prtudicare.

639 5799 658 5827 ι
692 5797 821 5857 Apud
856 5803 929 5846 Er.
955 5797 1102 5860 Lugd.
1127 5806 1227 5847 Ven
1252 5804 1302 5848 et
1327 5803 1454 5857 Lov.,
1479 5797 1658 5858 egerint
1681 5797 2022 5859 paenitentum.
2089 5803 2144 5847 Μ.

1525 330 1610 384 DE
1650 327 1802 382 FIDE
1844 325 1931 380 ET
1970 321 2325 392 OPERIBUS,
2355 322 2411 380 S.
2455 325 2822 385 AUGUSTINI

2262 439 2588 510 Baptismum
2621 444 2867 501 videntur
2881 447 3152 510 accedere.
3177 449 3288 506 Sed
3312 450 3364 506 si
3386 451 3522 506 ωηο
3541 450 3840 522 adulteros,

2262 550 2394 604 quos
2427 553 2532 590 non
2563 540 2645 593 lex
2675 540 2924 607 humana,
2956 541 3050 597 sed
3080 543 3256 598 divina
3283 544 3625 611 condemnat,
3655 545 3709 600 id
3735 553 3842 616 est,

2262 629 2348 696 qui
2374 630 2574 685 alienas
2612 649 2801 688 uxores
2837 644 3084 704 tanquam
3112 651 3235 692 suas
3264 637 3478 704 habent,
3507 638 3596 694 vel
3617 637 3846 697 feminas

2261 738 2378 792 quae
2405 723 2605 778 alienos
2650 727 2867 781 maritos
2889 770 2904 794 ,
2927 728 3116 782 alicubi
3143 730 3492 801 negligenﬁus
3517 731 3724 788 admitti
3750 747 3850 791 so-

2265 816 2374 870 lere
2399 816 2738 873 adverterunt
2762 835 2774 884 ;
2799 835 2862 874 ex
2887 821 2988 875 illis
3006 823 3163 878 rectis
3185 822 3378 880 debent
3396 826 3578 880 conari
3606 826 3704 882 ista
3725 842 3849 884 eor-

2263 907 2435 978 rigerc
2457 950 2469 974 ,
2499 908 2600 963 hoc
2633 920 2713 965 est
2734 953 2748 980 ,
2781 919 2838 966 ut
2862 914 3020 967 etiam
3066 914 3152 968 isti
3177 929 3284 969 non
3320 915 3706 986 admittantur;
3739 935 3848 976 non

2263 1013 2326 1053 ex
2356 997 2437 1052 his
2469 1001 2644 1068 pravis
2664 1002 2753 1056 illa
2791 1011 2934 1058 recta
2975 1004 3266 1076 depravare
3287 1049 3300 1072 ,
3330 1016 3388 1062 ut
3415 1023 3590 1078 neque
3632 1011 3701 1065 de
3731 1026 3850 1068 mo.-

2262 1104 2379 1143 rum
2408 1093 2740 1148 correctione
2759 1096 3162 1152 catechizandos
3190 1113 3310 1155 esse
3343 1108 3594 1156 censeant
3613 1103 3849 1175 Compeo

2263 1189 2462 1248 tentes;
2509 1193 2561 1239 et
2599 1197 2988 1256 consequenter
3020 1204 3206 1245 omnes
3229 1191 3388 1248 etiam
3425 1194 3633 1250 illarum
3675 1198 3851 1267 publi-

2263 1288 2444 1328 carum
2472 1277 2854 1346 turpitudinum
2875 1289 2927 1335 et
2951 1283 3210 1337 scelerum
3230 1283 3585 1355 professores,
3616 1289 3716 1344 hoc
3742 1300 3846 1359 est,

2262 1367 2590 1432 meretrices,
2618 1369 2856 1435 lenones,
2884 1372 3222 1442 gladiatores,
3243 1390 3305 1430 ac
3326 1375 3370 1430 si
3390 1378 3520 1448 quid
3543 1378 3849 1450 huiusmodi

2264 1466 2362 1523 est,
2391 1460 2624 1515 etiamin
2655 1462 2761 1517 illis
2791 1465 2943 1520 malis
2988 1475 3362 1534 permanentes
3384 1511 3398 1536 ,
3439 1470 3646 1527 admitti
3680 1489 3848 1544 opor‘

2265 1560 2376 1606 tere
2422 1554 2765 1612 arbitrentur.
2813 1556 3000 1612 Omnia
3040 1561 3232 1631 quippe
3276 1561 3360 1615 illa
3405 1577 3523 1632 qua:
3562 1566 3851 1634 Apostolus

2263 1656 2567 1712 enumerat,
2599 1649 2919 1706 concludens
2941 1693 2954 1718 ,
2981 1656 3216 1721 quoniam
3250 1656 3338 1724 qni
3378 1657 3503 1710 talio
3540 1667 3696 1732 agunt
3716 1699 3732 1726 ,
3759 1677 3848 1714 re-

2261 1757 2415 1810 gnum
2449 1741 2546 1795 Dei
2573 1760 2672 1797 non
2700 1746 3066 1815 possidebunt;
3103 1750 3196 1820 qui
3230 1749 3600 1807 vehementius
3637 1759 3802 1824 agunt
3824 1794 3841 1822 ,

2263 1834 2596 1890 manifestata
2641 1837 2739 1892 sibi
2769 1851 3122 1909 congruenter
3149 1843 3424 1914 increpant
3449 1847 3487 1912 ι,
3515 1853 3570 1901 et
3594 1846 3847 1903 resisten-

2264 1931 2346 1977 tes
2371 1933 2529 1995 atquc
2559 1927 2611 1979 in
2645 1928 2722 1981 eis
2764 1945 2822 1983 se
2855 1945 3230 2000 permansuros
3259 1935 3568 2006 proﬁtentes
3597 1938 3671 1994 ad
3705 1937 3848 1997 acci#

2263 2017 2512 2086 piendum
2544 2020 2873 2090 Baptismum
2900 2039 3004 2079 non
3034 2026 3340 2081 admittunt.

2337 2131 2561 2187 (IAPUT
2603 2132 2821 2188 XlX.——
2841 2137 2926 2192 54.
2947 2136 3071 2191 Tria
3086 2141 3282 2212 ﬂagitio
3315 2143 3464 2196 etiam
3487 2143 3840 2215 benigniorum

2263 2223 2522 2279 hominum
2565 2243 2812 2282 consensu
2839 2231 3098 2300 mortifera
3136 2241 3180 2285 et
3209 2235 3725 2291 excommunicatione
3745 2255 3849 2310 pu-

2263 2315 2466 2368 nienda.
2513 2316 2659 2372 Unde
2695 2323 2886 2389 factum
2926 2330 2978 2372 ut
3021 2321 3084 2375 de
3123 2322 3424 2378 adulterinis
3449 2327 3700 2399 conjugiis
3742 2347 3849 2386 non

2262 2418 2492 2476 ageretur
2528 2410 2580 2462 in
2609 2412 2942 2470 catechismis.
2975 2412 3362 2478 Matrimonium
3389 2436 3502 2474 cum
3528 2421 3843 2490 inﬁdelibus.

2262 2498 2362 2566 Qui
2435 2510 2611 2555 autem
2674 2505 2959 2572 opinantur
3018 2519 3210 2563 ccetera
3269 2510 3624 2582 eleemosynis
3694 2516 3848 2576 facile

2261 2596 2616 2664 compensari,
2649 2597 2744 2650 tria
2774 2606 2952 2653 tamen
2997 2601 3268 2656 mortifera
3310 2617 3430 2662 esse
3465 2620 3573 2660 non
3601 2605 3850 2672 dubitant

2261 2697 2315 2742 et
2352 2689 2992 2748 excommunicationibus
3019 2693 3315 2762 punienda,
3339 2695 3512 2751 donec
3534 2698 3846 2766 poenitentia

2261 2778 2545 2834 humiliore
2588 2791 2874 2850 sanentur,
2900 2783 3300 2854 impudicitiam,
3342 2788 3718 2858 idololatriam,
3748 2792 3849 2852 1)ον

2260 2875 2554 2930 micidium.
2587 2875 2769 2946 Neque
2808 2893 2948 2933 nunc
2988 2894 3121 2948 opus
3165 2889 3248 2938 est
3285 2897 3529 2952 qumrere
3563 2883 3737 2953 qualis
3778 2886 3848 2944 sit

2261 2984 2446 3024 coriun
2477 2969 2575 3023 ista
2604 2972 2888 3036 sententia,
2915 2985 2971 3028 et
3000 2979 3178 3029 utrum
3199 2975 3534 3050 corrigenda,
3557 2991 3622 3036 an
3651 2992 3847 3048 appro»-

2259 3061 2438 3117 banda
2455 3105 2471 3128 ,
2500 3078 2568 3118 ne
2602 3078 2738 3134 opus
2765 3075 3078 3134 susceptum.
3099 3067 3378 3124 mittamus
3401 3067 3456 3123 in
3480 3069 3692 3144 longum
3717 3086 3845 3146 pro-

2260 3162 2381 3222 pter
2405 3170 2522 3210 eam
2545 3156 2914 3225 qumStiouem,
2946 3172 3068 3227 qua:
3089 3157 3211 3213 huic
3231 3159 3568 3218 absolveudze
3587 3163 3606 3192 ³
3626 3162 3846 3224 minime

2261 3246 2562 3302 necessaria
2599 3254 2698 3301 est.
2727 3245 2934 3302 Sufﬁcit
2961 3248 3108 3302 enim
3129 3289 3148 3318 ι
3170 3249 3295 3321 quia
3311 3250 3362 3305 si»
3383 3251 3564 3314 omnia
3589 3267 3700 3308 non
3721 3260 3848 3310 sunt

2260 3335 2586 3391 admittenda
2631 3339 2698 3392 ad
2761 3338 3014 3407 Baptisini
3064 3350 3488 3408 sacramentum,
3541 3343 3679 3400 inter
3729 3343 3848 3404 hac

2261 3429 2435 3481 omnia
2459 3438 2539 3482 est
2556 3428 2874 3485 adulterium
2899 3449 2912 3485 :
2928 3432 2972 3486 si
2999 3440 3175 3488 autem
3191 3433 3290 3494 tria
3306 3433 3395 3492 illa
3407 3435 3518 3489 sola
3535 3435 3845 3505 excipienda

2261 3528 2406 3585 sunt,
2446 3521 2606 3575 etiam
2636 3520 2691 3576 in
2733 3521 2821 3578 bis
2856 3524 3028 3580 tribus
3060 3533 3144 3581 est
3180 3525 3534 3596 adulterium,
3560 3529 3708 3588 unde,
3741 3530 3847 3586 λςιι

2259 3607 2546 3679 disputatio
2573 3621 2693 3666 nata
2710 3623 2793 3668 est
2811 3614 2856 3668 ³.

2333 3726 2421 3779 55.
2452 3723 2560 3780 Sed
2585 3727 2834 3795 quoniam
2874 3729 3139 3785 malorum
3176 3731 3591 3792 Christianorum
3625 3750 3842 3807 morm,

2259 3817 2352 3888 qui
2367 3817 2582 3873 luerunt
2608 3827 2764 3874 antea
2789 3819 2950 3875 etiam
2977 3823 3224 3889 pessimi,
3253 3822 3507 3880 habuisse
3527 3842 3634 3886 non
3654 3828 3846 3888 viden-

2262 3920 2351 3966 tur
2378 3911 2480 3968 hoc
2507 3913 2706 3967 malum
2724 3954 2740 3978 ,
2763 3921 2822 3967 ut
2847 3913 3050 3970 alienas
3070 3929 3269 3973 uxores
3303 3916 3562 3974 ducerent
3590 3921 3720 3985 viri,
3753 3929 3849 3980 aut

2261 4004 2450 4060 alienis
2496 4005 2626 4059 viris
2662 4003 2876 4061 feminae
2921 4006 3216 4074 nuberem;
3249 4007 3382 4077 inde
3422 4009 3659 4068 fortasse
3705 4011 3848 4081 apud

2260 4097 2518 4166 quaedam
2564 4097 2834 4154 Ecclesiae
2875 4097 3194 4168 negligentia
3227 4099 3334 4158 ista
3369 4100 3666 4172 subrepsit,
3690 4111 3756 4158 ut.
3790 4105 3848 4160 in

2261 4189 2598 4244 catechismis
2616 4189 3042 4260 Competentium
3059 4205 3159 4248 nec
3194 4202 3560 4261 quererentur
3588 4211 3688 4252 nec
3722 4212 3848 4266 per-

2261 4292 2568 4338 enterentur
2588 4283 2611 4315 ‘
2635 4284 2749 4340 haec
2768 4284 2924 4351 vitia;
2955 4293 3114 4355 atque
3138 4285 3264 4342 inde
3285 4285 3484 4346 factum
3507 4296 3610 4351 est.
3631 4299 3692 4344 ut
3714 4289 3848 4350 imi-

2262 4385 2450 4445 perent
2474 4385 2527 4431 ct
2551 4375 2767 4432 defendi
2794 4394 2808 4430 :
2837 4392 2960 4446 quae
2987 4385 3165 4435 tamen
3193 4377 3247 4436 in
3272 4377 3554 4447 Malis
3571 4394 3695 4440 rara
3719 4390 3848 4442 sunt

2261 4469 2454 4536 adhuc,
2479 4469 2526 4523 si
2543 4485 2607 4524 ea
2633 4483 2736 4524 nos
2758 4467 3079 4538 negligenda.-
3095 4484 3206 4526 ωσι.
3221 4469 3388 4528 densa
3405 4471 3432 4504 ‘
3451 4469 3727 4531 ﬁdamus.
3750 4474 3846 4532 τι·

2262 4561 2368 4616 lem
2413 4562 2607 4631 quippe
2632 4561 2684 4614 in
2723 4560 3038 4629 quibusdam
3076 4560 3488 4630 negligentiam,
3514 4562 3566 4616 in
3594 4563 3712 4622 aliis
3741 4565 3842 4624 iot-

2261 4654 2540 4723 peritiam,
2565 4653 2616 4705 in
2657 4652 2777 4706 aliis
2812 4652 3166 4721 ignorantiam
3198 4653 3545 4722 probabiliter
3589 4655 3844 4716 Danubius

2261 4748 2432 4801 somni
2463 4745 2680 4800 nomine
2721 4745 3054 4816 signiﬁcasse
3078 4745 3390 4816 intelligitur
3411 4789 3429 4811 ,
3459 4748 3548 4804 ubi
3577 4749 3651 4808 ait
3680 4767 3692 4802 :
3717 4748 3845 4806 Cum

2262 4850 2429 4893 mrtem
2452 4839 2728 4891 dormirem
2763 4839 2995 4892 homines
3015 4880 3035 4904 ,
3061 4841 3196 4894 υεηὶι
3233 4840 3468 4896 inimicus
3493 4883 3508 4907 ,
3531 4851 3576 4894 et
3607 4857 3844 4910 atm-

2262 4931 2466 4984 minanit
2489 4929 2687 4982 zizania
2725 4929 2937 4996 (Matth.
2983 4945 3107 4994 nu,
3135 4930 3252 5000 25).
3278 4930 3416 4990 Hinc-
3445 4940 3624 4990 autem
3657 4933 3842 4992 aviau-

2261 5023 2510 5076 mandum
2541 5030 2622 5076 est
2650 5036 2758 5076 non
2787 5036 2850 5076 ea
2891 5022 3124 5090 prium
3162 5021 3472 5091 apparuisse
3512 5022 3568 5076 in
3606 5024 3846 5084 moribus

2261 5115 2501 5186 quamvis
2521 5115 2786 5169 malorum
2808 5114 3238 5176 christianum,
3261 5113 3515 5182 quoniam
3534 5113 3723 5174 beatus.
3741 5114 3846 5188 Cy-

2259 5209 2477 5277 prianus
2507 5205 2557 5259 in
2581 5205 2804 5275 epistola
2831 5205 2898 5260 de
2925 5204 3132 5273 Lapsis,
3159 5218 3286 5258 cum
3317 5201 3654 5271 deplorando-
3673 5216 3728 5262 et
3753 5223 3842 5264 ar-

2259 5297 2474 5367 guendo
2496 5297 2660 5351 multa
2680 5303 3122 5350 commemoraret
3145 5334 3160 5357 ,
3182 5293 3374 5361 quibus
3393 5295 3590 5350 merito
3612 5296 3739 5352 dicit
3761 5298 3843 5352 in-

2259 5391 2620 5461 dignationem
2667 5387 2766 5444 Dei
2815 5387 2978 5442 fuisse
3014 5393 3336 5441 commotam
3359 5427 3376 5450 ,
3412 5396 3472 5442 ut
3512 5387 3834 5446 intolerabili

2324 5540 2340 5570 ί
2379 5536 2602 5600 Plerique
2636 5543 2760 5601 Mss,
2785 5532 3035 5601 manifesta
3057 5530 3149 5601 sibi
3171 5537 3484 5601 congruenter
3507 5531 3778 5599 increpant.

2322 5601 2342 5632 ³
2377 5607 2476 5648 Am.
2500 5593 2572 5645 ἐν.
2601 5603 2651 5646 et
2673 5593 2769 5644 duo
2788 5593 3238 5653 Mss.,'absolvendo.

2322 5663 2343 5694 ³
2377 5665 2448 5711 sic
2469 5668 2573 5710 Mss.
2599 5658 2716 5707 Editi
2741 5671 2876 5718 vero,
2900 5665 3027 5707 mota
3045 5665 3130 5707 est.

2321 5723 2345 5756 δ
2376 5725 2448 5771 sic
2471 5729 2576 5770 Mss.
2603 5727 2657 5768 At
2675 5720 2790 5769 editi
2811 5758 2824 5779 ,
2846 5726 3279 5782 repet-catenatum

2327 5786 2348 5817 ³
2381 5785 2516 5842 mliti,
2552 5782 2765 5846 defensa.
2811 5780 3022 5832 Erratum
3055 5786 3303 5845 corrigunt
3323 5787 3522 5834 veteres
