4124 6206
273 384 370 443 ιι

273 501 641 578 persecutione
679 498 973 561 Ecclesiam
1001 511 1153 557 suam
1189 504 1390 556 smeret
1420 495 1674 568 ﬂagellari
1693 534 1710 561 ,
1742 494 1858 549 haec

273 595 340 661 ibi
367 594 590 653 omnino
614 606 725 651 non
746 592 986 648 nominat
1011 609 1022 647 :
1050 607 1171 649 cum
1194 591 1350 648 etiam
1376 591 1504 647 illud
1526 606 1633 646 non
1660 598 1852 655 taceat,

271 696 321 751 et
347 684 413 740 ad
444 683 665 743 eosdem
692 697 870 741 mores
898 683 1066 738 malos
1094 683 1362 752 pertinere
1395 682 1707 747 confirmet,
1726 683 1852 752 jun-

269 792 390 850 gere
413 790 537 833 cum
562 774 869 835 infidelibus
894 775 1160 831 vinculum
1183 775 1526 840 matrimonii,
1550 774 1682 830 nihil
1709 773 1854 827 aliud

268 885 382 926 esse
411 884 701 936 asserens,
729 883 888 938 quam
919 868 1238 938 prostituere
1277 868 1574 927 Gentilibus
1615 868 1852 922 membra

267 960 501 1017 Christi:
541 975 661 1030 qua:
699 959 899 1019 nostris
935 960 1262 1029 temporibus
1299 959 1410 1031 jam
1455 974 1561 1015 non
1601 968 1853 1030 putantur

271 1067 378 1109 isse
430 1061 680 1121 peccata;
718 1052 971 1121 quoniam
1008 1065 1193 1109 revera
1224 1052 1277 1106 iu
1318 1050 1468 1106 Novo
1512 1049 1852 1106 Testamento

270 1145 388 1205 nihil
420 1144 546 1203 inde
571 1154 899 1215 prmoeptum
925 1155 1026 1210 est,
1049 1154 1104 1201 et
1132 1144 1251 1203 ideo
1280 1153 1372 1203 aut
1398 1144 1559 1200 licere
1588 1145 1849 1200 creditum

270 1248 369 1302 est,
394 1247 491 1295 aut
532 1237 678 1297 velut
707 1237 928 1295 dubium
958 1238 1292 1296 derelictum.
1344 1236 1494 1294 Sicut
1523 1239 1683 1293 etiam
1723 1238 1849 1295 illud

271 1332 569 1403 tmbiguum
601 1340 686 1391 est
712 1372 727 1396 ,
755 1341 932 1388 utrum
977 1331 1217 1387 Herodes
1264 1332 1462 1387 mortui
1503 1332 1752 1399 duxerit,
1782 1347 1847 1387 an

271 1423 365 1483 vivi
416 1422 601 1481 fratris
622 1436 848 1481 uxorem
871 1422 949 1493 (α)
979 1440 991 1477 :
1017 1430 1073 1477 ct
1114 1422 1234 1478 ideo
1264 1437 1370 1477 non
1394 1423 1464 1478 ita
1489 1423 1688 1488 claret,
1722 1423 1848 1493 quid

270 1515 506 1574 Joannes
535 1516 587 1573 ei
615 1530 723 1573 non
750 1514 912 1571 licere
931 1514 1144 1571 dicebat
1163 1513 1377 1585 (Matth.
1409 1529 1502 1568 xiv
1532 1554 1547 1580 ,
1574 1516 1637 1579 5,
1663 1516 1740 1584 ι).
1774 1514 1849 1570 De

261 1608 559 1670 mncubina
589 1618 827 1677 quoque,
858 1607 904 1665 si
936 1606 1175 1676 professa
1202 1606 1357 1662 fuerit
1375 1605 1580 1661 nullum
1604 1622 1664 1660 se
1682 1606 1846 1660 alium

259 1700 614 1771 cogniturum,
645 1697 858 1757 etiamsi
885 1697 955 1753 ab
983 1698 1075 1754 illo
1089 1698 1175 1754 eui
1199 1698 1408 1754 subdita
1424 1708 1503 1752 est
1529 1698 1843 1762 dimittatur,

257 1794 447 1855 merito
475 1792 753 1853 dubitatur
787 1800 963 1849 utrum
989 1791 1056 1847 ad
1088 1790 1488 1862 percipiendum
1518 1791 1845 1860 Baptismum

259 1898 359 1947 son
385 1883 585 1943 debeat
611 1882 841 1947 admitti.
877 1882 1127 1953 Quisquis
1153 1884 1312 1938 etiam
1345 1899 1566 1938 uxorem
1606 1884 1659 1938 iu
1688 1884 1845 1940 adul-

260 1976 386 2038 lttt'io
425 1974 825 2048 deprehensam
862 1974 1157 2043 dimiserit,
1184 1982 1238 2029 et
1263 1975 1424 2031 aliam
1464 1975 1703 2041 duxerit,
1736 1990 1844 2031 nou

258 2071 459 2135 videtur
488 2069 784 2141 aquandus
807 2072 888 2125 eis
924 2071 1015 2140 qui
1038 2077 1260 2138 excepta
1295 2083 1455 2123 causa
1481 2069 1731 2124 adulterii
1759 2069 1843 2124 di-

258 2158 470 2223 mittunt
516 2174 575 2221 et
612 2165 858 2220 ducunt:
890 2164 1019 2220 etin
1059 2162 1191 2233 ipsis
1232 2162 1425 2217 divinis
1467 2164 1747 2219 sententiis
1771 2163 1844 2218 ita

256 2257 541 2315 eteorum
582 2265 665 2313 est
707 2264 885 2312 utrum
932 2264 985 2311 et
1011 2256 1143 2321 iste,
1171 2256 1257 2310 cui
1285 2254 1500 2325 quidem
1527 2256 1644 2310 sine
1683 2257 1844 2311 dubio

256 2347 549 2411 adulteram
590 2348 712 2404 licet
748 2346 1040 2414 dimittere,
1066 2345 1279 2403 adulter
1306 2354 1486 2402 tamen
1514 2346 1773 2402 habeatur
1797 2348 1842 2402 si

254 2441 473 2499 alteram
499 2440 745 2504 duxerit,
771 2448 851 2507 ut,
873 2449 1126 2511 quantum
1157 2439 1407 2495 existimo
1427 2482 1441 2506 ,
1467 2440 1746 2495 venialiter
1771 2441 1842 2495 ibi

254 2533 474 2604 quisque
499 2531 737 2587 fallatur.
765 2531 1122 2598 Quamobrem
1152 2546 1272 2601 quae
1292 2532 1567 2587 manifesta
1595 2540 1718 2586 sunt
1744 2534 1842 2586 im-

252 2624 519 2695 pudicitia!
540 2624 787 2688 crimina,
814 2623 960 2678 omni
986 2623 1148 2679 modo
1172 2639 1203 2678 a
1223 2623 1496 2693 Baptismo
1515 2623 1840 2693 prohibenda

254 2727 400 2780 sunt.
440 2716 549 2773 nisi
572 2716 872 2771 mutatione
908 2715 1200 2789 voluntatis
1230 2724 1285 2770 et
1312 2715 1625 2786 poenitentia
1667 2718 1841 2771 corri-

250 2820 483 2882 gantur;
515 2825 638 2881 qua:
673 2819 851 2869 autem
901 2809 1063 2867 dubia
1086 2852 1102 2876 ,
1147 2810 1292 2867 omni
1334 2810 1498 2866 modo
1537 2812 1840 2866 conandum

254 2914 328 2963 est
348 2918 422 2961 ne
444 2902 577 2963 ﬁant
602 2902 741 2959 tales
761 2902 1187 2972 coniunctiones.
1204 2902 1341 2971 Quid
1357 2895 1499 2958 enini
1526 2917 1659 2973 opus
1686 2911 1769 2958 cst
1789 2904 1840 2959 in

256 3004 451 3053 tantum
490 2998 784 3053 discrimen
819 2998 1178 3069 ambiguitatis
1207 3009 1366 3069 caput
1393 3000 1647 3055 mittere?
1669 2999 1724 3055 Si
1746 3015 1843 3055 au-

256 3097 357 3149 tein
376 3090 536 3147 facta:
566 3090 785 3155 fuerint,
818 3090 999 3146 nescio
1025 3101 1203 3145 utrum
1232 3091 1267 3145 ii
1298 3091 1385 3160 qui
1412 3089 1658 3157 fecerint,
1688 3091 1840 3145 simi-

253 3179 371 3242 liter
391 3182 460 3239 ad
490 3181 822 3251 Baptismum
855 3197 960 3237 non
988 3181 1183 3241 debere
1205 3181 1487 3237 videantur
1512 3182 1743 3236 admitti.

317 3274 544 3335 CAPUT
563 3273 855 3331 XX.—-56.
886 3275 1026 3330 Ordo
1057 3275 1333 3329 mntionis
1353 3291 1473 3347 erga
1507 3273 1840 3345 balitizandos

256 3370 515 3425 mea.
544 3368 817 3435 Quantum
855 3368 1045 3423 attinet
1078 3369 1236 3439 igitur
1268 3367 1334 3422 ad
1361 3367 1657 3423 doctrinam
1698 3367 1843 3422 salu-

255 3459 401 3517 ium
425 3460 673 3516 veritatis
692 3501 707 3524 ,
741 3475 811 3514 ne
830 3460 1074 3531 cuiquam
1106 3460 1383 3515 mortifero
1417 3469 1638 3529 peccato
1663 3458 1840 3528 perni—

256 3552 545 3609 ciosissima
583 3551 846 3607 securitas
881 3551 1041 3607 detur
1063 3593 1079 3620 ,
1105 3546 1190 3607 vel
1231 3551 1389 3606 etiam
1439 3551 1842 3621 pestilentiosis—

256 3644 382 3701 tina
410 3644 678 3701 tribuatur
702 3645 991 3700 auctoritas
1010 3687 1024 3711 ,
1050 3646 1151 3700 iste
1179 3647 1470 3700 curationis
1497 3645 1632 3700 ordo
1655 3653 1757 3711 est,
1782 3653 1841 3699 ut

258 3734 553 3809 baptizandi
576 3737 803 3799 credant
830 3740 884 3793 in
915 3739 1081 3794 Deum
1112 3739 1324 3793 Patrem
1353 3739 1615 3794 etFilium
1646 3746 1700 3794 et
1720 3738 1840 3808 Spi-

254 3828 407 3886 ritum
431 3838 712 3897 sanctum,
740 3846 808 3885 eo
826 3831 932 3885 ritu
961 3845 1067 3902 quo
1084 3830 1398 3901 Symbolum
1445 3831 1701 3897 traditur;
1733 3839 1787 3885 et
1806 3846 1836 3885 a

256 3927 471 3981 mortuis
513 3925 770 3995 operibus
801 3934 958 3996 agant
979 3926 1344 3995 paenitentiam
1365 3968 1379 3992 ,
1409 3926 1753 3995 omniumque
1780 3939 1841 3979 sc

254 4018 463 4073 omnino
494 4016 897 4088 pmteritorum
922 4018 1293 4073 remissionem
1322 4018 1375 4072 iu
1397 4018 1665 4087 Baptismo
1688 4031 1841 4070 acce-

257 4117 434 4179 pturos
460 4125 589 4166 esse
611 4125 721 4166 non
747 4109 990 4166 dubitent
1020 4130 1033 4166 :
1064 4126 1168 4166 non
1202 4121 1258 4165 ut
1288 4126 1510 4180 peccare
1538 4111 1714 4172 liceat,
1746 4110 1840 4164 sed

255 4208 311 4256 ut
326 4216 581 4271 peccasse
600 4217 709 4257 non
734 4211 954 4268 noceat;
978 4211 1033 4256 ut
1058 4203 1125 4259 sit
1146 4201 1272 4257 facti
1301 4201 1565 4269 remissio,
1587 4217 1691 4255 non
1721 4216 1841 4271 per-

258 4293 435 4348 missio
476 4293 733 4355 faciendi.
772 4294 924 4349 Tunc
951 4310 1076 4349 vere
1113 4294 1219 4349 dici
1264 4303 1469 4364 potest,
1502 4293 1662 4348 etiam
1686 4292 1841 4363 Spiri-

257 4383 484 4452 tnaliter,
508 4382 649 4438 Ecce
675 4400 833 4438 unus
858 4384 1024 4454 [actus
1048 4400 1098 4439 ea
1122 4426 1135 4451 ,
1160 4385 1273 4455 jam
1303 4386 1410 4439 nuli
1430 4401 1641 4457 peccare
1662 4383 1836 4457 (Joan.

257 4490 307 4541 ν,
354 4476 442 4546 ﬂ)
485 4494 500 4529 :
540 4475 686 4545 quod
735 4477 990 4531 Dominus
1041 4476 1109 4531 de
1142 4478 1409 4547 corporali
1455 4478 1680 4532 sanitate
1722 4477 1842 4533 ideo

255 4567 400 4637 dixit,
426 4569 692 4639 quoniam
724 4569 927 4627 sciebat
961 4570 1009 4624 ei
1037 4585 1195 4640 quem
1229 4570 1432 4625 salvum
1465 4570 1697 4637 fecerat,
1727 4586 1841 4626 me-

258 4661 365 4716 ritis
397 4671 753 4733 peccatorum
778 4662 925 4717 illum
957 4663 1117 4718 etiam
1140 4663 1315 4718 carnis
1336 4663 1592 4719 accidisse
1622 4663 1843 4733 languo-

257 4766 381 4809 rem.
417 4753 483 4807 lli
517 4762 701 4816 autem
732 4754 783 4808 ei
813 4753 1015 4808 homini
1049 4756 1137 4824 qui
1164 4763 1218 4810 et
1255 4754 1601 4826 baptizandus
1636 4755 1843 4811 adulter

254 4843 665 4913 ingreditur,”
715 4846 1018 4916 baptizatus
1060 4848 1268 4903 adulter
1319 4850 1619 4920 egreditur,
1678 4849 1844 4904 miror

254 4938 522 5004 quomodo
553 4937 658 4992 dici
700 4940 1025 5006 existiment,
1060 4940 1191 4995 Ecce
1227 4958 1381 4996 sanus
1411 4942 1574 5011 [actus
1610 4959 1682 4997 es.
1713 4942 1843 5010 Quis

252 5031 386 5084 enim
419 5030 606 5101 gravis
634 5039 690 5085 et
723 5030 1008 5087 exitiabilis
1037 5033 1254 5088 morbus
1280 5034 1383 5089 erit
1406 5076 1420 5100 ,
1453 5034 1494 5090 si
1523 5034 1842 5090 adulterium

251 5121 583 5181 sanitaserit
596 5120 621 5165 π

316 5211 551 5267 CAPUT
573 5210 881 5270 illia-37.
898 5213 1256 5283 Apostolorum
1277 5217 1467 5287 factum
1484 5232 1581 5269 non
1602 5217 1664 5271 iis
1680 5217 1847 5287 favere

251 5304 336 5373 qui
356 5304 543 5359 volunt
571 5304 829 5360 adulteros
861 5306 1063 5361 admitti
1088 5308 1159 5361 ad
1191 5305 1529 5378 Baptiamrtm.
1569 5309 1845 5380 Pet-peram

245 5396 345 5449 liti
363 5396 590 5450 Iudicas
610 5406 814 5466 prapler
831 5397 995 5451 solum
1014 5398 1361 5468 ﬁtﬁdelitatem
1384 5399 1589 5454 deietos.
1619 5400 1845 5472 Regnum

246 5488 493 5543 odorum
545 5487 651 5541 vita
682 5487 787 5556 pati
828 5505 929 5542 non
967 5487 1158 5542 dictum
1196 5489 1261 5543 de
1298 5490 1398 5558 ﬁde
1436 5491 1547 5544 sine
1573 5492 1840 5547 charitate.

244 5576 350 5635 Sed
398 5580 463 5634 in
528 5577 705 5633 tribus
756 5578 1025 5648 millibus,
1079 5582 1361 5652 inquiunt,
1412 5595 1551 5652 quos
1608 5600 1715 5637 uno
1761 5585 1845 5641 die

308 5733 381 5795 (α)
418 5733 606 5801 Fratris
626 5734 839 5801 viventis
853 5747 1065 5801 ligarem
1085 5735 1286 5801 duxisse
1310 5738 1453 5801 tradit
1484 5738 1740 5801 Josephus,
1766 5748 1850 5791 Att-

241 5791 334 5867 tqu
364 5791 490 5867 ’de.
648 5793 744 5867 ψ,
760 5796 967 5867 _cap._7i
1001 5797 1149 5867 idque
1180 5799 1231 5848 iu
1262 5797 1551 5853 celebritate
1583 5791 1762 5851 ﬁeeoll.
1804 5809 1847 5850 δ.

242 5857 451 5906 hinni!
470 5857 665 5913 enim
686 5857 741 5912 in
758 5857 1002 5912 hoviaio
1022 5857 1245 5911 Ralm

1686 373 1893 435 LIBER
1929 374 2133 435 UNUS.

1963 493 2210 562 Apostoli
2239 498 2577 568 haptizarunt
2600 544 2614 570 ,
2643 510 2697 559 et
2722 518 2775 559 tu
2801 512 2878 560 tot
2911 504 3147 565 millibus
3170 506 3501 567 credentium
3531 551 3545 575 ,

1966 588 2022 643 in
2049 589 2238 659 quibus
2266 593 2552 661 Apostolus
2581 595 2647 650 ab
2670 595 2963 653 Jerusalem
3005 614 3173 668 usque
3193 599 3246 655 in
3277 599 3545 672 lllyricum

1964 678 2306 750 Evangelium
2333 685 2555 752 replevit
2582 686 2758 755 (Rom.
2787 704 2876 752 xv,
2902 689 3016 759 i9),
3048 699 3205 746 erant
3232 692 3413 763 utique
3440 694 3542 749 ali-

1960 772 2049 840 qui
2079 772 2268 829 alienis
2293 776 2543 830 uxoribus
2564 778 2793 847 copulati
2819 820 2835 844 ,
2865 781 2947 835 vel
2973 781 3181 837 femina:
3206 782 3396 841 alienis
3426 800 3544 839 ma-

1959 865 2113 921 ritis:
2140 866 2193 922 in
2221 869 2409 936 quibus
2434 871 2671 939 regulam
2700 873 2938 941 Apostoli
2972 874 3297 930 constituere
3334 874 3543 932 debue-

1957 964 2121 1023 runt,
2150 974 2270 1027 qua:
2299 959 2551 1029 deinceps
2595 962 2647 1016 in
2687 962 2945 1019 Ecclesiis
2988 974 3292 1021 servaretur
3314 1007 3329 1029 ,
3365 976 3537 1022 utrum

1959 1062 2065 1103 non
2093 1049 2506 1106 admitterentur
2544 1052 2608 1107 ad
2634 1053 2964 1122 Baptismum
2990 1096 3007 1121 ,
3033 1056 3134 1111 nisi
3160 1055 3247 1111 illa
3276 1056 3538 1115 adulteria

1957 1140 2335 1196 surrexissent.
2378 1142 2538 1208 Quasi
2576 1158 2682 1199 non
2712 1145 2957 1201 similiter
2994 1145 3250 1205 adversus
3295 1162 3389 1203 eos
3432 1148 3539 1205 dici

1956 1230 2128 1298 possit
2150 1232 2289 1299 quod
2320 1248 2424 1288 non
2465 1234 2742 1290 inveniunt
2765 1237 2994 1306 aliquem
3023 1242 3493 1297 commemoratum
3520 1283 3536 1310 ,

1954 1322 2186 1391 quicum
2217 1325 2333 1381 talis
2371 1336 2539 1393 esset,
2575 1328 2839 1385 admissus
2883 1340 2981 1389 est.
3027 1331 3134 1389 Aut
3157 1348 3285 1390 vero
3328 1336 3538 1405 possint

1955 1412 2287 1483 singulorum
2316 1415 2590 1477 hominum
2619 1421 2843 1476 crimina
2865 1464 2881 1487 ,
2907 1423 3049 1494 quod
3092 1423 3353 1483 infinitum
3377 1435 3495 1485 erat
3515 1468 3533 1496 ,

1953 1509 2393 1575 commemorari;
2422 1526 2541 1567 cum
2571 1514 2835 1581 generalis
2865 1515 2955 1571 illa
2981 1518 3160 1587 regula
3190 1519 3318 1574 satis
3350 1535 3536 1589 super-

1952 1613 2057 1667 que
2108 1598 2374 1667 sul‘liciat,
2405 1602 2489 1657 ubi
2515 1603 2705 1661 Petrus
2753 1607 2988 1675 pluribus
3017 1609 3195 1665 verbis
3241 1611 3532 1669 testificans

1952 1688 2281 1759 baptizandis
2312 1693 2404 1757 ait,
2428 1691 2626 1765 Eripite
2652 1712 2737 1751 vos
2766 1696 2827 1750 ab
2868 1699 2961 1753 hoc
2990 1701 3175 1757 stacqu
3216 1719 3370 1772 pravo
3396 1702 3531 1774 (Act.

1951 1795 2010 1847 tt,
2041 1782 2132 1849 40,
2163 1782 2276 1853 cii).
2308 1784 2438 1852 Quis
2464 1788 2609 1841 enim
2630 1788 2835 1846 dubitet
2861 1790 2928 1847 ad
2957 1792 3112 1863 hujus
3150 1796 3329 1851 saeculi
3362 1799 3536 1865 pravi-

1952 1881 2113 1931 tatem
2160 1875 2420 1933 adulteria
2471 1881 2737 1948 pertinere
2762 1922 2777 1947 ,
2808 1891 2863 1938 et
2904 1884 3021 1943 illos
3069 1886 3164 1955 qui
3192 1887 3450 1957 elegerint
3471 1891 3529 1947 in

1952 1965 2140 2021 eadem
2170 1966 2448 2037 iniquitate
2478 1970 2800 2039 persistere?
2825 1972 3080 2031 Similiter
3104 1985 3279 2035 autem
3306 1977 3409 2035 dici
3436 1995 3533 2050 po-

1950 2063 2054 2113 test
2079 2056 2316 2126 puhlicas
2347 2060 2658 2119 meretrices
2678 2103 2692 2125 ,
2720 2078 2853 2133 quas
2881 2066 3062 2135 utique
3091 2067 3157 2125 ad
3180 2068 3531 2140 Baptismum,

1948 2150 2051 2205 nisi
2079 2149 2148 2204 ab
2171 2151 2261 2206 illa
2291 2153 2618 2222 turpitudine
2658 2156 2933 2225 liberatas,
2978 2160 3119 2216 nulla
3163 2161 3394 2218 admittit
3431 2163 3535 2221 Ee-

1948 2241 2133 2310 clesia,
2173 2245 2416 2313 potuisse
2454 2246 2685 2307 inveniri
2710 2249 2765 2302 in
2798 2255 2874 2307 tot
2900 2251 3135 2309 millibus
3165 2260 3288 2309 tunc
3313 2254 3535 2312 creden-

1949 2334 2077 2388 tium
2109 2350 2205 2404 per
2226 2344 2304 2391 tot
2330 2346 2538 2406 gentes,
2569 2347 2623 2397 et
2651 2340 2717 2397 de
2744 2340 2827 2399 his
2854 2343 3213 2412 suscipiendis
3240 2346 3329 2402 vel
3354 2348 3535 2417 prohi-

1947 2426 2136 2485 hendis
2208 2430 2534 2493 constituere
2601 2432 2885 2501 Apostolus
2956 2436 3200 2504 exempla
3257 2437 3526 2496 debuisse.

1948 2517 2325 2577 Verumtamen
2380 2521 2449 2577 de
2515 2524 2829 2593 quibusdam
2900 2527 3194 2587 minoribus
3251 2544 3533 2598 possumus

1946 2610 2251 2679 cenjectare
2284 2612 2509 2682 majora.
2545 2614 2603 2671 Si
2647 2616 2789 2673 enim
2837 2616 2903 2673 ad
2947 2618 3268 2687 baptismum
3313 2621 3532 2678 Joannis

1945 2705 2222 2760 venientes
2271 2707 2538 2775 publicani
2585 2708 2836 2777 prohibiti
2889 2720 3013 2768 sunt
3057 2712 3257 2783 aliquid
3304 2716 3532 2786 amplius

1945 2796 2160 2866 exigere
2179 2838 2191 2861 ,
2224 2812 2384 2866 quam
2415 2798 2557 2867 quod
2584 2801 2660 2857 eis
2695 2799 2868 2857 fuerat
2895 2804 3240 2861 constitutum
3261 2803 3422 2875 (Luc.
3451 2822 3528 2873 tn,

1947 2889 2070 2959 13);
2104 2890 2298 2947 'miror
2342 2890 2387 2946 si
2444 2892 2778 2951 venientibus
2834 2893 2901 2950 ad
2962 2895 3285 2966 baptismum
3334 2898 3533 2957 Christi

1944 2991 2129 3053 posset
2158 2984 2389 3052 permitti
2417 2984 2759 3043 adulterium.

2016 3074 2104 3130 58.
2146 3072 2712 3134 Commetnoraverunt
2731 3079 2891 3134 etiam
2912 3078 3181 3137 Israelita:
3202 3083 3366 3141 multa
3394 3084 3530 3140 mala

1947 3174 2002 3221 et
2022 3163 2203 3236 gravia
2233 3176 2588 3237 perpetrasse,
2615 3178 2669 3225 et
2694 3169 2943 3226 eifudisse
2970 3174 3195 3229 multum
3221 3176 3527 3245 sanguinem

1943 3256 2325 3327 prephetarum
2347 3297 2362 3320 ,
2395 3272 2496 3313 nec
2533 3266 2712 3314 tamen
2751 3274 2819 3315 ex
2863 3259 2944 3319 his
2983 3261 3136 3319 factis
3165 3264 3377 3331 penitus
3413 3280 3529 3321 me-

1945 3348 2117 3404 ruisse
2140 3348 2327 3412 deleri,
2356 3348 2449 3407 sed
2476 3364 2540 3403 ex
2563 3350 2872 3407 infidelitate
2892 3351 3007 3409 sola
3022 3393 3041 3418 ,
3063 3368 3167 3423 qua
3193 3354 3246 3410 in
3262 3354 3530 3413 Christum

1943 3439 2165 3499 Credere
2211 3440 2498 3497 noluerunt
2537 3458 2550 3493 :
2592 3455 2699 3497 non
2752 3443 3024 3499 intuentes
3073 3443 3201 3515 quia
3255 3456 3529 3516 peccatum

1945 3545 2130 3587 eorum
2175 3546 2283 3587 non
2328 3532 2429 3587 hoc
2469 3531 2640 3588 solum
2691 3532 2811 3599 fuit,
2859 3535 2979 3603 quia
3014 3534 3069 3591 in
3111 3535 3381 3595 Christum
3421 3553 3532 3595 non

1944 3624 2306 3690 crediderunt,
2335 3640 2516 3680 verum
2545 3626 2703 3683 etiam
2734 3626 2856 3696 quia
2884 3625 3155 3687 Christum
3182 3629 3528 3700 occiderunt;

1945 3730 2172 3787 quorum
2197 3732 2357 3773 unum
2387 3716 2615 3787 pertinet
2639 3716 2705 3771 ad
2735 3717 2938 3772 crimen
2968 3719 3371 3786 incredulitatis,
3400 3724 3532 3780 alte-
3606 3720 3623 3727 ”

1944 3820 2062 3860 rum
2090 3805 2157 3861 ad
2198 3807 2400 3861 crimen
2439 3806 2788 3863 crudelitatis.
2821 3807 2952 3863 Illud
2977 3824 3107 3879 ergo
3130 3819 3214 3867 est
3240 3822 3429 3869 contra
3465 3815 3529 3869 ii-

1944 3894 2065 3950 dem
2115 3907 2337 3963 rcctam,
2384 3897 2524 3951 istud
2574 3905 2760 3953 contra
2809 3897 3005 3957 bonam
3056 3901 3240 3958 vitam.
3294 3901 3531 3972 Utroque

1944 3996 2121 4044 autem
2168 3989 2294 4042 vitio
2332 3992 2479 4043 cura
2519 3988 2608 4058 qui
2653 3989 2811 4045 fidem
2841 3989 3032 4047 Christi
3068 3990 3249 4058 habet,
3280 4006 3389 4050 non
3414 3995 3530 4052 sine

1945 4082 2200 4151 operibus
2239 4090 2539 4144 mortuam,
2583 4096 2703 4151 quae
2730 4081 2892 4139 etiam
2921 4082 2973 4137 in
3003 4081 3341 4143 (immunibus
3381 4086 3529 4143 inve-

1947 4173 2089 4229 uitur
2121 4171 2320 4246 (Jacobi
2350 4188 2406 4238 ll,
2436 4172 2529 4239 20,
2558 4171 2682 4243 19);
2714 4172 2810 4228 sed
2840 4172 2998 4232 ﬁdem
3039 4175 3247 4246 gratim,
3292 4191 3412 4247 qum
3438 4195 3532 4248 per

1945 4266 2282 4324 dilectionem
2312 4273 2563 4333 operatur
2588 4264 2787 4335 (Colat.
2818 4282 2877 4333 v,
2904 4264 2986 4337 6).

2017 4360 2104 4414 59.
2140 4358 2264 4415 Haec
2285 4365 2367 4413 est
2397 4358 2530 4413 ﬁdes
2556 4356 2626 4412 de
2648 4372 2751 4428 qua
2774 4357 3007 4425 dicitur;
3036 4358 3267 4430 Regium
3293 4363 3533 4419 calorum

1944 4454 2079 4508 intra
2122 4469 2207 4506 vos
2249 4460 2324 4507 est
2363 4450 2511 4522 (Luc.
2542 4467 2692 4516 xvtt,
2734 4450 2853 4524 Si).
2894 4452 3008 4510 Hoc
3048 4454 3196 4511 enim
3235 4453 3529 4525 diripiunt‘

1945 4547 2036 4616 qui
2064 4547 2168 4600 vim
2195 4543 2399 4601 faciunt
2427 4543 2717 4611 credendo,
2746 4545 3097 4613 impetrantes
3118 4546 3377 4615 Spiritum
3399 4549 3531 4603 cha-

1946 4638 2117 4697 ritatis
2138 4680 2152 4703 ,
2197 4636 2286 4690 ubi
2316 4643 2399 4693 est
2430 4634 2702 4703 plenitudo
2726 4634 2865 4704 legis
2888 4636 3066 4705 (Reor.
3098 4652 3225 4704 xm,
3256 4639 3382 4705 id),
3415 4640 3531 4696 sine

1947 4743 2051 4797 qua
2076 4728 2158 4782 lex
2190 4726 2249 4779 in
2274 4725 2448 4781 littera
2471 4738 2593 4783 reos
2614 4723 2843 4799 faciebat
2865 4725 3026 4782 etiam
3058 4728 3527 4795 praevaricationis.

1947 4818 2061 4875 Non
2100 4819 2277 4887 itaque
2313 4816 2605 4886 putandum
2644 4823 2728 4873 est
2761 4817 2883 4874 ideo
2911 4817 3109 4875 dictum
3132 4861 3149 4883 ,
3171 4818 3530 4891 Regnum-cae-

1948 4911 2114 4968 lorttm
2138 4909 2235 4963 vim
2274 4908 2463 4979 patitur
2482 4949 2497 4975 ,
2541 4918 2588 4963 et
2614 4910 2700 4980 qui
2728 4909 2827 4964 vim
2858 4909 3085 4980 faciunt,
3117 4910 3363 4980 diripiunt
3398 4912 3530 4967 illud

1948 5000 2163 5069 (Matth.
2192 5017 2279 5067 xi,
2311 4999 2399 5071 12)
2429 5017 2444 5066 ;
2492 5000 2614 5070 quia
2653 5000 2815 5059 etiam
2852 4999 2983 5055 mali
3022 5002 3391 5057 tantummodo
3410 5019 3529 5059 ere-
3600 5041 3607 5044 ο

1948 5091 2129 5148 dendo
2178 5100 2235 5146 et
2279 5091 2513 5161 pessime
2558 5090 2787 5149 vivendo
2834 5089 3155 5161 perveniunt
3199 5092 3254 5148 in
3306 5109 3526 5165 regnum

1949 5186 2207 5243 oculorum
2240 5203 2257 5237 ε
2282 5182 2376 5241 sed
2403 5183 2525 5252 quia
2552 5190 2735 5238 reatus
2753 5182 2847 5241 ille
2875 5182 3345 5252 pramrieationis,
3372 5203 3529 5257 quem
3613 5190 3663 5249 κ’

1950 5278 2063 5337 sola
2088 5276 2172 5332 lex
2195 5317 2211 5342 ,
2245 5275 2299 5330 id
2323 5284 2406 5331 est
2424 5317 2439 5343 ,
2469 5276 2645 5335 littera
2670 5274 2786 5331 sine
2815 5276 3003 5345 spiritu
3021 5276 3258 5348 iubendo
3280 5279 3527 5346 faciebat,

1951 5369 2218 5429 credendo
2247 5369 2499 5434 solvitur,
2548 5377 2602 5425 et
2625 5368 2874 5429 violentia
2908 5371 3032 5428 fidei
3063 5372 3292 5443 Spiritus
3317 5381 3531 5429 sanctus

1952 5465 2293 5535 impetratur;
2342 5477 2437 5530 per
2471 5477 2629 5530 quem
2666 5460 2859 5525 diliusa
2886 5464 3147 5521 ebaritate
3192 5465 3244 5519 in
3285 5463 3531 5525 cordibus

1952 5560 2149 5614 nostris
2181 5558 2351 5629 (Rom.
2383 5574 2434 5623 v,
2466 5560 2543 5625 5),
2576 5560 2658 5615 lex
2690 5575 2798 5617 non
2818 5562 3011 5618 tutiore
3038 5559 3347 5631 pcnm,.sed
3366 5560 3526 5628 jussi—

1955 5652 2040 5711 tiae
2065 5664 2247 5705 amore
2272 5649 2587 5719 completur.

1963 5802 2295 5928 diriiltguelditis
2314 5838 2327 5864 ,
2373 5812 2503 5855 nunc
2536 5806 2663 5857 enim
2701 5805 2952 5872 ditipitatt.
2977 5811 3033 5859 At
3058 5807 3109 5857 in
3126 5815 3256 5874 κει,
3289 5816 3390 5865 Hoc
3411 5806 3538 5862 cnim
