4124 6206
540 402 549 411 ,
627 349 736 410 225

698 462 923 524 CAPUT
936 459 1103 519 XXII.
1125 490 1196 502 —
1210 458 1299 516 40.
1326 458 1552 530 Cognitio
1580 456 1669 511 Dei
1686 469 1917 526 quamam
1938 469 2052 507 vera
2074 461 2119 505 et
2138 450 2206 503 ad

628 562 782 616 vitam
808 569 1047 613 aeternam
1087 559 1390 610 conducens.
1434 548 1763 620 Indulgentia
1794 564 1894 601 non
1922 544 2202 611 obstinatis,

626 653 717 708 sed
746 670 777 705 a
810 659 1010 720 peccato
1044 646 1381 703 recedentibus
1400 642 1670 714 speranda.
1708 641 2048 710 Nequaquam
2080 653 2207 708 ergo

626 757 779 797 mens
806 742 1012 795 incauta
1044 738 1285 801 fallatur,
1327 744 1385 791 ut
1420 751 1478 790 se
1505 734 1775 789 existimet
1816 733 1978 788 Deum
2010 746 2206 799 cogno-

626 833 765 887 visse
784 874 799 894 ,
832 832 875 887 si
904 846 1027 886 eum
1059 828 1161 885 ﬁde
1182 836 1409 891 mortua,
1438 825 1541 882 hoc
1569 834 1670 888 est,
1701 825 1815 878 sine
1847 822 2000 877 bonis
2024 820 2201 890 operi~

624 922 723 978 bus
765 922 1116 987 conﬁteatur,
1170 935 1318 975 more
1363 919 1705 982 diumonum;
1752 926 1807 971 et
1843 916 1963 971 ideo
2001 930 2059 969 se
2093 913 2200 982 jam

625 1034 731 1072 non
768 1017 970 1072 dubitet
996 1016 1061 1070 ad
1092 1015 1250 1069 vitam
1296 1022 1548 1069 :eternam
1575 1026 1695 1067 esse
1737 1018 2013 1064 venturam
2035 1048 2049 1071 ,
2080 1006 2202 1076 quia

626 1110 878 1164 Dominus
902 1107 1068 1174 dicit,
1103 1106 1226 1161 "th
1251 1114 1321 1161 est
1340 1115 1508 1159 autem
1531 1104 1631 1157 vita
1667 1111 1854 1157 (eterna
1880 1140 1894 1163 ,
1922 1109 1975 1153 ut
2016 1115 2205 1170 cogno-

619 1210 761 1255 scant
805 1209 853 1254 te
897 1216 1053 1253 unum
1096 1214 1267 1252 verum
1312 1196 1504 1261 Deum,
1552 1204 1599 1248 et
1640 1210 1785 1265 quem
1820 1192 1999 1245 misisti
2021 1188 2200 1245 Iesum

617 1287 871 1347 Christum
898 1289 1074 1360 (Joan.
1104 1306 1213 1346 xvn
1234 1332 1250 1357 ,
1281 1288 1359 1356 5).
1407 1287 1601 1342 Venire
1634 1286 1829 1357 quippe
1856 1283 2015 1340 debet
2038 1284 2198 1338 etiam

618 1383 746 1439 illud
777 1386 827 1438 in
855 1392 1085 1438 mentem
1108 1424 1122 1448 ,
1153 1381 1292 1452 quod
1318 1380 1573 1451 scriptum
1600 1385 1703 1445 est,
1732 1376 1797 1432 In
1822 1379 1916 1432 hoc
1934 1376 2197 1448 cognosci-

617 1485 729 1530 mus
754 1493 864 1530 eum
889 1517 903 1540 ,
950 1477 993 1530 si
1019 1475 1256 1529 mandata
1280 1477 1391 1546 ejus
1429 1487 1693 1527 servemus.
1740 1470 1840 1536 Qui
1866 1470 1987 1523 dicit
2007 1509 2021 1535 ,
2066 1468 2201 1536 Quia

619 1570 829 1641 cognovi
852 1586 984 1632 eum,
1015 1577 1060 1620 et
1098 1567 1342 1621 mandata
1379 1568 1489 1637 ejus
1517 1580 1617 1619 non
1641 1573 1825 1629 servat,
1857 1563 2075 1617 mendas;
2101 1569 2194 1627 est,
2220 1628 2223 1631 Α

616 1661 736 1714 etin
760 1661 855 1714 hoc
882 1660 1063 1713 veritas
1088 1676 1188 1713 non
1222 1666 1294 1712 est
1322 1657 1365 1730 (Ι
1388 1656 1545 1710 Joan.
1577 1671 1642 1721 ll,
1675 1656 1730 1720 5,
1762 1655 1841 1725 4).
1872 1655 1937 1709 Et
1961 1669 2029 1709 ne
2047 1654 2195 1724 quis-

614 1767 773 1823 quam
818 1752 1084 1806 existimet
1119 1750 1366 1805 mandata
1394 1750 1509 1819 ejus
1550 1749 1616 1804 ad
1646 1749 1814 1803 solam
1842 1746 1997 1802 ﬁdem
2029 1746 2194 1817 perti-

616 1859 745 1901 nere
774 1863 789 1900 :
819 1860 1119 1915 quanquam
1154 1844 1333 1900 dicere
1374 1844 1475 1898 ltoc
1501 1843 1677 1898 nullus
1705 1850 1786 1898 est
1810 1856 1973 1897 ausus
1992 1883 2008 1908 ,
2055 1856 2195 1911 prae-

615 1938 799 1991 sertim
833 1937 955 2006 quia
990 1936 1229 1990 mandata
1252 1935 1418 1999 dixit,
1447 1950 1565 2005 qua:
1591 1952 1657 1991 ne
1686 1934 2020 1989 multitudine
2046 1933 2194 2003 cogi-

614 2029 869 2083 tationem
891 2038 1199 2099 spargerent
1229 2029 1270 2095 ¹,
1300 2026 1366 2081 lu
1386 2027 1489 2082 illis
1514 2026 1707 2081 duobus
1733 2036 1837 2080 tota
1872 2025 1981 2080 Lea:
2008 2025 2195 2097 pendet

613 2127 660 2173 et
686 2117 958 2190 Propheta
995 2117 1202 2191 (Matth.
1232 2134 1342 2173 xxn
1363 2158 1379 2184 ,
1408 2118 1502 2188 40)
1532 2137 1545 2172 :
1579 2118 1701 2173 licet
1728 2126 1873 2173 recte
1892 2116 1997 2171 dici
2030 2117 2195 2187 possit

611 2209 681 2266 ad
704 2211 874 2266 solam
913 2210 1070 2267 ﬁdem
1099 2210 1367 2281 pertinere
1397 2210 1490 2265 Dei
1519 2209 1766 2264 mandata
1784 2249 1798 2274 ,
1832 2208 1877 2263 si
1910 2223 2015 2263 non
2044 2222 2191 2263 mor-

612 2310 720 2365 tua,
763 2300 856 2357 sed
886 2302 1003 2357 viva
1023 2301 1111 2358 illa
1136 2301 1458 2372 intelligatur
1483 2298 1615 2355 ﬁdes
1637 2339 1653 2367 ,
1682 2315 1799 2369 qum
1831 2313 1925 2369 per
1951 2298 2193 2353 dilectio-

610 2409 737 2451 nem
775 2402 1065 2466 operatur;
1115 2403 1293 2451 tamen
1332 2402 1518 2465 postea
1546 2392 1782 2448 Joannes
1821 2392 1935 2462 ipse
1980 2388 2188 2462 aperuit

609 2485 735 2556 quid
774 2485 1010 2552 diceret,
1055 2499 1178 2541 cum
1208 2486 1324 2541 ait:
1352 2484 1467 2539 Hoc
1505 2493 1578 2538 est
1619 2483 1914 2538 mandatum
1940 2485 2085 2554 ejus,
2136 2493 2191 2537 ut

607 2575 872 2630 credamus
898 2577 1091 2631 nomini
1118 2575 1245 2631 Filii
1282 2578 1393 2648 ejus
1419 2573 1546 2629 Jesu
1570 2574 1755 2631 Christi
1779 2617 1794 2642 ,
1832 2584 1881 2629 et
1919 2576 2190 2647 diligamns

606 2666 815 2722 invicem
845 2667 885 2739 (I
909 2668 1065 2722 Joan.
1097 2683 1175 2734 ιιι,
1198 2667 1312 2739 25).

679 2760 769 2814 41.
803 2760 914 2814 Hoc
958 2760 1137 2831 itaque
1165 2759 1415 2830 prodest,
1462 2760 1516 2814 in
1546 2759 1711 2815 Deum
1747 2767 1889 2815 recta
1931 2759 2035 2815 ﬁde
2069 2775 2189 2816 cre-

609 2849 771 2918 dere,
798 2850 966 2906 Deum
995 2851 1171 2907 colere
1189 2893 1204 2918 ,
1239 2852 1409 2908 Deum
1430 2866 1589 2907 nosse
1612 2894 1627 2919 ,
1658 2860 1718 2908 ut
1740 2861 1794 2908 et
1820 2854 1955 2909 bene
1976 2852 2185 2909 vivendi

608 2944 678 2999 ab
707 2945 798 2999 illo
821 2944 889 2998 sit
909 2943 1063 3000 nobis
1089 2944 1341 3000 auxilium
1367 2984 1381 3009 ,
1408 2953 1462 2999 et
1485 2944 1529 3000 si
1555 2945 1969 3025 peccaverimus,
2002 2944 2069 2999 ab
2098 2944 2187 2999 illo

607 3035 990 3108 indulgentiam
1024 3050 1360 3102 mereamur;
1405 3052 1511 3092 non
1542 3037 1593 3091 in
1627 3035 1778 3092 factis
1814 3052 1932 3106 quas
1957 3035 2069 3090 odit
2099 3051 2187 3090 se-

606 3130 723 3185 curi
768 3138 1207 3200 perseverantes,
1260 3129 1354 3185 sed
1398 3130 1465 3186 ab
1506 3130 1585 3186 eis
1637 3129 1985 3199 recedentes,
2034 3131 2188 3202 eique

609 3220 848 3277 dicentes
866 3263 882 3288 ,
912 3220 1023 3293 Ego
1044 3221 1153 3276 dixi
1171 3264 1187 3290 ,
1218 3220 1436 3277 Domine
1456 3264 1472 3290 ,
1500 3224 1730 3277 miserere
1755 3225 1890 3288 mei;
1927 3240 2053 3278 sana
2078 3226 2192 3278 ani-

609 3326 743 3366 mam
771 3327 955 3379 meam,
980 3314 1218 3383 quoniam
1252 3315 1454 3385 peccavi
1479 3315 1566 3368 tibi
1599 3314 1766 3385 (Psal.
1796 3332 1882 3382 η,
1914 3315 1972 3387 5)
2002 3334 2016 3370 :
2047 3316 2190 3387 quod

608 3416 719 3459 non
748 3402 945 3458 habent
968 3404 1054 3459 cui
1092 3402 1306 3472 dicant,
1357 3406 1446 3476 qui
1477 3420 1581 3460 non
1621 3406 1674 3460 in
1701 3422 1821 3461 cum
1846 3407 2103 3472 credunt;
2136 3416 2191 3463 et

610 3494 806 3551 frustra
826 3495 1007 3551 dicunt
1031 3497 1120 3569 qui
1145 3513 1266 3553 eum
1297 3506 1405 3553 tam
1430 3499 1588 3568 longe
1609 3499 1675 3554 ab
1703 3499 1792 3555 illo
1812 3501 1939 3568 sint,
1971 3515 2000 3554 a
2020 3503 2189 3571 gratia

611 3586 913 3644 Mediatoris
947 3590 1105 3646 alieni
1148 3600 1292 3647 sunt.
1338 3592 1473 3647 Hinc
1502 3592 1591 3646 illa
1620 3594 1781 3649 verba
1816 3605 1940 3650 sunt
1970 3597 2021 3649 in
2051 3596 2188 3652 libro

613 3680 899 3750 Sapientia:
922 3722 937 3749 ,
960 3696 1080 3753 quae
1115 3684 1295 3738 nescio
1320 3682 1588 3753 quomodo
1620 3684 1865 3756 intelligit
1889 3687 2189 3756 perniciosa

614 3765 872 3828 securitas
907 3790 921 3829 :
953 3773 1021 3828 Et
1057 3775 1101 3829 si
1145 3774 1542 3846 peccaverimus,
1575 3775 1649 3829 tui
1675 3793 1889 3842 sumus;
1937 3780 2188 3848 quoniam

611 3863 817 3919 scilicet
853 3863 1049 3920 bonum
1080 3871 1135 3920 et
1171 3877 1420 3935 magnum
1452 3864 1733 3921 Dominum
1772 3866 2028 3924 habemus
2052 3910 2066 3933 ,
2099 3870 2188 3940 qui

612 3964 666 4010 et
709 3956 837 4011 velit
881 3965 1041 4026 atque
1086 3954 1255 4028 possit
1297 3956 1666 4029 ptenitentium
1718 3971 1931 4030 peccata
1977 3975 2186 4027 sanare,

612 4062 719 4103 non
759 4048 848 4118 qui
886 4048 1105 4104 minime
1144 4048 1339 4104 audeat
1380 4060 1754 4119 permanentes
1784 4052 1836 4107 in
1866 4054 2189 4124 malignitate

613 4137 942 4209 disperdere.
972 4140 1208 4211 Denique
1235 4155 1354 4196 cum
1375 4140 1617 4211 dixisset,
1650 4145 1722 4198 tui
1742 4160 1943 4209 sumus;
1967 4144 2188 4211 addidit,

614 4230 821 4284 scientes
839 4229 1112 4299 potentiam
1128 4238 1267 4285 tuam
1288 4248 1308 4285 :
1334 4231 1511 4302 utique
1537 4236 1848 4303 potentiam,
1873 4236 1956 4290 cui
1977 4251 2036 4290 se
2061 4236 2159 4291 sub
2176 4266 2191 4276 -

615 4320 829 4375 trahere
855 4328 1085 4390 nequeat
1120 4329 1211 4375 aut
1248 4322 1516 4379 occultare
1544 4334 1808 4395 peccator.
1853 4325 2079 4397 Ideoque
2100 4341 2189 4383 se-

615 4420 769 4468 cutus
789 4411 1030 4482 adjunxit
1061 4429 1074 4466 :
1106 4411 1227 4467 Non
1253 4415 1565 4483 peccabimus
1599 4427 1796 4485 autem,
1826 4418 2036 4473 scientes
2061 4435 2188 4488 quo-

616 4504 754 4560 niam
781 4504 855 4559 tui
878 4519 1053 4558 sumus
1071 4504 1295 4574 deputati
1309 4505 1462 4578 (Sap.
1490 4523 1579 4575 xv,
1605 4506 1687 4577 2).
1712 4506 1841 4574 Quis
1859 4508 2002 4563 enim
2031 4509 2190 4579 digne

612 4597 852 4667 cogitans
900 4594 1277 4652 habitationem
1320 4596 1462 4667 apud
1506 4597 1672 4652 Deum
1700 4639 1717 4665 ,
1763 4598 1813 4652 in
1858 4612 1961 4669 qua
2004 4613 2190 4656 omnes

610 4688 1078 4762 praedestinatione
1103 4698 1226 4747 sunt
1259 4688 1530 4758 deputati,
1555 4687 1646 4759 qui
1674 4688 1966 4745 secundum
1995 4704 2191 4761 propo-

613 4780 773 4837 situm
800 4780 969 4836 vocati
1010 4788 1166 4847 sunt,
1212 4795 1318 4835 non
1357 4779 1587 4835 enitatur
1621 4779 1692 4834 ita
1732 4780 1948 4849 vivere,
2000 4791 2059 4835 ut
2100 4781 2190 4836 tali

614 4871 929 4927 habitationi
974 4871 1272 4942 congruat?
1324 4868 1476 4937 Quod
1507 4885 1634 4942 ergo
1664 4881 1715 4925 et
1761 4871 1995 4927 Joannes
2042 4872 2187 4942 dicit,

617 4961 741 5017 Haec
760 4960 941 5033 scripsi
966 4962 1119 5029 vobis,
1144 4972 1197 5017 ut
1216 4978 1316 5018 non
1345 4963 1552 5033 peccetis
1577 4980 1597 5029 ;
1626 4972 1672 5017 et
1694 4964 1741 5018 si
1764 4965 1875 5034 quis
1894 4967 2187 5036 peccaverit,

613 5054 913 5110 advocatum
958 5057 1198 5111 habemus
1240 5055 1379 5126 apud
1425 5054 1670 5122 Patrem,
1710 5055 1890 5111 Iesum
1934 5056 2190 5112 Christum

602 5147 837 5219 justum;
865 5156 912 5201 et
937 5148 1044 5219 ipse
1065 5156 1139 5202 est
1164 5148 1388 5204 exoratio
1412 5165 1504 5219 pro
1525 5151 1738 5219 peccatis
1754 5151 1938 5205 nostris
1965 5151 2008 5222 (Ι
2028 5151 2185 5207 Joan.

613 5254 686 5307 tt,
720 5241 783 5308 l,
813 5239 873 5301 2)
908 5257 921 5293 :
953 5254 1056 5295 non
1081 5241 1135 5296 id
1150 5242 1313 5313 agit”,
1345 5251 1405 5296 ut
1423 5257 1541 5297 cum
1563 5245 1847 5300 securitate
1871 5261 2185 5316 peccemus;

611 5334 707 5391 sed
738 5343 797 5391 ut
832 5334 1145 5392 recedentes
1167 5354 1195 5390 a
1223 5346 1466 5407 peccato,
1508 5340 1553 5393 si
1584 5340 1726 5410 quod
1758 5341 2045 5397 admissum
2085 5352 2186 5411 est,

614 5434 829 5497 propter
854 5425 999 5481 illum
1027 5426 1363 5493 advocatum,
1395 5442 1550 5497 quem
1574 5445 1676 5485 non
1711 5430 1903 5487 habent
1929 5434 2188 5505 inﬁdeles,

612 5520 831 5576 minime
852 5519 921 5575 de
947 5520 1265 5592 indulgentia
1295 5520 1657 5589 desperemus.

684 5611 909 5667 CAPUT
938 5612 1124 5668 XXIII.
1145 5642 1218 5652 —-
1253 5612 1342 5666 42.
1367 5611 1532 5667 Locus
1558 5616 1782 5684 Apostoli
1802 5617 1863 5670 ab
1895 5620 2192 5675 adversariis

678 5728 699 5797 ξ
730 5727 928 5797 sic-stes.
942 5726 1073 5797 .I-Zditi
1092 5739 1212 5777 vero
1228 5764 1242 5789 ,
1255 5723 1578 5797 cogitationes
1601 5734 1841 5794 parerent.

678 5786 699 5817 ³
730 5786 849 5838 ιωὶεί
866 5822 880 5850 ,
905 5785 1004 5850 ait;
1028 5800 1116 5850 pro
1135 5785 1514 5853 quous§.,agit.

1619 339 1707 396 DE
1746 337 1903 394 FIDE
1942 334 2032 393 ET
2068 331 2430 407 OPERIBUS,
2474 339 2531 396 S.
2573 342 2940 401 AUGUSTINI

3792 354 3900 415 221

2315 452 2448 506 male
2494 455 2790 512 intellectus.
2845 458 3107 514 Judicium
3146 461 3202 515 in
3241 460 3521 535 Scripturis
3562 482 3655 538 pro
3706 479 3898 526 (eterna

2312 545 2654 603 damnatione.
2708 551 2787 604 An
2820 551 2915 605 soli
2941 553 3115 620 ﬁdeles
3144 554 3267 607 mali
3303 554 3618 628 intelligendi
3646 560 3746 615 sint
3773 562 3899 618 ituri

2311 635 2364 687 in
2393 641 2807 695 resurrectionem
2845 643 3065 713 judicii,
3112 654 3167 698 ut
3196 646 3451 716 judicium
3490 665 3591 704 non
3616 652 3683 705 sit
3707 664 3897 710 (eterna

2311 727 2588 782 damnatio.
2618 731 2725 787 Nec
2756 733 2822 788 de
2849 734 2933 789 bis
2961 735 3117 806 igitur
3142 738 3319 793 verbis
3340 739 3519 795 mitior
3544 742 3647 796 ulla
3663 745 3896 803 conditio

2309 823 2669 889 promittenda
2692 834 2807 891 est,
2835 827 2915 883 sic
2943 828 2996 882 in
3029 830 3195 885 Deum
3228 831 3448 889 credere
3478 834 3798 906 volentibus,
3833 847 3894 896 ut

2307 925 2654 985 permaneant
2700 918 2751 973 in
2798 921 3016 990 perditis
3061 924 3299 980 moribus
3332 943 3345 979 :
3374 927 3541 982 multo
3585 928 3761 984 minus
3809 931 3880 988 de

2307 1005 2412 1061 illis
2440 1006 2528 1062 ubi
2557 1009 2845 1079 Apostolus
2869 1012 2963 1078 ait,
2994 1012 3092 1080 Qui
3116 1016 3224 1070 sine
3251 1015 3385 1088 Lege
3413 1030 3755 1087 peccaverunt,
3785 1023 3893 1078 sine

2305 1096 2440 1169 Lege
2466 1098 2695 1168 peribunt
2716 1117 2737 1166 ;
2763 1104 2851 1174 qui
2876 1113 3045 1168 autem
3068 1106 3121 1160 in
3146 1105 3281 1179 Lege
3304 1120 3647 1179 peccaverunt,
3679 1129 3769 1184 per
3790 1112 3892 1169 Lu-

2303 1207 2416 1261 gem
2445 1191 2809 1261 judicabantur
2849 1195 3028 1266 (Rom.
3071 1212 3144 1263 tt,
3180 1198 3305 1268 12);
3354 1208 3603 1272 tanquam
3644 1202 3745 1258 hoc
3770 1204 3890 1261 loco

2302 1281 2500 1352 aliquid
2526 1282 2690 1338 distet
2716 1285 2857 1340 inter
2889 1288 3064 1357 perire
3092 1297 3148 1344 et
3166 1289 3393 1359 judicari
3410 1334 3425 1360 ,
3453 1307 3576 1347 cum
3597 1294 3701 1349 alio
3725 1297 3888 1352 verbo

2302 1371 2406 1428 hoc
2430 1373 2572 1429 idem
2599 1374 2952 1446 signiﬁcatum
2980 1379 3068 1434 sit.
3098 1380 3283 1437 Solent
3308 1383 3451 1438 enim
3482 1384 3770 1455 Scriptura:
3793 1387 3885 1458 ju-

2302 1465 2500 1521 dicium
2529 1467 2690 1523 etiam
2729 1484 2826 1539 pro
2851 1478 3052 1526 aeterna
3089 1471 3431 1529 damnatione
3473 1490 3670 1546 ponere
3699 1493 3715 1531 :
3747 1478 3886 1536 sicut

2300 1558 2353 1614 in
2391 1558 2679 1631 Evangelio
2709 1562 2963 1619 Dominus
3001 1564 3268 1636 loquitur,
3306 1565 3480 1622 Veniet
3506 1570 3666 1638 hora,
3707 1571 3760 1625 in
3785 1587 3886 1643 qua

2298 1668 2467 1708 omnes
2502 1654 2590 1722 qui
2611 1662 2728 1708 sunt
2756 1655 2807 1709 in
2832 1658 3164 1713 monumentis
3189 1658 3394 1716 audient
3436 1675 3605 1716 vocem
3641 1662 3790 1733 ejus;
3833 1672 3883 1718 et

2298 1744 2564 1814 precedent
2593 1745 2678 1814 qui
2705 1746 2825 1801 bene
2847 1751 3071 1818 fecerunt
3098 1749 3154 1803 in
3179 1751 3593 1806 resurrectionem
3620 1753 3771 1819 vine;
3798 1755 3886 1825 qui

2296 1846 2463 1891 autem
2489 1838 2620 1891 male
2643 1847 2849 1909 egerunt
2884 1839 2937 1893 in
2965 1843 3376 1896 resurrectionem
3402 1843 3590 1914 judicii
3614 1843 3791 1915 (Joan.
3825 1860 3880 1914 v,

2297 1927 2387 1994 28,
2410 1928 2525 2001 29).
2558 1929 2740 2000 Neque
2760 1929 2847 1985 hic
2873 1931 2890 1963 ί
2919 1929 3119 1986 dictum
3145 1942 3250 2000 est,
3278 1933 3392 1988 Hoc
3408 1934 3500 2005 qui
3518 1934 3877 2004 crediderunt,

2295 2019 2424 2074 illud
2463 2028 2639 2075 autem
2687 2021 2776 2091 qui
2819 2035 2926 2075 non
2970 2021 3339 2090 crediderunt;
3376 2023 3508 2091 sed,
3551 2024 3665 2081 Hoc
3693 2026 3772 2081 illi
3791 2027 3883 2097 qui

2293 2112 2416 2166 bene
2433 2121 2674 2184 egerunt,
2706 2112 2835 2168 illud
2861 2115 2949 2185 qui
2975 2115 3107 2170 male
3133 2126 3360 2188 egerunt.
3399 2116 3770 2188 [inseparabilis
3793 2127 3879 2176 est

2292 2206 2487 2276 quippe
2516 2206 2654 2261 bona
2695 2206 2799 2262 vita
2827 2222 2858 2261 a
2884 2207 2988 2264 ﬁde
3014 2223 3135 2277 qua:
3173 2223 3271 2278 per
3306 2208 3647 2266 dilectionem
3686 2225 3881 2282 opera-

2294 2305 2415 2363 tur;
2450 2298 2557 2353 imo
2584 2313 2710 2353 vero
2733 2313 2797 2354 ea
2827 2299 2937 2369 ipsa
2965 2310 3047 2355 est
3075 2299 3214 2355 bona
3240 2300 3367 2355 vita.
3410 2300 3669 2359 Videmus
3696 2304 3878 2375 itaque

2293 2388 2744 2444 resurrectionem
2782 2387 2966 2458 judicii
3007 2388 3207 2444 dixisse
3232 2390 3517 2446 Dominum
3558 2408 3658 2463 pro
3696 2408 3881 2450 resur-

2294 2479 2530 2533 rectione
2571 2477 2929 2534 damnationis
2983 2487 3218 2536 aeternae.
3277 2481 3354 2537 De
3391 2482 3639 2539 omnibus
3679 2485 3877 2556 quippe

2290 2570 2672 2625 resurrecturis
2716 2570 2842 2641 (ubi
2890 2572 3076 2641 procul
3123 2571 3287 2628 dubio
3335 2582 3492 2629 erunt
3529 2576 3689 2631 etiam
3719 2577 3755 2631 ii
3782 2578 3876 2646 qui

2288 2664 2505 2718 omnino
2546 2679 2654 2718 non
2698 2663 2955 2731 credunt;
3006 2680 3182 2737 neque
3209 2666 3355 2722 enim
3393 2667 3495 2738 ipsi
3535 2682 3641 2723 non
3666 2679 3791 2725 sunt
3817 2670 3875 2727 in

2288 2761 2686 2832 monumentis)
2711 2763 2845 2818 duas
2870 2772 3052 2835 partes
3077 2763 3204 2820 fecit
3224 2806 3239 2832 ,
3269 2765 3403 2821 alios
3432 2765 3487 2820 in
3521 2766 3875 2823 resurrectio-

2288 2866 2409 2906 nem
2442 2853 2561 2909 vitxn
2576 2895 2592 2920 ,
2615 2843 2760 2909 'alios
2788 2856 2840 2909 in
2868 2857 3315 2913 resurrectionem
3333 2857 3518 2928 judicii
3542 2868 3875 2915 resurrectu-

2286 2954 2377 2997 ros
2420 2957 2539 2999 esse
2564 2945 2859 3002 declarans.

2361 3033 2451 3090 45.
2483 3034 2637 3102 Quod
2664 3037 2710 3092 si
2736 3037 2918 3094 dicunt
2943 3053 3048 3095 non
3079 3039 3154 3095 ibi
3192 3040 3561 3113 intelligendos
3589 3042 3751 3099 etiam
3775 3058 3875 3100 eos

2289 3125 2380 3196 qui
2429 3127 2649 3182 omnino
2697 3143 2802 3183 non
2855 3129 3120 3196 credunt,
3165 3131 3259 3187 sed
3300 3146 3394 3188 eos
3422 3133 3510 3203 qui
3558 3149 3655 3205 per
3695 3135 3875 3206 ignem

2292 3218 2423 3273 salvi
2453 3228 2610 3274 erunt
2627 3261 2640 3286 ,
2672 3220 2793 3291 quia
2814 3221 3181 3289 crediderunt,
3207 3224 3413 3278 etiamsi
3439 3225 3580 3281 male
3604 3227 3873 3297 vixerunt,

2289 3318 2351 3364 ut
2386 3325 2571 3365 eorum
2600 3312 2955 3367 transitoriam
2992 3328 3203 3382 poenam
3240 3314 3427 3384 judicii
3469 3318 3685 3374 nomine
3708 3320 3879 3390 signi-

2293 3400 2503 3455 ﬁcatam
2537 3401 2883 3456 arbitrentur.
2933 3401 3248 3474 Quanquam
3292 3406 3393 3461 hoc
3418 3406 3877 3477 impudentissime

2291 3491 2529 3558 dicatur,
2569 3506 2688 3546 cum
2716 3490 3220 3551 omnino'Dominus
3240 3511 3429 3552 omnes
3454 3509 3873 3568 resurrecturos,

2290 3583 2347 3638 in
2377 3584 2570 3653 quibus
2591 3584 2709 3641 sine
2737 3584 2899 3641 dubio
2922 3595 2976 3642 et
3002 3587 3260 3644 increduli
3296 3599 3485 3658 erunt,
3531 3592 3583 3647 in
3609 3592 3716 3649 duo
3742 3595 3880 3649 divi-

2289 3675 2452 3740 serit,
2498 3675 2648 3729 uitam
2690 3685 2745 3732 et
2768 3677 3063 3746 judicium;
3108 3679 3183 3734 ita
3212 3680 3396 3737 volens
3420 3682 3678 3752 judicium
3711 3692 3875 3740 teter-

2291 3781 2417 3820 num
2468 3766 2723 3838 intelligi,
2765 3770 3009 3838 quamvis
3049 3769 3154 3825 hoc
3196 3786 3303 3827 non
3329 3773 3625 3843 addiderit,
3660 3778 3796 3832 sicut
3817 3788 3878 3834 et

2290 3856 2473 3911 vitam.
2509 3856 2693 3928 Neque
2718 3859 2860 3913 enim
2887 3861 2981 3928 ait,
3011 3860 3068 3915 in
3090 3864 3539 3919 resurrectionem
3571 3866 3692 3922 vita:
3716 3876 3879 3924 teter-

2292 3963 2412 4013 nm;
2475 3963 2595 4004 cum
2641 3949 2783 4005 aliud
2835 3950 3019 4020 utique
3073 3952 3294 4024 intelligi
3347 3954 3596 4011 noluerit.
3649 3956 3880 4015 Videant

2294 4049 2472 4097 tamen
2502 4042 2627 4114 quid
2651 4044 2956 4114 responsuri
2987 4053 3147 4113 sunt,
3181 4047 3269 4102 ubi
3299 4048 3401 4114 ait,
3448 4049 3549 4115 Qui
3583 4059 3878 4109 autemnon

2292 4136 2476 4201 credit,
2512 4137 2625 4207 jam
2639 4136 2901 4207 judicatus
2925 4147 2997 4193 est
3023 4137 3130 4208 (Id.
3156 4155 3211 4194 tu
3230 4182 3246 4207 ,
3275 4141 3386 4212 18).
3416 4140 3548 4198 Nam
3576 4143 3878 4214 lticprocul

2292 4225 2456 4282 dubio
2481 4268 2495 4293 ,
2524 4238 2616 4281 aut
2641 4227 2898 4298 judicium
2931 4244 3027 4299 pro
3050 4244 3207 4300 ptena
3232 4242 3430 4289 aeterna
3464 4235 3690 4304 positum
3717 4237 3879 4293 intel-

2296 4316 2484 4386 ligunt,
2514 4327 2603 4371 aut
2633 4332 2729 4386 per
2748 4318 2922 4389 ignem
2949 4321 3125 4377 salvos
3151 4323 3359 4380 futuros
3387 4325 3545 4381 etiam
3571 4326 3878 4387 incredulos

2292 4404 2472 4462 dicere
2497 4406 2799 4474 audebunt;
2840 4412 3129 4480 quoniam,
3160 4412 3261 4479 Qui
3299 4431 3398 4469 non
3438 4415 3629 4483 credit,
3680 4419 3875 4491 inquit,

2285 4499 2398 4570 jam
2432 4499 2697 4570 judicatus
2735 4509 2841 4567 est,
2875 4502 2976 4559 hoc
2999 4512 3119 4570 est,
3158 4504 3267 4575 jam
3302 4506 3504 4576 judicio
3529 4508 3826 4567 destinatus
3856 4534 3873 4570 :

2294 4598 2349 4645 et
2392 4604 2498 4644 non
2526 4590 2628 4646 erit
2668 4592 2811 4663 quod
2852 4608 2950 4663 pro
2992 4609 3182 4665 magno
3228 4596 3490 4654 beneﬁcio
3526 4601 3878 4671 polliceantur

2293 4682 2631 4741 credentibus
2660 4686 3006 4759 nequiterque
3032 4689 3361 4759 viventibus,
3391 4694 3605 4764 quando
3628 4705 3683 4751 et
3711 4698 3745 4753 ii
3776 4700 3874 4768 qui

2294 4790 2402 4831 non
2452 4776 2675 4832 credunt
2723 4793 2827 4834 non
2867 4789 3025 4835 erunt
3075 4781 3372 4851 perdendi,
3433 4786 3527 4842 sed
3579 4788 3872 4857 judicandi.

2293 4868 2445 4938 Quod
2470 4869 2513 4923 si
2544 4869 2720 4926 dicere
2740 4886 2847 4927 non
2878 4873 3102 4941 audent,
3140 4890 3247 4931 non
3279 4871 3515 4933 audeant
3552 4880 3746 4949 aliquid
3775 4882 3880 4936 mi-

2294 4960 2400 5015 tius
2423 4959 2663 5029 polliceri
2701 4962 2780 5017 eis
2806 4961 2874 5018 de
2898 4964 3088 5035 quibus
3113 4965 3312 5022 dictum
3338 4977 3448 5035 est,
3478 4985 3566 5037 per
3584 4967 3765 5039 Legem
3784 4974 3874 5042 ju-

2294 5051 2596 5106 dicabuntur
2617 5069 2638 5119 ;
2678 5055 2799 5124 quia
2830 5067 3039 5113 constat
3073 5058 3327 5129 judicium
3364 5061 3519 5125 etiam
3553 5075 3647 5128 pro
3672 5073 3872 5119 aeterna

2294 5144 2633 5202 damnatione
2675 5147 2850 5205 solere
2879 5152 3164 5205 nominari.
3195 5149 3329 5218 Quid
3350 5191 3365 5216 ,
3403 5152 3543 5221 quod
3574 5152 3875 5213 invenimus

2294 5252 2399 5294 non
2430 5241 2600 5295 solum
2628 5240 2846 5297 minime
2893 5241 3121 5296 mitioris
3145 5282 3160 5306 ,
3191 5256 3374 5295 verum
3409 5242 3569 5297 etiam
3595 5244 3876 5303 deterioris

2295 5330 2613 5387 conditionis
2637 5347 2755 5388 esse
2800 5333 2916 5388 illos
2944 5333 3033 5403 qui
3071 5332 3300 5388 scientes
3341 5337 3601 5403 peccant?
3651 5338 3715 5393 Ili
3751 5351 3879 5397 sunt

2296 5424 2438 5480 enim
2466 5425 2694 5481 maxime
2719 5425 2807 5496 qui
2833 5426 3005 5494 legem
3043 5436 3382 5495 acceperunt.
3427 5429 3559 5484 Nam
3584 5433 3719 5486 sicut
3743 5436 3878 5489 scri~

2297 5525 2443 5587 ptum
2473 5526 2572 5583 est,
2610 5515 2709 5571 Ubi
2735 5517 2817 5571 lea;
2842 5532 2944 5570 non
2971 5526 3062 5581 est,
3090 5533 3182 5571 nec
3207 5521 3559 5587 praevaricatio
3589 5521 3764 5595 (Rom.
3796 5542 3868 5589 tv,

2299 5608 2412 5676 15).
2445 5607 2578 5661 Hinc
2601 5616 2681 5661 est
2706 5614 2759 5660 et
2790 5604 2949 5673 illud,
2990 5605 3456 5677 Cancupiscentiam
3481 5615 3752 5669 nesciebant
3778 5618 3875 5672 nisi

2299 5700 2380 5754 lea:
2407 5698 2611 5765 diceret,
2641 5696 2761 5751 Non
2787 5699 3124 5769 concupisces.
3161 5700 3436 5759 Occasione
3457 5705 3624 5776 itaque
3645 5717 3869 5778 accepta,

2374 5800 2392 5834 ι
2418 5799 2549 5863 Apud
2564 5806 2638 5851 Er.
2661 5798 2812 5863 Lugd.
2838 5808 2956 5852 vel.
2981 5808 3092 5853 ιον.
3130 5814 3144 5852 :
3180 5810 3338 5869 Neque
3359 5803 3504 5857 illud.
3566 5812 3626 5856 st.
