4124 6206
219 341 325 402 225

222 463 486 527 peccatum
527 467 620 522 per
660 449 960 504 mandatum
1013 455 1276 518 apemtum
1315 456 1386 502 est
1414 447 1467 501 in
1505 463 1584 502 me
1624 459 1820 500 onmem

221 543 682 614 concupiscentiam
710 543 886 608 (Rom.
914 556 1006 608 vn,
1037 541 1091 607 7,
1111 540 1167 610 8)
1193 557 1205 606 ;
1235 551 1287 595 et
1318 540 1416 593 alia
1445 539 1607 592 multa
1624 553 1742 609 qua:
1760 536 1828 592 de

225 636 323 691 hac
355 650 417 689 re
459 634 600 689 idem
628 632 905 703 apostolus
934 630 1082 684 dicit.
1129 630 1213 684 Ab
1247 629 1348 683 hoc
1390 638 1541 684 reatu
1577 629 1827 699 graviore

223 728 415 784 liberat
437 726 607 798 gratia
639 725 870 796 Spiritus
897 723 1064 778 sancti
1097 739 1192 793 per
1219 721 1400 778 Jesum
1425 721 1694 777 Christum
1726 721 1830 775 Do-

225 819 432 874 minum
476 825 720 872 nostrum
748 857 764 884 ,
811 830 932 886 quae
973 813 1161 869 diﬁ‘usa
1199 813 1461 869 charitate
1501 814 1551 868 in
1577 812 1828 868 cordibus

228 912 430 967 nostris
457 910 621 967 donat
655 908 880 981 iustitiae
906 907 1312 963 delectationem
1345 908 1361 939 ⁸
1382 949 1396 974 ,
1429 922 1532 978 qua
1560 906 1826 962 immode-

223 1005 361 1059 ratio
388 1002 844 1074 concupiscentiae
884 1007 1184 1071 superetur.
1237 999 1373 1054 Hinc
1416 1000 1593 1069 itaque
1627 998 1825 1054 conﬁr-

228 1107 409 1151 matur
438 1111 546 1152 non
594 1094 769 1150 solum
801 1093 931 1148 nihil
971 1091 1152 1147 mitius
1176 1133 1190 1158 ,
1249 1091 1342 1146 sed
1378 1092 1588 1162 gravius
1631 1089 1826 1160 aliquid

223 1185 633 1258 intelligendum
658 1225 675 1253 ,
724 1183 794 1240 de
837 1182 1028 1254 quibus
1069 1181 1272 1236 dictum
1320 1190 1433 1247 est,
1484 1180 1584 1245 Qui
1612 1180 1664 1233 in
1695 1179 1828 1250 Lege

227 1287 566 1348 peccaverunt
589 1320 603 1345 ,
645 1295 735 1349 per
769 1276 953 1350 Legem
985 1275 1398 1347 judicabantur;
1441 1289 1599 1344 quam
1627 1272 1693 1327 dc
1721 1271 1828 1327 illis

222 1371 316 1441 qui
343 1371 468 1426 sine
491 1371 630 1440 Lege
662 1377 946 1439 peccantes
972 1368 1090 1423 sine
1116 1365 1258 1437 Lege
1284 1365 1530 1437 peribunt
1563 1383 1576 1420 :
1604 1380 1702 1420 nec
1730 1380 1826 1435 pro

223 1477 384 1532 pcena
414 1461 722 1517 transitoria
757 1460 859 1515 hoc
897 1459 1014 1514 loco
1043 1458 1243 1514 dictum
1271 1457 1529 1528 judicium
1550 1499 1564 1524 ,
1608 1457 1704 1513 sed
1729 1471 1827 1527 pro

224 1567 288 1608 ea
317 1569 425 1624 qua
473 1553 635 1607 etiam
658 1566 764 1606 non
793 1549 1077 1606 credentes
1108 1548 1503 1620 judicabuntur.

296 1645 392 1700 44.
442 1643 582 1698 Nam
609 1643 698 1713 qui
737 1641 841 1698 hac
875 1649 1096 1696 utuntur
1122 1641 1384 1696 sententia
1409 1640 1473 1695 ad
1510 1639 1824 1711 promitten-

228 1738 352 1794 dam
404 1738 633 1794 salutem
675 1751 774 1806 per
811 1735 987 1806 ignem
1013 1775 1027 1800 ,
1080 1734 1182 1788 illis
1225 1734 1314 1804 qui
1343 1735 1503 1789 etiam
1545 1732 1826 1789 credentes

228 1830 467 1903 pessime
494 1829 698 1893 vivunt,
732 1837 790 1882 ut
825 1826 904 1882 eis
926 1826 1136 1892 dicant,
1173 1824 1273 1889 Qui
1298 1825 1405 1878 sine
1433 1824 1562 1895 Lege
1593 1839 1827 1894 peccave-

226 1933 376 1992 runt,
411 1923 524 1978 sine
555 1920 690 1992 Lege
732 1919 963 1990 peribunt
988 1937 1008 1985 ;
1037 1919 1124 1989 qui
1149 1927 1318 1972 autent
1350 1919 1403 1971 in
1429 1917 1561 1989 Lege
1593 1932 1828 1988 peccave-

231 2026 353 2070 runt
375 2057 391 2080 ,
424 2030 517 2085 per
542 2012 727 2085 Legem
752 2010 1125 2084 judicabantur
1147 2052 1162 2078 ,
1213 2019 1458 2080 tanquam
1506 2009 1705 2064 dictum
1734 2009 1821 2073 sit,

229 2121 339 2164 non
367 2105 654 2177 peribunt,
698 2102 792 2158 sed
823 2117 918 2172 per
957 2101 1132 2172 ignem
1161 2101 1293 2156 salvi
1320 2109 1510 2166 erunt;
1553 2116 1653 2154 nec
1697 2100 1825 2155 illud

235 2199 516 2257 attendere
536 2206 859 2271 potuerunt,
891 2196 996 2252 hoc
1021 2197 1333 2266 Apostolum
1361 2195 1428 2250 de
1464 2195 1566 2249 illis
1594 2195 1682 2264 qui
1712 2195 1828 2250 sine

228 2293 375 2366 Lege
414 2302 470 2350 et
514 2294 620 2348 illis
647 2291 738 2362 qui
765 2291 821 2345 in
861 2289 1001 2360 Lege
1041 2298 1392 2360 peccaverunt
1419 2288 1650 2353 dixisse,
1705 2302 1826 2341 cum

229 2387 298 2442 de
343 2386 606 2444 Gentibus
652 2397 709 2443 et
749 2387 817 2442 de
859 2386 1056 2442 Judacis
1098 2395 1310 2457 ageret;
1369 2395 1426 2440 ut
1469 2400 1574 2440 non
1623 2391 1825 2438 tantum

232 2480 522 2548 Gentibus,
557 2480 650 2536 sed
679 2480 916 2551 utrisque
940 2481 1164 2551 gratiam
1195 2478 1389 2534 Christi
1413 2519 1428 2545 ,
1457 2493 1560 2548 qua
1591 2478 1824 2532 liberen-

233 2579 321 2627 tur
345 2612 361 2640 ,
425 2571 784 2627 necessariam
845 2572 1236 2627 demonstraret
1270 2589 1284 2625 :
1325 2570 1466 2641 quod
1525 2580 1632 2626 tota
1663 2571 1682 2601 ²
1713 2569 1826 2639 ipsa

237 2663 482 2734 Epistola
514 2663 584 2719 ad
627 2664 897 2720 Romanos
936 2665 1213 2721 evidenter
1254 2663 1505 2720 ostendit.
1556 2662 1672 2718 Jam
1699 2677 1827 2733 ergo

235 2759 394 2813 etiam
433 2757 637 2816 Judzeis
686 2759 737 2811 in
770 2757 885 2828 lege
919 2758 1288 2828 peccantibus,
1315 2757 1381 2812 dc
1411 2756 1602 2826 quibus
1627 2754 1824 2810 dictum

235 2857 336 2913 est,
367 2865 461 2920 per
490 2849 673 2918 Legem
693 2848 1081 2920 judicabantur,
1116 2864 1226 2903 non
1254 2863 1346 2904 eos
1376 2848 1635 2903 liberante
1658 2846 1825 2916 gratia

236 2937 436 2995 Christi
457 2979 473 3006 ,
512 2939 860 3010 promittant,
908 2941 950 2993 si
979 2940 1182 3008 placet,
1231 2954 1326 3008 per
1355 2939 1528 3009 ignem
1559 2938 1824 3005 salutem;

238 3032 490 3102 quoniam
518 3031 584 3086 de
611 3030 694 3085 his
733 3031 931 3085 dictum
957 3038 1071 3096 est,
1106 3047 1195 3100 per
1227 3028 1412 3101 Legem
1437 3029 1824 3100 judicabuntur.

239 3124 390 3192 Quod
438 3125 483 3178 si
524 3139 628 3182 non
665 3123 900 3191 faciunt,
950 3139 1018 3179 ne
1047 3131 1231 3177 contra
1262 3138 1320 3177 se
1359 3121 1504 3192 ipsos
1532 3120 1824 3188 veniant",

247 3219 332 3289 qui
379 3233 474 3273 eos
525 3217 842 3288 gravissimo
896 3216 1220 3271 inﬁdelitatis
1271 3213 1492 3269 crimine
1544 3212 1828 3268 obstrictos

244 3325 362 3366 esse
401 3309 587 3364 dicunt
617 3327 631 3362 :
662 3309 845 3379 utquid
891 3308 1215 3363 transferunt
1243 3307 1309 3361 ad
1350 3305 1592 3360 inﬁdeles
1619 3315 1673 3360 et
1701 3305 1830 3360 ﬁde-

243 3401 315 3458 les
352 3403 408 3457 in
445 3418 511 3458 eo
538 3401 682 3473 quod
711 3402 777 3457 ad
809 3401 964 3457 [idem
1008 3401 1203 3455 Christi
1243 3400 1463 3464 attinet,
1515 3399 1646 3454 illud
1684 3400 1828 3470 quod

242 3493 441 3548 dictum
477 3501 565 3548 est
608 3493 676 3547 de
715 3493 780 3546 iis
807 3492 896 3563 qui
941 3494 1058 3546 sine
1091 3491 1234 3561 Lege
1275 3501 1330 3547 et
1373 3492 1437 3546 iis
1475 3491 1562 3560 qui
1604 3490 1656 3544 in
1688 3490 1829 3562 Lege

241 3593 611 3653 peccaverunt,
644 3598 764 3638 cum
791 3583 858 3637 de
882 3583 1077 3638 Judaais
1103 3591 1158 3638 et
1186 3582 1253 3637 de
1277 3582 1536 3638 Gentibus
1561 3590 1826 3653 ageretur,

247 3685 301 3730 ut
325 3677 395 3730 ad
442 3677 638 3731 Christi
667 3677 894 3745 gratiam
921 3676 1136 3746 utrique
1162 3677 1544 3732 invitarentur?

307 3769 542 3826 CAPUT
589 3769 781 3824 XXIV.
815 3799 884 3809 -—
931 3768 1160 3823 Libertas
1205 3769 1325 3838 ﬁdei
1367 3786 1467 3824 non
1502 3771 1568 3824 sit
1597 3770 1829 3839 ﬁdelibus

243 3861 466 3915 uelamen
496 3860 724 3914 malitiae.
775 3859 956 3930 Neque
986 3861 1129 3915 enim
1168 3859 1366 3916 dictum
1395 3869 1516 3925 est,
1566 3860 1667 3928 Qui
1715 3861 1831 3916 sine

242 3951 349 4008 ﬁde
377 3962 766 4023 peccaverunt,
821 3952 936 4008 sine
965 3952 1068 4008 ﬁde
1107 3953 1389 4023 peribunt;
1438 3952 1529 4023 qui
1567 3961 1744 4007 autem
1775 3953 1829 4007 in

241 4045 346 4101 ﬁde
369 4055 763 4115 peccaverunt,
808 4061 908 4116 per
936 4046 1090 4101 tidem
1117 4047 1493 4117 judicabuntur
1521 4064 1534 4100 :
1567 4047 1682 4113 sed,
1723 4046 1833 4101 sine

240 4134 381 4206 Lege
421 4134 621 4189 dictum
648 4145 752 4203 est,
789 4150 880 4201 et,
910 4138 963 4191 in
999 4137 1164 4208 Lege;
1203 4146 1261 4192 ut
1290 4138 1420 4192 satis
1448 4146 1730 4214 appareret
1762 4138 1830 4192 il-

241 4226 349 4281 lam
403 4239 626 4281 causam
676 4228 846 4298 tangi,
901 4244 1021 4298 quae
1072 4229 1212 4284 inter
1262 4229 1462 4285 Gentes
1510 4238 1563 4283 et
1616 4228 1831 4285 Judaeos

242 4317 542 4387 agebatur,
605 4333 709 4374 non
766 4334 885 4390 quae
936 4320 1076 4376 inter
1125 4321 1294 4377 bonos
1348 4322 1626 4392 malosque
1675 4321 1826 4378 Chri-

240 4409 464 4464 stianos.

313 4502 404 4556 45.
433 4501 746 4573 Quanquam
793 4503 838 4559 si
880 4503 972 4558 illo
1010 4504 1128 4560 loco
1173 4505 1340 4575 legem
1385 4520 1480 4575 pro
1520 4506 1622 4561 ﬁde
1663 4509 1831 4578 accipi

240 4592 461 4658 volunt,
499 4595 641 4662 quod
688 4595 849 4651 nimis
889 4597 1250 4666 importunum
1291 4605 1346 4651 et
1383 4598 1668 4653 absurdum
1710 4607 1826 4667 est,

239 4683 402 4737 etiam
439 4683 566 4739 hinc
604 4686 997 4754 apertissimam
1033 4695 1258 4756 possunt
1298 4688 1476 4759 legere
1513 4693 1830 4746 sententiam

237 4778 466 4846 apostoli
497 4778 674 4845 Petri,
698 4781 787 4849 qui
813 4795 934 4836 cum
962 4782 1268 4852 loqueretur
1293 4782 1361 4838 de
1383 4783 1447 4839 iis
1472 4785 1560 4855 qui
1592 4785 1645 4839 in
1674 4801 1831 4840 occa-

237 4869 447 4924 sionem
469 4871 648 4924 carnis
668 4881 1020 4941 acceperant,
1047 4881 1101 4928 et
1122 4873 1175 4927 in
1197 4874 1554 4930 velamentum
1577 4876 1792 4932 malitia:
1812 4917 1828 4942 ,

236 4961 380 5030 quod
409 4961 672 5030 scriptum
702 4971 802 5026 est,
842 4979 932 5016 nos
959 4963 1026 5018 ad
1053 4962 1256 5020 Novum
1285 4966 1680 5023 Testamentum
1712 4984 1834 5038 per-

235 5055 498 5119 tinentes,
525 5069 627 5107 non
650 5053 854 5108 ancilla:
883 5055 1020 5110 lilios
1041 5071 1190 5123 esse,
1223 5057 1312 5112 sed
1339 5057 1525 5126 liberte,
1557 5076 1655 5130 qua
1679 5061 1829 5116 liber—

232 5154 333 5200 tate
372 5144 613 5200 Christus
652 5161 744 5199 nos
772 5145 997 5201 liberavit
1031 5147 1226 5220 (Galat.
1256 5165 1328 5214 tv,
1360 5150 1486 5219 5i);
1515 5161 1570 5205 et
1607 5161 1828 5220 putave-

203 5252 355 5296 :rant
408 5239 517 5294 hoc
558 5254 680 5294 esse
720 5239 886 5296 libere
927 5241 1142 5307 vivere,
1189 5251 1243 5297 ut
1286 5251 1535 5311 tanquam
1576 5243 1642 5298 de
1686 5252 1828 5299 tanta

227 5330 617 5400 redemptione
641 5332 834 5398 securi,
859 5331 1117 5403 quidquid
1154 5333 1342 5390 liberet
1370 5334 1530 5388 licere
1556 5334 1656 5388 sibi
1685 5335 1830 5390 arbi-

227 5431 550 5486 trarentur,
594 5436 701 5476 non
748 5423 1019 5481 intuentes
1058 5426 1198 5495 quod
1234 5425 1431 5479 dictum
1472 5435 1590 5489 est,
1646 5426 1741 5480 Vos
1779 5428 1832 5482 in

227 5518 526 5572 libertatem
547 5516 713 5570 vocati
732 5517 849 5570 estis
869 5557 884 5583 ,
921 5521 1139 5588 fratres;
1169 5528 1363 5574 tantum
1390 5535 1453 5575 ne
1477 5518 1752 5575 libertatem
1779 5523 1832 5576 in

211 5106 228 5158 l

296 5656 315 5689 ι
338 5649 578 5704 Nonnulli
598 5650 818 5714 codices,
844 5652 1159 5707 dilectionem.

292 5718 318 5748 ³
345 5717 430 5766 sic
453 5723 565 5764 Mss.
593 5721 650 5764 At
680 5715 818 5776 editi,
842 5723 1006 5767 totum.

293 5779 317 5811 ³
344 5777 481 5849 miti
503 5777 687 5849 omissa
709 5778 971 5849 particula,
991 5793 1070 5844 ne,
1103 5780 1314 5848 habent,
1343 5789 1510 5834 contra
1531 5795 1581 5836 se
1604 5781 1730 5849 ipsos
1754 5797 1830 5837 ve-

223 5845 385 5894 niunt.
414 5837 754 5893 Emendantur
770 5852 800 5892 a
822 5848 927 5893 Mss.

1649 322 1849 387 LIBER
1887 317 2086 387 Unus.

3414 328 3521 393 296

1932 443 2242 498 occasionem
2271 444 2438 498 carnis
2471 445 2596 499 detis
2627 444 2736 516 (Id.
2766 461 2800 499 v
2820 487 2833 510 ,
2865 446 2987 514 i3);
3019 445 3158 502 unde
3189 453 3243 503 et
3273 444 3385 518 ipse
3413 449 3522 505 Pe-

1939 545 2051 592 trus
2071 536 2216 601 dicit,
2233 536 2418 604 Liberi,
2440 555 2537 592 non
2558 540 2685 592 sicut
2707 540 3036 593 velamentum
3058 541 3266 594 malitia:
3286 540 3524 597 habentes

1936 630 2210 684 libertatem
2243 629 2297 702 (l
2325 629 2466 685 Petr.
2495 647 2558 697 ιι,
2595 629 2684 702 16)
2717 633 2829 685 :ait
2861 633 2927 686 de
2968 632 3072 686 illis
3111 641 3160 687 et
3201 632 3252 686 in
3290 632 3521 687 secunda

1935 722 2170 792 Epistola
2200 738 2292 778 sua
2313 763 2327 789 ,
2360 723 2432 776 Ili
2459 733 2574 777 sunt
2595 725 2756 792 fontes
2779 723 2898 777 sicci
2917 765 2931 790 ,
2964 733 3009 776 et
3047 722 3240 776 nebula:
3266 740 3297 775 a
3327 723 3526 777 turbine

1934 815 2216 884 exagitator,
2248 815 2426 884 quibus
2450 815 2610 885 caligo
2641 814 2956 868 tenebrarum
2994 825 3246 867 reservata
3273 823 3348 867 est
3376 829 3394 867 :
3425 831 3517 868 su-

1934 907 2086 976 perba
2108 908 2238 960 enim
2259 908 2494 961 vanitatis
2518 908 2771 978 loquentes
2790 909 3006 962 illiciunt
3027 909 3080 961 in
3099 908 3495 978 concupiscentii

1934 1000 2099 1052 carnis
2121 1001 2448 1070 impudicitia:
2466 1017 2550 1054 eos
2570 999 2655 1072 qui
2679 1001 2942 1067 paululum
2963 1000 3266 1071 e/fugerunt,
3280 1002 3332 1053 in
3352 1016 3494 1054 error

1933 1091 2210 1143 conversati
2230 1133 2243 1156 ,
2277 1090 2554 1144 libertatem
2586 1091 2689 1144 illis
2720 1093 3060 1160 promittentes
3079 1134 3092 1157 ,
3126 1108 3238 1145 cum
3268 1092 3366 1162 ipsi
3391 1109 3501 1146 serv

1933 1180 2033 1232 sint
2059 1181 2417 1251 corruptionis.
2449 1183 2490 1234 Α
2520 1198 2619 1252 quo
2645 1183 2776 1235 enim
2803 1183 2916 1254 quis
2947 1182 3166 1236 devictus
3190 1192 3261 1237 est
3282 1223 3297 1247 ,
3332 1183 3449 1236 huic
3474 1189 3520 1237 ιι

1933 1289 2102 1327 servus
2128 1273 2361 1327 addictus
2387 1283 2478 1329 est.
2512 1273 2573 1329 Si
2601 1275 2734 1328 enim
2759 1275 3063 1346 refugientes
3091 1275 3523 1346 coinquinationes

1933 1365 2111 1416 mundi
2130 1365 2181 1417 in
2203 1365 2506 1435 agnitionem
2530 1363 2734 1419 Domini
2756 1367 2914 1419 nostri
2943 1375 2990 1420 et
3010 1366 3371 1421 conservatoris
3391 1365 3422 1419 J
3432 1382 3521 1421 esu

1935 1455 2119 1510 Citriin
2139 1498 2152 1522 ,
2180 1456 2257 1510 his
2296 1474 2470 1512 rursus
2497 1458 2704 1528 implexi
2740 1468 3047 1528 superantur
3066 1499 3080 1523 ,
3105 1462 3243 1530 facta
3269 1468 3385 1512 sunt
3416 1457 3522 1513 illis

1934 1547 2211 1616 posteriora
2237 1548 2486 1602 deteriora
2507 1548 2777 1618 prioribus.
2809 1549 2994 1604 Melius
3015 1550 3147 1604 enim
3171 1559 3279 1604 erat
3298 1550 3400 1603 illis
3420 1566 3522 1605 non

1933 1656 2230 1711 cognoscere
2257 1641 2386 1694 viam
2411 1641 2622 1708 iustitia:
2639 1682 2653 1706 ,
2685 1658 2837 1710 quam
2866 1651 3218 1713 cognoscentes
3245 1651 3522 1695 retrorsum

1933 1733 2120 1801 reﬂecti
2141 1749 2171 1785 a
2196 1733 2382 1786 tradito
2403 1734 2498 1787 sibi
2524 1743 2699 1788 sancto
2728 1733 2988 1788 mandato.
3017 1733 3234 1805 Contigit
3259 1735 3390 1788 enim
3415 1733 3522 1790 illis

1933 1840 2011 1878 res
2049 1826 2152 1877 veri
2186 1827 2458 1894 proverbii,
2492 1825 2644 1881 Canis
2663 1842 2890 1881 reversus
2914 1827 2982 1880 ad
3011 1843 3161 1881 suum
3179 1828 3440 1895 vomitum,
3471 1836 3523 1883 et

1932 1931 2018 1968 sus
2059 1915 2162 1968 lota
2201 1917 2254 1969 in
2297 1917 2571 1970 volutabris
2616 1917 2761 1971 caeni.
2801 1916 2939 1984 Quid
2983 1918 3158 1973 adhuc
3198 1918 3524 1988 promittitur

1933 2017 2118 2062 contra
2145 2009 2299 2062 istam
2333 2009 2822 2064 manifestissimam
2852 2010 3133 2066 veritatem
3153 2010 3390 2066 conditio
3409 2025 3525 2068 me-

1934 2099 2036 2153 lior
2061 2099 2126 2154 iis
2152 2101 2240 2170 qui
2269 2109 2634 2170 cognoverunt
2662 2101 2800 2156 viam
2822 2101 3064 2172 iustitiae,
3093 2102 3192 2158 hoc
3212 2111 3313 2172 est,
3337 2102 3524 2160 Domi-

1934 2206 2061 2244 num
2091 2189 2400 2259 Christum,
2433 2200 2487 2247 et
2514 2192 2721 2262 perdite
2748 2193 2961 2261 vivunt,
2995 2208 3152 2264 quam
3182 2193 3228 2249 si
3256 2195 3273 2226 ¹
3304 2193 3527 2250 omnino

1933 2299 2038 2338 non
2081 2286 2489 2355 cognovissent;
2523 2302 2644 2342 cum
2688 2289 3024 2358 apertissime
3062 2289 3299 2358 dicatur,
3329 2288 3522 2346 Melius

1932 2386 2040 2429 erat
2068 2377 2172 2430 illis
2199 2394 2298 2431 non
2319 2395 2618 2450 cegnoscere
2635 2381 2766 2434 viam
2778 2381 3012 2449 justitice,
3037 2398 3190 2452 quam
3211 2399 3524 2455 cognoscen-

1933 2478 2003 2522 tes
2031 2480 2304 2524 retrorsum
2327 2473 2516 2542 reﬂecti
2549 2489 2581 2526 a
2607 2473 2790 2526 tradito
2810 2473 2905 2528 sibi
2928 2461 3103 2530 sancto
3133 2476 3374 2532 mandato
3391 2477 3419 2532 ?

2003 2560 2228 2617 CAPUT
2249 2561 2416 2616 XXV.
2434 2593 2505 2603 —
2519 2563 2608 2619 46.
2629 2564 2880 2620 Sanctum
2894 2566 3190 2622 mandatum
3211 2569 3350 2640 quid,
3372 2568 3528 2641 idque

1931 2662 2283 2722 cognoscentes
2303 2669 2362 2706 ac
2382 2655 2803 2726 transgredientes
2821 2673 2934 2728 qua:
2954 2675 3100 2730 paena
3120 2671 3341 2715 maneat.
3358 2660 3527 2717 Poena

1932 2745 2223 2800 transitoria
2265 2745 2533 2817 baptizatis
2572 2748 2814 2804 scelerate
2849 2751 3124 2807 viventibus
3167 2767 3269 2807 non
3313 2755 3527 2823 promit-

1933 2837 2104 2893 tenda.
2161 2837 2347 2909 Neque
2399 2840 2541 2895 enim
2591 2840 2723 2897 illud
2773 2841 2878 2898 hoc
2934 2843 3053 2900 loco
3119 2843 3533 2916 intelligendum.

1933 2937 2017 2984 est
2058 2938 2305 2985 sanctum
2341 2929 2656 2986 mandatum
2680 2974 2694 3000 ,
2737 2947 2842 3003 quo
2881 2943 3207 3005 praeceptum
3248 2945 3332 2992 est
3375 2946 3432 2993 ut
3469 2952 3527 2994 tu

1935 3021 2104 3077 Deum
2132 3023 2448 3091 credamus;
2488 3041 2790 3096 quanquam
2823 3041 2888 3082 eo
2931 3027 3048 3098 ipso
3077 3039 3243 3086 totum
3279 3032 3527 3090 contine-

1934 3120 2050 3178 tur,
2083 3115 2126 3168 si
2156 3130 2277 3169 eam
2308 3115 2669 3194 intelligamus
2696 3116 2856 3172 ﬁdem
2882 3118 3218 3175 credentium
3241 3161 3258 3189 ,
3286 3137 3404 3192 qua:
3429 3137 3529 3194 per

1933 3205 2273 3261 dilectionem
2301 3190 2554 3277 operatur
2593 3225 2606 3261 :
2647 3207 2744 3264 sed
2779 3217 2963 3279 aperte
2989 3210 3257 3280 expressit
3282 3190 3407 3282 quid
3430 3190 3526 3269 di-

1933 3305 2082 3352 ceret
2105 3306 2347 3351 sanctum
2373 3297 2704 3365 mandatum,
2729 3297 2783 3353 id
2812 3307 2925 3364 est,
2958 3315 3064 3370 quo
3094 3310 3415 3372 praeceptum
3442 3313 3529 3360 est

1935 3396 1993 3442 ut
2018 3388 2086 3442 ab
2110 3388 2265 3458 hujus
2287 3389 2470 3444 mundi
2497 3389 3017 3459 coinquinationibus
3038 3392 3349 3448 recedentes
3373 3403 3523 3452 casta

1935 3481 2342 3536 conversatione
2368 3479 2629 3535 vivamus.
2657 3478 2747 3536 Sic
2771 3481 2913 3537 enim
2939 3481 3015 3536 ait
3056 3499 3070 3535 :
3115 3483 3178 3538 Si
3213 3484 3347 3538 enim
3385 3486 3530 3555 refu-

1934 3572 2123 3642 gientes
2165 3572 2596 3642 coinquinationes
2641 3572 2820 3627 mundi
2858 3573 2911 3628 in
2959 3575 3267 3646 agnitionem
3317 3575 3533 3634 Domini

1935 3663 2094 3717 nostri
2127 3673 2173 3717 et
2199 3665 2563 3719 conservatoris
2596 3662 2723 3720 Jesu
2751 3665 2976 3734 Christi,
3005 3667 3085 3723 his
3111 3685 3288 3723 rursus
3314 3670 3530 3740 implexi

1935 3763 2257 3824 superantur,
2290 3755 2428 3824 facta
2458 3765 2574 3809 sunt
2601 3755 2705 3810 illis
2745 3757 3027 3827 posteriora
3061 3758 3311 3814 deteriora
3337 3761 3529 3830 priori-

1937 3845 2044 3898 bus.
2075 3844 2190 3899 Non
2228 3845 2337 3911 ait,
2369 3845 2691 3915 refugientes
2718 3847 3072 3917 ignorantiam
3104 3848 3232 3914 Dei,
3263 3859 3356 3904 aut
3381 3851 3526 3905 refu-

1934 3934 2142 4004 gientes
2183 3933 2554 3990 inﬁdelitatem
2599 3935 2816 4002 seaculi,
2847 3937 2932 3991 vel
2969 3935 3075 3992 tale
3113 3937 3350 4008 aliquid;
3387 3939 3521 4009 sed,

1935 4023 2362 4093 coinquinationes
2405 4023 2612 4088 mundi,
2660 4024 2714 4078 in
2754 4023 2948 4094 quibus
2989 4035 3072 4080 est
3121 4027 3304 4097 utique
3347 4029 3524 4085 omnis

1936 4115 2271 4170 immunditia
2293 4114 2637 4186 ﬂagitiorum.
2656 4115 2789 4172 Nam
2811 4115 2877 4172 de
2897 4115 2984 4174 his
3004 4120 3250 4190 superius
3270 4119 3520 4194 loquens,
3543 4177 3552 4192 ,

1936 4205 2098 4273 dixit,
2134 4205 2465 4278 Coepulantes
2513 4207 2802 4277 vobiscum,
2849 4210 3022 4266 oculos
3065 4211 3300 4268 habentes
3348 4216 3528 4285 plenos

1937 4298 2174 4353 adulterii
2214 4308 2261 4354 et
2297 4298 2629 4356 indesinentis
2667 4302 2858 4373 peccati
2895 4301 2977 4376 (ll
3009 4301 3158 4358 Petr.
3197 4320 3269 4372 tt,
3307 4306 3522 4380 43-22).

1937 4389 2060 4444 Ideo
2083 4390 2244 4445 etiam
2267 4391 2441 4448 fontes
2461 4391 2635 4448 siccos
2653 4408 2748 4450 eos
2768 4394 2998 4464 appellat
3020 4413 3034 4450 :
3057 4395 3231 4453 fontes
3252 4398 3520 4469 videlicet,

1936 4482 2076 4551 quod
2117 4485 2424 4554 acceperint
2457 4485 2782 4556 agnitionem
2819 4485 3032 4542 Domini
3069 4487 3303 4554 Christi;
3347 4491 3523 4546 siccus

1936 4585 2153 4641 autem,
2203 4576 2324 4645 quia
2376 4589 2484 4630 non
2536 4584 2893 4646 congruenter
2941 4579 3142 4632 vivunt.
3196 4579 3274 4634 De
3329 4580 3521 4635 talibus

1936 4669 2130 4738 quippe
2150 4668 2309 4722 etiam
2329 4667 2358 4722 J
2365 4666 2496 4723 udas
2515 4668 2790 4737 apostolus
2812 4669 3058 4740 loquens,
3081 4669 3134 4724 1i
3153 4681 3267 4726 sunt
3282 4713 3298 4739 ,
3323 4672 3516 4744 inquit,

1935 4763 2021 4832 qui
2055 4763 2110 4814 in
2139 4759 2486 4816 dilectionibus
2524 4761 2697 4816 vestris
2737 4762 2976 4816 maculati
3014 4755 3378 4833 cocpulantur,
3410 4767 3519 4822 sine

1936 4855 2111 4908 timore
2133 4853 2424 4924 semetipsos
2447 4861 2706 4922 pascentes
2727 4894 2742 4919 ,
2778 4854 2932 4908 nubes
2965 4853 3072 4908 sine
3099 4869 3230 4924 aqua
3255 4853 3431 4924 (ludia
3465 4871 3515 4925 ι,

1938 4944 2057 5016 12);
2097 4953 2149 5001 et
2176 4952 2390 5001 eastern.
2429 4943 2582 5012 Quod
2621 4943 2762 5000 enim
2805 4943 2996 5000 Petrus
3033 4943 3138 5012 ait,
3182 4941 3521 5016 Coepulantes

1936 5039 2209 5106 vobiscum,
2238 5038 2412 5093 oculos
2432 5039 2668 5092 habentes
2696 5038 2870 5109 plenos
2898 5037 3168 5103 adulterii;
3194 5038 3295 5094 hoc
3318 5039 3482 5098 Judas
3497 5085 3520 5114 ,

1936 5130 2006 5185 In
2064 5131 2414 5186 dilectionibus
2460 5131 2634 5185 vestris
2681 5130 2923 5184 maculati
2972 5133 3320 5203 coepulantur.
3369 5136 3520 5194 Mixti

1937 5231 2060 5276 sunt
2085 5221 2227 5275 enim
2260 5222 2414 5276 bonis
2436 5222 2491 5276 in
2516 5220 2686 5291 epulis
2707 5219 3172 5279 Sacramentorum
3193 5233 3247 5282 et
3271 5226 3520 5285 dilectio-

1938 5315 2091 5370 nibus
2121 5315 2372 5385 plebium.
2405 5315 2474 5370 Et
2497 5313 2641 5386 quod
2670 5311 2863 5370 Petrus
2887 5314 2979 5384 ait,
3015 5313 3205 5374 Fontes
3229 5319 3383 5386 sicci;
3411 5318 3520 5377 hoc

1937 5408 2133 5473 Judas,
2169 5407 2340 5462 Nubes
2364 5409 2472 5463 sine
2507 5423 2676 5478 aqua;
2701 5407 2805 5465 hoc
2827 5407 3093 5480 Iacobus,
3127 5411 3283 5468 Fides
3318 5423 3521 5469 mortua

1940 5501 2143 5573 (Jacobi
2167 5517 2203 5556 tt
2219 5543 2233 5565 ,
2261 5499 2377 5572 20).

2009 5595 2098 5649 47.
2141 5593 2254 5648 Νοη
2283 5592 2460 5662 itaque
2491 5592 2831 5661 promittatur
2854 5608 3011 5666 plena
3043 5594 3178 5665 ignis
3212 5595 3517 5652 transitoria

1942 5686 2167 5757 turpiter
2207 5684 2574 5756 scelerateque
2613 5684 2948 5754 viventibus,
2975 5684 3098 5755 quia
3135 5684 3270 5742 viam
3293 5685 3516 5758 justitia:

2007 5843 2023 5875 ι
2060 5840 2336 5906 tnexcusis,
2363 5838 2518 5905 quasi.
2542 5840 2775 5899 veriusin
2791 5845 3083 5904 numquam
3099 5839 3157 5894 si.
3375 5820 3415 5837 ’”
3464 5807 3476 5824 ⁸
3506 5882 3528 5938 λ
