4124 6206
542 299 648 356 997

549 420 943 485 cognoverunt,
991 413 1184 482 quibus
1231 411 1424 467 melius
1465 419 1578 466 erat
1626 424 1729 464 non
1768 419 2128 478 cognoscere,

552 508 693 563 sicut
717 489 1057 563 veracissima
1084 504 1357 573 Scriptura
1390 514 1631 559 testatur.
1659 504 1732 556 De
1758 500 1949 555 talibus
1976 499 2132 568 quip-

550 614 619 670 pe
637 602 798 656 etiam
824 598 1082 655 Dominus
1110 599 1203 664 ait,
1221 597 1303 664 ,Et
1331 608 1471 650 erunt
1498 597 1767 649 novissima
1794 596 1933 648 illius
1964 592 2131 647 Itami-

552 692 630 745 nis
650 694 824 761 pejora
843 706 992 757 quam
1014 699 1154 742 erant
1174 690 1339 758 prima
1361 687 1571 758 (Matth.
1598 704 1669 741 an
1685 730 1699 753 ,
1728 686 1817 757 45)
1842 703 1856 751 ;
1881 685 2133 755 quoniam

550 782 878 852 purgationis
916 795 1026 836 sua:
1056 780 1414 837 habitatorem
1459 781 1714 848 Spiritum
1751 787 1993 833 sanctmn
2026 790 2133 830 non

550 874 837 944 recipiens,
860 874 984 929 fecit
1011 874 1063 928 in
1087 888 1143 928 se
1165 871 1501 927 immundum
1521 871 1767 941 Spiritum
1790 868 2134 939 multiplicioo

551 980 666 1020 rem
687 951 883 1020 redire.
906 963 1019 1020 Nisi
1038 962 1178 1043 forte
1197 964 1315 1019 ideo
1336 974 1460 1018 sunt
1481 964 1564 1019 isti
1586 1004 1600 1030 ,
1627 964 1692 1017 de
1714 963 1905 1045 quibus
1923 961 2096 1031 agitur
2115 1000 2132 1028 ,

552 1058 806 1113 meliores
827 1056 1077 1123 habendi,
1094 1042 1212 1127 quia
1237 1072 1341 1111 non
1365 1056 1637 1111 redierunt
1657 1056 1722 1109 ad
1747 1042 2136 1109 immunditiam

551 1149 932 1205 adulteriorum
958 1189 973 1215 ,
1017 1147 1112 1202 sed
1152 1149 1219 1203 ab
1257 1162 1320 1203 ea
1352 1163 1456 1202 non
1490 1155 1856 1210 recesserunt;
1888 1158 1987 1199 nec
2012 1158 2139 1213 pur-

550 1243 657 1312 gati
692 1257 752 1297 se
781 1257 969 1297 rursus
995 1240 1407 1312 inquinaverunt
1429 1282 1444 1307 ,
1473 1240 1566 1295 sed
1608 1240 1823 1310 purgari
1850 1252 2138 1294 recusave-

550 1344 695 1389 runt.
726 1333 906 1404 Neque
933 1334 1113 1399 enim,
1140 1343 1195 1389 ut
1222 1333 1456 1389 relevata
1493 1331 1818 1387 conscientia
1848 1331 2049 1385 intrent
2071 1327 2139 1383 ad

552 1423 882 1493 Baptismum
904 1465 918 1492 ,
959 1424 1246 1495 dignantur
1285 1426 1474 1480 saltem
1504 1438 1723 1479 vomere
1749 1422 2001 1492 pristinas
2034 1422 2137 1474 im-

554 1516 845 1571 munditias
867 1556 882 1582 ,
925 1531 1056 1586 quas
1093 1531 1284 1571 canum
1318 1531 1466 1571 more
1497 1516 1687 1570 iterum
1730 1514 2012 1577 sorbeam;
2045 1511 2141 1568 sed

555 1604 611 1660 in
638 1606 835 1661 lavacri
870 1606 1036 1675 ipsius
1057 1607 1341 1662 sanctitate
1367 1606 1707 1676 pertinaciter
1735 1605 1900 1660 crudo
1925 1614 2141 1673 pectore

555 1697 873 1768 indigestam
899 1698 1190 1767 nequitiam
1218 1709 1400 1754 tenere
1421 1698 1752 1753 contendunt
1781 1714 1794 1749 :
1830 1712 1929 1751 nec
1957 1696 2141 1751 occul-

556 1797 671 1845 tant
696 1804 814 1845 eam
843 1790 1226 1861 pollicitatione
1250 1788 1333 1844 vel
1364 1788 1506 1854 ficta,
1536 1788 1630 1843 sed
1660 1788 1988 1855 impudentia
2020 1801 2142 1854 pro-

556 1882 804 1940 fessionis
842 1891 1087 1940 eructant
1126 1902 1139 1936 :
1178 1898 1277 1938 nec
1313 1892 1567 1937 exeuntes
1607 1881 1675 1937 de
1715 1880 1964 1937 Sodomis
1994 1895 2142 1935 more

559 1975 740 2031 uxoris
770 1974 931 2041 Loth,
961 1974 1014 2027 in
1037 1974 1304 2044 prmterita
1331 1972 1521 2028 iterum
1544 1971 1824 2027 attendunt
1851 1969 2001 2042 (Gen.
2027 1986 2139 2037 χιι,

557 2064 675 2138 26),
706 2065 801 2121 sed
829 2065 1047 2121 omnino
1072 2066 1140 2120 de
1169 2063 1417 2120 Sodomis
1446 2063 1801 2134 dedignantur
1831 2063 2006 2126 exire;
2035 2062 2143 2115 imo

558 2160 627 2219 ad
661 2158 934 2216 Christum
973 2173 1095 2214 cum
1130 2158 1377 2214 Sodomis
1407 2165 1670 2213 conantur
1699 2157 1919 2211 intrare.
1948 2155 2144 2211 Paulus

559 2250 833 2326 apostolus
852 2250 1002 2319 dicit,
1037 2252 1135 2316 Qui
1163 2250 1306 2322 prius
1333 2251 1410 2320 fui
1439 2250 1760 2318 blasphemus
1784 2258 1831 2304 et
1854 2257 2145 2320 persecutor

561 2354 608 2398 et
639 2343 950 2416 injuriosus;
977 2344 1065 2397 sed
1097 2343 1494 2397 misericordiam
1520 2351 1814 2397 consecutus
1854 2358 2000 2405 sum,
2025 2341 2146 2412 quia

559 2435 799 2507 ignorans
834 2436 931 2506 {cci
968 2436 1021 2490 in
1060 2436 1411 2490 increthtlttate
1448 2436 1501 2505 (ι
1531 2434 1665 2489 Tim.
1694 2450 1745 2500 ι,
1782 2436 1870 2506 15)
1904 2443 1996 2490 :et
2030 2434 2146 2489 istis

560 2527 776 2595 dicitur,
805 2528 957 2585 Tunc
982 2529 1162 2601 potius
1188 2528 1612 2584 misericordiam
1642 2526 2067 2596 consequemini,
2099 2525 2144 2580 si

560 2618 793 2676 scientes
812 2621 955 2675 male
976 2621 1214 2676 vixeritis
1238 2622 1290 2674 in
1315 2621 1430 2690 ipsa
1461 2619 1586 2675 fide.
1611 2619 1779 2673 Nimis
1802 2619 2019 2687 longum
2039 2625 2142 2685 est,

562 2719 617 2766 et
632 2726 768 2783 pene
784 2711 1049 2767 infinitum
1071 2713 1248 2767 omnia
1270 2712 1575 2769 testimonia
1598 2711 1988 2780 Scripturarmn
2010 2709 2146 2764 velle

566 2805 816 2877 colligere
836 2845 851 2874 ,
881 2804 1072 2877 quibus
1100 2816 1321 2875 apparet
1347 2820 1453 2859 non
1482 2805 1654 2861 solum
1686 2818 1793 2858 non
1820 2818 1941 2859 esse
1962 2802 2144 2857 mitio-

562 2910 677 2953 rem
705 2911 918 2953 causam
942 2912 1129 2952 eorum
1157 2898 1244 2966 qui
1271 2896 1523 2963 scientes,
1548 2910 1706 2965 quam
1730 2894 1820 2965 qui
1847 2895 2148 2950 nescientes

564 2986 728 3043 vitam
768 2986 1149 3059 nequissimam
1175 2994 1230 3041 et
1265 2986 1652 3055 iniquissimam
1694 2985 1932 3049 ducunt,
1958 2999 2143 3039 verum

564 3080 727 3139 etiam
751 3080 851 3136 hoc
880 3080 997 3151 ipso
1025 3095 1144 3136 esse
1171 3080 1475 3152 graviorem
1504 3097 1516 3135 :
1544 3078 1768 3149 proinde
1794 3078 1896 3133 ista
1918 3077 2147 3134 suffece-

563 3174 689 3230 rint.

635 3262 861 3322 CAPUT
883 3262 1075 3320 XXVI.
1092 3294 1159 3304 —
1175 3264 1264 3320 48.
1283 3263 1544 3334 Baptismo
1575 3264 1671 3319 nisi
1694 3263 1794 3317 vita
1818 3263 2115 3333 respondeat
2130 3302 2146 3328 ,

569 3373 671 3413 non
697 3356 998 3412 obtinebitur
1032 3372 1247 3427 regnum
1284 3356 1540 3409 caelorum.
1580 3353 1798 3408 Peccata
1825 3354 2033 3425 triplicis
2057 3371 2150 3425 ge-

568 3449 702 3507 neris
748 3448 938 3519 triplici
977 3446 1198 3502 remedio
1240 3446 1490 3501 sanando.
1542 3444 1844 3500 Caveamus
1892 3459 2021 3513 ergo
2064 3444 2151 3499 di-

570 3537 794 3608 ligenter
833 3539 887 3593 in
927 3539 1192 3610 adiutorio
1231 3537 1441 3593 Domini
1486 3537 1582 3591 Dei
1625 3536 1797 3590 nostri
1833 3552 1942 3590 non
1974 3535 2152 3593 facere

570 3628 816 3686 homines
838 3631 978 3687 male
1003 3647 1243 3699 securos,
1269 3630 1508 3685 dicentes
1529 3630 1608 3684 eis
1629 3630 1772 3699 quod
1799 3629 1845 3683 si
1875 3628 2073 3683 fuerint
2094 3628 2151 3683 in

571 3719 782 3783 Christo
806 3721 1058 3793 baptizati
1080 3763 1096 3789 ,
1124 3721 1529 3793 quomodolibct
1558 3720 1615 3774 in
1641 3735 1706 3775 ea
1746 3720 1848 3774 ﬁde
1884 3719 2148 3787 vixerint,

572 3828 665 3871 eos
693 3814 759 3870 ad
789 3815 1017 3871 salutem
1044 3824 1302 3871 mteruam
1326 3829 1447 3869 esse
1465 3822 1719 3869 venturos
1751 3830 1763 3865 :
1793 3827 1861 3868 ne
1888 3812 1966 3866 sic
1993 3812 2154 3868 facia-

571 3923 692 3963 mus
720 3908 1052 3965 (Jhristianos
1073 3950 1089 3979 ,
1114 3907 1384 3980 quomodo
1408 3907 1577 3962 Judzci
1605 3906 1901 3976 proselytos
1921 3947 1936 3972 ,
1962 3904 2155 3975 quibus

575 3996 835 4054 Dominus
860 3997 953 4063 ait,
995 3996 1084 4051 Va:
1120 3995 1293 4060 vobis,
1322 3995 1515 4050 Scriba:
1544 4002 1593 4047 et
1630 3992 1912 4059 Pharisaei,
1945 3992 2029 4063 qui
2056 3992 2158 4046 cir-

574 4094 775 4148 cumitis
797 4107 937 4146 mare
965 4102 1015 4145 et
1044 4100 1248 4152 terram,
1279 4094 1445 4161 facere
1474 4108 1632 4145 unum
1668 4088 2013 4159 proselytum;
2042 4103 2156 4142 cum

573 4195 738 4240 autem
761 4184 996 4253 feceritis,
1024 4183 1190 4251 facitis
1214 4199 1325 4236 antu
1353 4184 1516 4250 [ilium
1542 4184 1780 4251 gehennw
1801 4182 1959 4253 duplo
1982 4196 2131 4251 quam

574 4292 663 4330 vos
688 4274 809 4330 estis
838 4272 1049 4341 (Matth.
1081 4288 1217 4327 XXIII
1236 4314 1250 4338 ,
1280 4270 1392 4343 15).
1421 4273 1526 4328 Sed
1552 4274 1725 4341 potius
1744 4289 1927 4329 sanam
1954 4276 2149 4333 doctri-

576 4381 701 4422 nam
740 4365 836 4421 Dei
874 4364 1115 4435 magistri
1156 4367 1208 4419 in
1254 4373 1482 4433 utroque
1521 4373 1832 4431 teneamus;
1876 4376 1936 4421 ut
1972 4378 2160 4425 saneto

577 4456 851 4528 Baptismo
885 4470 1121 4512 consona
1162 4455 1231 4511 sit
1267 4455 1373 4509 vita
1408 4454 1692 4511 christiana
1714 4497 1730 4521 ,
1774 4471 1875 4512 nec
1910 4458 2161 4528 cuiquam

578 4551 801 4617 homini,
829 4550 875 4605 si
904 4550 1213 4606 utrumlibet
1234 4547 1489 4618 defuerit,
1509 4549 1617 4604 vita
1642 4550 1983 4619 promittatur
2005 4562 2164 4607 teter-

576 4661 664 4702 na.
694 4645 793 4713 Qui
820 4645 962 4700 enim
989 4643 1147 4708 dixit,
1180 4642 1297 4699 Nisi
1324 4644 1435 4708 quis
1463 4652 1668 4698 renatus
1694 4644 1847 4713 fuerit
1876 4661 1939 4699 ca:
1961 4663 2096 4717 aqua
2115 4656 2162 4703 et

579 4738 783 4811 Spiritu
816 4738 856 4805 ί,
886 4753 989 4791 non
1014 4734 1221 4791 intrabit
1250 4736 1303 4789 in
1334 4752 1541 4807 regnum
1581 4736 1821 4791 calorum
1856 4736 2034 4807 (Joan.
2072 4754 2163 4804 ut,

578 4829 669 4905 5);
707 4830 823 4902 ipse
847 4829 1009 4885 etiam
1042 4827 1209 4894 dixit,
1243 4826 1360 4881 Nisi
1402 4827 1729 4882 abundaverit
1760 4829 1963 4897 justitia
2002 4838 2165 4883 vestra

578 4939 729 4996 super
756 4921 1051 4979 Scribarum
1075 4930 1118 4974 et
1153 4917 1529 4973 Pharisaaorum
1552 4960 1567 4982 ,
1595 4935 1694 4972 non
1725 4918 1979 4972 intrabitis
2000 4921 2053 4974 iu
2084 4936 2166 4973 re-

579 5030 735 5084 gnum
770 5014 1013 5068 ccelorum
1050 5010 1262 5082 (Matth.
1299 5026 1366 5077 v,
1406 5009 1517 5079 20).
1560 5010 1635 5065 De
1674 5009 1777 5063 illis
1811 5010 2007 5079 quippe
2040 5010 2117 5065 ait
2147 5028 2161 5064 :

582 5094 775 5151 Scriba:
813 5107 859 5153 et
902 5097 1151 5152 Phariswi
1192 5112 1344 5166 super
1386 5095 1675 5148 cathedram
1721 5094 1887 5165 Moysi
1933 5095 2103 5149 sedent
2144 5110 2165 5149 :

580 5202 692 5258 qua?
726 5186 925 5251 dicunt,
961 5188 1141 5256 facile;
1172 5204 1285 5259 qua:
1312 5197 1477 5243 autem
1515 5186 1745 5257 faciunt,
1773 5190 1940 5259 facere
1969 5189 2161 5244 nolite:

582 5280 752 5335 dicunt
778 5278 911 5333 enim
929 5286 977 5333 et
998 5295 1098 5332 non
1119 5280 1309 5348 faciunt
1337 5278 1447 5353 (Id.
1481 5296 1638 5346 χχιιι,
1664 5279 1719 5345 2,
1746 5281 1821 5348 5).
1848 5281 1985 5351 Ergo
2009 5281 2166 5351 justi-

580 5373 652 5431 tia
684 5387 870 5429 eorum
903 5379 984 5425 est
1003 5411 1018 5437 ,
1047 5370 1227 5425 dicere
1255 5383 1310 5428 et
1341 5388 1447 5427 non
1481 5373 1654 5428 facere
1683 5391 1694 5427 :
1727 5389 1789 5426 ac
1817 5391 1912 5444 per
1940 5376 2042 5430 hoc
2070 5391 2167 5429 no-

582 5474 745 5519 SIram
774 5478 891 5518 esse
918 5462 1081 5516 voluit
1109 5462 1468 5517 abundantem
1499 5481 1661 5535 super
1695 5466 1906 5520 illorum
1929 5508 1943 5533 ,
1986 5467 2163 5523 dicere

583 5556 861 5625 etfacere;
891 5572 1009 5627 qua:
1032 5556 1077 5611 si
1097 5570 1205 5612 non
1229 5554 1401 5622 fuerit,
1428 5574 1530 5612 non
1559 5559 1842 5615 intrabitur
1865 5561 1917 5616 in
1941 5577 2161 5632 regnum

587 5648 865 5707 coriorum.
893 5648 1009 5704 Non
1040 5647 1163 5720 quia
1200 5648 1481 5720 quisquam
1519 5650 1588 5703 ita
1618 5651 1785 5707 debet
1815 5653 1999 5708 extolli
2024 5695 2038 5721 ,
2071 5663 2163 5723 ut,

648 5787 670 5817 ⁸
702 5792 908 5839 Veteres
927 5786 1057 5851 libri,
1081 5799 1145 5843 ea:
1166 5787 1346 5855 Spiritu
1368 5792 1531 5843 stricto
1558 5800 1575 5842 :
1598 5791 1795 5853 omisso.
1820 5803 1947 5857 aqua
1960 5797 2023 5842 et.

1311 294 1399 350 DE
1430 292 1585 349 FIDE
1624 291 1711 348 ET
1749 288 2107 361 OPERIBUS,
2144 287 2205 346 Β.

2244 288 2612 347 AUGUSTINI
2650 292 2853 349 LIBER
2890 291 3091 350 UNUS.
3719 291 3826 352 228

2244 420 2348 461 non
2392 406 2563 462 dicam
2604 408 2745 477 apud
2783 409 2917 463 alios
2951 408 3187 477 jactare,
3228 406 3326 462 sed
3351 403 3502 477 'apud
3547 423 3607 463 se
3651 408 3827 479 ipsum

2242 505 2428 567 putare
2451 499 2645 554 audeat
2673 514 2731 555 se
2758 501 2809 553 in
2838 502 2937 554 hac
2967 500 3074 553 vita
3115 513 3234 552 esse
3273 499 3389 554 sine
3428 508 3649 571 peccato
3684 518 3697 555 :
3728 500 3828 556 sed

2241 590 2343 644 nisi
2369 600 2548 645 essent
2574 590 2815 660 quaedam
2847 591 2916 644 ita
2945 590 3149 660 gravia,
3180 596 3240 644 ut
3262 590 3426 645 etiam
3457 592 3829 646 excommuni-

2242 682 2449 736 catione
2489 684 2764 751 plectentia
2795 683 2931 748 sint,
2972 697 3078 736 non
3111 683 3314 737 diceret
3338 683 3659 753 Apostolus,
3694 683 3830 740 Con-

2240 774 2458 842 gregatis
2488 774 2623 827 vobis
2644 783 2689 827 et
2712 790 2819 828 ineo
2843 774 3026 843 spiritu
3056 772 3257 827 tradere
3281 773 3535 843 ejusmodi
3555 782 3750 830 satana:
3773 776 3830 830 in

2240 862 2497 917 interitum
2531 864 2733 931 carnis,
2765 874 2820 919 ut
2852 866 3063 935 spiritus
3102 866 3273 919 salvus
3311 866 3374 919 sit
3412 865 3463 919 in
3503 865 3585 920 die
3618 864 3831 921 Domini

2240 954 2365 1010 Jcsu
2394 956 2449 1026 (l
2476 954 2594 1011 Cor.
2623 973 2687 1024 v,
2716 958 2783 1025 4,
2821 954 2897 1030 5).
2928 956 3081 1012 Unde
3117 957 3278 1011 etiam
3317 957 3487 1013 dicit:
3515 956 3598 1012 Nc
3626 958 3829 1028 lugeam

2242 1050 2459 1115 multos,
2485 1051 2571 1119 qui
2595 1060 2711 1104 ante
2740 1058 3101 1120 peccaverunt,
3130 1058 3176 1103 et
3211 1066 3312 1104 non
3346 1059 3555 1120 egerunt
3579 1051 3827 1120 peniten-

2243 1143 2364 1196 tiam
2394 1159 2545 1212 super
2572 1144 2946 1197 immunditiam
2984 1153 3032 1198 et
3070 1143 3453 1213 fornicatione»:
3485 1160 3637 1215 quam
3661 1160 3832 1216 gesse-

2243 1244 2360 1289 runt
2385 1234 2463 1308 (ll
2490 1233 2611 1290 Cor.
2647 1251 2719 1291 xu
2741 1277 2755 1301 ,
2786 1235 2901 1306 91).
2939 1233 3070 1291 Item
3108 1235 3211 1289 nisi
3237 1245 3419 1291 essent
3446 1235 3688 1305 quasdam
3719 1250 3828 1292 non

2244 1342 2307 1381 ea
2340 1328 2639 1383 humilitate
2666 1328 2991 1397 poenitentim
3016 1328 3275 1395 sanando,
3307 1327 3478 1398 qualis
3508 1328 3560 1382 in
3585 1327 3827 1383 Ecclesia

2244 1421 2403 1476 datur
2436 1426 2515 1478 eis
2543 1422 2633 1492 qui
2664 1423 2879 1491 preprie
2914 1422 3234 1491 prenitentes
3261 1429 3555 1486 vocantur,
3584 1421 3679 1477 sed
3711 1421 3834 1491 qui-

2245 1512 2467 1566 busdam
2490 1513 2885 1581 correptionum
2911 1512 3339 1577 medicamentis,
3361 1528 3469 1568 non
3491 1512 3691 1568 diceret
3716 1512 3832 1582 ipse

2247 1603 2502 1657 Dominus
2528 1620 2540 1655 :
2567 1603 2777 1673 Corripe
2800 1620 2913 1657 eum
2938 1604 3071 1658 inter
3091 1614 3139 1657 te
3159 1612 3205 1657 et
3231 1604 3399 1672 ipsum
3422 1605 3616 1669 “tum;
3644 1610 3693 1656 et
3716 1604 3760 1658 ei
3783 1612 3832 1657 te

2246 1695 2494 1762 audierit,
2527 1697 2751 1750 lucratus
2781 1714 2831 1752 es
2857 1702 3067 1767 fratrem
3105 1705 3246 1751 tuum
3275 1696 3490 1770 (Matth.
3518 1712 3648 1753 mn
3668 1736 3687 1764 ,
3714 1693 3830 1771 i5).

2246 1787 2523 1843 Postremo
2562 1789 2663 1844 nisi
2697 1799 2876 1844 essent
2912 1788 3156 1859 quazdam
3190 1790 3306 1845 sine
3338 1789 3530 1860 quibus
3568 1789 3686 1846 haec
3721 1791 3837 1847 vita

2246 1893 2352 1932 non
2399 1880 2604 1948 agitur,
2649 1894 2756 1934 non
2797 1880 3158 1950 quotidianam
3203 1881 3466 1936 medelam
3506 1893 3729 1951 poneret
3771 1882 3833 1939 ita

2247 1971 2487 2025 oratione
2516 1986 2674 2041 quam
2701 1971 2912 2037 docuit,
2947 1980 3006 2045 ut
3031 1972 3273 2028 dicamus
3301 1991 3313 2027 :
3343 1971 3552 2028 Dimitte
3574 1972 3718 2029 nobis
3741 1977 3835 2030 do-

2248 2059 2349 2114 bita
2388 2070 2560 2116 nostra
2581 2102 2596 2128 ,
2626 2062 2757 2116 sicut
2784 2071 2830 2117 et
2857 2079 2948 2119 nos
2976 2062 3275 2118 dimittirm
3303 2063 3610 2120 debitoribus
3647 2068 3843 2123 nostris

2252 2148 2361 2222 (Id.
2394 2167 2477 2213 vt,
2512 2150 2619 2221 12).

2320 2244 2544 2300 CAPUT
2582 2244 2796 2300 XXVII.
2815 2275 2887 2287 —--
2909 2247 2999 2302 49.
3027 2246 3273 2317 Epilogus
3301 2247 3681 2317 praedictorum.
3707 2250 3830 2310 Iam

2249 2342 2415 2409 satis,
2446 2350 2700 2411 quantum
2746 2342 2997 2410 arbitror,
3029 2342 3095 2397 de
3134 2349 3243 2399 tota
3286 2342 3374 2398 illa
3420 2344 3674 2415 opinione
3700 2345 3839 2416 quid-

2248 2432 2381 2486 mihi
2410 2431 2679 2488 videretur
2716 2432 2971 2502 exposui,
3000 2432 3091 2487 ubi
3133 2441 3242 2488 tres
3283 2435 3605 2504 quaastiones
3645 2450 3831 2494 move-

2249 2533 2374 2579 runt
2402 2543 2413 2578 :
2440 2540 2597 2580 unam
2639 2524 2705 2580 de
2735 2525 3089 2594 permixtione
3127 2525 3181 2580 in
3219 2525 3460 2581 Ecclesia
3488 2528 3751 2584 bonorum
3778 2537 3838 2585 et

2249 2618 2543 2684 malorum,
2576 2626 2825 2688 tanquam
2850 2618 3011 2673 tritici
3049 2627 3105 2673 et
3141 2618 3467 2675 zizaniorum
3493 2639 3505 2674 :
3528 2620 3618 2675 ubi
3639 2634 3838 2676 caven-

2249 2709 2377 2765 dum
2401 2719 2484 2769 est
2502 2750 2518 2777 ,
2549 2724 2614 2764 ne
2642 2709 2763 2766 ideo
2798 2718 3042 2781 putemus
3066 2726 3186 2767 esse
3213 2712 3510 2781 propositas
3531 2713 3659 2768 istas
3682 2712 3839 2768 simi.

2249 2803 2533 2871 litudines,
2562 2804 2646 2859 vel
2676 2802 2850 2869 hanc,
2881 2805 2965 2859 vel
2996 2803 3062 2859 de
3093 2804 3385 2861 irnmundis
3409 2806 3467 2860 in
3485 2820 3607 2862 arca
3633 2806 3845 2864 anan

2250 2896 2390 2951 libus
2410 2937 2425 2963 ,
2458 2896 2543 2951 vel
2579 2911 2926 2966 qumcumque
2952 2896 3055 2950 alia
3086 2895 3224 2951 idem
3253 2897 3586 2967 significant,
3617 2907 3676 2953 ut
3709 2897 3840 2955 dor-

2251 2990 2382 3044 miat
2406 2989 2658 3044 Ecclesite
2687 2988 2995 3058 disciplina,
3029 2989 3096 3045 de
3122 3005 3226 3060 qua
3264 2989 3317 3046 in
3349 2990 3512 3061 figura
3540 2990 3679 3046 illius
3716 3005 3841 3046 mu-

2251 3079 2398 3136 lieris
2442 3080 2643 3135 dictum
2686 3089 2804 3148 est,
2831 3080 3032 3136 Severe
3073 3088 3191 3134 sunt
3231 3082 3632 3136 conuersations
3655 3079 3838 3137 donatus

2252 3172 2367 3242 ejus
2400 3170 2578 3243 (Prov.
2608 3188 2643 3226 n
2665 3212 2680 3241 ,
2710 3172 2811 3239 18,
2838 3187 2950 3228 sec.
2988 3172 3186 3242 LXX);
3214 3172 3309 3228 sed
3337 3183 3524 3228 utnon
3566 3188 3633 3227 eo
3668 3187 3840 3243 usque

2254 3262 2624 3333 progrediatur
2651 3263 2936 3319 dementiae
2956 3265 3133 3333 potius
3164 3265 3464 3331 temeritas,
3498 3280 3657 3334 quam
3679 3279 3840 3320 seve-

2253 3354 2383 3409 ritas
2412 3354 2735 3425 diligenliae,
2767 3362 2827 3409 ut
2853 3355 3003 3424 quasi
3041 3354 3212 3410 honos
3250 3370 3279 3409 a
3319 3356 3472 3410 malis
3511 3371 3606 3427 per
3634 3355 3841 3412 nefaria

2254 3447 2539 3504 schismata
2582 3462 2833 3517 separare
2862 3454 3166 3516 praesumat.
3194 3446 3377 3517 Neque
3420 3448 3562 3502 enim
3603 3463 3698 3518 per
3740 3446 3840 3503 has

2255 3538 2628 3595 similitudines
2669 3545 2726 3593 et
2768 3538 3245 3609 praenuntiatioues
3287 3538 3571 3594 consilium
3616 3536 3839 3593 desidia

2257 3630 2435 3685 datum
2484 3639 2568 3685 est
2606 3630 2794 3698 bouis,
2820 3646 2924 3700 qua
2952 3630 3226 3701 negligant
3250 3629 3390 3701 quod
3431 3630 3713 3701 prohibere
3739 3629 3839 3685 de-

2256 3722 2416 3789 bent;
2443 3722 2539 3777 sed
2585 3722 2886 3792 patientiae,
2918 3737 3021 3791 qua
3073 3720 3343 3791 perferant
3390 3721 3539 3776 salva
3590 3720 3839 3776 doctrina

2257 3815 2505 3871 veritatis
2528 3814 2669 3885 quod
2692 3815 2981 3870 emendare
3008 3829 3117 3870 non
3158 3814 3353 3870 valent.
3387 3813 3498 3870 Nec
3543 3814 3669 3885 quia
3708 3814 3844 3869 scri-

2258 3919 2409 3981 ptum
2437 3918 2522 3965 est
2560 3909 2808 3965 introisse
2836 3908 2902 3964 ad
2928 3908 3040 3964 Noe
3068 3908 3123 3963 in
3150 3922 3327 3963 aream
3364 3909 3524 3965 etiam
3567 3906 3843 3964 immunda

2260 4002 2508 4059 animalia
2535 4001 2685 4074 (Gen.
2711 4017 2785 4057 vu
2804 4043 2817 4067 ,
2840 4001 2919 4071 ‘2),
2948 4000 3069 4057 ideo
3098 4000 3366 4071 prtepositi
3408 4011 3590 4055 vetare
3615 4014 3723 4055 non
3747 3999 3844 4056 ded

2261 4098 2419 4163 bent,
2442 4097 2484 4152 si
2529 4095 2621 4166 qui
2663 4093 3073 4151 immundissimi
3112 4093 3178 4149 ad
3218 4092 3546 4163 Baptismum
3573 4092 3740 4148 velint
3761 4090 3851 4147 ill-

2264 4196 2410 4244 trare
2439 4182 2722 4252 saltantes,
2746 4184 2887 4256 quod
2906 4192 2993 4240 est
3011 4193 3156 4241 certe
3180 4185 3365 4241 mitius
3385 4200 3545 4256 quam
3570 4181 3847 4240 mmehan-

2263 4290 2345 4337 tes
2374 4300 2387 4335 :
2415 4281 2507 4339 sed
2539 4296 2633 4350 per
2674 4280 2812 4335 hanc
2854 4278 3077 4350 ﬁguram
3117 4278 3195 4335 rei
3232 4287 3396 4349 gestae
3435 4275 3845 4348 praenuntiatum

2264 4382 2347 4430 est
2377 4372 2680 4427 immundos
2716 4372 2769 4426 in
2796 4372 3031 4427 Ecclesia
3059 4370 3263 4426 futuros
3292 4377 3508 4439 propter
3548 4366 3851 4423 teletam

2263 4466 2557 4529 rationem,
2590 4480 2694 4519 non
2741 4472 2957 4534 propter
3000 4461 3256 4517 doctrina:
3292 4458 3685 4529 corruptionem
3708 4498 3724 4523 ,
3757 4457 3846 4513 vel

2267 4557 2565 4626 disciplina:
2589 4555 3014 4612 dissolutionem.
3042 4553 3157 4609 Non
3177 4553 3319 4608 enim
3338 4566 3671 4621 quacumque
3691 4550 3851 4607 libuit

2266 4651 2602 4707 intraverunt
2632 4647 2901 4704 immunda
2944 4645 3191 4701 animalia
3240 4659 3377 4700 arca:
3416 4657 3675 4715 compage
3713 4656 3855 4699 cena

2268 4742 2433 4799 fracta
2452 4785 2467 4809 ,
2500 4741 2594 4797 sed
2619 4756 2682 4797 ea
2711 4740 2916 4811 integra
2947 4755 3042 4809 per
3065 4754 3229 4794 unum
3253 4746 3414 4808 atque
3440 4736 3581 4793 idem
3608 4736 3805 4792 ostium
3829 4774 3851 4800 ,ν

2267 4836 2408 4907 quod
2438 4833 2631 4890 artifex
2656 4833 2872 4889 fecerat.
2913 4832 3093 4888 Altera
3133 4832 3358 4903 quaestio
3382 4840 3495 4900 est,
3528 4830 3582 4886 in
3623 4844 3729 4899 qua
3770 4828 3857 4885 eis,

2268 4930 2439 4983 visum
2470 4936 2554 4982 est
2596 4926 2753 4982 fidem
2792 4927 2962 4982 solam
2992 4925 3326 4996 baptizandis
3348 4940 3475 4982 esse
3501 4920 3813 4979 tradendam
3831 4960 3849 4989 ,

2270 5031 2449 5093 postea
2474 5036 2600 5076 vero
2618 5020 2727 5089 jam
2751 5021 3047 5091 baptizatos
3070 5019 3339 5076 docendos
3357 5032 3475 5073 esse
3495 5015 3562 5070 de
3585 5012 3849 5069 moribus.

2269 5114 2374 5172 Sed
2400 5116 2529 5170 satis
2568 5114 2993 5169 demonstratum
3020 5121 3139 5179 est,
3163 5111 3267 5167 nisi
3311 5107 3489 5174 fallor,
3519 5114 3651 5159 utne
3679 5104 3853 5175 magis

2270 5208 2534 5278 pertinere
2560 5204 2626 5261 ad
2659 5220 2840 5263 curam
2883 5200 3262 5274 speculatoris,
3286 5208 3409 5254 eum
3452 5209 3640 5251 omnes
3668 5195 3761 5265 qui
3791 5195 3863 5251 fl-

2269 5298 2467 5354 delium
2497 5304 2809 5366 competunt
2830 5295 3239 5351 Sacmmentttm
3256 5330 3273 5355 ,
3306 5287 3484 5343 omnia
3510 5301 3632 5358 quae
3655 5285 3855 5344 dicen-

2271 5398 2354 5445 tur
2399 5389 2653 5443 intentius
2702 5395 2758 5443 et
2806 5382 3082 5441 sollicitius
3129 5379 3377 5443 audiunt,
3408 5394 3521 5436 non
3561 5386 3742 5435 tacere
3780 5377 3852 5435 de

2270 5496 2427 5551 pinna
2467 5496 2625 5550 quam
2668 5478 2812 5537 male
2836 5472 3141 5530 viventibus
3168 5471 3429 5527 Dominus
3455 5468 3859 5535 comminatur“;

2271 5591 2339 5631 ne
2356 5576 2407 5628 in
2426 5575 2539 5643 ipso
2556 5572 2825 5642 Baptismo
2847 5568 2924 5623 rei
2952 5568 3060 5622 sint
3081 5565 3516 5638 gravissimorum
3541 5563 3847 5631 criminum,

2271 5682 2375 5739 quo
2404 5668 2622 5721 veniunt
2650 5671 2706 5717 ut
2733 5661 3032 5717 remittatur
3063 5659 3079 5690 ¹
3109 5666 3288 5716 reatus
3325 5656 3561 5716 omnium
3605 5661 3853 5729 peceato-

2338 5787 2355 5817 ι
2390 5781 2555 5837 Plures
2581 5784 2707 5840 Msa,
2729 5776 3047 5839 ramum
