4124 6206
279 422 427 465 tum.
458 404 644 460 Tertia
677 400 903 476 quzestio
943 408 1028 457 est
1055 398 1529 470 periculosissima,
1561 415 1664 470 qua
1691 415 1877 470 parum

282 496 662 563 considerata,
702 501 759 551 et
807 510 916 549 non
966 491 1259 548 secundum
1311 492 1547 548 divinum
1605 494 1876 563 eloquium

280 597 638 663 pertractata,
665 594 777 642 tota
818 585 907 641 illa
934 584 1115 657 opinio
1151 585 1281 639 mihi
1322 585 1532 640 videtur
1570 596 1753 641 exorta
1776 627 1789 650 ,
1824 585 1876 641 in

281 696 386 752 qua
420 678 751 751 promittitur
778 678 1159 733 Scelestissime
1198 678 1608 749 turpissimaque
1647 679 1877 734 viventi-

279 770 1126 837 m,mmmimodovivere
1144 779 1527 841 perseverent,
1552 780 1612 827 et
1631 779 1875 827 tamm-

280 862 446 919 modo
474 861 698 918 credant
721 861 778 915 in
798 860 1068 917 Christum
1087 901 1101 925 ,
1129 860 1353 931 ejusque
1378 862 1723 919 Sacramenta
1751 878 1877 933 per-

281 954 515 1024 cipiant,
544 967 639 1008 eos
663 951 729 1007 ad
765 951 993 1007 salutem
1021 951 1288 1022 vitamque
1317 961 1573 1008 teternam
1600 969 1719 1009 esse
1748 970 1876 1009 ven-

285 1054 441 1100 turos
465 1062 480 1097 :
502 1052 690 1099 contra
728 1043 1119 1114 apertissimum
1152 1044 1370 1100 Domini
1403 1047 1719 1101 sententiam
1742 1088 1756 1113 ,
1786 1047 1874 1117 qui

280 1135 612 1192 desideranti
644 1136 806 1195 vitam
841 1145 1098 1193 mersam
1142 1137 1449 1206 respondit,
1480 1138 1545 1193 Si
1592 1139 1665 1193 vis
1704 1141 1878 1194 venire

281 1226 351 1280 ad
380 1227 556 1289 vitam,
584 1241 724 1280 serva
744 1224 1022 1293 mandata;
1043 1228 1557 1289 et'tommemoravit
1578 1242 1698 1299 qua:
1716 1245 1874 1285 man-

280 1315 407 1371 data
440 1316 653 1388 (Matth.
680 1332 803 1382 ιιι,
836 1317 1043 1389 17-19),
1077 1318 1163 1373 ubi
1193 1334 1255 1373 ea
1294 1320 1496 1375 scilicet
1539 1329 1757 1389 peccata
1791 1321 1873 1375 vi-

284 1416 494 1475 tantur,
522 1408 714 1478 quibus
736 1408 923 1464 nescio
945 1410 1214 1479 quomodo
1244 1412 1389 1469 salut
1412 1420 1618 1469 aeterna
1642 1417 1874 1486 .pmmit-

282 1500 413 1555 titur
451 1508 672 1570 propter
696 1499 856 1555 ﬁdem
900 1502 1018 1558 sine
1062 1504 1312 1574 operibus
1363 1516 1649 1561 mortuam.
1685 1508 1757 1563 Dc
1789 1508 1872 1565 his

280 1591 455 1646 tribus
479 1591 866 1659 quaestionibus
903 1594 1061 1661 satis,
1089 1604 1343 1667 quantum
1380 1598 1657 1664 existimo,
1688 1598 1874 1671 dispu-

279 1683 390 1738 tavi
419 1700 435 1736 :
465 1683 937 1756 demonstravique
966 1686 1044 1743 sic
1071 1686 1376 1745 tolerandos
1403 1692 1456 1745 in
1487 1692 1725 1748 Ecclesia
1753 1709 1870 1748 nta-

279 1773 394 1839 los,
432 1783 492 1830 ut
535 1791 643 1830 non
685 1776 983 1847 negligatur
1031 1779 1389 1835 ecclesiastica
1437 1782 1750 1852 disciplina;
1794 1785 1873 1840 sic

279 1864 689 1921 catechizandos
722 1882 817 1923 eos
844 1868 933 1938 qui
959 1868 1284 1939 Baptismum
1300 1880 1490 1943 petunt
1508 1916 1523 1939 ,
1550 1883 1615 1928 ut
1634 1889 1747 1930 non
1777 1889 1869 1931 so-

1256 278 1626 339 ADMONlTlO
1664 281 1729 337 IN
1770 280 2319 351 SUBSEQUENTEM
2356 282 2638 340 LIBRUM.

3461 292 3567 352 230

1986 396 2146 451 vitam
2175 407 2463 464 aeternam,
2496 407 2553 452 ut
2578 413 2682 452 non
2726 397 2883 452 etiam
2928 413 3021 469 per
3056 398 3213 454 ﬁdem
3258 410 3523 459 mortuam
3548 445 3562 468 ,

1984 504 2101 559 quae
2151 489 2267 545 sine
2313 489 2563 560 operibus
2601 489 2807 544 salvare
2847 505 2947 545 non
2996 498 3207 560 potest,
3236 491 3301 545 ad
3340 507 3462 547 eam
3502 504 3565 549 se

1983 581 2207 652 quisque
2238 582 2511 651 pervenire
2538 596 2695 651 posse
2731 583 3038 649 arbitretur,
3071 583 3165 637 sed
3195 598 3289 653 per
3315 584 3461 638 illam
3489 585 3562 639 ﬂ-

1982 673 2104 730 dem
2124 675 2328 744 gratim,
2347 690 2465 745 qua:
2488 691 2583 746 per
2604 675 2939 731 dilectionem
2954 684 3226 745 operatur.
3249 674 3366 730 Non
3394 677 3571 747 itaque
3588 685 3615 697 ”'

1980 769 2264 838 culpantur
2300 767 2697 838 dispensatores
2724 768 2938 836 ﬁdeles,
2970 784 3074 825 non
3110 783 3205 824 sua
3252 769 3571 839 negl‘gentia

1982 860 2066 915 vel
2094 859 2304 930 pigritia
2327 901 2341 925 ,
2370 860 2463 916 sed
2494 861 2846 930 quorumdam
2875 861 3051 930 potius
3078 860 3412 915 contumacia
3430 900 3451 928 ,
3478 861 3573 930 qui

1984 951 2263 1020 pecuniam
2290 951 2609 1008 dominicam
2647 960 2901 1007 recusant
2926 951 3169 1021 accipere
3192 993 3205 1018 ,
3234 959 3287 1005 et
3307 950 3569 1005 adulteri-

1981 1057 2105 1097 nam
2124 1056 2274 1096 suam
2296 1052 2493 1113 cogunt
2520 1058 2703 1099 servos
2723 1043 3020 1098 dominicus
3044 1057 3291 1112 erogare,
3320 1042 3447 1097 dum
3470 1058 3569 1099 no-

1982 1134 2100 1190 lunt
2122 1136 2312 1189 saltem
2340 1136 2475 1192 tales
2500 1150 2619 1191 esse
2640 1135 2787 1200 mali,
2817 1136 3001 1205 quales
3028 1142 3240 1188 sanctus
3271 1134 3568 1205 Cyprianus

1982 1233 2367 1280 commemorat
2389 1224 2580 1298 (Serm.
2606 1225 2667 1281 de
2692 1225 2925 1299 Lapsis),
2949 1224 3143 1281 saeculo
3167 1225 3343 1280 verbis
3363 1226 3493 1280 solis
3517 1233 3570 1281 et

1980 1330 2085 1370 non
2112 1315 2263 1369 factis
2287 1316 2684 1382 renuntiantes;
2710 1315 2920 1385 quando
2943 1330 3042 1370 nec
3061 1315 3237 1370 verbis
3257 1314 3564 1370 renuntiare

1978 1404 2181 1461 diaboli
2206 1407 2455 1476 operibus
2481 1407 2698 1473 volunt,
2723 1422 2844 1461 cum
2865 1422 2923 1463 se
2950 1406 2999 1460 in
3029 1406 3290 1461 adulterio
3321 1421 3568 1475 perman-

1979 1511 2134 1552 suros
2155 1512 2285 1553 voce
2310 1499 2645 1567 apertissima
2678 1497 3010 1567 proﬁtentur.
3038 1496 3093 1552 Si
3114 1496 3239 1566 quid
3260 1496 3328 1550 ah
3359 1497 3437 1551 eis
3459 1496 3566 1551 dici

1978 1590 2152 1658 solet,
2181 1591 2321 1660 quod
2346 1592 2480 1646 forte
2504 1590 2826 1660 diSputando
2855 1606 2959 1644 non
2990 1588 3172 1659 attigi,
3205 1589 3309 1642 tale
3339 1602 3459 1643 esse
3478 1603 3571 1642 ar-

1976 1680 2207 1737 bitratus
2224 1697 2343 1737 sum
2366 1724 2380 1748 ,
2410 1682 2496 1737 cui
2526 1696 2647 1738 mea
2676 1681 2953 1751 responsio
2985 1679 3284 1735 necessaria
3311 1695 3413 1734 non
3437 1678 3570 1734 fuis-

1979 1782 2094 1835 set;
2120 1775 2233 1829 sive
2258 1775 2401 1844 quod
2424 1774 2488 1828 ad
2524 1790 2636 1828 rem
2659 1774 2725 1829 de
2756 1789 2857 1844 qua
2888 1772 3083 1843 agitur,
3116 1788 3220 1827 non
3242 1773 3534 1843 pertineret
3553 1814 3568 1839 ,

1974 1869 2091 1922 sive
2119 1868 2258 1939 quod
2288 1877 2394 1925 tam
2420 1868 2537 1924 leve
2558 1876 2726 1933 esset,
2758 1875 2814 1920 ut
2838 1881 2867 1920 a
2888 1864 3126 1935 quolibet
3151 1863 3397 1935 redargui
3420 1864 3566 1920 facil-

285 1954 397 2011 lum
426 1955 648 2012 audiant
688 1964 850 2028 atque
893 1959 1186 2030 suscipiant
1226 1961 1354 2031 quid
1398 1963 1653 2032 credere,
1682 1980 1867 2021 verum
1970 1956 2102 2013 iime
2126 1970 2311 2027 posset
2336 1959 2378 2012 ¹ο

2038 2070 2060 2102 ⁸
2095 2075 2147 2118 In
2161 2069 2416 2120 veteribus
2436 2069 2592 2120 libris.
2615 2070 2825 2133 additur,
2854 2078 2957 2120 Deo
2976 2065 3179 2133 gratias.

281 2047 442 2104 etiam
472 2046 705 2118 qualiter
731 2048 913 2106 vivere
938 2049 1202 2119 debeant;
1236 2052 1315 2107 sic
1344 2054 1581 2123 promitti
1623 2055 1869 2113 fidelibus

667 2199 970 2208 VA.——~‘
991 2203 1472 2211 Ἥ
1803 2207 2050 2217 *ι-ῇ
2065 2209 3542 2219 _-———_-_—~_——_—-——-.—.—_.

291 2188 3552 2257 “—

1604 2314 1613 2324 .

1372 2520 1457 2584 IN
1498 2522 2124 2598 SUBSEQUENTEM
2164 2527 2490 2591 LIBRUM.

1634 2664 2213 2738 «cenaene—«>3:

348 2808 701 2871 Enchiridion
722 2810 791 2872 ad
819 2813 1162 2873 Laurentium
1187 2816 1328 2874 inter
1352 2827 1650 2890 postremas
1672 2836 1795 2878 suas
1823 2822 2216 2881 lucubrationes
2236 2822 2507 2880 recensuit
2532 2821 2856 2893 Augustinus
2870 2821 2926 2878 in
2955 2820 3090 2878 libro
3107 2820 3559 2878 Retractationum

278 2904 540 2975 secundo,
564 2915 793 2980 postque
818 2923 925 2966 'sex
954 2917 1140 2966 contra
1165 2910 1433 2967 Iulianum
1458 2912 1642 2982 libros,
1693 2915 1783 2986 qui
1811 2915 1879 2971 ad
1924 2931 2122 2971 annum
2153 2916 2363 2972 circiter
2411 2915 2510 2970 421
2571 2915 2862 2986 pertinent,
2905 2913 3207 2983 collocavit.
3234 2913 3393 2969 Hune
3419 2920 3566 2969 certe

280 2992 475 3051 librum
501 2997 713 3054 labente
738 3014 880 3054 anno
908 2998 1013 3055 420
1057 3000 1290 3057 nondum
1335 3002 1653 3073 perfecerat.
1691 3004 1829 3061 Nam
1879 3006 2283 3080 Hieronymum,
2318 3008 2407 3080 qui
2434 3024 2574 3063 anno
2616 3007 2805 3063 eodem
2851 3006 2978 3073 420,
3022 3006 3174 3077 juxta
3220 3006 3564 3077 Prospcrum,

281 3086 456 3158 pridie
479 3089 732 3147 calendas
750 3091 984 3148 octobris
1008 3092 1158 3163 obiit,
1186 3093 1296 3165 jam
1321 3105 1492 3152 morte
1513 3096 1751 3153 functum
1778 3098 2029 3157 laudabat
2057 3115 2176 3171 cap.
2209 3101 2300 3167 87,
2353 3102 2408 3156 in
2438 3100 2553 3156 haec
2573 3099 2736 3157 verba
2761 3118 2774 3155 :
2799 3098 3007 3156 Sancta:
3035 3101 3291 3156 memoria:
3316 3100 3572 3173 Hierony-

282 3196 395 3236 mus
413 3180 674 3254 presbyter
694 3183 942 3256 scriptum
964 3185 1185 3255 reliquit.

348 3271 675 3329 Laurentius
702 3288 889 3345 porro,
922 3277 1007 3333 cui
1033 3277 1261 3347 scriptus
1278 3276 1437 3347 liber,
1461 3279 1625 3336 frater
1640 3280 1860 3338 Dulcitii
1885 3283 2187 3353 appellatur
2212 3283 2265 3339 in
2291 3283 2430 3341 libro
2458 3283 2527 3342 de
2553 3291 2675 3340 octo
2691 3282 2906 3339 Dulcitii
2931 3282 3348 3352 Quiestionibus,
3367 3291 3561 3354 quaest.

284 3368 339 3434 ι,
365 3382 420 3423 n.
444 3368 518 3426 το
544 3384 560 3436 ;
591 3367 714 3441 quia
733 3371 1123 3442 propinquitate
1146 3381 1200 3428 et
1227 3373 1569 3445 cognatione,
1597 3376 1671 3431 uti
1700 3376 2048 3444 arbitramur,
2080 3377 2328 3446 naturali,
2365 3392 2470 3433 non
2500 3377 2794 3434 christiana
2817 3384 3026 3433 tantum
3072 3375 3306 3431 Dulcitio
3340 3376 3570 3447 conjun-

284 3468 402 3516 etus
420 3468 564 3516 erat.
623 3458 810 3517 Virum
834 3462 907 3519 ab
930 3460 1230 3521 eruditione
1259 3475 1312 3521 et
1364 3483 1394 3522 a
1422 3467 1524 3538 piis
1552 3468 1742 3525 studiis
1792 3470 2007 3541 egregie
2043 3471 2406 3541 commendat,
2438 3472 2535 3529 sed
2581 3488 2613 3528 a
2660 3472 2913 3529 laicorum
2940 3471 3174 3529 ﬁdelium
3201 3486 3360 3543 grege
3404 3471 3573 3528 nihilo

280 3552 515 3612 secernit
541 3554 892 3626 Augustinus,
914 3557 1003 3629 qui
1036 3567 1091 3613 et
1116 3557 1306 3628 Operis
1334 3560 1485 3615 initio
1512 3561 1677 3616 ﬁlium
1708 3562 1881 3632 ipsum
1912 3572 2087 3628 vocat,
2114 3573 2168 3620 et
2201 3566 2254 3620 in
2288 3563 2396 3620 ﬁne
2421 3580 2543 3621 eum
2582 3565 2687 3620 sibi
2714 3566 2767 3621 in
2798 3565 2995 3622 Christi
3037 3564 3292 3620 membris
3311 3564 3565 3620 dilectum

284 3643 432 3701 dicit.
459 3644 649 3718 Neque
672 3645 952 3704 Laurentii
976 3646 1207 3721 dignitas
1236 3652 1511 3722 explorata
1541 3663 1621 3709 cst
1660 3663 1713 3709 et
1740 3656 1962 3724 probata
1997 3656 2128 3711 satis
2151 3671 2219 3712 ex
2242 3658 2458 3728 vulgato
2485 3657 2607 3712 libri
2662 3658 2834 3714 titulo.
2886 3658 3093 3730 Quippe
3141 3658 3356 3714 codices
3403 3658 3575 3713 nostri

284 3737 613 3810 antiquiores
663 3738 865 3796 habent
913 3750 1145 3808 tantum,
1186 3740 1377 3815 Incipit
1430 3742 1765 3799 Encltiridion
1792 3762 1810 3800 :
1835 3746 1927 3816 qui
1979 3761 2107 3802 vero
2151 3748 2234 3801 Ad
2275 3748 2607 3803 Laurentium
2654 3750 2992 3818 primicerium
3039 3749 3262 3816 addunt,
3304 3750 3576 3818 aliquanto

288 3830 629 3892 recentiores
654 3842 798 3905 sunt,
826 3842 984 3906 atque
1010 3834 1097 3890 isti
1122 3850 1303 3891 secum
1345 3837 1572 3892 invicem
1598 3838 1736 3892 haud
1766 3838 1984 3893 omnino
2021 3842 2435 3898 consentientes.
2483 3841 2927 3897 Carcassonensis
2967 3840 3202 3909 praefert,
3237 3839 3316 3893 Ad
3338 3839 3574 3894 Lauren-

291 3924 416 3981 tium
445 3925 801 3999 primiceriuut
844 3925 1155 3982 notariorum
1199 3927 1336 3982 urbis
1392 3925 1588 3982 Romw.
1621 3927 1773 3984 Unus
1797 3945 1829 3984 c
1869 3928 2142 3985 Vaticanis
2184 3930 2238 3985 in
2268 3932 2442 3987 fronte
2480 3930 2692 4000 Operis,
2732 3931 2813 3984 Ad
2856 3928 3187 3983 Laurentium
3226 3930 3572 4001 primicerium

288 4014 543 4077 Romana:
588 4016 867 4086 Ecclesia;
910 4028 964 4077 et
1005 4018 1071 4074 ad
1099 4018 1302 4075 calcem
1338 4019 1518 4087 habet,
1563 4020 1644 4073 Ad
1672 4020 2001 4076 Laurentium
2027 4022 2367 4093 primicerium
2389 4021 2633 4076 Ecclesia:
2658 4021 2795 4076 urbis
2822 4021 3087 4077 Romanae.
3115 4020 3488 4077 Cisterciensis
3512 4031 3569 4080 et

294 4114 394 4170 alii
433 4113 647 4184 quidam
697 4113 825 4170 Mss.
870 4113 938 4169 ad
963 4111 1291 4168 Laurentium
1338 4113 1676 4184 primicerium
1697 4129 1717 4167 :
1748 4113 1964 4185 Regius,
1989 4123 2119 4183 etc.,
2147 4115 2216 4169 ad
2240 4113 2589 4182 Laurentium,
2617 4114 2856 4185 nihilque
2894 4128 3086 4185 supra;
3117 4112 3383 4183 quomodo
3415 4115 3577 4177 etiam

302 4202 578 4261 editiones
603 4203 933 4261 Amerbachii
963 4214 1017 4263 et
1043 4204 1273 4260 Erasmi.
1306 4204 1376 4261 At
1404 4203 1820 4261 Lovaniensium
1853 4205 2015 4262 editio
2040 4206 2189 4261 titulo
2236 4205 2457 4273 addidit,
2490 4207 2833 4274 primicerium
2875 4207 3014 4261 urbis
3068 4202 3264 4260 Ronan.
3296 4203 3354 4260 In
3384 4216 3569 4269 vetere

293 4299 434 4356 libro
479 4296 893 4371 Compendiensi
918 4297 1131 4371 legitur,
1159 4298 1239 4354 Ad
1286 4296 1617 4354 Laurentium
1647 4300 1902 4354 notarium
1962 4300 2098 4355 urbis
2148 4300 2345 4356 Rontat.
2375 4301 2434 4357 ln
2472 4301 2642 4359 altero
2670 4317 2701 4359 e
2736 4300 3078 4367 Colbertinis,
3126 4298 3209 4353 Ad
3239 4296 3577 4363 Laurentium

293 4392 588 4449 diaconum.

367 4480 609 4543 Tametsi
636 4498 767 4543 vero
790 4484 927 4543 liber
950 4492 1097 4542 recte
1119 4484 1416 4556 appelletur
1443 4483 1787 4542 Encbiridion
1817 4485 1991 4557 ipsius
2018 4500 2276 4543 concessu
2311 4486 2593 4559 Augustini
2616 4488 2666 4542 in
2685 4504 2804 4559 cap.
2838 4489 2962 4553 122,
2986 4492 3109 4561 quia
3150 4493 3353 4550 scilicet
3373 4494 3581 4551 Enchi—

296 4578 470 4638 ridion
490 4579 857 4651 postulaverat
878 4577 1224 4643 Laurentius,
1256 4577 1311 4633 id
1363 4587 1466 4648 est,
1496 4579 1807 4650 opusculum
1838 4580 1979 4635 mole
2012 4581 2260 4649 exiguum
2305 4581 2372 4636 de
2396 4581 2515 4649 ejus
2558 4583 2803 4637 manibus
2832 4599 2937 4638 non
2968 4600 3310 4643 recessurum
3340 4605 3351 4640 :
3383 4587 3576 4645 ibidem

298 4680 477 4729 tamen
496 4671 849 4743 Augustinus,
874 4672 1111 4743 itemque
1130 4672 1184 4728 in
1216 4670 1718 4739 Retractationibus,
1750 4674 1805 4729 in
1828 4674 1965 4728 libro
1989 4673 2057 4728 de
2093 4686 2215 4728 oeto
2246 4673 2455 4728 Dulcitii
2482 4674 2895 4744 Quaestionibus,
2937 4686 2991 4732 et
3016 4679 3071 4733 in
3092 4679 3329 4750 Epistula
3358 4681 3481 4747 231,
3507 4680 3576 4739 ad

298 4764 517 4825 Darium
545 4774 863 4823 constanter
894 4773 1049 4823 vocat
1069 4765 1265 4822 librum
1288 4765 1360 4822 de
1401 4765 1556 4833 Fide,
1574 4766 1685 4835 Spe
1711 4774 1767 4821 et
1806 4764 2077 4820 Cbaritate
2107 4781 2120 4830 ;
2160 4780 2259 4820 nec
2274 4765 2428 4821 aliter
2454 4766 2727 4823 Possidius
2764 4767 2931 4824 lndic.
2961 4784 3082 4839 cap.
3103 4771 3156 4825 6.
3188 4770 3269 4827 Ad
3296 4772 3410 4828 haec
3428 4774 3574 4829 enim

301 4859 397 4915 tria
417 4859 763 4915 commodum
791 4859 964 4916 visum
986 4867 1074 4915 est
1093 4858 1151 4915 S.
1180 4859 1398 4917 Doctori
1425 4875 1680 4916 revocare
1724 4859 1997 4915 Laurentii
2028 4859 2355 4928 qutestiones
2380 4874 2588 4927 omnes,
2608 4862 2696 4932 qui
2726 4863 3001 4931 sapicntitn
3026 4862 3202 4918 studio
3224 4865 3493 4932 incenatus,
3515 4882 3580 4925 ac

300 4960 521 5019 nostrae,
546 4966 705 5022 quam
727 4950 1096 5021 proﬁtebatur,
1125 4966 1307 5007 amore
1340 4950 1633 5022 religionis,
1657 4950 1868 5006 volebat
1910 4949 1963 5003 in
2006 4952 2190 5021 primis
2220 4959 2425 5007 certum
2480 4953 2859 5023 propriumque
2899 4952 3021 5008 ﬁdei
3069 4955 3345 5011 catholith
3389 4956 3579 5013 funda—

300 5052 561 5109 mentum,
593 5042 757 5099 totius
775 5042 1077 5099 cbristiante
1113 5041 1372 5098 doctrinae
1400 5057 1684 5108 summam,
1716 5051 1770 5098 et
1795 5041 2081 5097 universim
2127 5044 2378 5113 quidquid
2404 5043 2697 5099 orthodoxa
2740 5044 2844 5099 ﬁde
2870 5060 2933 5100 ac
2971 5045 3225 5117 religione
3253 5063 3284 5104 a
3309 5049 3482 5120 primo
3508 5051 3578 5107 ad

300 5134 869 5203 ultimum-tenuetur,
906 5136 976 5191 ab
1005 5135 1302 5207 Augustino
1346 5135 1609 5204 accipere,
1648 5149 1820 5204 eoque
1872 5135 2128 5205 magistro
2158 5135 2361 5189 institui
2398 5144 2454 5191 et
2490 5134 2683 5189 muniri
2739 5142 2924 5190 contra
2976 5137 3214 5195 diversas
3243 5141 3478 5199 hereses
3502 5158 3569 5200 ea

300 5232 624 5303 tempesute
658 5238 984 5307 grassantes.

374 5324 554 5381 Prima
582 5323 797 5396 quidem
826 5333 881 5381 et
907 5339 1066 5395 quam
1090 5322 1321 5379 maxima
1346 5321 1467 5376 libri
1495 5331 1644 5393 parte
1668 5323 1987 5393 Augustinus
2016 5338 2133 5392 qua:
2156 5322 2422 5377 credenda
2452 5323 2559 5376 sint
2582 5321 2757 5391 docet,
2788 5335 2999 5383 ser-vnto
3018 5326 3481 5400 Symboliordine,
3512 5344 3577 5386 ac

301 5415 478 5475 τινὲς
505 5418 744 5476 haereses
769 5419 1206 5486 mmmam,
1236 5416 1755 5489 Apollinaristarum,
1792 5416 2337 5495 Priscillianistarum,
2360 5416 2699 5483 Arianorum,
2730 5421 3103 5492 pracipueque
3132 5424 3560 5494 Pelagianorum,

302 5510 682 5570 tacitoearum
716 5511 966 5582 nomine,
1013 5510 1210 5582 passim
1263 5507 1477 5567 refellit.
1518 5507 1822 5564 Secundam
1862 5518 2099 5579 partem,
2156 5508 2224 5583 de
2280 5508 2345 5563 iis
2397 5523 2514 5580 quae
2538 5507 2607 5564 ad
2653 5507 2816 5580 Spem
2870 5514 3251 5583 pertineut,in
3296 5511 3578 5569 dominica:

302 5603 564 5664 orationis
625 5607 960 5681 expositione
1009 5619 1170 5679 quam
1213 5603 1528 5662 brevissima
1578 5596 1860 5674 impendit.
1905 5602 2140 5659 Tertiam
2190 5610 2460 5673 postremo
2482 5642 2518 5677 ,ν
2560 5616 2661 5660 nec
2701 5618 2817 5661 eam
2854 5604 3119 5678 prolixam
3152 5644 3167 5673 ,
3213 5603 3451 5679 adiungit
3496 5603 3572 5663 tto

298 5688 605 5762 Charltate.
