4124 6206
541 347 646 411 231
1084 344 1548 415 EUCHIRIDION,
1581 343 1732 404 SIVE
1772 346 1859 402 DE
1887 346 2065 420 FIDE,
2106 346 2232 407 SPE
2269 343 2358 408 ET
2385 347 2803 424 CHARITATE,
2843 348 2900 413 S.
2942 352 3308 418 AUGUSTINI
3733 354 3846 420 332

608 469 756 541 Opus
781 469 834 524 in
861 459 1074 540 scriptis
1109 463 1383 521 codicibus
1414 465 1820 537 capitulationes
1847 473 1903 521 ct
1939 466 2202 524 sectioncs
2223 483 2331 524 non
2360 469 2580 528 easdem
2615 473 2858 528 sortitum
2907 481 3006 530 est.
3041 473 3100 530 In
3127 473 3444 548 quibusdam
3486 484 3702 534 centum
3734 480 3840 538 tri-

532 564 679 633 ginta
710 571 969 633 quatuor,
989 568 1080 614 aut
1105 567 1321 614 centum
1361 559 1546 628 viginti
1563 559 1805 626 sex,vel,
1832 568 1888 614 ut
1936 560 1989 614 in
2015 560 2192 629 editis,
2245 571 2460 619 centum
2503 565 2687 636 viginti
2713 565 2888 636 duas;
2927 568 2981 624 in
3027 567 3150 626 aliis
3193 571 3528 642 septuaginta
3558 581 3612 628 et
3645 588 3836 645 unam,

535 651 594 706 in
622 653 892 707 nonnullis
909 650 1291 720 quinquaginta
1318 659 1564 719 quatuor,
1603 651 1939 706 autrariores
1969 651 2150 708 habet.
2182 661 2236 710 et
2267 653 2322 709 in
2359 655 2678 726 quibusdam
2703 659 2899 715 nullas.

613 769 698 831 In
720 765 1138 829 Enchiridion
1169 764 1309 826 vide
1329 763 1439 826 lib.
1467 763 1530 841 2,
1557 783 1692 845 cap.
1719 765 1821 841 63,
1853 767 2426 848 Retractationum,
2455 777 2602 834 tom.
2636 773 2696 850 1,
2727 773 2847 836 col.
2877 771 3022 852 655,
3043 774 3328 848 acerbis,
3364 775 3606 858 Scripsi
3633 779 3832 843 etiam

526 867 792 944 librum,
824 887 1014 949 usque
1042 866 1124 928 ad
1142 866 1348 937 verba,
1382 868 1524 931 Tua
1543 867 1904 932 eruditione
1927 869 2224 935 delecter.
2444 873 2530 936 M.

2067 1041 2418 1052 ...ι-.-

2447 1043 3093 1064 ._—_———_--—--———-———__
2809 1059 2824 1064 _
3099 1051 3306 1064 ———,
3244 1063 3247 1064 ν
3280 1063 3285 1064 γ
3313 1052 3325 1061 ο
3342 1051 3462 1064 ..ι-...-

667 1078 2139 1321 suam

2231 1179 3345 1337 AUGUSTINI

1501 1413 2264 1502 HIPPONENSIS
2303 1418 2836 1506 EPISCOPI
3457 1451 3460 1454 '

1339 1590 2946 1760 ENCHIRIDION

1533 1895 1744 1998 AD
1807 1894 2815 2004 LAUBENTIUM

2059 2069 2242 2134 SIVE

802 2219 1040 2336 DE
1154 2223 1574 2335 rm}:
1609 2288 1658 2366 ,
1721 2222 2050 2337 sps:
2136 2228 2373 2339 ET
2459 2227 3550 2355 CEARITATE

1579 2413 2060 2521 LIBER
2139 2413 2575 2524 U'JV'U'S
2631 2418 2751 2528 (α).

2093 2655 2191 2704 Θ

2195 2663 2766 2704 ᾢ--η

1523 2659 2089 2697 μ--ιε

587 2768 818 2828 CAPUT
857 2769 1139 2827 PRIMUM.
1169 2771 1312 2824 ——l.
1335 2768 1613 2863 Sapientia:
1656 2784 1784 2863 uerae
1807 2769 1995 2863 donum
2033 2787 2122 2826 εω-
2229 2789 2446 2844 pressus
2465 2788 2565 2847 est,
2598 2796 2719 2836 cum
2736 2782 2860 2850 quid
2897 2794 3038 2842 esset
3065 2786 3267 2844 homini
3310 2791 3568 2863 sapientia
3599 2797 3812 2858 dicere—

517 2873 665 2935 optat
692 2861 985 2917 Laurentio.
1020 2862 1128 2918 Dici
1158 2878 1262 2916 non
1289 2870 1480 2932 potest,
1509 2861 1851 2917 dilectissime
1869 2862 1938 2916 [ili
1975 2864 2118 2919 Lau-

511 2955 674 3019 renti,
705 2964 957 3025 quantum
999 2964 1089 3009 tua
1133 2953 1429 3008 eruditione
1471 2952 1722 3020 delecter,
1763 2970 2026 3025 quamque
2067 2966 2117 3012 te

509 3043 728 3115 c‘upiam
749 3061 869 3103 esse
886 3047 1177 3116 sapientem
1205 3062 1217 3098 :
1243 3059 1346 3099 non
1371 3060 1435 3100 ex
1466 3060 1649 3100 eorum
1681 3061 1904 3102 numero
1927 3047 1994 3103 de
2006 3048 2114 3118 qui-

509 3128 615 3186 bus
627 3130 842 3195 dicitur,
873 3129 971 3186 Ubi
995 3130 1235 3201 sapiens?
1255 3129 1338 3183 ubi
1361 3129 1561 3184 scriba?
1583 3129 1667 3183 ubi
1689 3132 1997 3202 conquisitor
2018 3133 2114 3187 hu-

498 3218 594 3289 jus
615 3221 790 3278 διεθηιὶ
810 3222 836 3276 ?
867 3221 1054 3277 Nonne
1080 3222 1286 3276 stultam
1319 3222 1432 3292 fecit
1455 3220 1592 3276 Deus
1627 3223 1927 3292 sapientiam
1959 3225 2112 3294 hujus

509 3316 692 3369 mundi
723 3313 743 3388 (
771 3314 792 3369 l
815 3315 938 3372 Cor.
959 3315 1012 3381 1,
1034 3314 1142 3385 20)
1176 3315 1188 3368 !
1233 3313 1327 3369 sed
1355 3329 1420 3368 ex
1447 3330 1632 3369 eorum
1658 3314 1725 3370 de
1755 3315 1947 3385 quibus
1973 3317 2110 3372 scri-

506 3413 657 3476 ptum
671 3414 772 3472 est,
792 3404 1068 3458 Multitudo
1085 3404 1388 3474 sapientium
1405 3406 1594 3458 sanitas
1615 3416 1686 3458 est
1708 3405 1841 3459 orbis
1861 3417 2108 3460 terrarum

509 3495 687 3567 (Sap.
717 3513 789 3558 vt,
821 3495 946 3566 26);
988 3504 1043 3549 et
1079 3495 1264 3564 quales
1287 3495 1401 3548 vult
1428 3496 1714 3564 Apostolus
1751 3496 1884 3562 ﬁeri,
1918 3498 2108 3566 quibus

511 3585 673 3653 dicit,
715 3585 842 3641 Volo
865 3595 1039 3640 autem
1065 3601 1150 3640 vos
1189 3586 1439 3656 sapientes
1483 3585 1681 3654 quidem
1709 3603 1815 3641 esse
1859 3588 1909 3640 in
1939 3587 2102 3654 bono,

508 3679 764 3750 simplices
785 3689 950 3734 autem
979 3681 1031 3733 in
1053 3679 1186 3733 malo
1217 3677 1522 3751 (Romam,
1554 3677 1666 3748 19).
1705 3677 1893 3751 [Sicut
1926 3687 2103 3736 autem

511 3787 672 3828 nemo
700 3788 732 3826 a
754 3788 812 3828 se
839 3773 954 3845 ipso
981 3787 1099 3828 esse
1127 3780 1331 3843 potest;
1363 3771 1431 3826 ita
1467 3772 1625 3826 etiam
1653 3787 1809 3826 nemo
1833 3787 1863 3825 a
1890 3787 1948 3827 se
1988 3773 2104 3842 ipso

505 3864 726 3934 sapiens
750 3879 871 3919 esse
901 3872 1096 3934 potest,
1135 3863 1227 3919 sed
1283 3863 1351 3918 ab
1401 3862 1493 3917 illo
1523 3863 1836 3928 illustrante,
1885 3863 1952 3918 de
1997 3879 2102 3933 quo

503 3958 765 4028 scriptum
795 3966 897 4024 est,
929 3957 1105 4012 Omnis
1134 3956 1382 4028 sapientia
1408 3973 1438 4007 α
1465 3954 1572 4009 Deo
1599 3957 1698 4010 est1
1720 3954 1902 4026 (Eccli.
1931 3973 1968 4021 ι,
1999 3955 2097 4027 1)].

577 4051 808 4108 CAPUT
849 4051 911 4105 11.
940 4081 1011 4092 -
1040 4051 1308 4122 Sapientia
1341 4050 1592 4115 hominis,
1629 4051 1809 4121 pietas.
1858 4051 2100 4106 Hominis

508 4151 685 4199 autem
719 4141 976 4212 sapientia
1005 4143 1173 4211 pietas
1199 4150 1301 4196 est.
1334 4141 1516 4196 Habes
1544 4141 1645 4196 hoc
1675 4143 1726 4195 in
1759 4142 1894 4197 libro
1931 4142 2099 4197 sancti

508 4233 610 4290 Job
637 4251 649 4286 :
679 4246 802 4286 nam
831 4229 902 4284 ibi
929 4230 1141 4300 legitur,
1171 4229 1312 4300 quod
1343 4230 1456 4298 ipsa
1483 4229 1751 4298 Sapientia
1779 4230 1973 4285 dixerit
2001 4231 2099 4285 ho-

509 4323 661 4389 mini,
713 4319 846 4374 Ecce
873 4321 1034 4391 pietas
1078 4328 1150 4373 est
1207 4319 1456 4388 sapientia
1483 4317 1617 4390 (Job
1648 4334 1846 4385 xxvm,
1894 4320 2011 4392 28).
2040 4321 2097 4376 Si

505 4420 686 4468 autem
718 4427 922 4482 quartas
951 4425 1107 4481 quam
1133 4409 1325 4464 dixerit
1351 4423 1416 4463 eo
1447 4409 1563 4463 loco
1606 4408 1892 4478 pietatem,
1911 4410 2098 4467 distin-

489 4505 649 4560 v-ctius
669 4505 721 4560 in
742 4518 916 4575 graeco
937 4503 1172 4574 reperies
1191 4511 1446 4558 θεοσέϐειαν
1463 4545 1477 4570 ,
1503 4503 1590 4573 qui
1633 4512 1716 4558 est
1753 4503 1846 4559 Dei
1899 4505 2092 4561 cultus.

505 4597 723 4653 Dicitur
742 4596 882 4652 enim
913 4610 1087 4667 grazce
1115 4595 1281 4666 pietas
1309 4605 1366 4651 et
1383 4596 1558 4664 aliter,
1589 4596 1640 4651 id
1670 4605 1752 4652 est
1765 4603 1972 4652 εὗςέϐεια
1992 4615 2096 4670 quo

493 4691 724 4747 momine
766 4689 1095 4761 signiﬁcatur
1138 4689 1308 4745 bonus
1360 4690 1554 4755 cultus,
1595 4693 1835 4761 quamvis
1889 4701 1942 4748 et
1993 4693 2096 4749 hoc

495 4783 773 4855 {praecipue
801 4783 1064 4838 referatur
1087 4781 1155 4837 ad
1175 4783 1460 4839 coiendum
1491 4784 1677 4838 Deum.
1707 4784 1812 4840 Sed
1852 4785 1983 4841 nihil
2013 4796 2096 4842 est

493 4877 840 4935 commodius
869 4878 959 4934 illo
990 4877 1228 4944 nomine,
1251 4893 1357 4947 quo
1379 4877 1653 4934 evidenter
1681 4878 1774 4934 Dei
1795 4879 1969 4933 cultus
1998 4894 2091 4934 ex-

2227 2875 2329 2958 tur.
2348 2869 2622 2937 Quaerisne
2647 2875 2844 2945 aliquid
2864 2876 2966 2933 dici
2995 2879 3228 2950 brevius,
3256 2884 3345 2954 qui
3372 2887 3506 2956 petis
3555 2905 3587 2946 a
3626 2907 3716 2948 me
3746 2902 3812 2958 ut

2223 2957 2655 3034 brevitermagna
2685 2965 2962 3023 dicantur?
2983 2970 3064 3025 An
3093 2971 3195 3028 hoc
3225 2973 3397 3044 ipsum
3447 2979 3541 3034 tibi
3578 2957 3812 3042 fortasse

2220 3047 2495 3108 desideras
2521 3054 2754 3113 breviter
2780 3061 2997 3130 aperiri,
3018 3071 3176 3134 atque
3203 3065 3257 3119 in
3283 3081 3588 3126 sermonem
3629 3072 3811 3147 colligi

2221 3140 2458 3211 brevem,
2480 3164 2710 3217 quonam
2739 3153 2898 3208 modo
2923 3153 2992 3208 sit
3017 3156 3273 3214 colendus
3305 3159 3488 3216 Deus?

2289 3235 2513 3294 CAPUT
2553 3240 2639 3294 lll.
2668 3272 2739 3282 —
2759 3243 2919 3298 Deum
2944 3245 3044 3298 coli
3071 3248 3193 3314 ﬁde,
3217 3266 3307 3320 spe
3343 3261 3388 3304 et
3417 3253 3679 3310 charitate.
3708 3257 3810 3316 Hic

2216 3327 2261 3381 si
2283 3330 2631 3398 respondero.
2663 3333 2785 3401 tide,
2834 3351 2949 3404 spe,
2978 3337 3239 3395 cltaritate
3263 3343 3547 3399 colendum
3593 3347 3804 3418 Deum;

2216 3419 2457 3487 profecto
2483 3423 2719 3480 dicturus
2752 3441 2831 3491 es,
2860 3425 3075 3482 brevius
3116 3428 3218 3485 hoc
3256 3431 3454 3488 dictum
3484 3451 3604 3490 esse
3643 3454 3806 3510 quam

2213 3514 2377 3569 velles
2411 3533 2422 3568 :
2451 3530 2511 3570 ac
2539 3516 2731 3572 deinde
2752 3519 3013 3589 petiturus
3037 3536 3101 3577 ea
3133 3522 3227 3577 tibi
3252 3523 3486 3581 breviter
3510 3530 3800 3599 explicari,

2211 3617 2328 3671 qum
2354 3603 2418 3658 ad
2446 3605 2649 3676 singula
2673 3608 2769 3662 tria
2803 3609 2902 3663 ista
2930 3611 3232 3680 pertineant
3257 3630 3272 3679 ;
3299 3615 3426 3685 quid
3471 3617 3803 3676 credendum

2209 3697 2428 3763 scilicet,
2456 3699 2584 3768 quid
2631 3701 2972 3770 sperandum,
3022 3705 3146 3774 quid
3189 3707 3476 3764 amandum
3522 3711 3610 3765 sit.
3648 3711 3803 3780 Quod

2209 3803 2326 3842 cum
2357 3789 2551 3856 fecero,
2588 3791 2660 3846 ibi
2690 3803 2846 3850 erunt
2875 3798 3052 3851 omnia
3081 3797 3170 3852 illa
3205 3815 3323 3869 quae
3370 3800 3425 3854 in
3455 3801 3680 3871 epistola
3713 3811 3802 3860 tua

2209 3885 2501 3953 qumrcndo
2521 3887 2537 3917 ¹
2565 3888 2786 3957 posuisti
2813 3906 2826 3942 :
2855 3889 3007 3960 cujus
3033 3892 3334 3961 exemplum
3353 3893 3398 3948 si
3428 3900 3509 3948 est
3535 3910 3697 3964 penes
3721 3903 3797 3965 te,

2205 3973 2358 4030 facile
2384 3985 2465 4030 est
2490 3986 2622 4032 utea
2645 3978 2886 4034 revolvas
2912 3989 2966 4036 et
2991 3981 3266 4052 relegas’;
3288 3982 3336 4036 si
3359 3991 3534 4040 autem
3558 4001 3665 4041 non
3689 3994 3796 4054 est,

2204 4078 2659 4125 commemorante
2686 4086 2772 4125 me
2801 4071 3030 4126 recolas.

2274 4157 2498 4216 CAPUT
2549 4159 2636 4216 IV.
2665 4193 2734 4202 —
2789 4163 3101 4230 Quaestione:
3153 4164 3432 4221 Laurentii.
3489 4165 3799 4238 Responsio-

2205 4265 2290 4304 nes
2334 4251 2623 4322 Angustini.
2674 4251 2768 4307 Vis
2824 4253 2965 4308 enim
3025 4255 3154 4324 tibi,
3206 4264 3264 4311 ut
3330 4256 3553 4324 scribis,
3610 4256 3798 4312 librum

2201 4355 2234 4392 a
2286 4356 2363 4393 me
2409 4341 2521 4409 ﬁeri
2543 4381 2560 4406 ,
2599 4359 2746 4410 quem
2792 4343 3127 4400 Enchiridion
3183 4346 3209 4417 (
3219 4355 3272 4400 ut
3310 4346 3480 4400 dicunt
3491 4347 3516 4415 )
3570 4345 3793 4417 habeas,

2203 4437 2248 4482 et
2273 4429 2336 4483 de
2365 4431 2463 4484 tuis
2501 4431 2732 4484 manibus
2761 4449 2862 4486 non
2891 4435 3090 4488 recedat
3116 4435 3410 4489 :continens
3436 4435 3710 4505 postulata,
3737 4438 3796 4492 id

2204 4529 2296 4586 est,
2326 4521 2448 4591 quid
2475 4523 2780 4592 sequendum
2826 4524 3045 4578 maxime
3068 4566 3081 4588 ,
3138 4525 3260 4596 quid
3311 4533 3515 4595 propter
3567 4524 3793 4582 diversas

2202 4611 2548 4681 principaliter
2592 4612 2804 4667 htereses
2829 4615 2893 4668 sit
2922 4615 3251 4684 fugiendum;
3282 4615 3336 4668 in
3365 4626 3612 4686 quantum
3658 4619 3792 4673 ratio

2201 4717 2293 4770 pro
2320 4701 2562 4772 religione
2588 4703 2877 4770 contendat,
2909 4706 2984 4759 vel
3008 4705 3129 4775 quid
3161 4706 3219 4759 in
3245 4707 3441 4760 ratione
3461 4748 3475 4772 ,
3508 4723 3622 4761 cum
3661 4709 3791 4778 ﬁdes

2199 4792 2263 4846 sit
2282 4792 2412 4858 sola,
2437 4809 2536 4846 non
2567 4794 2827 4848 conveniat
2852 4796 2906 4863 ³;
2935 4797 3057 4866 quid
3083 4797 3302 4869 primum
3329 4840 3343 4863 ,
3397 4799 3519 4868 quid
3555 4800 3791 4854 ultimum

2205 4889 2451 4948 teneatur,
2481 4899 2592 4952 quae
2618 4885 2769 4939 totius
2795 4886 3104 4955 deﬁnitionis
3130 4905 3328 4943 summa
3359 4891 3460 4956 sit;
3501 4891 3638 4958 quod
3683 4906 3794 4944 cer-

1674 5006 1847 5046 ADMON
1856 5007 1958 5046 ITIO
1995 5007 2077 5046 PP.
2119 5008 2595 5050 BENEDICTINORUM.

555 5083 896 5156 Epdiiridion,
922 5096 1012 5156 seu
1035 5082 1211 5156 librum
1235 5083 1300 5133 de
1322 5082 1461 5156 Fide,
1486 5091 1578 5155 spe
1603 5088 1655 5132 et
1689 5083 2325 5156 Charitate‘recognovimus
2345 5086 2402 5156 ad
2428 5093 2628 5156 veteres
2649 5089 2844 5156 codices
2866 5093 3064 5156 triginta
3085 5107 3202 5154 sex;
3229 5095 3451 5156 nimirum
3473 5091 3534 5141 ad
3558 5099 3790 5148 Romanos

496 5145 748 5219 ‘Katiqauge
770 5145 1075 5219 bibliothecae
1095 5152 1316 5219 quatuor,
1331 5145 1712 5219 ad_l:arisicns'cs‘
1721 5145 1891 5219 viginti
1914 5145 2121 5219 duos,5d
2143 5153 2282 5219 Msx.
2299 5150 2546 5219 C._Antonii
2558 5145 3465 5219 Faure,doctori§1‘heologi'_Facultatis
3485 5145 3786 5219 Rarisiensis,

496 5213 559 5278 iet
581 5205 638 5254 ad
663 5205 789 5278 alios
801 5205 928 5278 intra
951 5205 1225 5278 recensitos
1238 5206 1332 5278 col.
1357 5206 1466 5278 273i,
1492 5207 1672 5278 notati.
1699 5206 1818 5278 Item
1833 5208 1893 5278 ad
1918 5205 2153 5278 lectiunes
2185 5211 2425 5278 variantes
2443 5205 2972 5278 duoruiuselgicorum
2993 5228 3022 5264 a
3045 5205 3421 5278 wva'uiensibus
3438 5205 3660 5278 vulgatas
3685 5205 3784 5270 :"éi

502 5269 702 5342 (lentum
732 5266 792 5339 ad
815 5268 1056 5342 editiones
1074 5274 1269 5342 amni-21‘.
1294 5275 1544 5342 LoleDan.
1574 5277 1624 5318 et
1648 5275 1777 5329 Arn.,
1800 5269 1847 5317 id
1870 5277 1946 5319 est
1968 5271 2161 5320 Joannis
2177 5273 2472 5322 Amerbachii
2489 5308 2503 5333 ,
2527 5266 2959 5326 Desiderii'Erasmi
2978 5309 2993 5336 ,
3016 5273 3369 5337 Theologorum
3391 5266 3785 5342 Lovariiensium,

505 5329 749 5381 Lamberti
766 5328 936 5380 :Dantei
958 5335 1010 5378 et
1031 5330 1215 5378 Antonii
1233 5329 1437 5379 Arualdi.

585 5412 1092 5492 Comparaoimus
1112 5423 1416 5492 praeterea
1444 5431 1542 5472 eas
1574 5430 1777 5472 omnes
1806 5412 2106 5474 editiones
2139 5415 2328 5480 initio
2349 5417 2523 5478 Retr.
2553 5425 2611 5478 et
2629 5414 2914 5480 Confess.
2957 5425 3004 5477 ι.
3033 5417 3093 5491 1,
3124 5426 3513 5482 memoratas.
3609 5423 3697 5484 Μ.

570 5538 717 5601 [Hac
736 5537 1012 5600 sententia,
1053 5547 1165 5601 quae
1199 5535 1336 5584 uncis
1375 5536 1667 5597 continetur,
1706 5542 1874 5586 carent
1897 5542 2096 5588 veteres

506 5598 700 5652 codices
719 5606 826 5650 Mss.

569 5661 644 5724 (a)
666 5663 874 5725 Scriptus
893 5673 1020 5713 anno
1042 5658 1150 5722 421,
1177 5663 1259 5711 aut
1282 5655 1424 5721 paulo
1447 5666 1570 5722 post.

2270 5540 2286 5572 ι
2319 5545 2388 5591 tta
2418 5546 2528 5614 inv.
2557 5549 2609 5594 et
2641 5548 2825 5592 Arn.“
2862 5549 2964 5592 Am.
2996 5547 3071 5593 Er.
3115 5549 3168 5595 et
3201 5549 3318 5596 Dan.
3355 5558 3412 5597 ac
3447 5519 3617 5612 plures
3649 5553 3783 5614 κει,

2587 5672 2702 5714 Dan.
2727 5671 2779 5715 et
2808 5671 2915 5716 tres
2956 5673 3063 5719 Mss.
3089 5701 3107 5731 ,
3140 5673 3192 5720 ut
3233 5681 3343 5721 eam
3378 5670 3588 5724 νεισοιυαε
3617 5675 3664 5724 et
3705 5686 3782 5725 τε.

2201 5724 2457 5841 “imi-aus
2492 5787 2651 5842 codex
2680 5792 3052 5856 Germanensis,
3095 5795 3150 5848 tn
3184 5792 3414 5858 religione
3434 5807 3547 5853 cum
3561 5794 3692 5862 ﬁdes
3713 5796 3781 5853 sit
