4124 6206
318 233 420 294 135

317 357 427 402 tum
456 344 823 417 propriumque
847 343 966 415 ﬁdei
1018 341 1282 398 catholica:
1333 343 1738 414 fundamentum.
1778 343 1906 399 Haec

317 437 496 509 omnia
512 452 635 507 qua:
680 435 908 505 requiris
954 436 1139 505 procul
1187 435 1350 490 dubio
1402 437 1540 492 scies
1559 478 1575 506 ,
1625 436 1907 507 diligenter

318 529 543 587 sciendo
568 527 696 599 quid
710 526 876 591 credi,
900 526 1027 597 quid
1048 528 1254 597 sperari
1274 527 1496 596 debeat,
1541 527 1667 598 quid
1708 528 1900 582 amari.

320 622 453 677 llaec
469 620 612 677 enim
636 620 888 686 maxime,
920 618 1028 674 imo
1071 634 1201 675 vero
1237 619 1349 674 sola
1392 619 1448 674 in
1491 620 1749 691 religione
1785 620 1802 652 ⁸
1825 633 1911 674 se-

321 712 536 782 quenda
565 721 710 767 sunt.
744 711 839 766 His
860 711 951 781 qui
979 711 1315 778 contradicit,
1346 719 1439 767 aut
1463 712 1684 767 omnino
1706 726 1737 766 a
1755 709 1912 766 Chri-

322 807 397 861 sti
413 806 630 861 nomine
650 804 857 859 alienus
886 813 990 869 est,
1015 812 1108 858 aut
1138 804 1442 860 hareticus.
1462 802 1589 859 llam
1643 811 1769 859 sunt
1809 802 1908 858 de-

323 895 593 952 fendenda
634 894 864 958 ratione,
888 893 973 950 vel
992 894 1010 925 ι
1035 910 1065 949 a
1104 894 1350 950 sensibus
1374 894 1616 964 corporis
1637 893 1907 958 inchoata,

325 990 413 1045 vel
440 990 508 1044 ab
536 987 884 1057 intelligentia
914 986 1106 1041 mentis
1125 986 1363 1043 inventa.
1415 987 1547 1053 Quae
1588 995 1765 1041 autem
1811 1000 1912 1040 nec

326 1097 591 1153 corporeo
616 1096 778 1137 sensu
800 1080 1005 1150 experti
1035 1095 1239 1145 sumus,
1266 1095 1364 1136 nec
1388 1090 1566 1137 mente
1584 1081 1796 1151 assequi
1822 1096 1913 1135 va-

328 1174 528 1230 luimus
549 1181 640 1228 aut
667 1172 925 1239 valemus,
984 1171 1064 1227 eis
1108 1172 1225 1228 sine
1280 1173 1387 1228 ulla
1418 1172 1746 1229 dubitatione
1791 1187 1912 1228 creo

334 1264 515 1321 denda
539 1271 663 1319 sunt
701 1261 948 1328 testibus,
978 1277 1009 1316 a
1033 1261 1227 1332 quibus
1252 1277 1313 1318 ea
1341 1277 1463 1333 quae
1512 1263 1691 1318 divina
1734 1264 1912 1319 vocari

329 1357 444 1428 jam
470 1355 682 1421 meruit,
714 1353 991 1422 Scriptura
1010 1350 1256 1409 confecta
1284 1360 1368 1408 est
1396 1371 1409 1407 :
1438 1354 1529 1423 qui
1573 1367 1637 1409 ea
1661 1354 1775 1408 sive
1817 1368 1913 1422 per

332 1459 557 1517 corpus,
584 1444 698 1499 sive
721 1458 817 1514 per
835 1442 1094 1506 animum,
1123 1441 1379 1498 divinitus
1406 1441 1594 1512 adjuti,
1633 1442 1719 1499 vel
1766 1442 1914 1499 vide-

331 1552 416 1604 re,
434 1536 522 1591 vel
548 1536 706 1590 etiam
736 1532 1036 1604 praavidere
1055 1540 1365 1601 potuerunt.

406 1626 637 1684 CAPUT
664 1625 809 1680 V.—
846 1623 1126 1694 Responsio
1154 1624 1224 1678 ad
1255 1640 1307 1694 q.
1337 1623 1372 1678 5
1408 1632 1456 1677 et
1492 1624 1560 1678 ad
1594 1641 1645 1695 q.
1690 1626 1747 1680 4.
1781 1622 1916 1680 Cum

335 1728 519 1775 autem
537 1718 686 1774 initio
708 1716 829 1773 ﬁdei
852 1732 970 1786 quae
998 1730 1095 1786 per
1122 1715 1466 1772 dilectionem
1495 1724 1765 1786 operatur,
1808 1716 1913 1770 im-

342 1810 471 1866 buta
496 1823 650 1864 mens
675 1806 851 1872 fuerit,
884 1806 1052 1862 tendit
1079 1807 1217 1863 bene
1242 1806 1470 1862 vivendo
1497 1806 1657 1862 etiam
1682 1806 1749 1861 ad
1793 1799 1920 1876 spe;

343 1903 482 1959 ciem
505 1900 806 1973 pervenire,
836 1899 926 1955 ubi
953 1907 1037 1955 est
1060 1899 1257 1954 sanctis
1285 1907 1341 1954 et
1382 1897 1635 1968 perfectis
1667 1897 1917 1953 cordibus

340 2002 471 2051 nota
506 1992 788 2051 incﬁ'abilis
830 1990 1188 2061 pulchritudo,
1241 1990 1393 2060 cujus
1441 1989 1623 2060 plena
1653 1990 1788 2045 visio
1836 1996 1918 2045 est

343 2098 552 2140 summa
576 2082 817 2139 felicitas.
852 2082 963 2137 Hoc
1007 2089 1090 2137 est
1138 2081 1390 2136 nimirum
1445 2081 1587 2150 quod
1636 2080 1867 2150 requiris
1899 2120 1915 2146 ,

344 2176 465 2245 quid
489 2175 727 2244 primum,
756 2174 877 2245 quid
917 2174 1150 2247 ultimam
1192 2181 1459 2229 teneatur:
1490 2173 1732 2229 inchoari
1780 2172 1884 2229 ﬁde
1902 2214 1915 2238 ,

344 2267 525 2337 perﬁci
542 2266 740 2337 specie.
772 2266 897 2321 Haec
919 2266 1080 2321 etiam
1111 2266 1271 2339 totius
1295 2264 1622 2321 deﬁnitionis
1646 2274 1730 2321 est
1768 2280 1917 2321 sum-

342 2374 451 2413 ma.
484 2358 702 2414 Certum
726 2373 855 2412 vero
877 2358 1254 2427 prepriumque
1271 2355 1393 2411 ﬁdei
1423 2357 1702 2412 catholicae
1729 2356 1921 2412 tunda-

342 2458 582 2503 mentum
606 2448 850 2503 Christus
873 2456 957 2503 est
988 2465 1002 2501 :
1036 2446 1449 2502 Fundamentum
1489 2448 1623 2503 enim
1658 2449 1821 2510 aliud,
1847 2449 1923 2504 ait

296 2556 301 2561 '
342 2539 656 2610 Apostolus,
688 2554 831 2592 nemo
856 2547 1017 2611 potest
1037 2554 1238 2610 ponere,
1271 2546 1452 2608 praeter
1478 2539 1533 2593 id
1551 2540 1687 2607 quod
1705 2540 1922 2611 positum

343 2640 438 2695 est,
459 2629 597 2700 quod
621 2639 692 2684 est
713 2627 940 2685 Christus
958 2627 1107 2684 Jesus
1140 2628 1196 2698 (l
1219 2627 1337 2684 Cor.
1357 2646 1437 2697 ιιι,
1469 2630 1579 2700 11).
1607 2630 1790 2700 Neque
1815 2630 1920 2687 hoc

344 2722 467 2776 ideo
495 2721 793 2792 negandum
816 2729 901 2777 est
917 2721 1187 2791 proprium
1214 2721 1618 2779 fundamentum
1649 2740 1769 2781 esse
1793 2725 1921 2782 ﬁdei

345 2814 649 2875 catholiczc,
677 2813 798 2884 quia
827 2814 996 2884 putari
1030 2823 1206 2884 potest
1232 2815 1501 2886 aliquibus
1529 2802 1796 2874 haereticis
1821 2818 1923 2875 hoc

300 2954 305 2959 .
346 2903 627 2957 nobiscum
652 2918 774 2960 esse
799 2919 1101 2961 commune.
1127 2905 1182 2962 Si
1215 2907 1358 2961 enim
1397 2907 1682 2978 diligenter
1702 2925 1822 2981 quae
1856 2911 1923 2967 ad

347 2993 616 3048 Christum
647 2994 1252 3065 pertinentcogitentur,
1283 2999 1497 3054 nomine
1527 3008 1681 3056 tenus
1715 3001 1924 3056 inveni-

348 3092 437 3139 tur
457 3084 701 3140 Christus
727 3085 864 3156 apud
893 3086 1155 3155 quoslibet
1185 3086 1464 3143 haereticos
1485 3130 1499 3154 ,
1552 3091 1642 3160 qui
1682 3105 1741 3145 se
1783 3090 1925 3147 chri-

350 3175 553 3229 stianos
576 3176 754 3230 vocari
781 3175 983 3241 volunt;
1013 3192 1072 3231 re
1092 3176 1205 3247 ipsa
1226 3193 1355 3234 vero
1383 3194 1490 3234 non
1516 3189 1599 3234 est
1632 3181 1769 3250 apud
1806 3197 1919 3239 eos.

347 3265 500 3333 Quod
519 3265 805 3321 ostendere
832 3267 993 3321 nimis
1021 3267 1237 3337 longum
1265 3279 1380 3334 est;
1413 3270 1663 3339 quoniam
1692 3287 1926 3329 comme-

348 3357 621 3413 moranda:
640 3364 766 3412 sunt
783 3372 971 3413 onmes
1002 3359 1253 3422 haereses,
1277 3360 1391 3415 sive
1416 3376 1534 3430 quae
1563 3361 1792 3427 fuerunt,
1814 3366 1926 3421 sive

349 3462 469 3516 qua:
516 3456 662 3514 sunt,
689 3448 804 3504 sive
846 3463 964 3517 quae
999 3450 1319 3517 potuerunt8
1353 3465 1472 3507 esse
1524 3453 1623 3507 sub
1669 3454 1925 3513 vocabulo

347 3538 662 3606 christiano,
684 3548 741 3595 et
763 3555 921 3611 quam
951 3541 1020 3596 sit
1049 3540 1150 3597 hoc
1174 3557 1358 3599 verum
1379 3560 1472 3613 per
1499 3546 1734 3617 singulas
1762 3564 1924 3617 quas-

348 3646 453 3701 que
507 3630 939 3688 monstrandum.
980 3632 1107 3699 Quae
1149 3632 1439 3702 disputatio
1484 3644 1589 3690 tam
1638 3638 1923 3694 multorum

350 3728 435 3775 est
456 3721 806 3787 voluminum,
834 3722 1069 3776 utetiam
1095 3722 1298 3778 inﬁnita
1332 3725 1594 3781 videatur.

422 3811 649 3869 CAPUT
690 3812 779 3867 Vl.
817 3843 889 3854 -—-
932 3812 1078 3879 Quod
1124 3814 1254 3869 male
1294 3817 1531 3886 exiguum
1567 3820 1723 3889 possit
1772 3836 1926 3874 manu

352 3904 616 3958 contineri.
641 3902 723 3957 Tu
761 3913 939 3959 autem
993 3905 1328 3961 Encltiridion
1370 3924 1399 3961 a
1448 3910 1598 3964 nobis
1644 3911 1877 3979 postulas
1906 3952 1923 3978 ,

347 3997 407 4053 id
451 4008 569 4064 est,
595 3996 730 4067 quod
767 4012 921 4050 manu
944 3998 1100 4066 possit
1128 3999 1340 4069 astringi
1355 3999 1398 4066 ‘,
1428 4016 1528 4054 non
1580 4003 1715 4068 quod
1755 4018 1926 4057 arma-

350 4087 436 4140 ria
482 4086 637 4155 possit
680 4102 909 4141 onerare.
952 4085 1018 4141 Ut
1062 4086 1218 4156 igitur
1244 4089 1311 4141 ad
1338 4088 1424 4142 illa
1448 4089 1547 4143 tria
1595 4090 1877 4146 redeamus
1903 4133 1918 4159 ,

348 4192 456 4249 per
483 4192 602 4248 quae
625 4178 845 4235 diximus
870 4178 1153 4235 colendum
1182 4180 1367 4245 Deum,
1399 4180 1579 4247 ﬁdem,
1602 4197 1773 4251 spem,
1791 4183 1920 4238 cha-

346 4270 599 4334 ritatcm;
626 4268 773 4327 facile
798 4280 882 4327 est
906 4281 963 4326 ut
987 4270 1193 4327 dicatur
1237 4272 1360 4341 quid
1407 4272 1765 4343 credendum,
1794 4274 1919 4347 quid

346 4361 695 4431 sperandum,
723 4363 850 4433 quid
890 4363 1174 4418 amandum
1199 4364 1302 4435 sit:
1332 4364 1428 4419 sed
1473 4367 1922 4435 quemadmodum

346 4451 606 4509 adversus
631 4468 818 4509 eorum
843 4454 932 4525 qui
961 4454 1175 4511 diversa
1211 4455 1443 4511 sentiunt
1493 4457 1785 4515 calumnias
1825 4460 1926 4516 de-

341 4626 467 4700 uota,
485 4641 582 4700 tam
603 4627 788 4699 certina.
811 4628 1313 4700 steliosColhertinus,
1335 4632 1388 4683 in
1401 4633 1658 4700 ratimem,
1681 4649 1793 4688 cum
1806 4635 1930 4700 ﬁdes

341 4688 410 4762 sit
429 4688 660 4762 animam
982 4691 1175 4762 lectioni
1198 4688 1363 4762 favent
1385 4697 1576 4762 Regius,
1600 4688 1924 4762 Carnute'nsis,

338 4752 750 4822 germeticensis
767 4761 819 4801 et
838 4751 917 4801 alii
928 4754 1036 4822 Iduo
1065 4760 1170 4803 Mss.
1197 4751 1477 4822 habentes,"
1487 4757 1539 4806 in
1563 4751 1781 4821 ratione,
1820 4751 1931 4813 cum

337 4810 469 4884 ﬁde
491 4811 555 4884 δὲι
573 4810 695 4884 sols,
713 4825 811 4882 μοη
832 4812 1421 4884 ιτειρίαειίοοωρςξωϋεξηείε
1444 4810 1563 4869 iero
1585 4834 1695 4881 pro,
1721 4810 1816 4871 min
1849 4810 1929 4873 vel

468 4886 487 4935 ;
512 4874 681 4935 habet,
704 4873 925 4924 inveniat.
963 4873 1091 4925 Alter
1112 4873 1415 4927 Cblbcrtinns
1430 4887 1482 4930 et
1502 4873 1627 4929 unus
1642 4873 1931 4935 e'vaticanis

532 4968 550 5009 ,
564 5008 571 5009 ί
587 4933 639 4983 in
662 4935 863 5009 ratione,
880 4949 1010 5009 _cum
1030 4936 1236 5009 ﬁdeslsit
1256 4937 1386 5009 sola,
1405 4942 1662 5009 conveniat.
1700 4933 1931 5009 antonius

334 4997 584 5068 Agamus
619 4997 983 5068 restituendum
1009 4997 1226 5068 censuit,
1250 4998 1300 5049 in
1338 5000 1544 5068 ratione,
1569 5017 1679 5053 cum
1700 5004 1853 5068 ﬁdes,
1886 5019 1930 5058 st

332 5056 403 5108 sit
435 5058 710 5130 solatium
739 5057 999 5130 ιξῳιυςηὶμι.
1036 5056 1264 5130 audacior
1303 5066 1461 5130 tamn.
1504 5056 1710 5114 ὑποείξυέ
1734 5056 1929 5130 nissime

330 5120 645 5192 auctoritate.
672 5119 905 5192 restituit,
920 5119 972 5170 in
991 5120 1175 5171 ratione
1193 5134 1303 5172 cum
1319 5121 1418 5185 ﬁde
1439 5137 1532 5174 non
1553 5126 1794 5178 conveniat
1812 5142 1829 5189 ;
1846 5119 1927 5180 re-

327 5181 487 5244 jectis
508 5180 675 5230 verbis
690 5215 705 5239 ,
739 5180 803 5230 sit
825 5180 942 5231 sola.
1319 5180 1329 5185 '

399 5244 420 5309 ξ
460 5251 567 5289 Am.
593 5246 666 5309 gr.
687 5248 741 5290 et
756 5248 891 5303 nam,
915 5242 1019 5293 sola
1038 5243 1301 5309 religione;
1325 5246 1526 5309 omisso,
1551 5247 1617 5299 in.

397 5305 423 5370 ξ
460 5310 569 5370 Am.
595 5308 670 5350 Er.
694 5309 808 5352 Dan.
830 5311 883 5370 et
915 5305 1272 5370 quatuor'Mss.,
1298 5319 1407 5370 qua:
1430 5305 1517 5357 rei.

399 5366 424 5438 ξ
458 5365 691 5438 sic_Dan.
715 5372 770 5415 et
812 5365 1039 5428 plerique
1084 5376 1188 5417 Mss.
1221 5365 1276 5418 At
1310 5365 1413 5416 iam.
1457 5376 1526 5417 Er.
1569 5375 1679 5419 Lov.
1705 5379 1755 5420 ct
1797 5382 1924 5438 Am,

393 5433 477 5475 (UT
480 5432 587 5474 1011.
911 5464 915 5468 μ

324 5442 431 5520 po?
623 5485 757 5556 quod
1015 5490 1161 5556 possit
1180 5490 1399 5556 astringi.
1422 5499 1623 5556 At_Ms_s.,
1647 5494 1774 5556 quod
1788 5510 1931 5547 humu

321 5547 488 5621 possit
770 5557 822 5600 Et
848 5565 925 5623 ex
943 5547 1025 5623 his
1042 5553 1208 5615 plures
1223 5547 1355 5615 loco,"
1370 5552 1572 5618 astringi
1586 5547 1831 5618 ,h'ab'eut,
1859 5565 1929 5610 te-

319 5612 1056 5677 neri;etquidam,portari.'
1331 5612 1340 5615 ⁷
1412 5624 1413 5629 ‘

501 5692 733 5759 Sutor.
764 5697 1042 5760 Auensr.
1086 5698 1191 5762 VI.

1740 228 1945 287 LIBER
1982 227 2182 287 UNUS.

2018 341 2284 409 tendatur,
2312 344 2637 413 operosioris
2673 343 3039 417 uberiorisque
3066 342 3324 404 doctrina:
3350 360 3453 417 est;
3475 368 3595 422 quae

2016 445 2075 490 ut
2103 436 2379 503 habeatur,
2402 452 2510 493 non
2537 438 2686 495 brevi
2716 438 3013 494 enchiridio
3040 455 3227 496 manus
3275 441 3432 498 debet
3479 445 3582 499 im-

2016 526 2171 597 pleri,
2204 527 2297 583 sed
2318 528 2502 598 grandi
2530 529 2705 585 studio
2730 539 2916 600 pectus
2945 532 3185 586 accendi.

2085 618 2311 675 CAPUT
2325 618 2437 674 νυ.
2455 620 2592 675 -2.
2609 621 2906 691 Symbolum
2926 631 2975 675 et
2993 624 3154 677 oratio
3177 623 3430 678 dominica
3457 640 3597 680 com-

2018 711 2303 781 plectuntur
2323 710 2496 780 ﬁdem,
2514 728 2656 782 spem
2683 722 2729 767 et
2750 712 3064 766 charitatem.
3098 713 3229 768 Nam
3269 729 3397 769 ecce
3441 715 3534 770 tibi
3569 717 3587 747 ί

2015 808 2100 855 est
2123 799 2433 871 Symbolum
2456 810 2512 857 et
2533 801 2798 858 dominica
2820 803 3012 868 oratio;
3041 804 3167 872 quid
3188 804 3404 861 brevius
3440 805 3596 861 audi-

2019 897 2106 944 tur
2133 901 2224 946 aut
2251 891 2480 961 legitur?
2503 892 2629 961 quid
2676 890 2881 948 facilius
2933 895 3206 949 memoria:
3230 895 3596 955 commenda-

2020 980 2145 1034 tur?
2173 980 2306 1047 Quia
2325 982 2468 1035 enitn
2491 981 2560 1036 de
2603 991 2843 1050 peccato,
2874 984 3021 1051 gravi
3051 984 3266 1039 miseria
3319 986 3597 1053 premeba-

2020 1080 2105 1124 tur
2130 1085 2298 1141 genus
2310 1072 2620 1136 humanum,
2642 1080 2693 1127 et
2712 1072 2889 1126 divina
2912 1073 3182 1144 indigebat
3203 1076 3593 1143 misericordia,

2017 1161 2202 1230 gratia:
2231 1161 2327 1216 Dei
2370 1169 2578 1232 tempus
2613 1162 2875 1232 propheta
2927 1164 3224 1232 prmdicens
3247 1164 3343 1230 ait,
3373 1165 3439 1221 Et
3459 1168 3553 1222 erit
3578 1183 3601 1233 ;

2017 1251 2182 1305 omnis
2202 1253 2287 1322 qui
2316 1252 2617 1308 invocaverit
2642 1269 2822 1308 nomen
2849 1252 3055 1308 Domini
3073 1294 3087 1320 ,
3117 1256 3286 1311 salvus
3313 1258 3407 1311 erit
3443 1256 3593 1327 (Joet

2019 1358 2076 1408 ιι,
2107 1343 2198 1415 52)
2233 1359 2247 1399 :
2277 1354 2495 1415 propter
2517 1345 2620 1402 hoc
2647 1346 2879 1401 oratio”.
2902 1345 3010 1403 Sed
3033 1348 3320 1417 Apostolus
3370 1362 3493 1404 cum
3528 1349 3601 1406 ad

2017 1434 2189 1504 ipsam
2238 1436 2462 1505 gratiam
2513 1437 2991 1493 commendandam
3072 1437 3174 1493 hoc
3229 1440 3604 1510 propheticum

2018 1536 2494 1584 commemorasset
2549 1528 2912 1584 testimonium
2947 1546 2993 1596 ,·
3042 1530 3299 1585 continuo
3340 1530 3602 1601 subjecit,

2023 1616 2290 1683 Quomodo
2308 1628 2478 1674 autem
2502 1620 2824 1685 invocabant,
2873 1622 2928 1675 in
2968 1637 3117 1692 quem
3140 1637 3241 1677 non
3285 1622 3606 1679 crediderunt

2025 1711 2211 1783 (Rom.
2247 1728 2304 1779 χ,
2335 1712 2464 1783 14)ἳ
2490 1722 2709 1783 propter
2738 1712 2842 1769 hoc
2867 1712 3203 1784 Symbolum.
3235 1715 3292 1770 ln
3344 1715 3429 1771 his
3471 1715 3606 1771 duo-

2021 1804 2121 1860 bus
2150 1804 2251 1860 tria
2282 1804 2373 1859 illa
2403 1805 2613 1861 intuere
2642 1821 2654 1857 :
2681 1805 2813 1859 ﬁdes
2862 1805 3051 1873 credit,
3085 1820 3210 1875 spes
3262 1815 3319 1861 et
3370 1807 3607 1863 charitas

2021 1905 2196 1953 orant.
2224 1896 2331 1952 Sed
2352 1900 2469 1952 sine
2495 1896 2600 1952 ﬁde
2625 1911 2746 1952 esse
2776 1911 2880 1951 non
2907 1907 3164 1967 possunt;
3195 1912 3260 1954 ac
3286 1912 3384 1967 per
3425 1898 3529 1955 hoc
3546 1907 3617 1954 et.

2022 1988 2154 2044 ﬁdes
2174 1996 2313 2043 orat.
2342 1989 2634 2059 Propterea
2655 1990 2850 2059 quippe
2870 1989 3067 2043 dictum
3094 1999 3198 2059 est,
3232 1990 3496 2057 Quomodo
3519 1992 3606 2046 in-

2022 2077 2285 2145 oocabunt,
2309 2079 2364 2132 in
2390 2094 2536 2148 quem
2561 2095 2663 2133 non
2682 2079 3038 2132 crediderunt?

2091 2168 2320 2226 CAPUT
2359 2168 2494 2224 VH].
2518 2199 2591 2210 —
2630 2168 2890 2225 Generalis
2936 2171 3207 2241 explicatio
3257 2172 3399 2241 ﬁdei,
3422 2174 3530 2245 spei
3557 2183 3610 2231 et

2024 2263 2305 2332 charitatis,
2332 2270 2378 2318 et
2400 2279 2572 2318 earum
2593 2279 2771 2318 nemus.
2802 2263 2941 2332 Quid
2975 2273 3156 2320 autem
3185 2267 3396 2335 sperari
3428 2274 3609 2336 potest

2023 2357 2166 2426 quod
2192 2371 2299 2412 non
2341 2358 2618 2413 creditur?
2648 2358 2816 2413 Porro
2852 2357 3053 2428 aliquid
3097 2360 3258 2414 etiam
3304 2360 3446 2430 quod
3491 2375 3605 2418 non

2026 2457 2289 2519 speratur,
2318 2449 2464 2505 credi
2491 2457 2688 2520 potest.
2717 2448 2848 2515 Quis
2873 2464 3106 2519 namque
3154 2450 3387 2506 ﬁdelium
3416 2467 3608 2522 poenas

2026 2553 2133 2594 non
2159 2539 2331 2594 credit
2356 2540 2673 2610 impiorum?
2703 2554 2800 2595 nec
2829 2549 3009 2610 sperat
3039 2549 3239 2606 tamen,
3272 2549 3326 2597 et
3367 2542 3610 2614 quisquis

2026 2644 2120 2684 eas
2138 2630 2417 2687 imminere
2447 2632 2550 2687 sibi
2564 2630 2736 2687 credit
2758 2645 2822 2687 ac
2847 2632 3019 2702 fugaci
3040 2641 3189 2687 motu
3214 2634 3382 2688 animi
3410 2635 3612 2690 exhor-

2026 2729 2129 2787 ret,
2158 2722 2359 2777 rectius
2386 2721 2578 2777 timere
2600 2722 2796 2777 dicitur
2831 2736 2991 2792 quam
3042 2736 3279 2794 sperare.
3319 2723 3451 2790 Qua:
3502 2724 3612 2783 duo

2028 2811 2243 2883 quidam
2272 2813 2604 2884 distinguens
2620 2814 2641 2845 ³
2674 2813 2781 2867 ait:

2517 2926 2674 2977 Liceat
2695 2936 2896 2977 soerare
2916 2928 3125 2977 timenti.

2753 2997 2985 3049 Lucanus,
3009 2986 3228 3041 Pharsat.
3256 2988 3337 3043 no.
3362 2990 3409 3054 2,
3436 3003 3480 3043 a.
3507 2991 3612 3055 ut.)

2029 3089 2144 3144 Non
2174 3099 2350 3146 autem
2371 3090 2437 3147 ab
2453 3091 2558 3147 alio
2583 3101 2759 3162 poeta,
2803 3093 3052 3163 quamvis
3089 3095 3311 3152 meliore
3336 3136 3352 3164 ,
3399 3098 3612 3168 proprie

2029 3180 2229 3235 dictum
2259 3190 2378 3235 est:

2120 3302 2254 3344 Hunc
2279 3306 2374 3357 ego
2393 3294 2436 3346 si
2458 3294 2597 3358 potui
2617 3302 2803 3358 tantum
2824 3307 3026 3358 sperare
3048 3295 3283 3358 dolorem.

2579 3355 2806 3421 (νέφει,
3040 3357 3118 3409 tib.
3143 3359 3192 3422 4,
3216 3373 3260 3410 υ.
3280 3360 3412 3425 419.)

2030 3458 2268 3529 Denique
2290 3459 2531 3514 nonnulli
2584 3460 2636 3514 in
2694 3469 2809 3517 arte
2855 3464 3201 3532 grammatica
3246 3463 3395 3521 verbi
3447 3465 3606 3540 hujus

2030 3560 2250 3607 utuntur
2276 3553 2521 3624 exemplo
2552 3552 2618 3608 ad
2646 3554 3030 3610 ostendendam
3049 3558 3396 3631 improprium
3423 3560 3619 3619 dictio-

2030 3659 2172 3711 nem,
2204 3655 2256 3699 et
2281 3645 2448 3711 aiunt,
2473 3644 2695 3715 Sperare
2718 3646 2852 3701 dix‘it
2910 3663 3007 3718 pro
3053 3650 3258 3706 timere.
3303 3651 3400 3706 Est
3436 3655 3616 3725 itaque

2029 3735 2161 3789 ﬁdes
2188 3745 2242 3790 et
2262 3738 2519 3792 malarum
2552 3753 2753 3805 rerum,
2783 3748 2836 3793 et
2862 3740 3123 3795 bonarum
3159 3762 3171 3796 :
3203 3743 3324 3813 quia
3366 3753 3422 3800 et
3472 3746 3617 3802 bona

2031 3826 2338 3892 creduntur,
2368 3837 2421 3880 et
2442 3827 2602 3894 mala;
2626 3836 2680 3882 et
2706 3828 2809 3883 hoc
2841 3829 2943 3883 [ide
2961 3830 3122 3898 bona,
3157 3847 3261 3887 non
3311 3834 3468 3889 mala.
3518 3836 3614 3892 Est

2032 3918 2189 3972 etiam
2222 3918 2352 3972 ﬁdes
2378 3929 2430 3972 et
2471 3921 2854 3987 przeteritarum
2885 3935 3061 3972 rerum
3093 3957 3109 3984 ,
3142 3930 3196 3975 et
3227 3906 3568 3991 praesentium
3594 3970 3612 3997 ,

2032 4020 2085 4064 ct
2121 4009 2435 4063 futurarum.
2479 4007 2759 4064 Credimus
2810 4011 2950 4063 enim
3002 4010 3274 4069 Christum
3302 4025 3611 4086 mortuum;

2032 4101 2171 4171 quod
2197 4101 2305 4170 jam
2360 4099 2651 4170 praeteriit;
2693 4100 2960 4156 credimus
3000 4102 3189 4158 sedere
3231 4105 3297 4159 ad
3337 4106 3616 4165 dexteram

2033 4192 2397 4263 Patris;quod
2424 4209 2560 4248 nunc
2580 4204 2663 4250 est
2688 4212 2700 4247 :
2727 4194 2994 4249 credimus
3047 4204 3326 4252 venturum
3365 4198 3432 4254 ad
3464 4199 3617 4269 judi-

2033 4283 2326 4351 candum‘;
2359 4284 2499 4355 quod
2521 4286 2749 4340 futurum
2775 4294 2873 4341 est.
2899 4285 3030 4341 Item
3059 4287 3189 4343 ﬁdes
3208 4299 3261 4343 et
3289 4305 3504 4345 suarum
3532 4308 3621 4349 re-
3722 4330 3729 4333 τ

2006 4382 2151 4433 ‘rum
2180 4387 2280 4445 est,
2312 4378 2695 4433 etalienarum.
2722 4378 2852 4433 Nam
2882 4388 2937 4434 et
2960 4395 3019 4435 se
3057 4382 3280 4451 quisque
3307 4382 3475 4438 credit
3518 4384 3620 4439 ali-

2034 4469 2246 4540 quando
2275 4483 2393 4524 esse
2415 4469 2663 4540 coepisse,
2697 4484 2796 4524 nec
2815 4468 2976 4525 fuisse
2996 4470 3176 4540 utique
3202 4471 3616 4541 sempiternum;

2033 4570 2087 4617 et
2114 4562 2267 4629 alios,
2296 4571 2454 4630 atque
2476 4562 2578 4615 alia
2606 4562 2626 4592 ⁸
2653 4580 2665 4615 :
2700 4576 2796 4615 nec
2819 4563 2989 4616 solum
3034 4564 3100 4617 dc
3150 4564 3267 4618 aliis
3313 4564 3617 4633 hominibus

2034 4652 2221 4718 multa,
2250 4666 2369 4722 qua:
2399 4650 2462 4705 ad
2492 4651 2802 4721 religionem
2856 4652 3126 4721 pertinent
3150 4652 3191 4718 ⁸,
3223 4667 3409 4709 verum
3449 4656 3612 4711 etiam

2097 4827 2113 4858 ¹
2152 4823 2337 4888 Aliquot
2361 4832 2490 4888 Mss,
2512 4832 2635 4888 Nam
2649 4836 2761 4888 ecce
2778 4823 2871 4875 ibi.
2897 4824 3111 4888 Quidam,
3137 4832 3255 4888 Nam
3273 4839 3383 4877 ecce
3399 4833 3444 4888 et
3467 4824 3579 4879 ’

2098 4889 2121 4919 ³
2151 4884 2301 4949 Editi,
2342 4884 2583 4938 dominica
2619 4885 2787 4937 oratio.
2823 4888 3000 4949 Abest,
3035 4884 3291 4946 dominica,
3316 4899 3345 4937 a
3367 4887 3621 4953 plerisque

2035 4954 2203 5059 ΜεῖἸη
2228 5010 2440 5067 excusis,
2467 5018 2682 5059 Lucanus
2716 5006 3033 5071 distinguens.
3064 5015 3159 5057 Non
3177 5010 3448 5071 nominatur
3470 5021 3621 5066 Luca-

2035 5083 2125 5139 nus
2146 5074 2323 5139 inotss.
2338 5106 2352 5129 ,
2372 5071 2463 5120 sed
2485 5072 2593 5133 ejus
2616 5071 2821 5139 nominis
2837 5068 2946 5139 loco
2960 5070 3185 5139 habetur,
3455 5134 3465 5139 Α
3518 5098 3523 5103 -

2098 5133 2120 5164 δ
2154 5132 2290 5193 Editi,
2320 5140 2445 5194 post,
2470 5129 2719 5181 venturum
2738 5129 2805 5179 ad
2830 5130 3175 5194 judicandum,
3190 5129 3401 5197 addunt,
3418 5134 3547 5187 vivos
3569 5142 3617 5188 et

2307 5260 2353 5303 et
2387 5252 2644 5319 aliamque
2661 5251 2778 5319 alia.
2808 5260 2860 5302 Al.
2881 5260 3011 5314 Mss,
3034 5260 3081 5305 et
3123 5257 3242 5307 alios
3265 5257 3472 5319 (supple
3489 5292 3505 5318 ,
3529 5258 3619 5308 hoc

2036 5316 2235 5387 mines),
2276 5321 2419 5378 atque
2458 5313 2599 5387 aliut
2624 5314 2809 5387 scilicet
2832 5313 3003 5365 rerum
3020 5329 3210 5381 genera
3233 5313 3618 5383 esse'étepisse,

2036 5389 2130 5446 nec
2151 5374 2298 5446 fuisse
2320 5374 2694 5446 s'empiterna.)._

2100 5440 2122 5470 ⁶
2153 5438 2281 5504 istud
2300 5475 2314 5498 ,
2341 5436 2535 5504 quand
2554 5436 2831 5504 religionem
2850 5440 3110 5504 pertinent,
3131 5442 3378 5504 reperitur
3395 5441 3446 5489 in
3468 5442 3620 5491 omni-

2037 5500 2130 5549 bus
2151 5500 2284 5547 libris
2307 5500 2494 5553 scriptis
2520 5504 2569 5546 et
2608 5501 2819 5549 excusis.
2845 5500 3218 5551 Glosscma’esse
3242 5500 3435 5551 volebat
3457 5503 3617 5553 Lamb.

2038 5568 2269 5625 Danteus,
2297 5562 2378 5623 qui
2405 5559 2536 5625 hunc
2557 5559 2739 5625 etalios
2759 5562 3069 5625 quannplures
3088 5560 3219 5612 locos
3240 5565 3400 5612 animo
3423 5571 3621 5614 vexant

2039 5620 2394 5683 minimamque
2418 5628 2470 5672 et
2492 5620 2697 5673 liberali.
2776 5620 2791 5624 ⁷
2903 5620 2917 5631 ⁷
3304 5688 3305 5691 η

2943 5707 3207 5789 (Huit)
