4144 6212
569 223 674 279 235

573 337 641 391 de
658 334 855 402 angelis
884 334 1166 388 credimus.
1200 336 1329 402 Spe.
1368 346 1543 386 autent
1589 348 1692 386 non
1737 332 1835 386 nisi
1883 334 2139 387 bonarum

575 443 753 482 rerum
780 436 878 484 est.
915 442 1009 481 nec
1036 428 1134 480 nisi
1157 425 1471 485 futurarum,
1519 434 1571 479 et
1599 424 1663 479 ad
1698 440 1818 477 eunt
1876 424 2146 491 pertinen-

575 521 703 574 tium
730 520 816 589 qui
844 534 1023 572 earum
1046 534 1193 585 spent
1220 533 1407 585 gerere
1435 518 1758 583 perhibi-tur.
1787 516 1913 580 Qun!
1932 531 2049 571 cum
2071 517 2141 569 ita

573 613 701 675 sint,
726 619 938 680 propter
963 609 1056 663 bas
1090 623 1275 662 causas
1329 607 1695 676 distingUenda
1732 608 1843 660 erit
1898 605 2031 661 ﬁdes
2076 605 2142 659 ab

569 703 725 769 spe‘,
773 701 911 753 sicut
959 698 1247 761 vocabulo,
1290 697 1362 751 ita
1398 708 1452 753 et
1493 697 1788 751 rationabili
1819 696 2138 753 diﬁ‘erentia.

569 791 700 846 Nam
729 789 869 858 quod
897 789 1085 843 attinet
1106 790 1171 843 ad
1202 804 1305 843 non
1330 788 1530 850 videre,
1558 789 1670 844 sive
1686 804 1804 857 quae
1831 788 2137 854 creduntur,

566 881 685 937 sive
704 895 822 950 quae
850 888 1148 949 sperantur,
1176 878 1298 935 ﬁdei
1341 880 1561 949 speique
1605 895 1888 935 commune
1936 888 2037 935 est.
2082 879 2141 933 In

565 972 799 1043 Epistula
821 972 1015 1042 quippe
1039 971 1107 1026 ad
1136 971 1390 1027 Hebraeos
1410 1012 1424 1037 ,
1455 987 1557 1041 qua
1587 979 1719 1026 teste
1755 973 1834 1025 usi
1857 980 1980 1025 sunt
2022 971 2143 1025 illu-

564 1071 704 1119 stres
734 1062 1009 1118 catholicae
1035 1062 1251 1131 Regulae
1271 1063 1291 1093 ²
1318 1060 1651 1127 defensores,
1683 1061 1812 1116 ﬁdes
1852 1076 1973 1117 esse
2001 1060 2140 1115 dicta

567 1162 653 1211 est
675 1151 932 1209 Conuiuia
959 1166 1125 1207 rerum
1154 1168 1268 1221 quat
1284 1167 1385 1207 non
1427 1152 1656 1206 videnlur
1691 1151 1888 1222 (Hebr.
1933 1167 2007 1217 xi,
2049 1150 2138 1219 1).

563 1245 816 1312 Quamvis
831 1245 1043 1315 quando
1068 1260 1129 1299 se
1152 1245 1373 1314 quisque
1399 1259 1507 1299 non
1524 1245 1725 1311 verbis,
1759 1260 1864 1300 non
1892 1244 2138 1311 testibus,

563 1354 670 1393 non
696 1337 928 1405 denique
951 1337 1075 1391 ullis
1095 1336 1438 1405 argumentis,
1471 1336 1566 1391 sed
1595 1335 1939 1405 praesentium
1960 1348 2143 1388 rerum

566 1428 845 1485 evidentiae
865 1426 1175 1490 credidisse,
1205 1426 1308 1481 hoc
1333 1435 1416 1481 est
1442 1468 1457 1492 ,
1495 1426 1662 1481 ﬁdem
1703 1424 2143 1481 accommodasse

563 1523 709 1587 dicit,
737 1536 844 1575 non
870 1521 943 1574 ita
971 1519 1177 1575 videtur
1203 1519 1466 1573 absurdus
1486 1519 1527 1585 ³,
1554 1528 1609 1572 ιιι
1624 1529 1769 1573 recte
1787 1516 2138 1587 reprehenda-

566 1621 652 1667 tur
675 1613 728 1666 in
758 1611 947 1674 verbo,
976 1609 1131 1677 eique
1150 1608 1376 1672 dicatur,
1411 1607 1619 1671 Vidisti;
1653 1622 1783 1676 ergo
1810 1622 1915 1662 non
1966 1606 2141 1663 credi-

514 1740 521 1745 -
560 1701 684 1757 disti
718 1718 730 1753 :
756 1698 892 1753 unde
916 1698 1089 1767 putari
1123 1706 1296 1766 potest
1316 1710 1423 1751 non
1440 1712 1561 1752 esse
1589 1712 1924 1766 consequens
1951 1705 2008 1751 ut
2025 1711 2131 1752 non

562 1790 800 1847 videatur
826 1804 913 1842 res
932 1803 1277 1857 quascumque
1324 1787 1579 1843 creditur.
1625 1786 1731 1842 Sed
1779 1788 1967 1843 melius
2004 1786 2142 1843 hanc

514 1935 525 1941 -
559 1883 894 1951 appellamus
921 1880 1097 1944 ﬁdem,
1128 1895 1286 1948 quam
1316 1880 1496 1934 divina
1546 1880 1757 1949 eloquia
1810 1879 2137 1947 docuerunt,

559 1987 742 2031 earum
767 1973 971 2028 scilicet
999 1988 1174 2027 rerum
1197 1987 1315 2039 qua:
1343 1988 1444 2026 non
1473 1972 1735 2027 videntur.
1781 1973 1855 2027 De
1879 1987 1977 2041 spe
2003 1986 2137 2041 quo-

559 2063 767 2135 que.ait
806 2063 1130 2130 Apostolus:
1161 2062 1292 2131 Spes
1326 2079 1441 2131 qua:
1465 2063 1678 2128 videtur,
1723 2081 1823 2118 non
1870 2075 1939 2120 est
1982 2081 2093 2133 spes
2120 2080 2138 2117 :

558 2152 692 2223 quod
711 2153 845 2209 enim
872 2153 1002 2206 videt
1029 2153 1157 2223 quis,
1193 2153 1314 2219 quid
1334 2154 1542 2221 sperat?
1569 2154 1630 2207 Si
1658 2162 1824 2207 autem
1862 2154 1997 2223 quod
2038 2170 2136 2207 non

510 2300 517 2307 ,
561 2243 783 2305 videmus
807 2259 1090 2313 speramus,
1122 2259 1211 2312 per
1255 2242 1546 2312 patientiam
1570 2252 1919 2311 exspectamus
1944 2243 2132 2315 (Rom.

560 2333 788 2400 “11,24,
814 2333 932 2405 25).
953 2331 1083 2388 Cum
1113 2350 1241 2402 ergo
1287 2334 1425 2391 bona
1467 2334 1621 2391 nobis
1662 2333 1836 2391 futura
1865 2350 1986 2391 esse
2015 2351 2135 2390 cre-

514 2400 519 2405 O
559 2423 777 2491 duntur,
811 2400 941 2479 nibil
966 2424 1108 2479 aliud
1134 2400 1293 2494 quam
1320 2435 1628 2497 sperantur.
1672 2427 1789 2483 Jam
1831 2427 1899 2482 de
1953 2443 2135 2484 amore

557 2513 684 2586 quid
711 2513 906 2581 dicam,
930 2515 1046 2570 sine
1064 2530 1170 2585 quo
1217 2515 1350 2572 ﬁdes
1378 2517 1507 2573 nihil
1557 2518 1809 2588 prodest?
1837 2519 1972 2589 Spes
2009 2536 2135 2577 vero

556 2620 677 2663 esse
703 2606 819 2663 sine
836 2622 1020 2663 amore
1040 2624 1145 2662 non
1170 2617 1365 2678 potest.
1404 2609 1659 2679 Denique,
1692 2618 1751 2665 ut
1788 2611 1863 2665 ait
1910 2611 2137 2678 Aposto-

506 2746 511 2761 ε
555 2696 640 2754 ius
656 2697 906 2759 Jacobtts.
950 2698 1017 2753 Et
1046 2701 1298 2754 dwmones
1346 2701 1559 2756 credunt
1582 2741 1598 2767 ,
1655 2711 1704 2756 et
1755 2704 2135 2759 contremiscunt

558 2784 771 2857 (Jacobi
800 2802 855 2853 ιι,
892 2787 978 2856 19)
1011 2804 1023 2838 :
1056 2803 1156 2842 nec
1186 2799 1360 2844 tamen
1389 2800 1609 2875 sperant
1654 2792 1740 2847 vel
1778 2803 1992 2858 amant;
2038 2793 2132 2849 sed

552 2877 730 2946 potius
752 2877 893 2946 quod
922 2893 1200 2946 speramus
1247 2889 1301 2937 et
1341 2896 1583 2937 amamus
1631 2883 1898 2938 credendo
1942 2895 2131 2939 ventu-

549 2980 672 3025 rum
693 2980 812 3021 esse
828 2965 1133 3023 formidant.
1169 2962 1398 3038 Propter
1425 2970 1569 3039 quod
1616 2973 1891 3041 apostolus
1936 2974 2130 3029 Paulus

507 3042 521 3122 ς
549 3054 707 3111 ﬁdem
734 3070 851 3125 quae
876 3071 970 3127 per
992 3058 1331 3114 dilectionem
1364 3071 1639 3130 operatur,
1686 3064 1949 3134 approbat
1972 3076 2131 3135 atque

547 3146 886 3200 commendat
913 3146 1121 3217 (Galat.
1149 3166 1204 3216 v,
1238 3148 1318 3221 6),
1350 3167 1468 3220 quae
1512 3154 1693 3223 utique
1734 3155 1849 3211 sine
1888 3173 1982 3227 spe
2021 3174 2128 3215 non

552 3245 728 3304 potest
752 3250 890 3291 esse.
909 3238 1143 3293 Proinde
1179 3254 1277 3294 nec
1304 3257 1456 3295 amor
1486 3243 1603 3299 sine
1630 3258 1725 3314 spe
1749 3257 1850 3312 est,
1876 3263 1974 3304 nec
2013 3249 2129 3304 sine

551 3342 734 3382 amore
760 3343 913 3397 spes,
933 3344 1034 3384 nec
1062 3338 1348 3400 utrumque
1375 3335 1490 3388 sine
1519 3332 1643 3389 lide.

619 3417 843 3474 CAPUT
874 3419 1041 3474 IX.—
1068 3423 1121 3475 ὅ.
1153 3421 1288 3487 Quid
1317 3423 1641 3490 credendum,
1674 3436 1867 3482 servato
1897 3426 2126 3498 Symboli

552 3507 748 3571 ordine,
781 3508 1013 3580 deinceps
1042 3511 1342 3579 explicatur.
1374 3511 1491 3566 Non
1517 3531 1643 3585 opus
1681 3532 1783 3570 esse
1804 3518 2003 3571 curiosa
2040 3519 2123 3573 in-

546 3597 814 3669 quisitione
840 3614 1007 3652 rerum
1036 3600 1368 3657 naturalium.
1387 3602 1673 3660 Christiano
1702 3608 1924 3678 sufﬁcere
1946 3610 1990 3663 si
2016 3626 2123 3664 cre-

543 3688 631 3741 dat
657 3705 687 3741 a
710 3705 899 3743 summe
939 3690 1068 3744 bona
1088 3688 1337 3747 Trinitate
1374 3697 1546 3750 omnia
1591 3708 1759 3781 creata
1784 3715 1888 3755 esse
1909 3741 1924 3768 ,
1970 3716 2124 3770 eaque

542 3776 692 3833 bona.
738 3779 871 3834 Cum
920 3795 1045 3851 ergo
1090 3784 1348 3853 quaeritur
1383 3787 1509 3856 quid
1529 3776 1857 3844 credendum
1887 3791 2121 3862 sitquod

541 3869 607 3924 ad
631 3869 939 3940 religionem
983 3875 1269 3943 pertineat,
1331 3893 1436 3930 non
1484 3894 1659 3933 rerum
1703 3892 1889 3935 natura
1936 3883 2005 3937 ita
2041 3883 2118 3938 ri-

538 3960 730 4017 manda
763 3971 847 4017 est
878 4002 893 4029 ,
942 3964 1390 4034 quemadmodum
1436 3968 1505 4023 ab
1549 3971 1628 4026 eis
1681 3987 1815 4042 quos
1867 3974 2118 4047 physicos

536 4052 706 4108 Graeci
722 4060 945 4109 vocant:
979 4072 1077 4111 nec
1105 4059 1449 4113 metuendum
1477 4072 1560 4115 est
1588 4061 1632 4129 δ,
1665 4080 1732 4119 ne
1753 4066 1952 4137 aliquid
1977 4068 2042 4123 de
2066 4069 2116 4124 vi

532 4151 589 4199 et
616 4158 839 4201 numero
866 4144 1275 4215 elementorum,
1304 4149 1372 4203 de
1424 4161 1571 4204 metu
1620 4163 1779 4224 atque
1825 4158 2012 4214 ordine
2062 4168 2117 4216 et

531 4231 829 4287 defectibus
858 4233 1114 4302 siderum,
1140 4236 1209 4291 de
1235 4237 1400 4306 ﬁgura
1422 4240 1567 4305 coeli,
1614 4243 1683 4298 de
1736 4250 2018 4316 generibus
2060 4260 2115 4307 et

530 4322 733 4377 naturis
753 4322 1083 4391 animalium,
1133 4325 1413 4393 fruticum,
1448 4331 1705 4400 lapidum,
1728 4333 1977 4405 fontium,
2008 4340 2111 4396 ﬁu-

532 4414 759 4483 minum,
785 4416 1065 4484 montium,
1096 4418 1164 4473 de
1190 4419 1376 4488 spatiis
1415 4421 1653 4478 locorum
1683 4435 1737 4481 et
1769 4438 2063 4499 temporum
2088 4474 2105 4502 ,

530 4505 598 4562 de
625 4506 792 4577 signis
820 4508 1204 4565 imminentium
1231 4519 1626 4581 tempestatum,
1657 4526 1709 4573 et
1730 4519 1833 4573 alia
1859 4534 2109 4580 sexcenta

529 4596 599 4653 de
625 4597 690 4652 iis
714 4599 873 4654 rebus
900 4615 1032 4670 quas
1076 4602 1150 4655 illi
1181 4601 1263 4656 vel
1296 4602 1614 4661 invenerunt
1641 4610 1721 4664 vel
1751 4611 2018 4670 invenisse
2050 4633 2109 4673 se

473 4745 476 4748 ,
529 4687 853 4755 existimant,
884 4689 1205 4746 christianos
1234 4692 1479 4762 ignoret;
1504 4698 1627 4767 quia
1658 4716 1756 4755 nec
1799 4703 1898 4772 ipsi
1927 4708 2103 4762 omnia

526 4789 841 4850 repererunt
866 4790 1011 4837 tanto
1039 4784 1360 4840 excellentes
1398 4788 1609 4857 ingenio
1629 4831 1642 4854 ,
1674 4791 1961 4862 ﬂagrantes
1986 4807 2102 4852 stu-

522 4868 632 4936 dio,
655 4869 988 4929 abundanta
1012 4873 1145 4940 otio,
1171 4882 1227 4929 et
1254 4875 1496 4942 quaedam
1529 4879 1760 4933 humana
1797 4885 2102 4953 conjectura

524 4960 923 5034 investigantes,
943 4966 1187 5036 quaedam
1212 4982 1338 5021 vero
1358 4966 1610 5024 historica
1628 4974 1951 5040 experientia
1975 4993 2099 5046 per-

524 5060 929 5120 scrutantes,et
966 5056 1019 5111 in
1065 5058 1147 5113 eis
1195 5073 1314 5127 qua:
1353 5073 1413 5113 se
1457 5060 1730 5117 invenisse
1778 5066 2094 5135 gloriantur,

522 5140 679 5210 plura
706 5143 984 5210 opinantes
1010 5148 1187 5216 potius
1212 5163 1372 5219 quam
1402 5149 1652 5207 scientes.
1678 5151 1820 5211 Satis
1854 5167 1935 5213 est
1956 5159 2098 5216 cbri-

581 5338 602 5370 ι
626 5335 792 5388 Plures
810 5341 937 5397 llas.,
957 5335 1293 5411 disturguatda
1312 5344 1554 5418 eralﬁdes
1574 5347 1634 5399 ab

581 5400 601 5430 ¹
625 5404 1003 5462 quatuor_M§s_.,
1041 5402 1287 5462 catholicae
1308 5405 1425 5462 ﬁdet
1459 5422 1515 5458 ac
1542 5423 1657 5462 reau
1730 5446 1743 5461 .

580 5400 601 5430 ¹
625 5404 1023 5476 Qualu°’..."ss..;z.
1041 5400 1287 5476 αέἷηφίίξαέ
1459 5422 1515 5476 (ξε
1542 5400 1751 5476 regnat:
1776 5415 1905 5476 Apud
1931 5424 2090 5476 Ausu-

500 5456 696 5541 ‘stipurn
713 5457 891 5541 tte-Qua
914 5456 1025 5541 ﬁdat
1047 5460 1283 5541 soletldici
1307 5456 1806 5541 amabamus;

579 5520 694 5601 ἷὲἑο
722 5520 953 5601 mai?“
968 5527 1072 5601 "se
1099 5523 1217 5601 liii“
1239 5520 1372 5601 Υβνόν
1396 5520 1676 5601 maritimi-
1722 5520 1781 5601 ἶ

575 5580 600 5612 δ
621 5582 702 5655 uie
723 5583 848 5645 apud
872 5592 971 5655 sm:
1006 5589 1078 5655 Er.
1104 5590 1210 5634 Lor.
1238 5594 1288 5635 et
1320 5580 2087 5655 Αίςιιηεαάὶιιιιξξααὲιηατίηιοαιιιη

515 5638 576 5690 ab
596 5638 776 5694 eisdem
802 5656 820 5698 .'
843 5645 973 5711 quod
990 5644 1233 5711 glossema
1252 5661 1347 5700 non
1367 5638 2000 5711 Μῦεῖιῖἰῖιξιέἷᾶἐῖίῖἶῖί

1064 221 1514 285 ΕΝειίΗΙΒΙΒΙΟΝ,
1557 221 1708 276 SIVE
1752 221 1839 276 DE
1880 221 2058 285 FIDE,
2102 221 2229 279 SPE
2269 224 2356 280 ET
2394 228 2807 303 CIIARITATE,
2851 237 2907 291 S.
2951 238 3316 298 AUGUSTINI
3396 266 3403 271 λ

3712 247 3821 309 236

2255 338 2426 391 stiano
2456 357 2632 397 rerum
2659 358 2956 404 creatarum
2987 366 3197 407 causam
3216 395 3231 421 ,
3255 355 3367 411 sive
3392 356 3691 414 emicatium
3711 362 3829 420 sive

2256 434 2585 489 terrestrium
2610 478 2624 501 ,
2657 439 2772 495 sive
2813 443 3098 499 visibilium
3143 448 3255 502 sive
3300 450 3679 520 invisibllium,
3721 471 3831 514 non

2246 522 2353 574 nisi
2381 524 2669 582 bonitatem
2694 532 2915 588 credere
2943 536 3213 593 Creatoris
3232 581 3245 606 ,
3294 542 3383 611 qui
3412 552 3495 597 est
3520 544 3832 605 Deus'unt‘ts

2250 622 2304 665 et
2330 628 2518 683 verus;
2550 620 2856 693 nullamque
2883 640 3003 681 esse
3027 637 3271 684 naturam
3295 646 3415 701 qute
3444 648 3550 705 non
3599 645 3689 692 aut
3716 638 3833 709 ipse

2252 703 2340 767 sit,
2368 715 2456 759 aut
2476 708 2543 762 ab
2582 711 2697 789 ipso
2726 730 2738 765 :
2764 730 2995 786 eumque
3043 732 3164 775 esse
3216 703 3532 780 Trinitatem
3557 768 3572 794 ,
3616 703 3831 787 Patrem

2248 792 2472 861 scilicet,
2500 808 2555 852 et
2580 784 2772 857 Filium
2792 820 2822 859 a
2848 784 3005 863 Patre
3026 811 3283 879 genitum,
3312 823 3368 868 et
3404 812 3661 885 Spiritum
3701 834 3829 877 san-

2249 890 2391 939 ctum
2411 886 2480 941 ab
2505 890 2690 946 eodem
2718 894 2875 949 Patre
2902 900 3276 966 procedentem
3310 905 3349 973 ι,
3371 905 3468 962 sed
3487 922 3651 966 unum
3677 925 3832 969 eum-

2248 973 2478 1046 demque
2505 979 2756 1050 Spiritum
2782 986 2953 1043 Patris
2974 1000 3025 1045 et
3044 991 3186 1047 Filii.

2320 1066 2544 1125 CAPUT
2571 1072 2637 1127 X.
2666 1104 2737 1117 --
2763 1075 2949 1133 Contra
2977 1081 3377 1141 Manio/tamn:
3396 1090 3627 1148 heresim
3645 1095 3830 1152 deeri-

2248 1156 2364 1224 gine
2392 1161 2532 1216 mali.
2561 1163 2646 1219 Ab
2672 1166 2774 1222 hac
2790 1182 3003 1227 summe
3021 1175 3040 1204 ¹
3070 1183 3124 1229 et
3142 1179 3416 1247 aequaliter
3439 1189 3493 1236 et
3520 1184 3830 1244 immutabiq-

2252 1244 2375 1302 liter
2398 1248 2537 1307 bona
2559 1252 2817 1312 Trinitate
2841 1268 3017 1316 creata
3038 1273 3163 1319 sunt
3180 1244 3378 1336 omnia,
3396 1279 3450 1325 et
3469 1285 3824 1347 neesumme,

2250 1352 2349 1393 nec
2385 1344 2693 1412 aqualiter,
2742 1363 2842 1405 nec
2883 1352 3283 1415 immntabillter
3320 1361 3493 1432 bona,
3525 1365 3621 1421 sed

2248 1428 2386 1485 bona
2425 1434 2585 1493 etiam
2617 1438 2826 1509 singula
2857 1461 2871 1496 :
2899 1446 3058 1501 simul
3086 1464 3212 1505 vero
3238 1428 3487 1510 universa
3508 1459 3662 1516 valde
3683 1461 3826 1520 bona

2249 1521 2401 1590 (Gen.
2425 1541 2469 1591 ι,
2512 1527 2600 1601 51)
2626 1549 2639 1595 ;
2672 1534 2793 1601 quia
2822 1550 2887 1590 ex
2917 1541 3166 1597 omnibus
3190 1545 3437 1602 consiﬂit
3463 1550 3823 1610 universitatis

2245 1612 2570 1672 admirabilis
2601 1622 2957 1689 pulchritudo.

2316 1705 2541 1765 CAPUT
2586 1712 2675 1768 XI.
2701 1746 2772 1759 —-
2816 1718 2959 1774 Mala
2996 1740 3091 1778 cur
3128 1742 3235 1782 esse
3268 1731 3401 1786 sinat
3428 1732 3587 1791 Dens.
3618 1735 3821 1795 Malum

2245 1795 2375 1849 nihil
2410 1798 2556 1854 aliud
2591 1806 2692 1858 nisi
2724 1809 2937 1875 privatio
2962 1813 3099 1868 boni.
3128 1815 3184 1870 In
3209 1833 3311 1888 qua
3335 1822 3492 1877 etiam
3522 1826 3653 1882 illud
3677 1829 3822 1898 quod

2244 1889 2442 1944 malum
2469 1891 2662 1949 dicitur
2679 1937 2693 1962 ,
2721 1897 2857 1955 bene
2890 1904 3188 1961 ordinatum
3215 1918 3268 1963 et
3294 1911 3410 1967 loco
3434 1930 3532 1970 suo
3554 1889 3782 1987 positum
3801 1960 3819 1985 ,

2242 1980 2565 2038 eminentius
2611 1991 2949 2048 commendat
2991 1993 3160 2064 bona,
3208 2009 3267 2054 ut
3307 2004 3474 2075 magis
3505 1980 3742 2075 placeant
3765 1980 3822 2070 et

2245 2069 2594 2130 laudabiliora
2655 2081 2764 2135 sint
2817 2082 2941 2139 dum
2995 2102 3373 2159 comparantur
3398 2069 3590 2155 'malis.
3640 2101 3822 2173 Neque

2241 2164 2382 2217 enim
2426 2165 2564 2221 Deus
2603 2172 2968 2244 omnipotens,
3009 2181 3149 2247 quod
3179 2181 3339 2240 etiam
3370 2187 3613 2246 inﬁdeles
3643 2164 3819 2250 faten-

2245 2264 2347 2319 tur,
2386 2272 2567 2315 rerum
2595 2262 2679 2317 cui
2706 2279 2910 2321 summa
2939 2279 3174 2337 potestas
3203 2274 3444 2349 (Virgi[.,
3478 2280 3692 2338 Eueni.
3723 2284 3814 2341 lib.

2242 2345 2329 2409 10,
2372 2347 2406 2416 ᾖ
2432 2386 2445 2401 .
2480 2350 2639 2423 100),
2663 2368 2781 2409 eum
2811 2370 3018 2414 summe
3051 2360 3219 2418 bonus
3248 2345 3345 2431 sit,
3363 2370 3469 2424 ullo
3496 2373 3657 2430 modo
3679 2375 3820 2433 sine-

2240 2444 2323 2489 ret
2362 2439 2489 2493 mali
2532 2441 2729 2512 aliquid
2773 2460 2893 2501 esse
2940 2449 2991 2503 in
3032 2454 3282 2521 operibus
3319 2459 3467 2525 suis,
3512 2464 3612 2517 nisi
3651 2481 3820 2536 usque

2236 2526 2373 2583 adeo
2412 2540 2554 2587 esset
2588 2535 2927 2606 omnipotens
2963 2551 3017 2595 et
3049 2543 3222 2600 bonus
3245 2588 3259 2613 ,
3292 2556 3352 2603 ut
3375 2550 3513 2608 bene
3538 2526 3747 2612 faceret
3766 2566 3819 2619 et

2237 2617 2304 2674 de
2327 2622 2466 2676 malo
2489 2622 2529 2675 ³.
2557 2624 2693 2693 Quid
2723 2638 2805 2683 est
2833 2639 3006 2687 autem
3033 2635 3173 2690 aliud
3200 2640 3339 2707 quod
3369 2643 3565 2698 malum
3587 2617 3816 2717 dicitur,

2239 2710 2342 2765 nisi
2385 2714 2608 2781 privatio
2650 2717 2819 2774 boni?
2844 2720 2976 2777 Nam
3005 2727 3143 2781 sicut
3171 2732 3483 2801 corporibus
3509 2710 3816 2798 animalium

2237 2802 2368 2859 nihil
2409 2815 2493 2861 est
2517 2808 2661 2863 aliud
2689 2812 2887 2869 morbis
2915 2824 2972 2870 et
2997 2818 3304 2877 vulneribus
3327 2825 3466 2881 afﬁci
3489 2869 3504 2896 ,
3535 2845 3692 2899 quam
3722 2847 3814 2889 sa-

2198 2928 2201 2935 ι
2236 2894 2403 2953 nitate
2439 2899 2637 2968 privari
2686 2902 2878 2973 (neque
2905 2908 3047 2962 enim
3080 2910 3130 2964 id
3157 2914 3362 2983 agitur,
3390 2894 3508 2973 cum
3533 2894 3813 2980 adhibetur

2234 2991 2438 3043 curatio
2457 3029 2475 3056 ,
2527 3000 2584 3046 ut
2623 2995 2759 3048 mala
2788 2997 2885 3051 ista
2916 3015 3035 3069 quae
3062 3004 3303 3071 inerant,
3330 3009 3381 3063 id
3408 3021 3488 3065 est
3508 3053 3523 3079 ,
3554 3014 3725 3070 morbi
3748 3032 3812 3074 ac

2236 3080 2452 3136 vulnera
2500 3084 2756 3141 recedant
2795 3086 2953 3153 hinc,
3000 3102 3054 3147 et
3093 3096 3218 3151 alibi
3247 3099 3390 3166 sint;
3426 3101 3521 3157 sed
3551 3104 3729 3175 utique
3754 3116 3809 3164 ut

2233 3185 2340 3225 non
2363 3172 2486 3227 sint.
2514 3174 2629 3229 Non
2660 3179 2801 3232 enim
2830 3182 2936 3236 ulla
2968 3184 3281 3253 substantia,
3310 3190 3403 3246 sed
3431 3172 3657 3251 carnalis
3683 3192 3805 3254 sub-

2232 3263 2440 3316 stantize
2479 3266 2661 3320 vitium
2702 3278 2783 3323 est
2813 3274 3008 3328 vulnus
3035 3286 3125 3331 aut
3150 3280 3368 3336 morbus
3401 3298 3415 3335 :
3443 3288 3561 3340 cum
3588 3302 3711 3345 caro
3739 3291 3808 3347 sit

2231 3352 2343 3421 ipsa
2387 3355 2681 3412 substantia
2703 3400 2718 3425 ,
2766 3363 3002 3429 profecto
3031 3368 3241 3438 aliquod
3274 3371 3471 3430 bonum
3498 3376 3522 3409 ⁵
3549 3380 3633 3434 cui
3663 3385 3800 3438 acci-

2230 3441 2362 3498 dunt
2384 3444 2481 3499 ista
2501 3448 2635 3500 mala
2657 3490 2671 3515 ,
2702 3450 2755 3504 id
2781 3461 2861 3506 cst
2886 3456 3210 3524 privationes
3231 3461 3347 3533 ejus
3372 3463 3497 3521 boni
3518 3470 3658 3539 quod
3678 3472 3781 3529 dici

2229 3540 2312 3589 tur
2336 3536 2553 3607 sanitas)
2579 3555 2594 3605 ;
2624 3539 2693 3594 ita
2722 3551 2776 3596 et
2797 3545 3094 3603 animorum
3122 3565 3469 3627 quaecumque
3494 3536 3620 3616 sunt
3646 3562 3800 3634 vitia,

2227 3628 2545 3683 naturalium
2588 3641 2715 3687 sunt
2735 3635 3063 3705 privationes
3092 3640 3354 3702 bonorum
3384 3665 3397 3702 :
3426 3665 3543 3720 quae
3566 3666 3687 3709 cum
3713 3628 3801 3711 sa;

2225 3727 2437 3781 nautur,
2455 3734 2559 3774 non
2577 3722 2754 3792 aliquo
2770 3727 3187 3800 transferuntur;
3206 3735 3301 3791 sed
3316 3750 3378 3792 ea
3396 3754 3513 3810 quae
3537 3741 3609 3798 ibi
3627 3755 3799 3814 erant,

2224 3821 2486 3876 nusquam
2523 3822 2716 3878 erunt,
2756 3817 2968 3884 quando
3011 3819 3064 3875 in
3094 3820 3181 3876 illa
3214 3826 3440 3883 sanitate
3465 3844 3573 3887 non
3619 3846 3798 3893 erunt.

2292 3897 2517 3956 CAPUT
2565 3900 2678 3956 XII.
2709 3933 2780 3945 ——
2807 3907 2860 3961 4.
2882 3904 3136 3965 Creatura:
3162 3929 3331 3971 omnes
3358 3916 3530 3986 bene,
3564 3925 3656 3977 sed
3680 3929 3799 3996 quia

2222 4004 2323 4044 non
2373 4006 2566 4047 summe
2607 3993 2750 4049 bona:
2769 4037 2783 4062 ,
2810 3997 2922 4054 ideo
2962 4004 3324 4074 corruptibiles.
3376 4006 3588 4068 Natum
3636 3993 3797 4086 igitur

2220 4093 2407 4136 omnes
2429 4121 2446 4147 ,
2490 4085 2737 4152 quoniam
2764 4096 3065 4146 naturarum
3093 4106 3308 4163 prorsus
3333 4101 3570 4158 omnium
3596 4085 3795 4163 Oundl-

2221 4180 2304 4242 tor
2326 4189 2533 4229 summe
2560 4176 2731 4233 bonus
2753 4187 2866 4247 est,
2898 4180 3050 4238 bonae
3070 4194 3194 4241 sunt
3223 4203 3236 4240 :
3265 4188 3361 4244 sed
3379 4192 3500 4262 quia
3528 4210 3633 4251 non
3654 4197 3794 4256 sicut

2216 4278 2399 4321 earum
2425 4266 2679 4323 Conditor
2702 4286 2909 4328 summe
2928 4286 3086 4346 atque
3110 4278 3610 4343 incommutabiliter
3633 4289 3789 4349 bonae

2215 4364 2338 4410 sunt
2361 4397 2377 4423 ,
2424 4357 2546 4412 ideo
2587 4360 2640 4414 in
2678 4362 2759 4416 eis
2792 4373 2847 4418 et
2883 4366 3049 4432 minui
3078 4369 3277 4427 bonum
3304 4383 3358 4430 et
3386 4380 3563 4448 augeri
3588 4392 3784 4451 potest.

2212 4445 2318 4502 Sed
2359 4448 2557 4504 bonum
2580 4451 2601 4481 ⁵
2630 4452 2791 4507 minui
2821 4456 3018 4511 malum
3045 4471 3165 4528 est;
3197 4445 3475 4535 quamvis,
3501 4445 3784 4543 quantum-

2212 4553 2440 4609 cumque
2484 4542 2782 4611 minuatur,
2833 4561 3104 4604 remaneat
3141 4553 3337 4625 aliquid
3368 4542 3585 4619 necesSe
3609 4574 3690 4620 est
3718 4568 3787 4641 (si

2210 4630 2385 4684 adhuc
2429 4641 2613 4686 natura
2657 4633 2761 4706 est)
2803 4636 2941 4690 unde
2983 4647 3169 4696 natura
3204 4644 3291 4699 sit.
3319 4647 3501 4721 Neque
3532 4630 3785 4723 enim,‘si

2210 4723 2611 4794 qualiscumque
2652 4734 2706 4778 et
2744 4729 3223 4803 quantulacumque
3265 4750 3449 4798 natura
3489 4754 3611 4812 est,
3652 4763 3781 4804 con-

2208 4815 2348 4868 sumi
2389 4814 2586 4870 bonum
2632 4830 2739 4885 quo
2764 4817 2785 4848 ⁶
2818 4828 3003 4876 natura
3046 4831 3128 4878 est
3164 4866 3178 4891 ,
3227 4827 3327 4884 nisi
3365 4844 3418 4888 et
3446 4835 3559 4906 ipsa
3585 4855 3780 4896 consu-

2269 5035 2288 5110 ί
2310 5041 2412 5110 ρυο
2430 5046 2493 5110 ως
2512 5035 2745 5110 Vaticanis
2766 5046 2891 5099 λιες..
2911 5044 2957 5091 ει
3122 5048 3469 5110 ἒνωξάαίεαο

2267 5097 2288 5127 ²
2305 5101 2417 5167 toy.
2445 5097 2884 5175 etnarumsuplmta.
2898 5106 3069 5175 optim.
3343 5097 3555 5175 etis"
3576 5128 3777 5173 mne.

2203 5160 2257 5206 Et
2274 5158 2347 5221 sic
2370 5157 2464 5221 in}
2492 5162 2622 5206 Sent.
2637 5157 2695 5208 'd.
2719 5160 2796 5221 46,
2822 5176 2865 5211 c.
2892 5157 2969 5214 Est
2991 5165 3133 5216 enim.

2268 5219 2287 5297 ξ
2310 5218 2662 5297 Area}?-
2683 5229 2735 5297 εὶ
2954 5228 3276 5297 Ψιεβάάέιιιι
3294 5231 3389 5297 θος
3408 5232 3543 5285 ιοοοε
3564 5244 3636 5290 De
3659 5240 3778 5296 bona

2199 5278 3517 5363 ηςεξυςεεινίιίιξτρξιςεερςιμτειςεηςφάμ

2201 5340 3183 5424 1’2“!!€€'1‘i..‘3££‘3{_’“t€€’99_WW
3203 5340 3778 5424 πέιέάὶῆνξῖζιῖιὲἶᾶἶὶἑῖιᾶ

2199 5410 2268 5451 est
2292 5410 2693 5469 cumettaruatur.
2714 5409 2929 5468 Ineptum
2951 5409 3205 5469 glossema.

2262 5468 2283 5493 ⁸
2306 5465 2441 5536 Editi,
2466 5465 2632 5542 bonum
2664 5465 3000 5542 ςδῑηιῐεώιιιῐι.
3025 5477 3111 5542 est,
3139 5479 3469 5536 mouimus
3486 5489 3773 5542 auctoritate

2197 5527 2623 5589 nianuscriptorum
2644 5527 2853 5589 plurium
2875 5538 2926 5579 et
2947 5527 3218 5584 meliorum;

2260 5588 2280 5654 ξ
2308 5588 2657 5654 vetustissimus
2680 5588 2803 5654 liber
2822 5589 3137 5654 colbertinus,
3159 5596 3294 5650 ωηο.

2262 5646 2282 5677 θ
2306 5652 2372 5697 tta
2395 5661 2517 5698 unus
2541 5662 2605 5699 ex
2628 5651 2875 5704 Vaticanis.
2899 5661 2957 5705 At
2976 5661 3081 5708 llos.
3106 5646 3269 5714 aditet
3281 5646 3428 5729 Etim,
3446 5667 3593 5734 quod.
