4144 6212
239 415 434 462 matur
460 446 475 471 ,
504 415 696 479 potest.
729 408 921 466 Merito
948 413 1145 485 quippe
1174 424 1358 472 natura
1389 417 1692 488 incorrupta
1725 421 1840 474 lau-

238 495 411 551 datur
453 517 470 554 :
500 515 660 569 porro
689 502 735 555 si
761 511 816 556 et
847 503 1265 574 incorruptibilis
1293 509 1390 575 sit,
1424 525 1541 580 qua:
1571 515 1841 584 corrumpi

239 587 476 644 omnino
515 606 620 645 non
663 593 863 661 possit,
907 596 1072 650 multo
1099 607 1181 652 est
1209 601 1390 668 procul
1416 603 1575 658 dubio
1599 605 1840 661 laudabi-

243 676 371 732 lior.
420 680 552 735 Cum
597 696 727 737 vero
767 687 1156 755 corrumpitur,
1203 690 1322 744 ideo
1367 694 1562 748 malum
1604 706 1686 750 est
1724 698 1839 767 ejus

242 773 522 840 corruptio
545 811 560 839 ,
604 774 725 842 quia
762 790 878 830 eam
907 778 1282 850 qualicumque
1309 788 1482 854 privat
1503 787 1644 843 bono
1668 807 1682 856 ;
1715 807 1836 846 nam

242 861 286 911 si
339 863 492 915 nullo
531 863 670 918 bono
701 866 897 934 privat,
933 883 1034 923 non
1066 880 1220 927 nocet
1250 891 1263 927 :
1298 886 1451 931 nocet
1478 887 1655 933 autem
1681 897 1695 945 ;
1725 883 1837 936 adi~

245 952 344 1004 mit
371 954 531 1022 igitur
557 955 755 1010 bonum
782 959 822 1009 ί.
851 959 1110 1024 Quamdiu
1132 964 1308 1035 itaque
1331 976 1516 1024 natura
1537 975 1834 1041 corrumpi-

245 1053 363 1110 tur,
407 1046 546 1100 inest
571 1048 619 1101 ei
653 1048 851 1103 bonum
882 1067 987 1120 quo
1018 1056 1256 1122 privetur
1287 1075 1300 1112 :
1329 1074 1391 1114 ac
1421 1076 1516 1130 per
1540 1062 1639 1118 hoc
1667 1064 1711 1116 si
1741 1081 1832 1119 na-

245 1150 380 1192 tum:
420 1140 614 1209 aliquid
645 1145 939 1199 remanebit
967 1149 1109 1215 quod
1135 1149 1242 1216 jam
1271 1155 1537 1223 corrumpi
1569 1166 1828 1224 nequeat,

246 1231 488 1295 profecto
535 1242 717 1286 natura
763 1235 1176 1304 incorruptibilis
1220 1242 1352 1307 erit,
1397 1253 1451 1297 et
1484 1245 1548 1299 ad
1590 1247 1689 1302 hoc
1724 1256 1830 1300 tam

243 1337 498 1392 magnum
546 1324 742 1380 bonum
778 1331 1119 1398 corruptione
1156 1337 1422 1401 perveniet
1454 1339 1494 1391 ¹.
1537 1340 1604 1392 At
1643 1343 1687 1394 si
1714 1355 1833 1396 cor-

243 1414 423 1481 rumpi
457 1429 559 1468 iion
585 1416 811 1483 desinet,
840 1431 939 1474 nec
965 1421 1159 1476 bonum
1184 1423 1379 1481 habere
1398 1429 1579 1498 utique
1599 1431 1825 1498 desinet,

244 1519 352 1571 quo
396 1520 517 1559 eam
563 1509 726 1576 possit
766 1510 973 1578 privare
1012 1518 1302 1586 corruptio.
1342 1519 1509 1584 Quam
1546 1523 1589 1574 si
1618 1526 1828 1592 penitus

247 1607 524 1666 totamque
561 1605 981 1672 consumpserit,
1026 1606 1143 1661 ideo
1178 1610 1379 1665 nullum
1408 1613 1602 1668 bonum
1632 1616 1824 1684 inerit,

246 1689 368 1756 quia
409 1698 596 1744 natura
644 1694 786 1747 nulla
829 1697 951 1751 erit.
991 1697 1246 1763 Quocirca
1285 1703 1480 1758 bonum
1516 1722 1828 1763 consumere

244 1783 516 1848 corniptio
574 1799 676 1837 non
736 1797 911 1854 potest
939 1829 953 1851 ,
1001 1791 1108 1845 nisi
1150 1799 1510 1853 consumendo
1559 1810 1822 1856 naturam.

245 1871 432 1924 Omnis
454 1889 583 1944 ergo
607 1887 791 1931 natura
819 1881 1013 1935 bonum
1041 1894 1123 1937 est
1146 1903 1159 1947 ;
1193 1900 1460 1957 magnum,
1490 1893 1530 1945 si
1556 1897 1824 1964 corrumpi

246 1980 355 2019 non
378 1975 585 2032 potest;
615 1983 836 2038 parvum
861 2013 876 2037 ,
909 1974 952 2028 si
977 1984 1151 2043 potest
1179 1996 1190 2028 ε
1221 1982 1400 2049 nugari
1429 1992 1601 2037 tamen
1630 1986 1824 2040 bonum

246 2073 398 2123 esse,
443 2060 540 2113 nisi
579 2063 740 2117 stulte
777 2076 934 2135 atque
974 2068 1217 2137 intperite
1257 2089 1472 2142 prorsus
1499 2093 1602 2131 non
1627 2089 1822 2148 potest.

247 2148 375 2214 Quae
413 2151 458 2204 si
505 2157 846 2221 corruptione
883 2162 1248 2228 consumitur,
1293 2181 1392 2220 nec
1421 2168 1527 2237 ipsa
1557 2175 1826 2241 corruptio

249 2243 578 2308 remanebit,
609 2247 754 2298 nulla
784 2248 873 2301 ubi
892 2263 1012 2303 esse
1031 2254 1198 2320 possit
1223 2257 1543 2313 subsistente
1574 2273 1757 2317 natura
1781 2266 1822 2319 ³.

313 2335 538 2391 CAPUT
565 2337 699 2391 Xlll.
726 2369 797 2380 -—
819 2341 1032 2396 Nullum
1058 2348 1273 2412 malum,
1303 2352 1402 2404 nisi
1420 2355 1555 2420 quod
1577 2365 1621 2408 et
1643 2357 1824 2412 bonum

243 2428 324 2482 sit.
371 2429 448 2482 Ac
490 2445 584 2498 per
622 2430 724 2486 hoc
760 2433 962 2488 nullum
1003 2446 1083 2491 est
1120 2440 1260 2508 quod
1289 2441 1484 2496 dicitur
1508 2447 1703 2501 malum
1730 2491 1744 2516 ,
1777 2449 1822 2502 si

245 2521 446 2576 nullum
471 2522 542 2575 sit
563 2522 781 2577 bonum.
809 2523 912 2580 Sed
940 2529 1134 2583 bonum
1157 2533 1300 2586 omni
1325 2535 1465 2588 malo
1493 2551 1679 2591 carens
1706 2581 1719 2605 ,
1746 2540 1822 2593 in-

245 2617 452 2680 tegrum
480 2612 676 2668 bonum
703 2623 820 2680 est;
849 2618 935 2670 cui
956 2633 1136 2673 verum
1158 2621 1296 2676 inest
1318 2625 1512 2679 malum
1535 2668 1549 2693 ,
1578 2628 1821 2684 vitiatum

245 2702 325 2756 vel
368 2702 627 2758 vitiosum
659 2704 854 2761 bonum
885 2718 966 2762 est
995 2739 1009 2763 .-
1039 2726 1138 2766 nec
1165 2714 1361 2768 malum
1391 2732 1618 2787 unquam
1647 2730 1822 2790 potest

243 2807 362 2846 esse
391 2793 559 2848 ullum
581 2831 599 2857 ,
637 2796 726 2850 ubi
755 2797 950 2853 bonum
979 2809 1062 2855 est
1091 2803 1314 2858 nullum.
1363 2806 1513 2863 Unde
1552 2825 1640 2865 res
1683 2814 1820 2869 mira

242 2886 554 2951 coniicitur,
589 2896 644 2941 ut
679 2889 800 2957 quia
828 2893 1005 2946 omnis
1027 2904 1239 2962 natura,
1272 2898 1324 2951 in
1350 2909 1603 2968 quantum
1633 2913 1820 2962 natura

242 2984 351 3039 est,
394 2975 592 3032 bonum
621 2989 740 3046 est,
771 2980 902 3036 nihil
936 2985 1077 3040 aliud
1116 2987 1218 3042 dici
1259 2989 1532 3061 videatur,
1583 3011 1706 3051 cum
1741 2999 1821 3053 vi-

243 3066 377 3122 tiosa
422 3078 608 3124 natura
653 3071 791 3126 mala
835 3089 956 3129 esse
996 3087 1183 3133 natura
1224 3081 1449 3150 dicitur,
1491 3087 1593 3141 nisi
1620 3089 1820 3144 malum

243 3171 362 3213 esse
387 3160 528 3230 quod
551 3161 742 3218 bonum
769 3175 852 3220 est
877 3185 890 3221 :
919 3184 1018 3224 nec
1043 3173 1238 3227 malum
1259 3189 1380 3231 esse
1398 3217 1411 3240 ,
1441 3179 1541 3233 nisi
1563 3183 1702 3250 quod
1725 3183 1820 3239 bo-

241 3264 368 3303 num
395 3261 517 3316 est;
549 3255 801 3323 quoidam
829 3260 1004 3314 omnis
1028 3271 1214 3317 natura
1241 3265 1437 3321 bonum
1465 3277 1576 3338 est,
1605 3288 1704 3328 nec
1733 3287 1818 3331 res

242 3343 418 3412 aliqua
461 3347 595 3400 mala
639 3359 815 3417 esset,
847 3353 892 3406 si
921 3368 1008 3408 res
1036 3358 1148 3425 ipsa
1177 3373 1295 3428 quat
1321 3361 1457 3416 mala
1487 3372 1602 3434 est,
1632 3376 1814 3424 natura

243 3447 347 3488 non
372 3444 530 3491 esset.
556 3436 674 3494 Non
705 3441 863 3510 igitur
887 3454 1062 3513 potest
1085 3461 1207 3504 esse
1229 3449 1449 3520 malum,
1482 3457 1585 3513 nisi
1607 3459 1818 3530 aliquod

241 3527 459 3584 bonum.
497 3532 649 3598 Quod
688 3550 807 3590 cum
845 3537 947 3593 dici
988 3539 1230 3598 videatur
1262 3546 1526 3616 absurde,
1558 3527 1818 3612 connexio

241 3631 416 3678 tamen
459 3626 876 3684 ratiocinationis
925 3631 1078 3702 huius
1125 3637 1272 3691 velut
1310 3638 1681 3700 inevitabiliter
1718 3661 1817 3703 nos

239 3716 509 3784 compellit
525 3717 631 3774 hoc
649 3719 850 3777 dicere.
877 3723 940 3777 Et
966 3727 1260 3783 cavendum
1289 3739 1372 3785 est
1395 3773 1410 3799 ,
1436 3747 1502 3788 ne
1523 3733 1817 3795 incidamus

240 3803 291 3870 in
333 3807 476 3861 illam
513 3810 879 3880 propheticaiu
913 3822 1232 3876 sententiam
1255 3863 1269 3887 ,
1304 3823 1394 3878 tibi
1437 3825 1626 3897 legitur
1667 3849 1681 3885 :
1731 3829 1820 3887 γω

237 3898 296 3954 iis
339 3901 427 3970 qui
461 3902 632 3958 dicunt
667 3908 803 3976 quod
837 3909 1026 3964 bonum
1043 3923 1121 3967 est
1149 3917 1368 3985 malum,
1397 3927 1444 3973 et
1471 3922 1606 3990 quod
1628 3925 1817 3979 malum

237 4005 309 4050 est
345 3998 572 4064 bonum;
612 4004 700 4072 qui
737 4005 912 4060 dicunt
947 4011 1172 4067 tmbms
1202 4014 1389 4082 lucem,
1417 4025 1466 4068 et
1495 4017 1652 4071 lucem
1683 4027 1816 4073 tene-

239 4089 393 4156 bras;
422 4092 512 4160 qui
535 4093 703 4148 dicunt
727 4097 874 4152 dulce
892 4115 1143 4170 amarum,
1172 4113 1218 4158 et
1243 4119 1472 4160 amarum
1493 4107 1640 4162 dulce
1662 4107 1813 4180 (Isai.

235 4197 303 4247 ν,
351 4183 470 4253 20).
513 4185 580 4238 Et
603 4194 776 4243 tamen
803 4191 1052 4249 Dominus
1077 4198 1150 4251 ait
1176 4216 1190 4253 :
1222 4198 1394 4254 Malus
1421 4201 1569 4254 homo
1598 4202 1659 4257 de
1683 4203 1817 4258 maio

235 4276 474 4329 thesauris
497 4280 670 4333 cordis
693 4282 768 4335 sui
793 4291 978 4358 profert
1005 4291 1140 4343 mala
1165 4291 1374 4361 (Matth.
1407 4307 1478 4348 χιι
1499 4337 1512 4360 ,
1543 4295 1655 4367 55).
1679 4295 1816 4363 Quid

234 4377 320 4421 est
355 4377 530 4424 autem
558 4372 723 4426 matus
749 4375 895 4431 homo
915 4419 928 4445 ,
959 4381 1060 4434 nisi
1088 4384 1221 4436 mala
1253 4395 1439 4440 natura
1465 4404 1478 4452 ;
1508 4389 1626 4458 quia
1657 4390 1814 4445 homo

235 4471 426 4516 natura
463 4465 590 4518 est?
631 4467 797 4524 Porro
827 4473 869 4524 si
899 4472 1058 4528 homo
1087 4477 1298 4546 aliquod
1326 4480 1519 4534 bonum
1551 4491 1630 4536 est
1650 4525 1663 4548 ,
1693 4483 1815 4552 quia

235 4563 425 4610 natura
447 4567 528 4610 est
543 4597 560 4621 ,
583 4560 709 4628 quid
731 4571 814 4615 est
840 4563 1010 4618 malus
1033 4567 1211 4634 ltomo,
1240 4570 1338 4623 nisi
1359 4571 1553 4626 malum
1577 4573 1814 4630 bonum?

234 4646 436 4702 Tamen
464 4665 585 4705 cum
611 4652 718 4707 duo
737 4655 835 4708 ista
861 4655 1231 4727 discernimus,
1257 4662 1552 4720 invenimus
1574 4681 1670 4722 nec
1691 4668 1814 4723 ideo

235 4741 436 4794 malum
473 4744 594 4810 quia
632 4744 794 4801 ltoino
818 4757 932 4816 est,
961 4765 1060 4806 nec
1086 4753 1205 4808 ideo
1231 4754 1426 4813 bonuut
1453 4761 1571 4830 quia
1604 4763 1814 4832 iniquus

233 4840 354 4892 est;
405 4833 502 4887 sed
544 4834 735 4890 bonum
777 4842 900 4909 quia
943 4841 1135 4906 homo,
1183 4847 1376 4902 malum
1421 4851 1540 4921 quia
1580 4854 1810 4922 iniquus.

232 4922 488 4992 Quisquis
525 4941 652 4995 ergo
691 4927 814 4984 dicit
837 4970 851 4993 ,
884 4933 1074 4988 Malum
1101 4945 1185 4991 est
1213 4937 1477 4996 hominem
1505 4957 1656 5010 esse;
1687 4953 1809 5010 aut,

235 5012 440 5068 Bonum
468 5027 548 5071 est
574 5017 811 5090 iniquum
842 5037 965 5080 esse
994 5043 1006 5078 :
1038 5028 1150 5097 ipse
1171 5030 1352 5085 incidit
1375 5033 1422 5085 in
1455 5033 1811 5103 proplteticam

234 5103 380 5158 illam
424 5111 778 5178 sententiam,
817 5112 904 5168 Va:
930 5116 993 5170 iis
1028 5120 1114 5188 qui
1149 5121 1322 5173 dicunt
1361 5123 1496 5192 quod
1534 5126 1714 5178 bonum
1745 5139 1815 5182 est

230 5197 447 5262 malum,
468 5209 516 5253 et
543 5203 677 5270 quod
702 5207 890 5260 malim:
919 5219 991 5263 est
1013 5211 1214 5266 bonum.
1245 5211 1388 5283 Opus
1415 5213 1552 5270 enim
1584 5217 1672 5272 Dei
1703 5220 1813 5273 cul-

296 5311 314 5342 ι
338 5309 475 5369 Editl,
511 5320 646 5366 nocet
668 5321 827 5369 auum
843 5317 1104 5373 adimenda
1125 5323 1308 5377 bonum.
1329 5328 1621 5392 Castig'antur
1646 5345 1708 5381 ex
1728 5346 1814 5382 ve-

229 5373 422 5420 teribus
439 5371 590 5420 libris-

235 5373 422 5421 laribus
439 5373 590 5425 libris,
1130 5373 1307 5377 ί
1335 5373 1611 5392 ’πυ-ψ-
1649 5373 1708 5381 ν-
1737 5373 1788 5382 ·ν

235 5436 1055 5518 μῖἓὲἷμᾳθὲἕῖρβρνῐυρὲίο
1075 5461 1166 5498 non
1188 5451 1451 5518 perveniet.
1475 5452 1659 5517 Miquot
1691 5463 1814 5518 Mss.

891 5503 1060 5577 istius
1081 5503 1210 5577 Arn-.3
1239 5513 1538 5577 corruptione
1558 5503 1813 5577 ἰηιπηίὲέ

296 5553 489 5632 ξιιοᾴιδ
506 5572 571 5610 ex
585 5553 692 5632 tias.
715 5553 997 5632 castigatus;
1007 5553 1130 5619 Enni
1140 5553 1490 5624 tinguat}:
1497 5553 1819 5632 “statim:

226 5613 363 5688 gutta
401 5631 506 5671 esse
542 5623 710 5687 possit,
731 5613 1459 5685 ’s’atii’iiiérite'7i}2tii}?.-'}EEIEI
1475 5613 1819 5688 ’δῖὲοωιὶἱὲιῖιῖἐ

227 5684 432 5730 ωηερε
453 5684 760 5760 ceri-exerat,
784 5691 941 5760 addita
983 5703 1193 5757 negante
1217 5684 1818 5760 pai‘ticulaisicrubirudici

203 5753 330 5795 ease
350 5744 520 5809 possit,
545 5760 640 5799 non
661 5744 943 5807 subsistente.
959 5744 1152 5808 mittit-ti.

1672 301 1874 360 LIBER
1915 300 2109 364 UNUS.

3423 335 3525 390 €38

1949 430 2071 489 pat,
2109 424 2246 492 quod
2277 435 2357 478 est
2396 427 2586 483 homo:
2612 440 2665 484 et
2697 432 2877 488 vitium
2905 435 3130 494 hominis
3163 442 3357 510 laudat,
3383 451 3524 515 quod

1947 523 2029 566 est
2071 515 2336 584 iniquitas.
2381 519 2565 574 Omnis
2606 523 2782 593 itaque
2822 537 3003 582 natura
3036 573 3050 595 ,
3091 535 3296 589 etiamsi
3337 538 3524 593 vitiosa

1943 615 2055 672 est,
2103 608 2154 659 in
2194 621 2448 678 quantum
2494 622 2679 669 natura
2719 627 2833 684 est,
2881 619 3018 674 bona
3043 632 3160 688 est;
3193 625 3244 680 in
3269 640 3521 696 quantum

1942 699 2127 753 vitiosa
2153 711 2235 754 est
2259 744 2271 763 ,
2301 704 2436 757 mala
2462 715 2561 759 est.

2009 791 2233 850 CAPUT
2276 795 2413 851 XIV.
2456 829 2526 838 ——
2550 797 2746 854 Bonum
2774 812 2821 856 et
2845 807 3033 860 malum
3053 849 3065 870 ,
3100 808 3211 863 licet
3234 816 3486 866 contraria
3506 856 3518 878 ,

1935 884 2089 938 simul
2121 887 2174 938 in
2222 888 2392 940 cadent
2416 907 2470 942 re
2494 907 2597 945 esse
2626 910 2786 960 posse.
2820 895 2900 948 Ea:
2925 897 3064 952 bonis
3093 903 3228 954 mala
3251 946 3265 968 ,
3299 906 3414 957 etin
3438 907 3523 959 bo.

1935 975 2032 1027 m's.
2081 976 2414 1046 Quapmpter
2459 981 2513 1033 in
2565 981 2628 1035 iis
2665 987 2951 1041 contrariis
2990 1005 3106 1057 qum
3136 992 3273 1046 mala
3301 1004 3354 1046 et
3382 995 3519 1049 bona

1933 1073 2189 1120 vocantur
2215 1108 2227 1130 ,
2253 1068 2340 1120 illa
2361 1069 2754 1126 dialecticorum
2781 1077 2960 1145 regula
2983 1077 3180 1146 deficit,
3205 1097 3305 1149 qua
3332 1083 3517 1138 dicunt

1935 1159 2062 1211 nulli
2103 1161 2178 1213 rei
2208 1161 2314 1214 duo
2339 1163 2497 1216 simul
2530 1165 2703 1218 inesse
2733 1170 3016 1223 contraria.
3049 1171 3233 1226 Nullus
3255 1177 3399 1230 enim
3429 1193 3521 1232 aer

1936 1248 2093 1301 simul
2135 1259 2215 1303 est
2260 1261 2310 1304 ct
2358 1252 2671 1309 tenebrosus
2698 1263 2753 1310 et
2778 1257 2984 1312 lucidus
3013 1278 3025 1312 :
3056 1262 3230 1317 nullus
3259 1265 3406 1319 cibus
3432 1275 3521 1320 aut

1933 1349 2088 1406 potus
2127 1341 2282 1394 simul
2323 1343 2490 1398 dulcis
2533 1354 2584 1398 et
2621 1361 2830 1400 amarus
2862 1366 2872 1399 :
2907 1351 3108 1405 nullum
3139 1369 3334 1425 corpus
3361 1357 3520 1412 simul

1933 1427 2020 1480 tibi
2041 1429 2217 1483 album
2243 1471 2257 1495 ,
2294 1431 2360 1484 ibi
2391 1443 2442 1485 et
2471 1435 2674 1502 nigrum
2703 1455 2715 1499 ;
2750 1438 2945 1492 nullum
2968 1443 3123 1496 simul
3148 1445 3233 1497 tibi
3256 1446 3515 1514 deforme,

1897 1514 2003 1572 'ibi
2035 1528 2087 1572 et
2118 1519 2426 1576 formosum.
2457 1525 2521 1578 Et
2549 1526 2645 1580 line
2670 1529 2721 1581 in
2746 1530 2926 1582 multis
2951 1545 3012 1582 ac
3035 1547 3170 1600 pene
3196 1535 3246 1587 in
3272 1537 3518 1592 omnibus

1930 1612 2208 1665 contrariis
2236 1615 2496 1682 reperitur
2523 1657 2536 1679 ,
2565 1627 2619 1670 ut
2645 1617 2693 1670 in
2724 1635 2822 1671 una
2850 1635 2905 1674 re
2933 1623 3091 1676 simul
3119 1639 3238 1679 esse
3260 1641 3365 1680 non
3395 1643 3518 1697 pos-

1931 1703 2054 1756 sint.
2097 1701 2227 1756 Cum
2275 1715 2452 1760 autent
2494 1708 2627 1762 bona
2673 1721 2722 1762 et
2765 1713 2898 1764 mala
2943 1713 3118 1768 nullus
3143 1717 3372 1787 ambigat
3395 1734 3516 1775 esse

1929 1795 2192 1847 contraria
2217 1838 2229 1860 ,
2259 1811 2364 1848 non
2391 1799 2557 1850 Solum
2588 1800 2742 1852 simul
2771 1817 2889 1855 esse
2919 1816 3173 1871 possunt,
3203 1808 3296 1860 sed
3326 1811 3462 1863 mala
3493 1812 3512 1841 ι

1929 1885 2144 1936 omnino
2172 1886 2285 1940 sine
2312 1885 2463 1940 bonis
2492 1897 2545 1941 et
2573 1889 2670 1942 itisi
2707 1893 2756 1942 in
2787 1892 2939 1946 bouis
2969 1909 3088 1948 esse
3117 1909 3219 1949 non
3251 1909 3471 1962 possunt
3497 1919 3512 1954 :

1928 1976 2168 2042 quamvis
2211 1975 2342 2030 bona
2383 1979 2496 2031 sine
2535 1981 2687 2032 malis
2717 1982 2939 2048 possint.
2977 1983 3156 2039 Potest
3183 1987 3323 2040 enim
3353 1987 3514 2044 homo

1928 2065 2010 2119 vel
2034 2068 2251 2137 angelus
2281 2086 2384 2122 non
2413 2083 2528 2124 esse
2553 2072 2808 2138 injustus;
2840 2075 3069 2142 injustas
3091 2088 3267 2133 autem
3293 2097 3394 2134 non
3419 2097 3515 2151 po-

1928 2166 2031 2212 test
2051 2175 2167 2215 esse
2190 2161 2288 2216 nisi
2313 2162 2474 2216 homo
2498 2165 2577 2218 vel
2601 2168 2820 2235 angelus
2847 2187 2857 2219 :
2883 2179 2934 2221 et
2957 2169 3151 2224 bonum
3173 2173 3309 2241 quod
3327 2173 3509 2239 homo,

1927 2248 2123 2304 bonum
2170 2253 2307 2321 quod
2340 2255 2594 2324 angelus;
2631 2258 2824 2311 malum
2851 2261 2991 2328 quod
3024 2263 3272 2330 injustus.
3305 2263 3370 2318 Et
3400 2264 3514 2320 haec

1927 2340 2032 2395 duo
2075 2345 2337 2397 contraria
2383 2347 2452 2398 ita
2483 2347 2638 2400 simul
2671 2360 2792 2402 sunt
2815 2393 2829 2415 ,
2863 2362 2916 2404 ut
2942 2354 2982 2406 si
3011 2353 3208 2407 bonum
3242 2371 3344 2410 non
3373 2365 3515 2412 esset

1926 2431 1978 2484 in
2025 2447 2128 2500 quo
2169 2431 2364 2487 malum
2405 2444 2546 2489 esset
2579 2438 2599 2468 ²
2621 2480 2634 2503 ,
2664 2453 2881 2507 prorsus
2913 2457 3011 2496 nec
3042 2445 3234 2497 malum
3266 2460 3384 2499 esse
3413 2459 3512 2516 po-

1927 2523 2112 2576 tuisset
2166 2541 2178 2576 :
2229 2525 2350 2593 quia
2396 2541 2499 2580 non
2543 2529 2702 2582 modo
2745 2530 2831 2584 ubi
2863 2534 3215 2601 consisteret,
3249 2537 3342 2591 sed
3373 2539 3514 2593 unde

1925 2616 2152 2671 oriretur
2193 2619 2461 2686 corruptio
2501 2633 2605 2674 non
2639 2621 2892 2688 liabcrct,
2929 2625 3026 2680 nisi
3054 2637 3196 2682 esset
3223 2629 3362 2698 quod
3389 2645 3511 2685 cor-

1923 2718 2297 2778 rumperetur;
2331 2710 2469 2777 quod
2501 2711 2598 2765 nisi
2628 2713 2823 2768 bonum
2855 2725 3035 2785 esset,
3068 2734 3165 2773 iicc
3192 2734 3512 2790 corrumpe-

1922 2809 2105 2866 retur;
2141 2803 2388 2871 quoniam
2421 2803 2547 2858 nihil
2579 2815 2658 2860 est
2684 2808 2826 2862 aliud
2855 2814 3127 2880 corruptio
3148 2856 3162 2877 ,
3195 2829 3354 2885 quam
3383 2815 3512 2871 boni

1921 2891 2312 2948 eXterminatio.
2357 2893 2436 2948 Ex
2472 2895 2624 2950 bonis
2652 2898 2808 2966 igitur
2837 2903 2970 2956 mala
2998 2914 3114 2958 orta
3137 2916 3260 2960 sunt
3281 2949 3294 2970 ,
3328 2916 3380 2961 et
3403 2908 3508 2962 nisi

1922 2981 1973 3034 in
2005 2981 2267 3052 aliquibus
2293 2983 2446 3039 battis
2475 2999 2577 3040 non
2608 2998 2730 3042 sunt
2763 3007 2774 3043 :
2807 3005 2905 3046 nec
2936 3005 3047 3047 erat
3075 2995 3202 3050 alias
3231 2998 3370 3053 unde
3389 3001 3503 3054 ori-

1921 3081 2068 3128 retur
2115 3073 2221 3128 ulla
2267 3075 2392 3130 ntali
2437 3086 2643 3133 natura.
2684 3078 2816 3135 Nam
2866 3084 2909 3137 si
2955 3095 3130 3152 esset,
3170 3090 3222 3141 in
3253 3103 3512 3159 quantum

1923 3171 2111 3217 natura
2138 3173 2282 3219 esset
2300 3206 2316 3232 ,
2348 3165 2584 3235 profecto
2610 3168 2747 3223 bona
2775 3183 2916 3226 esset
2950 3191 2962 3226 :
2991 3183 3045 3228 et
3072 3185 3163 3229 aut
3189 3178 3507 3250 incorrupti-

1927 3257 2049 3312 bilis
2078 3267 2266 3312 natura
2298 3271 2546 3330 magnum
2577 3271 2718 3317 esset
2746 3262 2942 3319 bonum
2968 3307 2981 3331 ,
3014 3270 3289 3324 autetiam
3325 3281 3510 3329 natura

1920 3351 2276 3419 corruptibilis
2340 3353 2488 3408 nullo
2552 3355 2712 3410 modo
2778 3367 2920 3427 esset
2983 3360 3083 3415 nisi
3144 3363 3353 3433 aliquod
3412 3367 3508 3421 bo-

1919 3457 2085 3512 num,
2138 3445 2278 3516 quod
2322 3443 2518 3503 bonum
2566 3451 2958 3521 corrumpendo
3003 3466 3182 3524 posset
3221 3457 3269 3512 ei
3315 3473 3510 3517 nocere

1920 3537 2214 3607 corruptio.

1990 3629 2215 3686 CAPUT
2240 3627 2358 3686 XV.
2380 3662 2450 3674 —
2477 3631 2748 3712 [Quomodo
2777 3634 3160 3705 intelligendum
3190 3639 3322 3692 illud
3342 3683 3355 3708 ,
3386 3642 3504 3698 Non

1919 3729 2093 3793 potest
2134 3721 2293 3778 arbor
2334 3724 2472 3779 bona
2495 3766 2508 3789 ,
2543 3735 2636 3779 etc.
2672 3723 2775 3782 Sed
2801 3742 2919 3781 cum
2948 3729 3085 3784 mala
3114 3745 3175 3785 ex
3207 3731 3360 3787 bonis
3391 3745 3509 3789 orta

1919 3827 2039 3868 esse
2084 3814 2346 3884 dicimus,
2389 3831 2494 3871 non
2531 3827 2746 3888 putetur
2780 3819 2882 3873 hoc
2921 3821 3198 3876 doniinicm
3229 3827 3507 3880 sententiae

1919 3903 2212 3974 refragari,
2254 3921 2357 3976 qua
2398 3907 2566 3973 dixit,
2613 3905 2735 3961 Non
2786 3917 2947 3976 potest
2984 3912 3133 3962 arbor
3159 3911 3287 3964 bona
3313 3917 3505 3982 [ructus

1919 3995 2081 4048 malos
2109 3997 2292 4066 facere.
2325 3995 2440 4050 Non
2471 4006 2645 4065 potest
2673 3999 2812 4053 enim
2834 4041 2848 4066 ,
2880 4001 3017 4055 sicut
3041 3999 3247 4056 Veritas
3267 4003 3359 4071 ait,
3389 4003 3504 4059 col-

1918 4084 2007 4156 ligi
2039 4101 2137 4141 uva
2158 4085 2225 4142 de
2255 4087 2420 4156 spinis
2448 4085 2659 4159 (Matth.
2691 4106 2797 4156 vn,
2831 4089 2897 4146 l8
2919 4133 2934 4156 ,
2968 4091 3060 4164 l6)
3087 4136 3101 4160 ,
3133 4093 3251 4164 quia
3281 4111 3385 4150 non
3410 4112 3504 4167 po-

1918 4185 2026 4234 test
2069 4177 2214 4232 nasci
2253 4191 2353 4233 uva
2392 4177 2458 4234 de
2497 4180 2699 4249 spinis;
2741 4181 2834 4237 sed
2865 4199 2929 4238 ex
2958 4184 3094 4238 bona
3125 4193 3261 4240 terra
3290 4195 3344 4242 et
3371 4189 3504 4244 vites

1919 4271 2063 4324 nasci
2103 4285 2261 4339 posse
2297 4271 2539 4328 videmus
2577 4283 2630 4328 et
2658 4274 2856 4345 spinas.
2892 4275 2959 4331 Et
2984 4278 3168 4334 eodeni
3198 4280 3356 4335 modo
3386 4294 3502 4337 ian-

1920 4377 2075 4431 qiiam
2117 4362 2278 4416 arbor
2318 4363 2455 4419 mala
2496 4363 2695 4420 fructus
2720 4365 2890 4423 bonos
2910 4411 2923 4435 ,
2952 4368 3005 4423 id
3030 4378 3142 4438 est,
3172 4386 3333 4440 opera
3362 4373 3503 4428 bona

1920 4471 2025 4509 non
2054 4463 2228 4524 potest
2249 4454 2423 4511 facere
2446 4457 2686 4512 voluntas
2708 4457 2848 4513 mala
2874 4480 2886 4513 :
2911 4461 3002 4514 sed
3024 4478 3086 4516 ex
3113 4461 3248 4516 bona
3274 4463 3503 4518 hominis

1921 4557 2106 4601 natura
2133 4547 2260 4602 oriri
2288 4547 2530 4603 voluntas
2559 4557 2611 4603 et
2640 4549 2778 4603 bona
2807 4561 2983 4619 potest
3009 4562 3060 4606 et
3084 4551 3221 4606 mala
3246 4571 3258 4617 ;
3284 4567 3383 4606 nec
3409 4555 3503 4606 fuit

1919 4649 2136 4707 prorsus
2168 4635 2304 4690 unde
2327 4638 2568 4705 primitus
2592 4639 2822 4692 oriretur
2846 4641 3085 4693 voluntas
3109 4642 3242 4692 mala
3269 4682 3283 4705 ,
3310 4642 3410 4694 nisi
3433 4658 3495 4694 ex

1920 4728 2092 4799 angeli
2119 4737 2171 4781 et
2197 4727 2424 4781 hominis
2453 4736 2638 4782 natura
2668 4729 2826 4783 bona.
2856 4729 3006 4796 Quod
3029 4741 3081 4784 et
3110 4732 3222 4800 ipse
3245 4732 3501 4789 Dominus

1919 4823 2108 4878 eodem
2149 4819 2266 4875 loco
2291 4863 2304 4883 ,
2345 4821 2432 4875 ubi
2474 4819 2540 4875 de
2575 4819 2765 4877 arbore
2793 4831 2847 4876 et
2871 4821 3128 4877 fructibus
3156 4824 3499 4893 10quebatur,

1920 4913 2257 4986 apertissime
2301 4913 2532 4969 ostendit
2577 4932 2588 4966 :
2634 4915 2707 4968 ait
2744 4915 2919 4980 enim,
2972 4917 3068 4968 Aut
3096 4917 3246 4984 facile
3272 4918 3494 4970 arborem

1920 5009 2101 5061 bonam
2136 5019 2180 5062 et
2216 5008 2432 5076 fructum
2457 5008 2567 5077 ejus
2593 5007 2774 5060 bonum
2795 5049 2809 5070 ,
2841 5016 2930 5059 aut
2956 5007 3105 5077 facile
3133 5009 3360 5060 arborem
3387 5026 3499 5061 ma-

1921 5098 2024 5152 lam
2053 5108 2098 5150 et
2124 5098 2342 5166 fructum
2371 5100 2478 5168 ejus
2503 5097 2692 5151 malum
2717 5096 2824 5167 (Id.
2856 5113 2927 5149 xu
2951 5139 2963 5160 ,
2994 5096 3082 5166 55)
3115 5115 3126 5149 :
3157 5097 3284 5151 satis
3311 5097 3497 5155 admo-

1921 5205 2054 5245 nens
2078 5204 2141 5242 ex
2165 5189 2355 5242 arbore
2374 5187 2587 5256 quidem
2608 5187 2742 5241 bona
2768 5187 2955 5254 malos,
2977 5195 3062 5241 aut
3089 5204 3153 5243 ex
3173 5190 3306 5244 mala
3331 5189 3497 5243 bonos

1922 5283 2064 5337 nasci
2103 5277 2305 5335 fructus
2338 5297 2443 5335 non
2472 5297 2665 5350 posse;
2698 5298 2760 5337 ex
2794 5284 2906 5351 ipsa
2939 5293 3111 5340 tamen
3141 5295 3279 5342 terra
3309 5287 3395 5342 cui
3424 5287 3502 5340 Io-

1920 5375 2180 5448 quebatur
2198 5418 2210 5433 ,
2239 5384 2516 5443 utramque
2539 5375 2784 5428 arborem
2808 5392 2985 5451 posse.

1993 5465 2212 5522 CAPUT
2239 5462 2377 5520 XVI.
2405 5497 2472 5504 —
2501 5465 2553 5520 5.
2589 5466 2771 5520 Rerum
2803 5485 2981 5523 causas
3002 5486 3146 5522 nosse
3166 5486 3231 5520 an
3253 5468 3500 5536 pertineat

1986 5581 2004 5612 ι
2029 5580 2164 5636 mliti,
2189 5577 2273 5627 sed
2296 5575 2438 5626 etiam
2460 5575 2603 5625 mala.
2639 5577 2800 5650 Abest,
2822 5577 2982 5636 etiam,
3007 5591 3033 5625 a
3067 5579 3442 5684 plerlmuettss.

1986 5643 2093 5684 IPP.
2113 5645 2190 5684 BH.
2217 5653 2307 5684 non
2334 5639 2509 5684 ferunt.
2538 5637 2733 5684 malum.
2751 5654 2796 5684 in
2816 5648 2981 5684 textu:
3005 5652 3076 5684 sei
3116 5651 3162 5684 in
3187 5651 3403 5684 niareiue
3423 5651 3442 5684 t

1984 5643 2093 5688 'PP.
2113 5645 2190 5687 BH.
2217 5639 2509 5709 uon_fcr_tiitt,
2538 5637 2733 5709 malum,
2751 5641 2796 5687 in
2816 5648 2981 5709 textu;
3005 5637 3092 5709 sed
3116 5639 3162 5709 in
3187 5638 3403 5709 margine
3423 5650 3507 5709 vo-

1920 5717 2030 5753 cem
2049 5701 2168 5749 bauc
2184 5699 2496 5770 S}l(*|,l.‘lliialll
2514 5702 2755 5749 aditotaiit.
2784 5703 2916 5770 apud.
2937 5707 3006 5747 i-fr.
3028 5699 3169 5760 Lugd.
3193 5707 3309 5770 t’cn.
3335 5700 3509 5770 l.nv._i_n

1923 5773 2063 5816 textu
2089 5764 2189 5826 ipso
2209 5761 2403 5824 legitur,
2422 5776 2604 5824 uosque
2625 5775 2793 5812 eorum
2808 5761 3066 5810 lectionem
3081 5762 3235 5814 secuti
3251 5771 3431 5810 sumus.
3453 5768 3507 5807 Μ.
