4124 6206
545 309 653 367 259

548 424 618 479 ad
664 420 971 494 felicitatem.
1021 414 1152 483 Quae
1190 426 1311 467 cum
1348 409 1421 463 ita
1459 407 1597 472 sint,
1624 400 1837 473 quando
1856 397 2012 455 nobis
2029 395 2138 451 Ma-

549 513 700 572 ronis
727 511 817 566 illc
842 519 1028 563 versus
1055 504 1267 573 placet,

677 620 812 672 Felix
833 620 919 683 qm
940 615 1095 680 pom“
1112 624 1281 663 rem
1825 660 1958 724 490.)

555 801 667 844 non
693 782 848 839 nobis
876 780 1121 836 videatur
1144 775 1213 831 ad
1241 773 1547 829 felicitatem
1570 764 1999 837 consequendam
2024 777 2145 832 per-

554 880 731 935 tinere
751 917 768 944 ,
797 875 844 930 si
863 874 1095 929 sciamus
1114 882 1304 924 causas
1325 877 1637 934 magnarum
1659 862 1712 915 in
1734 857 1934 914 mundo
1954 868 2145 924 corpo-

553 972 748 1029 ralium
788 969 1083 1024 motionum
1109 1006 1125 1031 ,
1167 976 1288 1033 qua:
1323 955 1668 1016 abditissimis
1706 961 1910 1008 natura:
1943 948 2147 1006 sinibus

558 1062 879 1121 occuluntur
907 1076 922 1125 ;

612 1164 621 1169 ’
686 1174 817 1227 Unde
840 1179 1025 1221 tremor
1046 1168 1211 1227 terris,
1244 1176 1342 1227 qua
1358 1164 1407 1213 vi
1424 1161 1573 1227 maria
1590 1157 1691 1226 alta
1705 1158 1991 1227 tumescant,

685 1215 1116 1297 6Βῇἆόώῖῐῲίή
1143 1215 1415 1297 rursusque
1438 1225 1488 1272 in
1510 1215 1942 1297 seipsatr’c‘sidant.

1240 1278 1418 1351 (tota,
1441 1297 1513 1334 υυ.
1544 1278 1654 1341 479,
1678 1278 1811 1340 480.)

559 1389 616 1458 et
646 1411 842 1456 caetera
880 1392 1187 1465 hujusmodi
1230 1409 1244 1445 :
1287 1387 1383 1445 sed
1417 1387 1678 1443 bonarum
1701 1391 1757 1437 et
1781 1378 2042 1435 malarum
2067 1388 2155 1429 re-

561 1509 684 1549 rum
712 1505 900 1546 causas
928 1502 1085 1542 nosse
1109 1484 1366 1539 debemus
1391 1521 1406 1546 ,
1431 1487 1485 1535 et
1512 1477 1565 1532 id
1587 1476 1864 1536 hactenus,
1892 1477 2156 1541 quatenus

565 1599 660 1640 eas
702 1580 904 1637 homini
933 1580 985 1633 in
1013 1577 1113 1631 hac
1141 1575 1242 1630 vita
1271 1570 1544 1628 erroribus
1566 1565 1927 1632 :erumnisque
1955 1558 2156 1630 plenis-

564 1678 722 1738 sima,
754 1674 820 1728 ad
846 1672 1062 1728 eosdem
1083 1682 1296 1725 errores
1317 1673 1371 1720 et
1391 1675 1655 1719 aerumnas
1675 1655 1979 1714 evadendas
2001 1665 2158 1706 nosse

566 1766 899 1825 conceditur.
946 1763 1027 1817 Ad
1067 1761 1212 1815 illam
1256 1759 1451 1829 quippe
1493 1755 1795 1811 felicitatem
1835 1746 2158 1804 tendendum

568 1869 650 1916 est
668 1901 685 1925 ,
716 1858 807 1913 ubi
836 1856 981 1912 nulla
1007 1854 1308 1925 quatiamur
1330 1862 1567 1905 a:rumna
1586 1886 1603 1912 ,
1626 1844 1771 1901 nullo
1795 1855 1977 1897 errore
2003 1837 2159 1892 falla-

567 1965 711 2006 mur.
738 1948 869 2002 Nam
892 1948 939 2001 si
962 1960 1139 2001 causae
1167 1941 1527 2011 corporalium
1555 1938 1850 1993 motionum
1876 1929 2162 1987 noscendae

569 2040 729 2098 nobis
747 2046 963 2104 essent,
992 2036 1165 2092 nullas
1186 2033 1354 2103 magis
1373 2045 1535 2087 nosse
1554 2042 1713 2100 quam
1736 2035 1934 2080 nostrie
1954 2022 2161 2078 valetu-

571 2133 713 2190 dinis
754 2130 1091 2187 deberemus.
1137 2126 1270 2182 Cum
1305 2136 1435 2179 vero
1472 2121 1552 2176 eis
1590 2117 1845 2189 ignoratis
1868 2156 1884 2182 ,
1926 2112 2164 2169 medicos

573 2224 896 2295 qumrimus,
942 2220 1063 2290 quis
1104 2231 1210 2272 non
1251 2215 1427 2270 videat
1458 2211 1598 2284 quod
1626 2210 1692 2265 de
1717 2208 1938 2265 secretis
1964 2206 2086 2262 caeli
2111 2213 2167 2260 et

574 2322 736 2370 terrae
759 2327 858 2368 nos
883 2311 1046 2377 latet,
1072 2316 1270 2378 quanta
1295 2306 1367 2360 sit
1390 2302 1645 2375 patientia
1670 2297 2055 2356 nesciendum?

646 2403 873 2461 CAPUT
915 2400 1078 2455 XVII.
1118 2426 1191 2439 —-
1231 2396 1390 2451 Error
1424 2395 1545 2465 quid
1570 2394 1652 2447 sit.
1686 2390 1807 2445 Non
1832 2390 1994 2444 omnis
2022 2403 2167 2443 error

574 2497 781 2552 noxius.
825 2492 1095 2564 Augustini
1133 2505 1274 2545 error
1317 2487 1443 2558 felix
1468 2487 1519 2539 in
1549 2485 1695 2539 bivio.
1725 2483 1978 2551 Quamvis
2020 2480 2165 2537 enim

575 2606 730 2647 error
756 2598 952 2660 quanta
980 2597 1262 2657 possumus
1285 2596 1410 2636 cura
1437 2578 1707 2636 cavendus
1734 2578 1804 2631 sit
1822 2618 1838 2643 ,
1862 2591 1968 2631 non
1991 2573 2167 2629 solum

574 2682 632 2735 in
670 2677 962 2748 majoribus
986 2716 1002 2743 ,
1029 2690 1213 2729 verum
1240 2673 1399 2728 etiam
1427 2672 1480 2725 in
1511 2669 1810 2724 minoribus
1838 2668 1999 2722 rebus
2023 2705 2037 2729 ,
2066 2679 2165 2719 nec

576 2771 683 2826 nisi
723 2783 903 2824 rerum
943 2765 1238 2837 ignorantia
1282 2761 1450 2832 possit
1488 2760 1696 2824 errari;
1741 2773 1847 2812 non
1878 2765 1959 2812 est
1990 2766 2169 2810 tamen

576 2873 915 2931 consequens
942 2866 1001 2913 ut
1027 2856 1280 2912 continuo
1306 2862 1452 2907 erret
1473 2850 1715 2921 quisquis
1739 2848 1937 2920 aliquid
1959 2847 2166 2912 nescit,

576 2954 676 3011 sed
702 2951 945 3024 quisquis
971 2964 1030 3004 se
1055 2947 1325 3004 existimat
1348 2945 1487 3003 scire
1509 2942 1652 3014 quod
1677 2942 1849 2999 nescit
1880 2959 1894 2995 :
1922 2956 2020 3012 pro
2041 2955 2169 2996 vero

578 3046 778 3115 quippe
813 3041 1075 3113 approbat
1111 3038 1300 3092 falsum
1325 3078 1339 3101 ,
1369 3034 1511 3106 quod
1534 3044 1617 3091 est
1641 3034 1840 3089 erroris
1870 3032 2167 3102 proprium.

578 3136 963 3193 Verumtamen
1001 3133 1053 3186 in
1081 3145 1186 3201 qua
1213 3145 1271 3184 re
1299 3128 1526 3199 quisque
1551 3134 1729 3189 erret,
1760 3125 1983 3179 interest
2008 3122 2171 3193 pluri-

578 3242 747 3282 mum.
790 3223 924 3280 Nam
964 3223 1020 3277 in
1057 3238 1158 3278 una
1184 3219 1478 3288 eademque
1507 3233 1567 3273 re
1592 3225 1646 3272 et
1671 3214 1931 3271 nescienti
1955 3215 2132 3269 sciens
2152 3253 2168 3280 ,

578 3328 636 3374 et
674 3316 875 3374 erranti
919 3329 1026 3369 non
1064 3326 1252 3368 errans
1275 3351 1290 3376 ,
1337 3317 1481 3363 recta
1508 3308 1714 3362 ratione
1742 3305 2084 3375 praeponitur.
2112 3302 2170 3357 ln

580 3410 806 3465 diversis
834 3417 1012 3462 autem
1035 3404 1196 3459 rebus
1218 3443 1233 3469 ,
1262 3402 1314 3455 id
1339 3409 1422 3456 est
1439 3441 1455 3467 ,
1484 3414 1605 3455 cum
1630 3399 1730 3454 iste
1756 3399 1890 3453 sciat
1913 3398 2015 3450 alia
2036 3437 2051 3463 ,
2083 3397 2172 3452 ille

584 3501 692 3554 alia
716 3516 730 3564 ;
770 3508 827 3552 et
852 3497 955 3551 iste
978 3494 1219 3559 utiliora,
1254 3491 1341 3546 ille
1367 3492 1541 3545 minus
1566 3488 1713 3543 utilia
1731 3529 1745 3553 ,
1778 3488 1863 3543 vel
1888 3488 2049 3543 etiam
2077 3502 2172 3543 no-

584 3590 670 3645 xia
697 3608 712 3644 :
740 3591 861 3659 quis
880 3600 987 3640 non
1011 3585 1064 3640 in
1088 3585 1167 3641 eis
1187 3598 1305 3653 quas
1330 3582 1418 3637 ille
1438 3581 1570 3645 scit,
1596 3580 1643 3633 ei
1668 3579 1916 3649 praeferat
1931 3580 2175 3635 nescien-

580 3681 736 3739 tem?
777 3680 915 3736 Sunt
945 3679 1088 3735 enim
1119 3676 1361 3747 quaedam
1390 3690 1508 3746 qua:
1532 3675 1739 3730 nescire
1765 3691 1922 3745 quam
1945 3677 2083 3732 scire
2104 3677 2174 3733 sit

580 3773 797 3829 melius.
846 3770 1085 3839 Itemque
1125 3766 1395 3823 nonnullis
1421 3781 1601 3821 errare
1627 3765 1824 3841 profuit
1849 3766 2168 3836 aliquando,

581 3863 679 3919 sed
708 3864 761 3917 in
783 3862 865 3916 via
883 3860 1077 3932 pedum
1095 3900 1111 3926 ,
1141 3873 1250 3913 non
1274 3859 1325 3911 in
1349 3855 1431 3910 via
1460 3870 1687 3910 morum.
1712 3855 1845 3910 Nam
1867 3858 2021 3913 nobis
2043 3858 2172 3927 ipsis

582 3953 778 4010 accidit
800 3961 859 4006 ut
882 3953 933 4005 in
961 3948 1191 4021 quodam
1220 3948 1359 4003 bivio
1387 3946 1692 4001 falleremur
1713 3986 1730 4012 ,
1760 3960 1815 4002 et
1839 3964 1943 4002 non
1973 3949 2173 4004 iremus

582 4059 682 4115 per
710 4059 830 4098 eum
857 4042 1032 4096 locum
1064 4039 1153 4094 ubi
1178 4038 1462 4109 opperiens
1490 4038 1768 4092 transitum
1800 4047 2039 4093 nostrum
2066 4040 2171 4094 Do-

583 4135 897 4189 natistarum
937 4146 1125 4186 manus
1162 4137 1365 4184 armata
1406 4128 1716 4184 subsederat
1755 4128 1830 4201 (ιι)
1862 4148 1875 4183 :
1905 4140 2062 4202 atque
2100 4131 2173 4187 ita

585 4226 782 4281 factum
808 4233 891 4279 est
917 4233 971 4277 ut
994 4238 1060 4278 co
1086 4238 1189 4293 quo
1214 4221 1559 4277 tendebamus
1583 4264 1598 4287 ,
1629 4238 1723 4292 per
1742 4221 1957 4278 devium
1984 4225 2175 4279 circui-

586 4327 702 4371 tum
722 4316 1028 4371 veniremus
1052 4329 1067 4378 ;
1091 4313 1423 4384 cognitisque
1445 4312 1650 4367 insidiis
1672 4312 1880 4365 illorum
1898 4354 1913 4379 ,
1940 4328 2036 4368 nos
2053 4328 2175 4382 gra-

586 4410 879 4464 tularemur
903 4421 1111 4463 errasse
1130 4446 1144 4470 ,
1175 4416 1334 4475 atque
1362 4405 1483 4461 inde
1508 4406 1704 4475 gratias
1733 4421 2011 4476 ageremus
2041 4408 2170 4462 Deo.

585 4501 718 4570 Quis
758 4516 886 4570 ergo
924 4499 1180 4552 viatorem
1222 4497 1298 4551 sic
1337 4507 1603 4552 errantem
1642 4498 1718 4551 sic
1743 4514 1847 4550 non
1874 4499 2074 4553 erranti
2099 4500 2176 4553 la-

585 4592 727 4647 troni
770 4604 1081 4661 praeponere
1124 4588 1489 4643 dubitaverit?
1531 4587 1597 4641 Et
1634 4587 1859 4644 fortasse
1890 4589 2009 4645 ideo
2034 4590 2174 4660 apud

586 4683 739 4737 illum
761 4697 1027 4737 summum
1051 4688 1261 4751 poetam
1284 4680 1511 4749 loquens
1531 4680 1742 4749 quidam
1768 4682 1931 4737 miser
1946 4693 2172 4751 amator,

679 4794 739 4838 Ut
758 4787 853 4838 vidi
878 4787 1094 4851 (inquit),
1117 4792 1172 4836 ut
1192 4785 1335 4847 perii,
1358 4791 1413 4851 ut
1430 4785 1691 4851 _me__maltts
1709 4787 2091 4851 abstuliterror!

1358 4845 1553 4911 (Virgil.
1576 4846 1737 4911 Eclog.
1754 4848 1803 4909 8,
1824 4863 1866 4899 υ.
1888 4849 1990 4913 41.)

583 4956 835 5027 quoniam
856 4962 938 5008 est
961 4962 1015 5008 et
1032 4966 1185 5007 error
1210 4951 1404 5016 bonus,
1434 4951 1523 5020 qui
1553 4967 1656 5006 non
1699 4954 1870 5007 solum
1902 4956 2034 5011 nihil
2066 4958 2171 5014 ob-

587 5047 679 5111 sit,
710 5060 897 5100 verum
917 5044 1077 5099 etiam
1110 5043 1278 5113 prosit
1305 5040 1524 5111 aliquid.
1552 5039 1658 5097 Sed
1687 5042 1996 5114 diligentius
2040 5062 2173 5104 con-

589 5134 822 5188 siderata
849 5136 1092 5202 veritate,
1116 5148 1236 5189 cum
1278 5133 1423 5188 aliud
1473 5133 1602 5188 nihil
1648 5136 1717 5190 sit
1760 5152 1965 5206 errare,
2010 5156 2172 5211 quam

587 5238 776 5281 verum
801 5235 990 5293 putare
1018 5225 1159 5294 quod
1187 5225 1378 5281 falsum
1405 5235 1506 5292 est,
1552 5225 1853 5301 falsumque
1895 5233 2037 5303 quod
2077 5251 2170 5290 ve-

589 5333 713 5374 rum
741 5326 855 5380 est;
890 5314 971 5369 vel
993 5325 1196 5370 certum
1223 5317 1419 5372 habere
1449 5333 1545 5388 pro
1573 5318 1799 5389 incerto,
1845 5323 2174 5383 incertumve

593 5426 694 5486 pro
716 5419 887 5477 certo,
910 5407 1023 5463 sive
1048 5406 1257 5475 falsum,
1288 5411 1401 5465 sive
1429 5413 1497 5465 sit
1525 5427 1740 5480 verum;
1774 5415 1931 5486 idque
1957 5427 2062 5474 tam
2104 5421 2174 5477 sit

651 5547 725 5623 (ᾳ)
747 5542 1172 5623 Circumcelliones
1194 5546 1369 5623 armati
1405 5553 1578 5623 contra.
1602 5552 1915 5623 Augustinum
1955 5555 2056 5605 vias
2087 5555 2177 5623 ali-

817 5607 1135 5679 olisederunt,
1159 5612 1291 5679 teste
1329 5608 1539 5679 Possidio
1567 5612 1618 5659 in
1785 5614 1910 5679 vita,
1936 5628 2042 5679 cap.
2077 5618 2172 5679 12;

587 5667 672 5718 tibi
693 5670 836 5729 hujus
860 5671 1006 5742 etiam
1026 5667 1308 5742 recordatur
1341 5669 1562 5733 periculi,
1585 5667 1714 5735 quod
1734 5667 1941 5727 beamus
1961 5667 2175 5734 ductoris

586 5743 756 5781 errore
779 5738 935 5781 θνθδιι
956 5738 1261 5794 Αιιευδυηυε.

1055 291 1511 358 ENCHIRIDION,
1550 288 1703 346 SIVE
1744 287 1831 341 DE
1869 282 2047 350 FIDE,
2086 279 2211 336 SPE
2248 276 2337 333 ET
2374 271 2792 339 CHARITATE,
2833 272 2891 328 S.
2932 263 3299 329 AUGUSTINI

3723 272 3835 334 240
3858 336 3861 341 .

2246 394 2298 449 in
2324 392 2503 448 animo
2540 389 2783 446 deforme
2820 398 2982 459 atque
3028 388 3299 453 indecens,
3351 401 3511 458 quam
3541 387 3831 458 pulchrum

2246 496 2300 541 et
2327 485 2579 541 decorum
2620 497 2740 538 esse
2786 482 3066 546 sentimus,
3093 480 3178 535 vel
3218 480 3271 534 in
3299 478 3589 549 loquendo,
3632 481 3716 537 vel
3765 483 3825 540 in

2247 575 2612 641 assentiendo,
2664 572 2781 639 Est,
2836 580 2928 637 cst,
2977 570 3118 637 Non,
3164 587 3264 625 non
3312 569 3528 641 (Matth.
3566 588 3619 637 v,
3660 572 3829 644 57):

2250 670 2488 743 profecto
2537 678 2592 724 et
2619 669 2687 725 ob
2721 667 2824 724 hoc
2853 668 3025 737 ipsum
3068 677 3151 722 est
3197 667 3304 745 vita
3346 667 3539 722 misera
3581 667 3686 723 ista
3728 683 3836 738 qua

2253 763 2515 829 vivimus,
2560 760 2703 830 quod
2742 760 2793 815 ci
2835 774 3238 829 nonnunquam,
3286 767 3343 813 ut
3385 773 3493 815 non
3531 760 3830 826 amittatur,

2253 868 2406 909 error
2456 835 2539 908 est
2584 850 2941 906 necessarius.
2993 850 3149 905 Absit
3194 857 3252 903 ut
3294 850 3415 903 talis
3454 850 3524 905 sit
3566 850 3657 905 illa
3692 850 3834 918 vita,

2256 946 2344 1001 ubi
2370 954 2455 1001 est
2471 944 2666 1001 animae
2692 952 2894 999 nostra:
2922 948 3036 1014 ipsa
3063 943 3260 999 veritas
3279 943 3420 997 vita:
3445 943 3530 998 ubi
3558 958 3719 998 nemo
3739 942 3842 998 fal-

2256 1039 2336 1105 lit,
2367 1037 2564 1091 fallitur
2585 1052 2764 1092 nemo.
2800 1037 2897 1091 llic
2926 1045 3106 1091 autem
3137 1036 3385 1092 homines
3429 1034 3622 1090 fallunt
3672 1044 3838 1107 atque

2255 1129 2543 1195 falluntur;
2585 1129 3001 1200 miserioresque
3042 1139 3169 1184 sunt
3218 1142 3340 1183 cum
3390 1128 3697 1185 mentiendo
3746 1129 3830 1183 fal-

2260 1221 2396 1286 lunt,
2447 1235 2606 1290 quam
2660 1235 2781 1275 cum
2821 1219 3203 1276 mentientibus
3248 1219 3517 1276 credendo
3562 1219 3841 1287 falluntur.

2263 1311 2443 1382 Usque
2469 1311 2606 1367 adeo
2630 1300 2806 1367 tamen
2834 1310 3111 1366 rationalis
3160 1319 3349 1367 natura
3400 1310 3594 1381 refugit
3639 1310 3846 1367 falsita-

2260 1414 2391 1473 tem,
2420 1413 2476 1460 et
2501 1416 2755 1475 quantum
2786 1412 2963 1474 potest
2981 1404 3186 1459 devitat
3207 1418 3470 1472 errorem,
3498 1414 3556 1459 ut
3595 1403 3706 1460 falli
3742 1419 3845 1460 no-

2261 1497 2363 1553 lint
2386 1498 2545 1553 etiam
2570 1499 2891 1567 quicumque
2917 1506 3100 1552 amant
3113 1495 3321 1553 fallere.
3335 1496 3454 1553 Non
3471 1497 3613 1553 enim
3626 1498 3726 1553 sibi
3754 1499 3848 1567 qui

2264 1589 2520 1644 mentitur
2540 1588 2744 1644 videtur
2759 1603 2963 1656 errare,
2991 1586 3088 1644 sed
3103 1588 3268 1643 alium
3294 1588 3347 1643 in
3371 1604 3612 1645 errorem
3636 1589 3850 1645 mittere

2263 1679 2570 1736 credentem
2595 1680 2718 1735 sibi.
2750 1679 2817 1734 Et
2842 1680 2896 1734 in
2923 1694 2985 1735 ea
3011 1679 3226 1749 quidem
3263 1694 3323 1734 re
3352 1693 3461 1734 non
3499 1690 3645 1734 errat
3685 1693 3849 1749 quam

2263 1770 2540 1827 mendacio
2590 1771 2847 1841 contegit,
2895 1770 2942 1827 si
2987 1771 3134 1825 novit
3178 1769 3294 1839 ipse
3343 1768 3473 1840 quid
3515 1784 3701 1825 verum
3730 1769 3848 1825 sit:

2264 1864 2361 1920 sed
2386 1864 2439 1919 in
2470 1863 2571 1920 hoc
2595 1862 2818 1930 fallitur,
2845 1863 2987 1934 quod
3016 1872 3164 1933 putat
3192 1862 3296 1918 sibi
3319 1878 3477 1920 suum
3504 1879 3615 1918 non
3657 1863 3853 1919 obesse

2266 1958 2631 2026 mendacium;
2658 1975 2781 2015 cum
2806 1960 2975 2030 magis
2995 1958 3212 2015 facienti
3241 1974 3401 2028 quam
3442 1959 3667 2030 patienti
3712 1958 3856 2015 obsit

2267 2066 2429 2108 omne
2450 2061 2749 2122 peccatum.

2338 2144 2565 2201 CAPUT
2587 2144 2848 2201 XVlll.—
2865 2145 2921 2202 6.
2952 2144 3278 2202 Mendacium
3300 2161 3450 2201 omne
3468 2154 3541 2200 est
3565 2155 3849 2217 peccatum,

2269 2236 2358 2291 sed
2385 2237 2527 2291 aliud
2555 2236 2660 2291 alio
2685 2238 2905 2308 gravius.
2935 2237 3060 2292 Non
3080 2239 3283 2292 mentiri
3306 2241 3391 2309 qui
3416 2238 3640 2293 nesciens
3664 2239 3855 2309 [alam

2271 2327 2416 2395 dicit,
2446 2328 2534 2383 sed
2563 2330 2730 2400 potius
2778 2331 2865 2400 qui
2905 2346 3077 2385 verum
3128 2332 3250 2385 dicit
3274 2330 3408 2400 quod
3454 2341 3599 2401 putat
3643 2331 3853 2402 falsum.

2274 2420 2470 2476 Verum
2520 2422 2607 2476 hic
2658 2422 2972 2479 difﬁcillima
3032 2432 3091 2480 et
3135 2425 3555 2482 latebrosissima
3621 2427 3859 2499 gignitur

2271 2517 2515 2584 quaestio,
2541 2515 2609 2570 de
2632 2530 2734 2585 qua
2756 2516 2866 2586 jam
2896 2517 3159 2587 grandem
3205 2519 3421 2586 librum,
3459 2536 3582 2576 cum
3626 2534 3856 2592 respon-

2272 2605 2432 2661 dendi
2462 2607 2755 2662 necessitas
2783 2622 2882 2663 nos
2926 2620 3163 2680 urgeret,
3189 2610 3520 2668 absolvimus
3549 2629 3565 2667 :
3593 2620 3767 2669 utrum
3786 2613 3857 2670 ad

2272 2696 2506 2751 ofﬁcium
2520 2697 2751 2752 hominis
2760 2698 2890 2769 justi
2907 2701 3171 2769 pertineat
3183 2702 3471 2772 aliquando
3483 2704 3864 2762 mentiri.Non-

2273 2788 2402 2843 nulli
2429 2789 2574 2844 enim
2602 2804 2671 2845 eo
2690 2806 2860 2861 usque
2897 2792 3328 2864 progrediuntur,
3352 2804 3492 2852 utet
3511 2797 3774 2868 pejerare,
3803 2806 3862 2855 et

2273 2878 2343 2935 de
2365 2879 2526 2936 rebus
2550 2880 2618 2937 ad
2636 2882 2731 2937 Dei
2756 2884 2957 2939 cultum
2984 2886 3376 2955 pertinentibus
3404 2902 3470 2942 ac
3495 2888 3565 2945 de
3604 2888 3720 2959 ipsa
3760 2889 3861 2947 Dei

2275 2980 2466 3028 natura
2493 2971 2688 3028 falsum
2716 2974 2917 3046 aliquid
2965 2976 3164 3045 dicere,
3220 2993 3604 3050 nonnunquam
3656 2980 3862 3038 bonum

2276 3063 2535 3134 piumque
2560 3081 2695 3135 opus
2721 3080 2845 3122 esse
2868 3067 3196 3124 contendant
3226 3070 3322 3141 (α).
3347 3069 3475 3126 Mihi
3499 3079 3678 3127 autem
3707 3071 3859 3129 vide-

2277 3163 2365 3209 tur
2393 3164 2671 3224 peccatum
2709 3157 2924 3228 quidem
2973 3174 3095 3215 esse
3140 3176 3303 3217 omne
3355 3143 3716 3231 mendacium,
3762 3164 3862 3220 sed

2277 3245 2503 3300 multum
2532 3247 2790 3303 interesse
2814 3263 2922 3319 quo
2945 3250 3127 3304 animo
3153 3260 3208 3306 et
3232 3251 3425 3321 quibus
3447 3252 3518 3308 de
3537 3253 3698 3309 rebus
3715 3254 3869 3325 quis-

2277 3351 2383 3406 que
2418 3339 2727 3394 mentiatur.
2756 3338 2874 3394 Non
2916 3340 3059 3396 enim
3088 3342 3168 3396 sic
3207 3352 3392 3412 peccat
3415 3343 3509 3399 ille
3532 3344 3623 3415 qui
3660 3360 3869 3403 consu-

2279 3428 2445 3497 lendi,
2471 3429 2739 3500 quomodo
2762 3429 2853 3487 ille
2876 3430 2969 3502 qui
2998 3432 3228 3489 nocendi
3264 3435 3539 3492 voluntate
3558 3437 3820 3495 mentitur
3844 3456 3862 3496 :

2277 3530 2370 3576 aut
2392 3535 2520 3575 vero
2550 3523 2567 3553 ί
2598 3530 2799 3577 tantum
2820 3531 2981 3579 noeet
3005 3525 3096 3594 qui
3137 3526 3398 3583 viatorem
3448 3529 3761 3589 mentiendo
3807 3532 3865 3588 in

2278 3612 2550 3669 diversum
2580 3614 2682 3669 iter
2710 3616 2893 3683 mittit,
2924 3628 3185 3687 quantum
3202 3620 3248 3674 is
3271 3621 3362 3692 qui
3380 3621 3521 3678 viam
3551 3624 3675 3681 vita:
3704 3638 3867 3683 men-

2279 3706 2432 3761 dacio
2450 3705 2668 3763 fallente
2683 3708 2960 3778 depravat.
2981 3709 3150 3768 Nemo
3177 3727 3309 3770 sane
3329 3717 3594 3774 mentiens
3613 3716 3866 3788 judican-

2280 3798 2378 3852 dus
2403 3806 2508 3865 est,
2537 3800 2627 3868 qui
2654 3799 2786 3856 dicit
2802 3801 3165 3875 falsumquod
3191 3816 3342 3876 putat
3362 3823 3549 3865 verum
3574 3827 3588 3864 τ
3612 3812 3868 3881 quoniam

2279 3900 2536 3962 quantum
2558 3893 2611 3947 in
2636 3894 2755 3965 ipso
2777 3905 2878 3962 est,
2909 3912 3016 3953 non
3041 3897 3182 3954 fallit
3204 3900 3339 3970 ipse,
3374 3902 3471 3957 sed
3499 3903 3717 3960 fallitur.
3741 3905 3866 3962 Non

2280 3985 2459 4057 itaque
2484 3987 2769 4054 mendacii,
2796 3988 2893 4046 sed
2935 3989 3223 4061 aliquando
3271 3995 3588 4051 temeritatis
3628 4011 3868 4069 arguen-

2280 4077 2381 4134 dus
2404 4087 2506 4147 est,
2536 4079 2627 4150 qui
2654 4078 2787 4136 falsa
2817 4080 3080 4139 inmutius
3115 4084 3319 4141 credita
3359 4101 3459 4158 pro
3506 4088 3647 4145 veris
3679 4088 3863 4147 habet.

2281 4169 2569 4241 Potiusque
2597 4187 2630 4228 e
2648 4174 2939 4242 contrario,
2960 4183 3218 4245 quantum
3244 4178 3300 4233 in
3329 4178 3447 4249 ipso
3470 4189 3571 4248 est,
3597 4181 3684 4238 ille
3712 4197 3872 4239 men-

2282 4262 2431 4330 titur,
2462 4263 2554 4333 qui
2596 4262 2725 4318 dicit
2760 4280 2945 4321 verum
2970 4267 3114 4338 quod
3153 4278 3303 4339 putat
3343 4269 3554 4327 falsum.
3595 4273 3871 4341 Quantum

2282 4354 2427 4408 enim
2438 4353 2504 4408 ad
2524 4354 2762 4411 animum
2778 4358 2896 4428 ejus
2905 4361 3117 4426 attinet,
3146 4363 3267 4432 quia
3295 4378 3402 4419 non
3413 4365 3554 4436 quod
3574 4366 3736 4423 sentit
3761 4367 3871 4427 hoc

2281 4443 2428 4509 dicit,
2468 4459 2578 4500 non
2604 4461 2787 4502 verum
2831 4449 2983 4518 dicit,
3039 4454 3281 4522 quamvis
3333 4469 3517 4510 verum
3562 4456 3874 4516 inveniatur

2282 4548 2403 4591 esse
2428 4537 2570 4607 quod
2589 4537 2719 4596 dicit
2751 4558 2765 4595 :
2789 4556 2891 4597 nec
2916 4542 3023 4598 ullo
3052 4544 3212 4600 modo
3243 4546 3378 4601 liber
3401 4558 3486 4603 est
3508 4563 3541 4603 a
3559 4550 3867 4621 mendacio,

2282 4630 2373 4699 qui
2399 4644 2494 4685 ore
2514 4631 2761 4688 nesciens
2800 4648 2984 4690 verum
3039 4635 3295 4705 loquitur,
3325 4636 3503 4697 sciens
3548 4650 3729 4698 autem
3769 4658 3872 4701 vo-

2284 4720 2487 4776 luntate
2515 4722 2789 4779 mentitur.
2820 4724 2937 4781 Non
2959 4728 3313 4784 consideratis
3351 4730 3535 4803 itaque
3551 4735 3711 4791 rebus
3729 4735 3868 4806 ipsis

2285 4811 2353 4869 de
2377 4815 2569 4884 quibus
2596 4815 2796 4886 aliquid
2812 4817 3029 4885 dicitur,
3056 4820 3153 4876 scd
3190 4821 3304 4876 sola
3336 4822 3635 4882 intentione
3683 4824 3874 4883 dicen-

2285 4904 2375 4974 tis,
2399 4906 2588 4962 melior
2610 4909 2801 4978 estqui
2829 4911 3077 4968 nesciens
3102 4912 3295 4970 falsum
3344 4914 3492 4981 dicit,
3515 4918 3767 4987 quoniam
3814 4920 3871 4976 id

2284 5010 2471 5051 verum
2507 5005 2677 5067 putat,
2731 5012 2891 5070 quam
2916 5004 3007 5073 qui
3064 5005 3359 5062 mentiendi
3407 5007 3643 5061 animum
3689 5010 3875 5066 sciens

2285 5085 2442 5158 gerit,
2467 5090 2712 5148 nesciens
2736 5106 2924 5148 verum
2959 5109 3082 5152 esse
3119 5095 3262 5166 quod
3306 5095 3454 5149 dicit.
3495 5095 3592 5151 Ille
3629 5112 3875 5169 namque

2284 5195 2392 5236 non
2412 5180 2554 5236 aliud
2580 5182 2739 5239 habet
2758 5183 2812 5239 in
2836 5185 3037 5252 animo,
3073 5184 3215 5243 aliud
3265 5186 3321 5238 in
3350 5186 3553 5243 verbo:
3580 5186 3704 5244 huic
3739 5206 3879 5248 vero

2284 5273 2673 5345 qualecumque
2700 5289 2797 5345 per
2821 5290 2882 5331 se
2910 5277 3082 5346 ipsum
3124 5276 3195 5331 sit
3242 5274 3386 5345 quod
3427 5276 3496 5334 ab
3530 5293 3598 5335 eo
3645 5280 3869 5353 dicitur,

2350 5495 2368 5526 ί
2392 5501 2493 5544 Am.
2518 5500 2593 5544 Er.
2617 5500 2726 5543 ιον.
2752 5499 2805 5543 et
2837 5500 2973 5553 Dan.,
3000 5494 3145 5556 Haud
3162 5505 3290 5544 vero.
3326 5501 3384 5545 At
3412 5500 3520 5546 Is.
3546 5502 3600 5546 et
3631 5503 3760 5556 Itrn.,
3784 5503 3880 5549 ω

2282 5569 2394 5607 vero
2418 5569 2436 5606 :
2458 5556 2736 5619 concinnins
2755 5555 2968 5619 quidem,
2991 5554 3083 5606 sed
3099 5557 3273 5606 eodem
3293 5569 3472 5619 sensu;
3496 5570 3605 5607 nam
3626 5569 3657 5608 a
3670 5554 3880 5609 senten-

2283 5620 2350 5670 tia
2387 5617 2697 5685 prtecedente
2754 5616 2825 5666 vis
2861 5616 2957 5666 huc
2998 5630 3155 5680 usque
3200 5616 3464 5685 porrigitur
3504 5619 3753 5683 particulae
3772 5633 3880 5672 ne-

2281 5684 2805 5805 “aliis
2827 5741 3196 5804 redarzuunttu'.
