4124 6206
286 325 380 385 Ξιι

254 437 425 496 .aliud
471 443 645 491 tamen
704 432 944 489 clausum
992 431 1044 484 in
1096 435 1334 500 pectore,
1377 422 1518 479 aliud
1574 422 1628 477 in
1670 419 1848 486 lingua

286 538 583 605 promptum
612 534 734 590 est;
764 523 907 594 quod
937 522 1131 576 malum
1158 527 1240 574 est
1266 516 1535 587 proprium
1564 510 1848 605 mentien-

287 600 369 678 tis.
398 621 452 676 ln
478 621 713 689 ipsarum
762 623 941 669 autem
985 628 1105 682 quae
1142 610 1390 664 dicuntur
1428 600 1856 661 consideratione

285 726 458 766 rerum
485 715 689 761 tantum
714 698 958 767 interest,
977 716 1081 772 qua
1108 699 1160 753 in
1183 714 1244 753 re
1272 698 1494 766 quisque
1513 693 1728 748 fallatur
1742 689 1856 745 sive

257 802 588 864 .mcntiatur,
618 804 675 851 ut
694 809 815 850 cum
841 792 950 848 falli
970 805 1127 862 quam
1152 788 1369 865 'mentiri
1408 787 1585 840 minus
1628 783 1699 838 sit
1736 794 1852 835 ma-

285 894 410 953 lum.
442 898 697 961 quantum
729 884 956 955 pertinet
1006 881 1072 937 ad
1111 878 1343 934 hominis
1388 876 1747 937 voluntatem;
1774 880 1857 927 ta-

285 1000 404 1037 men
431 982 584 1049 longe
610 976 930 1032 tolerabilius
952 974 1022 1029 sit
1050 973 1104 1045 in
1126 971 1209 1026 his
1233 985 1354 1040 qua:
1395 984 1426 1024 a
1453 966 1707 1036 religione
1733 970 1858 1018 sunt

285 1074 541 1141 srjuncta,
569 1067 804 1131 mentiri,
834 1079 993 1135 quam
1025 1063 1076 1117 in
1104 1062 1169 1116 iis
1194 1061 1310 1115 sine
1347 1072 1575 1129 quorum
1624 1055 1728 1110 ﬁde
1769 1052 1858 1109 vel

290 1163 468 1218 notitia
501 1161 637 1214 Deus
665 1157 767 1212 coli
794 1172 899 1211 non
923 1162 1114 1225 potest,
1148 1152 1255 1207 falli
1287 1153 1327 1204 ί.
1357 1149 1511 1218 Quod
1532 1155 1591 1202 ut
1626 1147 1858 1225 illus-tle:

287 1266 369 1306 tur
397 1250 673 1319 exemplis,
703 1218 1002 1302 intueamur
1023 1244 1180 1315 quale
1206 1243 1295 1308 sit,
1338 1242 1383 1295 si
1426 1238 1686 1310 quispiam
1714 1218 1935 1291 36.37“

288 1344 557 1404 mentitur,
587 1342 764 1393 vivere
791 1337 998 1392 nuntiet
1035 1334 1264 1403 aliquem
1309 1338 1597 1394 mortuum;
1628 1335 1684 1383 et
1723 1326 1860 1379 alius

287 1437 408 1490 dum
432 1433 649 1497 fallitur,
680 1429 862 1486 credat
888 1428 1080 1483 iterum
1125 1425 1391 1480 Christum
1422 1430 1545 1492 post
1569 1418 1861 1490 quamlibet

288 1529 436 1592 longa
467 1534 704 1591 tempora
735 1518 1087 1574 moriturum:
1119 1528 1296 1571 nonne
1320 1513 1410 1567 illo
1451 1510 1609 1566 modo
1646 1507 1860 1565 mentiri

284 1631 441 1687 quam
464 1616 566 1668 isto
597 1612 755 1666 modo
786 1610 891 1664 falli
930 1604 1433 1676 imcomparabiliter
1459 1608 1695 1673 praestat,
1716 1599 1858 1654 mul-

289 1717 443 1776 tuque
472 1703 689 1759 minoris
709 1699 831 1755 mali
859 1707 940 1754 est
966 1700 1018 1752 in
1050 1697 1198 1752 illum
1237 1709 1476 1751 errorem
1516 1692 1749 1762 aliquem
1780 1689 1861 1745 in-

286 1796 502 1859 ducere,
532 1808 687 1863 quam
717 1792 770 1845 in
800 1792 958 1845 istum
981 1788 1050 1844 ab
1069 1789 1247 1857 aliquo
1271 1785 1480 1842 induci?

354 1860 579 1942 CAPUT
602 1883 743 1939 XIX.
767 1911 840 1923 ——
861 1880 1023 1935 Error
1073 1880 1205 1933 alius
1243 1876 1442 1949 quidem
1484 1875 1587 1931 alio
1610 1860 1859 1946 pernicio-

285 1978 407 2043 sior,
448 1978 534 2031 sed
560 1989 755 2045 semper
774 1982 847 2027 est
871 1970 1054 2025 malus.
1100 1967 1158 2023 ln
1182 1966 1495 2039 quibusdam
1540 1981 1668 2036 ergo
1697 1964 1859 2020 rebus

287 2086 495 2142 magno,
558 2069 610 2122 in
643 2065 955 2138 quibusdam
1006 2072 1193 2134 parvo,
1241 2061 1295 2117 in
1341 2059 1654 2133 quibusdam
1699 2056 1860 2112 nullo

286 2164 444 2229 malo,
475 2162 527 2216 in
577 2158 894 2231 quibusdam
933 2154 1191 2212 nonnullo
1216 2153 1374 2209 etiam
1417 2152 1558 2207 bono
1609 2150 1857 2205 fallimur.

288 2253 416 2309 Nam
440 2266 633 2322 magno
657 2251 798 2305 malo
826 2249 1024 2303 fallitur
1043 2246 1224 2310 homo,
1251 2260 1374 2302 cum
1410 2244 1512 2299 hoc
1538 2257 1643 2299 non
1692 2240 1865 2297 credit

286 2344 424 2416 quod
450 2343 516 2397 ad
538 2343 699 2397 vitam
722 2340 866 2397 ducit
885 2348 1160 2403 aeternam,
1186 2336 1267 2393 vel
1294 2335 1397 2393 hoc
1422 2334 1593 2391 credit
1632 2332 1774 2404 quod
1794 2332 1861 2386 ad

288 2446 513 2491 mortem
539 2434 981 2488 ducitreternam.
1023 2429 1192 2485 Parvo
1232 2435 1408 2483 autem
1445 2425 1588 2481 malo
1636 2424 1857 2490 fallitur,

285 2531 371 2600 qui
414 2528 607 2583 falsum
636 2540 733 2596 pro
773 2538 898 2580 vero
934 2520 1277 2593 approbando
1325 2519 1512 2576 incidit
1560 2517 1614 2572 in
1660 2516 1864 2586 aliquas

287 2620 565 2676 molestias
589 2616 929 2688 temporales,
957 2613 1149 2686 quibus
1169 2620 1345 2668 tamen
1386 2608 1622 2666 adhibita
1651 2607 1863 2663 ﬁdelis’

285 2710 540 2784 patientia
583 2706 844 2764 convertit
901 2720 993 2760 eas
1044 2704 1098 2760 in
1150 2716 1304 2759 usum
1341 2702 1557 2758 bonum.
1610 2697 1770 2753 Velut
1818 2695 1866 2752 si

286 2802 565 2872 quisquam
605 2799 806 2855 bonum
831 2795 1103 2851 hominem
1153 2791 1389 2864 putando
1422 2790 1513 2862 qui
1542 2789 1719 2848 malus
1759 2797 1861 2854 est,

285 2891 487 2963 aliquid
514 2891 584 2946 ab
608 2904 674 2945 eo
705 2889 933 2959 patiatur
957 2885 1102 2942 mali.
1133 2883 1236 2953 Qui
1285 2898 1415 2939 vero
1457 2881 1656 2937 malum
1693 2879 1866 2935 homi-

290 2998 408 3038 nem
434 2983 507 3036 ita
538 2980 736 3036 bonum
755 2976 945 3043 credit,
968 2985 1028 3033 ut
1056 2976 1189 3032 nihil
1217 2976 1284 3031 ab
1326 2990 1393 3032 eo
1427 2976 1656 3045 patiatur
1696 2972 1821 3028 mali
1846 3014 1861 3037 ,

288 3074 435 3130 nullo
462 3072 604 3127 malo
643 3071 664 3103 ⁸
700 3070 899 3125 fallitur
928 3086 942 3123 :
971 3082 1071 3124 nec
1098 3068 1152 3123 in
1194 3081 1314 3123 eum
1343 3066 1485 3121 cadit
1517 3065 1603 3119 illa
1629 3064 1864 3136 prophe-

293 3168 391 3223 tica
412 3164 712 3229 detestatio,
751 3159 839 3217 Vae
864 3161 927 3215 iis
953 3161 1038 3231 qui
1077 3160 1251 3213 dicunt
1292 3160 1427 3228 quod
1466 3158 1658 3212 malum
1683 3165 1754 3211 est
1779 3156 1867 3210 bo-

290 3274 429 3310 num.
461 3255 540 3310 De
560 3254 689 3324 ipsis
716 3253 859 3308 enim
880 3252 1038 3309 rebus
1054 3252 1245 3322 quibus
1271 3250 1515 3305 homines
1558 3248 1687 3304 mali
1720 3256 1863 3313 sunt,

293 3360 396 3401 non
421 3346 489 3400 de
503 3343 815 3399 hominibus
841 3343 1038 3398 dictum
1055 3341 1454 3413 intelligendum
1476 3349 1578 3397 est.
1606 3338 1758 3396 Unde
1779 3341 1868 3411 qui

290 3436 610 3492 adulterium
640 3434 769 3490 dicit
789 3435 1008 3499 bonum,
1039 3444 1185 3490 recte
1211 3434 1446 3504 arguitur
1472 3432 1558 3487 illa
1588 3447 1719 3487 voce
1736 3446 1867 3502 pro-

289 3527 519 3595 phetica.
545 3524 648 3593 Qui
677 3538 806 3580 vero
826 3524 998 3594 ipsum
1019 3524 1285 3579 hominem
1314 3523 1442 3578 dicit
1465 3523 1684 3590 bonum,
1709 3536 1870 3593 quem

290 3628 441 3689 putat
461 3630 693 3684 caswm,
718 3616 887 3671 nescit
915 3615 1234 3680 adulterum,
1269 3630 1372 3670 non
1414 3616 1466 3672 in
1498 3616 1740 3671 doctrina
1786 3630 1866 3671 re-

288 3720 408 3761 rum
423 3707 686 3763 bonarum
709 3713 764 3761 et
783 3705 1061 3772 malarum,
1081 3704 1174 3759 sed
1196 3705 1248 3759 in
1268 3705 1489 3761 occultis
1510 3704 1865 3760 humanorum

290 3798 492 3854 fallitur
510 3811 720 3853 morum
740 3810 984 3863 ;-vocans
1010 3796 1280 3859 hominem
1309 3797 1531 3863 bonum,
1560 3798 1611 3852 in
1633 3812 1739 3870 quo
1767 3813 1869 3868 pu-

291 3900 368 3946 tat
392 3905 516 3947 esse
562 3888 705 3961 quod
726 3904 842 3946 esse
891 3905 998 3946 non
1046 3889 1251 3945 dubitat
1297 3889 1494 3946 bonum
1523 3888 1643 3956 ’κει
1684 3888 1871 3943 dicens

288 3981 494 4036 malum
520 3979 822 4036 adulterum
858 3989 914 4036 et
947 3981 1142 4036 bonum
1172 3988 1412 4035 castum:
1448 3979 1542 4035 sed
1590 3979 1729 4034 hunc
1773 3980 1873 4033 ho-

288 4085 422 4124 nnm
440 4070 643 4137 dicens,
672 4069 953 4126 nesciendo
968 4070 1262 4125 adulterum
1293 4083 1431 4136 esse,
1466 4085 1570 4124 non
1600 4076 1803 4122 castum
1825 4069 1868 4121 ⁸.

291 4162 475 4216 Porro
505 4161 550 4213 si
571 4176 663 4229 per
694 4176 927 4217 errorem
970 4162 1143 4216 evadit
1172 4161 1396 4231 quisque
1426 4160 1735 4230 perniciem,
1764 4159 1870 4213 sic-

288 4263 347 4307 ut
398 4253 653 4322 superius
691 4254 793 4308 dixi
844 4253 998 4309 nobis
1038 4253 1090 4307 in
1132 4254 1319 4308 itinere
1365 4252 1672 4323 contigisse,
1712 4254 1870 4308 etiam

290 4346 417 4401 boni
450 4345 649 4416 aliquid
672 4346 871 4401 homini
899 4361 1081 4401 errore
1124 4345 1413 4401 confertur.
1461 4346 1567 4401 Sed
1605 4361 1724 4400 cum
1753 4345 1873 4401 dico

292 4441 347 4494 in
373 4440 696 4511 quibusdam
751 4442 909 4497 rebus
944 4440 1088 4495 nullo
1142 4441 1279 4494 malo
1319 4440 1568 4508 aliquem.
1615 4437 1699 4493 vel
1747 4453 1875 4492 non-

294 4529 443 4583 nullo
463 4529 625 4584 etiam
652 4528 791 4584 bono
820 4528 925 4583 falli
949 4544 962 4593 ;
995 4543 1103 4582 non
1132 4528 1303 4595 ipsum
1338 4542 1572 4582 errorem
1602 4526 1724 4582 dico
1755 4525 1873 4583 nul-

293 4622 402 4675 lum
424 4620 623 4675 malum
655 4621 739 4676 vel
765 4620 1078 4675 nonnullum
1110 4620 1339 4684 bonum;
1380 4616 1475 4673 sed
1522 4619 1715 4672 malum
1765 4632 1872 4687 quo

293 4728 398 4766 non
429 4713 661 4775 venitur,
693 4712 782 4767 vel
808 4711 1002 4766 bonum
1029 4727 1133 4783 quo
1164 4711 1371 4767 venitur
1403 4710 1652 4777 errando,
1686 4709 1737 4764 id
1768 4720 1867 4775 est,

293 4819 357 4859 ex
396 4805 518 4875 ipso
547 4819 734 4859 errore
755 4804 878 4874 quid
904 4819 1006 4859 non
1034 4803 1240 4858 eveniat
1284 4802 1367 4857 vel
1395 4803 1520 4873 quid
1568 4800 1870 4873 proveniat.

294 4893 427 4949 Nam
475 4894 590 4964 ipse
640 4909 735 4965 per
762 4910 819 4949 se
869 4894 1041 4964 ipsum
1096 4909 1247 4949 error
1287 4904 1378 4949 aut
1428 4909 1673 4963 magnum
1709 4892 1761 4946 in
1815 4906 1875 4948 re

288 4995 509 5057 magna,
538 4996 632 5040 aut
673 5001 893 5056 parvum
931 4986 982 5040 in
1029 5001 1087 5041 re
1115 5002 1294 5056 parva,
1349 4993 1523 5039 tamen
1551 5000 1761 5055 semper
1790 4993 1874 5039 est

291 5078 520 5133 malum.
553 5078 686 5146 Quis
711 5078 851 5132 enim
871 5077 971 5132 nisi
999 5092 1181 5131 errans
1209 5076 1409 5130 malum
1457 5085 1632 5146 neget,
1685 5090 1878 5145 appro—

354 5239 371 5269 ι
395 5237 482 5307 sic
735 5243 837 5307 am.
861 5239 935 5283 Er.
961 5240 1018 5307 et
1033 5241 1150 5307 Dan.
1182 5231 1388 5291 additur,
1415 5235 1465 5279 ut
1500 5229 1552 5279 in
1589 5228 1804 5292 pluribus
1845 5243 1881 5282 α

288 5296 600 5359 perquirens
622 5295 832 5347 lucidius
852 5295 1223 5359 mvestigabitur.

353 5359 609 5429 399:3"
641 5365 758 5429 tm
801 5363 853 5429 βε
872 5350 1761 5429 .Ρ¹¹¹¹Ῥεῖ,ῐ’⁰ιῖ9¹’9³ε“ἷΒεεζβάείίτ

353 5420 744 5505 Langia:
772 5427 823 5469 et
844 5414 1027 5482 aliquot
1049 5414 1154 5467 Ms‘s.
1180 5422 1235 5467 At.
1267 5414 1368 5465 Alﬁ.
1390 5420 1464 5463 Er.
1503 5422 1556 5464 et
1576 5414 1707 5477 me,
1747 5414 1880 5467 nullo

352 5480 758 5530 Ido:mendose.
926 5480 941 5482 '

352 5539 1347 5613 ξέιωθεκξεησυρεξηουίιθοηωῐει
1436 5612 1445 5613 ί
1514 5599 1527 5613 .
1698 5607 1731 5613 ί.
1809 5602 1849 5613 -.

350 5603 376 5635 ⁸
394 5609 551 5653 laetis
562 5599 798 5671 geteruin
820 5602 1051 5671 librorum
1072 5614 1166 5671 ope
1180 5599 1413 5671 liberatus
1429 5612 1459 5671 ᾖ
1479 5599 1787 5671 glossemate.
1807 5602 1879 5671 sic

283 5664 339 5712 ιι
372 5672 491 5715 ante
511 5664 662 5714 editis
696 5663 939 5713 habebat:
959 5661 1047 5714 sed
1069 5661 1195 5711 hunc
1218 5663 1385 5722 bonum
1408 5661 1587 5722 dicens,
1625 5661 1880 5713 nesciendo

286 5724 694 5778 “attenuatae
711 5736 732 5787 ;
752 5722 890 5776 illum
911 5723 1110 5784 multum,
1132 5720 1384 5775 nesciendo
1402 5720 1600 5774 casum.

1652 300 1853 359 LIBER
1888 296 2089 356 UNUS.

3425 305 3536 368 ξιξ
3551 297 3554 301 ’

1962 414 2089 469 bare
2115 411 2244 469 falsa
2274 426 2370 483 pro
2407 414 2550 470 veris
2583 422 2673 470 aut
2698 414 2997 484 improbare
3034 429 3158 471 vera
3207 430 3305 488 pro
3353 418 3524 490 falsis,

1960 513 2052 559 aut
2074 504 2270 561 habere
2290 506 2488 561 incerta
2522 523 2618 577 pro
2649 510 2830 575 certis,
2860 510 2943 565 vel
2970 517 3114 564 certa
3150 525 3247 580 pro
3275 514 3531 569 incertis?

1961 594 2067 650 Sed
2092 595 2233 650 aliud
2254 604 2338 650 est
2364 596 2560 651 bonum
2590 597 2858 651 hominem
2889 607 3073 665 putare
3095 600 3183 668 qui
3215 601 3385 656 malus
3418 610 3524 670 est,

1961 687 2104 756 quod
2120 696 2204 742 est
2220 688 2454 754 erroris;
2482 697 2537 744 et
2561 688 2702 744 aliud
2731 699 2814 744 est
2838 706 2904 744 ex
2942 689 3042 745 hoc
3075 692 3215 745 malo
3255 692 3401 748 aliud
3422 709 3538 749 ma-

1964 776 2071 831 lum
2109 792 2214 832 non
2244 778 2373 847 pati,
2418 778 2465 832 si
2507 777 2636 833 nihil
2663 788 2853 834 noceat
2892 781 3050 835 homo
3082 782 3278 845 malus,
3325 784 3416 852 qui
3451 793 3535 840 est

1963 877 2178 937 putatus
2197 867 2386 922 bonus.
2414 867 2654 939 Itemque
2679 868 2822 923 aliud
2847 879 2930 925 est
2955 870 3125 939 ipsam
3152 872 3291 925 viam
3319 884 3525 943 putare,

1960 972 2081 1028 quae
2107 973 2214 1014 non
2233 965 2316 1014 est
2344 959 2493 1028 ipsa;
2527 969 2581 1015 et
2604 959 2749 1015 aliud
2776 970 2868 1016 est
2894 975 2984 1015 ex:
3009 961 3113 1017 hoc
3145 964 3345 1018 erroris
3389 965 3533 1021 malo

1965 1050 2162 1121 aliquid
2181 1050 2308 1106 boni
2335 1052 2612 1122 consequi,
2636 1052 2783 1107 velut
2805 1061 2889 1109 est
2910 1054 2978 1110 ab
3018 1053 3227 1110 insidiis
3266 1055 3536 1112 malorum

1965 1141 2237 1197 hominum
2256 1143 2488 1198 liberari.

1940 1228 2117 1288 ‘"CA
2127 1233 2258 1290 PUT
2288 1235 2546 1290 XX.—-7.
2569 1236 2689 1291 Non
2700 1252 2845 1292 omne
2866 1254 3023 1309 genus
3037 1241 3221 1296 erroris
3237 1257 3343 1297 esse
3354 1258 3537 1312 pecca-

1966 1335 2091 1380 tum.
2121 1326 2443 1382 Academicos
2487 1330 2687 1399 refellit,
2714 1330 2802 1401 qui
2835 1341 2890 1384 ut
2932 1347 3071 1385 error
3094 1333 3294 1401 uitetur,
3331 1351 3532 1390 omnem

1965 1419 2300 1473 executionem
2344 1421 2585 1489 suspendi
2598 1421 2789 1477 uolunt.
2817 1422 3011 1478 Nescio
3027 1438 3156 1480 sane
3176 1435 3354 1481 utrum
3377 1428 3539 1482 etiam

1965 1507 2264 1578 hujusmodi
2315 1525 2526 1567 errores
2557 1513 2575 1544 ¹
2606 1528 2767 1567 :cum
2813 1514 2978 1569 homo
3020 1514 3088 1570 de
3130 1516 3273 1572 malo
3322 1517 3540 1573 homine

1966 1598 2103 1656 bene
2123 1603 2304 1669 sentit,
2335 1605 2506 1674 qualis
2535 1606 2606 1661 sit
2635 1609 2913 1673 nesciens;
2945 1615 3037 1663 aut
3057 1623 3155 1678 pro
3188 1609 3269 1665 eis
3298 1626 3418 1681 quae
3444 1626 3541 1680 per

1965 1704 2155 1745 sensus
2181 1695 2422 1763 corporis
2437 1695 2695 1764 capimus,
2726 1706 3017 1753 occurrunt
3033 1698 3248 1768 similia,
3271 1715 3392 1770 qua:
3428 1702 3543 1771 spi-

1964 1783 2067 1837 ritu
2091 1792 2337 1854 tanquam
2364 1801 2608 1856 corpore,
2657 1797 2749 1843 aut
2783 1804 3009 1859 corpore
3065 1799 3317 1861 tanquam
3352 1793 3544 1862 spiritu

1964 1876 2297 1942 sentiuntur;
2345 1879 2501 1949 quale
2548 1881 2766 1949 putabat
2840 1897 2961 1937 esse
3006 1884 3280 1953 apostolus
3324 1885 3537 1953 Petrus,

1963 1971 2175 2040 quando
2201 1972 2537 2028 existimabat
2554 1988 2612 2030 se
2628 1974 2802 2030 visum
2826 1974 3029 2041 videre,
3052 1986 3273 2047 repente
3300 1978 3369 2033 de
3397 1979 3545 2033 clau-

1964 2062 2087 2117 stris
2111 2072 2165 2119 et
2183 2064 2405 2120 vinculis
2423 2080 2516 2135 per
2533 2067 2776 2137 angelum
2809 2067 3065 2124 liberatus
3089 2070 3329 2137 (Λάαν,
3348 2070 3403 2140 9)
3421 2087 3434 2122 :
3452 2080 3545 2126 aut

1965 2153 2019 2207 in
2041 2152 2170 2224 ipsis
2192 2155 2351 2210 rebus
2391 2157 2665 2226 corporeis
2695 2158 2815 2214 lene
2839 2168 3058 2229 putatur
3084 2175 3203 2216 esse
3229 2162 3369 2231 quod
3390 2175 3544 2231 aSpeo

1965 2259 2082 2298 rum
2111 2253 2213 2309 est,
2240 2254 2330 2300 aut
2353 2247 2509 2302 dulce
2537 2247 2677 2317 quod
2706 2256 2946 2304 amarem
2974 2259 3075 2316 est,
3104 2259 3195 2306 aut
3225 2253 3362 2306 bene
3388 2253 3537 2308 olere

1964 2334 2106 2402 quod
2128 2335 2366 2402 putidum
2392 2346 2493 2401 est,
2521 2346 2614 2391 aut
2652 2345 2838 2393 tonare
2867 2354 2991 2394 cum
3008 2340 3174 2395 rheda
3201 2342 3407 2409 transit,
3447 2351 3542 2397 aut

1966 2424 2113 2479 illum
2130 2441 2250 2482 esse
2261 2427 2528 2483 hominem
2541 2445 2661 2483 cum
2678 2429 2815 2484 alius
2827 2430 2914 2494 sit,
2932 2431 3145 2500 quando
3158 2432 3263 2485 duo
3283 2433 3542 2488 simillimi

1967 2516 2067 2571 sibi
2109 2526 2254 2583 sunt,
2307 2517 2447 2587 quod
2508 2520 2561 2573 in
2606 2520 2834 2590 geminis
2880 2535 3025 2591 saepe
3069 2522 3361 2593 contingit;
3405 2523 3547 2578 unde

1966 2607 2040 2662 ait
2064 2606 2175 2672 ille,

2149 2722 2414 2784 Gratusque
2430 2723 2715 2784 parentibus
2730 2730 2868 2784 error
2890 2735 2904 2772 :

2366 2782 2580 2848 (Virgit.,
2606 2782 2791 2836 ma.
2816 2784 2900 2836 uo.
2923 2784 3068 2845 10.1,.
3093 2784 3226 2848 592.)

1967 2891 2023 2938 et
2048 2891 2240 2940 castora
2260 2886 2383 2941 talia
2410 2888 2569 2942 etiam
2596 2896 2814 2958 peccata
2844 2888 3069 2943 dicenda
3094 2889 3221 2945 sint.
3253 2889 3363 2946 Nec
3392 2905 3547 2960 quies

1968 2972 2074 3029 stio
2097 2974 2467 3043 nodosissima,
2514 2993 2633 3048 qua:
2668 2978 2912 3034 homines
2952 2980 3304 3046 acutissimas,
3343 2981 3548 3038 Acade-

1969 3064 2142 3120 micos
2195 3068 2370 3134 torsit,
2430 3083 2572 3123 nunc
2622 3069 2753 3124 mihi
2822 3071 3100 3126 enodanda
3157 3079 3404 3143 suscepta
3444 3081 3548 3139 est;

1970 3166 2147 3211 utrum
2169 3158 2366 3228 aliquid
2388 3159 2581 3214 debeat
2620 3162 2843 3229 sapiens
2881 3162 3199 3230 approbare,
3250 3177 3317 3218 ne
3342 3162 3544 3218 incidat

1972 3248 2026 3303 in
2071 3263 2306 3305 errorem
2333 3291 2348 3315 ,
2393 3251 2436 3305 si
2489 3266 2586 3320 pro
2628 3254 2770 3307 veris
2814 3254 3186 3322 approbaverit
3228 3254 3379 3322 falsa,
3423 3271 3548 3311 cum

1972 3344 2181 3409 omnia,
2210 3343 2347 3398 sicut
2374 3342 2661 3411 afﬁrmant,
2695 3347 2778 3401 vel
2805 3346 3015 3402 occulta
3040 3348 3171 3416 sint,
3198 3348 3284 3403 vel
3319 3348 3546 3404 incerta.

1974 3434 2128 3492 Unde
2171 3437 2269 3490 tria
2333 3435 2538 3492 confeci
2581 3437 2852 3494 volumina
2897 3439 2952 3494 in
2993 3440 3143 3495 initio
3184 3441 3551 3498 conversionis

1962 3543 2127 3596 mete,
2165 3544 2233 3584 ne
2268 3530 2650 3600 impedimento
2686 3532 2841 3587 nobis
2880 3543 3082 3601 essent,
3130 3551 3249 3606 quae
3298 3545 3551 3608 tanquam

1978 3618 2036 3673 in
2064 3620 2202 3675 ostio
2217 3621 2650 3677 contradicebant
2671 3624 2714 3676 ’.
2745 3624 2811 3677 Et
2835 3625 3017 3696 utique
3036 3626 3207 3683 fuerat
3226 3628 3552 3683 removenda

1973 3709 2307 3767 invenienda:
2328 3712 2634 3781 desperatio
2657 3714 2923 3780 veritatis,
2944 3730 3061 3784 quae
3097 3717 3310 3771 illorum
3338 3717 3552 3772 videtur

1968 3802 2518 3871 argumentationibus
2554 3804 2816 3860 roborari.
2872 3806 3027 3875 Apud
3066 3807 3186 3863 illos
3231 3824 3359 3878 ergo
3398 3820 3552 3864 error

1974 3894 2148 3947 omnis
2175 3901 2389 3963 putatur
2413 3908 2535 3949 esse
2576 3904 2874 3964 peccatum,
2904 3896 3045 3964 quod
3073 3899 3227 3951 vitari
3258 3914 3364 3953 non
3390 3913 3553 3969 posse

1974 3984 2320 4050 contendunt,
2349 3985 2453 4039 nisi
2481 3986 2658 4039 omnis
2683 3985 3041 4055 suspendatur
3061 3988 3320 4042 assensio.
3352 3990 3551 4046 Errare

1974 4073 2167 4143 quippe
2187 4072 2371 4129 dicunt
2409 4089 2530 4130 eum
2564 4075 2805 4145 quisquis
2850 4079 3140 4132 assentitur
3190 4080 3409 4136 incertis
3440 4082 3554 4137 :ni-

1974 4166 2156 4234 hilque
2198 4174 2401 4220 certum
2431 4181 2553 4221 esse
2579 4167 2630 4221 in
2654 4167 2926 4223 hominum
2970 4170 3100 4225 visis
3131 4171 3173 4234 ³,
3203 4182 3421 4242 propter
3464 4174 3550 4229 in-

1974 4255 2261 4311 discretam
2282 4257 2688 4321 similitudinem
2711 4259 2848 4327 falsi,
2888 4262 3095 4316 etiamsi
3127 4263 3268 4331 quod
3311 4264 3549 4333 videtur,

1975 4344 2112 4401 forte
2136 4346 2208 4401 sit
2251 4362 2459 4414 verum,
2504 4350 2831 4406 acutissimis
2873 4352 3108 4421 quidem,
3150 4354 3243 4409 sed
3273 4355 3556 4426 impuden-

1976 4438 2194 4493 tissimis
2210 4440 2695 4497 conﬂictationibus
2721 4441 3015 4512 disputant.
3042 4446 3194 4515 Apud
3215 4462 3311 4502 nos
3339 4459 3543 4517 autem,

1975 4525 2155 4583 Justus
2179 4544 2242 4582 ea:
2289 4530 2393 4597 ﬁde
2412 4531 2531 4585 vivit
2582 4532 2772 4601 (Rom.
2803 4549 2843 4597 ι,
2881 4533 2990 4604 17).
3040 4539 3109 4589 At
3155 4538 3201 4590 si
3236 4538 3449 4594 tollatur
3474 4555 3554 4593 as-

1976 4619 2180 4683 sensio,
2207 4618 2339 4676 ﬁdes
2360 4622 2596 4688 tollitur;
2618 4624 2743 4692 quia
2779 4625 2896 4679 sine
2932 4627 3242 4681 assensione
3270 4629 3401 4683 nihil
3432 4645 3559 4686 cre-

1975 4708 2136 4763 ditur.
2160 4708 2230 4763 Et
2246 4718 2371 4764 sunt
2400 4725 2525 4765 vera
2565 4714 2809 4781 quamvis
2834 4729 2940 4768 non
2968 4716 3269 4783 videantur,
3293 4735 3412 4789 qua:
3449 4722 3553 4777 nisi

1977 4800 2282 4866 credantur,
2309 4801 2379 4856 ad
2406 4802 2571 4857 vitam
2603 4804 2836 4871 beatam,
2879 4821 2999 4876 qua:
3050 4823 3158 4861 non
3204 4809 3304 4863 nisi
3351 4822 3556 4869 aeterna

1979 4900 2081 4956 est,
2114 4906 2219 4947 non
2248 4900 2424 4963 potest
2441 4895 2727 4964 perveniri.
2747 4895 2879 4951 Cum
2903 4897 3017 4951 istis
3038 4913 3165 4952 vero
3195 4908 3370 4953 utrum
3401 4902 3548 4972 loqui

1979 4983 2269 5051 debeamus
2284 4986 2489 5056 ignoro,
2514 4987 2623 5057 qui,
2658 5000 2765 5041 non
2795 4987 3031 5042 victuros
3056 4989 3107 5042 in
3138 4998 3416 5056 aeternum,
3455 4995 3553 5051 sed

1978 5076 2034 5132 in
2061 5078 2346 5146 praesentia
2381 5092 2443 5133 se
2473 5078 2653 5134 vivere
2676 5078 2920 5133 nesciunt
2947 5096 2959 5131 :
2989 5080 3095 5135 imo
3125 5082 3330 5137 nescire
3378 5099 3439 5139 se
3465 5085 3551 5141 di-

1979 5175 2127 5233 cunt,
2167 5167 2310 5237 quod
2355 5173 2565 5223 nescire
2600 5182 2706 5223 non
2755 5177 2995 5238 possunt.
3025 5169 3205 5242 Neque
3225 5175 3367 5229 enim
3402 5177 3550 5246 quis-

1979 5271 2137 5328 quam
2175 5258 2369 5313 sinitur
2421 5260 2630 5314 nescire
2678 5273 2736 5313 se
2775 5259 2996 5317 vivere:
3028 5264 3452 5334 quandoquidem
3504 5267 3553 5322 si

2045 5418 2060 5450 ι
2088 5423 2185 5467 Am.
2208 5423 2281 5467 Er.
2305 5425 2440 5479 nam,
2460 5416 2755 5480 Ahujusmodi
2777 5431 2914 5470 error
2949 5428 3037 5472 est.
3061 5429 3169 5472 Mss.
3187 5422 3302 5480 duo,
3334 5420 3479 5480 huius
3493 5421 3558 5474 sit

1981 5479 2150 5531 modus
2171 5480 2368 5531 erroris.
2386 5478 2552 5540 Melius
2572 5486 2701 5539 t.ov.,
2716 5480 2949 5540 ejusmodi
2964 5478 3336 5533 errores.'ttet‘er
3352 5478 3411 5531 ad
3432 5483 3555 5535 illud

1981 5540 2119 5595 infra.
2153 5548 2347 5604 peccata
2370 5539 2578 5591 dicenda
2598 5540 2707 5591 sint.

2043 5601 2252 5667 {Plures
2269 5611 2390 5661 Mss,
2417 5608 2553 5662 esset,
2573 5614 2683 5667 qum
2705 5610 2931 5666 tanquam
2952 5602 3003 5654 in
3017 5602 3136 5655 ostio
3155 5601 3507 5658 cadradicebat
3533 5619 3556 5659 :

1980 5662 2308 5735 ευιξίξηθιιὲεθν
2330 5662 2615 5735 sema-.1.
2710 5732 2717 5735 Α
2801 5662 2810 5666 ⁷
2882 5725 2894 5735 .

2047 5724 2067 5757 ³
2088 5726 2159 5773 sic
2178 5724 2359 5785 aliquot
2373 5732 2477 5774 Mss.
2503 5726 2619 5776 Editi
2643 5732 2823 5788 autem,
2848 5725 2966 5777 visu.
