4124 6206
598 385 879 483 nonvivit,
913 401 1021 443 non
1039 397 1220 470 potest
1254 392 1458 475 aliquid
1480 396 1561 450 vel
1597 399 1806 478 nescire
1831 400 1872 480 1.;
1917 402 2169 483 quoniam

598 471 709 511 non
761 456 931 517 solum
976 456 1135 525 scire,
1168 456 1362 516 verunf
1389 464 1549 522 etiam
1573 468 1783 523 nescire
1811 456 2035 528 viventis
2071 479 2175 531 est.

597 547 705 605 Sed
736 549 979 605 videlicet
1020 566 1127 606 non
1179 555 1522 612 assentiendo
1558 558 1703 627 quod
1739 560 1943 629 vivant,
1987 578 2180 621 cavere

595 639 696 695 sibi
720 640 964 697 videntur
1003 657 1277 700 errorem:
1306 662 1428 703 cum
1470 649 1632 707 etiam
1678 653 1910 712 errando
1955 658 2179 719 convin-

593 738 782 789 cantur
816 732 1026 805 vivere;
1057 737 1311 805 quoniam
1335 753 1446 795 non
1474 749 1649 811 potest
1672 744 1762 813 qui
1786 760 1892 801 non
1926 748 2056 810 vivit
2088 763 2178 811 er.

586 834 731 874 rare.
761 819 912 879 Sicut
930 838 1059 896 ergo
1087 840 1189 883 nos
1232 828 1415 886 vivere
1461 846 1569 889 non
1607 834 1787 897 solum
1825 853 2034 905 verum,
2080 842 2175 899 sed

589 911 747 969 etiam
788 922 993 971 eertum
1020 926 1137 982 est;
1162 919 1232 977 ita
1255 935 1383 981 vera
1406 932 1463 979 et
1496 935 1648 987 certa
1678 939 1803 985 sunt
1826 931 2026 997 multa,
2054 935 2174 1003 qui-

583 1005 689 1060 bus
712 1021 820 1065 non
845 1011 1111 1077 assentiri,
1144 1013 1285 1073 absit
1306 1025 1362 1075 ut
1384 1018 1644 1088 sapientia
1660 1023 1841 1092 potius
1868 1040 2032 1096 quam
2077 1027 2171 1085 de-

581 1100 782 1154 mentia
812 1103 1131 1160 nominanda
1160 1109 1247 1161 sit.

652 1182 895 1243 CAPUT.
916 1186 1059 1245 XXI.
1089 1221 1160 1229 —
1186 1190 1349 1248 Error
1385 1211 1487 1251 non
1526 1214 1723 1269 semper
1756 1211 2050 1272 peccatum,
2081 1206 2171 1260 sed

580 1290 776 1345 semper
801 1278 1010 1333 malum.
1041 1280 1101 1336 In
1127 1283 1320 1354 quibus
1339 1287 1360 1317 ³
1386 1295 1564 1347 autem
1594 1290 1756 1348 rebus
1783 1293 1914 1349 nihil
1945 1295 2169 1357 interest

577 1367 647 1422 ad
679 1372 1066 1441 capessendum
1108 1374 1206 1433 Dei
1250 1393 1502 1450 regnum,
1533 1393 1712 1441 utrum
1751 1387 2068 1458 credantur,
2094 1405 2161 1449 an

573 1475 719 1526 non;
750 1462 831 1515 vel
850 1471 1027 1519 utrum
1048 1479 1175 1521 vera
1193 1467 1307 1522 sive
1343 1469 1453 1525 sint
1480 1472 1592 1527 sive
1610 1485 1885 1545 putentur,
1909 1494 1976 1535 an
1997 1479 2158 1539 falsa:

574 1549 630 1604 in
658 1551 741 1606 his
766 1566 975 1620 errare,
1005 1554 1059 1610 id
1085 1565 1186 1623 est,
1215 1559 1357 1616 aliud
1388 1578 1483 1633 pro
1510 1564 1618 1621 alio
1648 1576 1855 1637 putare,
1886 1587 1991 1627 non
2020 1573 2162 1629 arbi-

574 1641 818 1697 trandum
847 1652 929 1699 est
952 1659 1073 1703 esse
1096 1658 1405 1721 peccatum;
1430 1663 1522 1709 aut
1547 1657 1594 1711 si
1617 1666 1720 1724 est,
1744 1660 2018 1717 minimum
2039 1678 2160 1721 esse

570 1742 728 1806 atque
768 1737 1116 1797 levissimum.
1159 1742 1474 1811 Postremo,
1520 1750 1903 1823 qualecumque
1943 1756 2070 1813 illud
2104 1768 2159 1815 et

569 1835 1057 1902 quantumcumque
1086 1834 1173 1901 sit,
1201 1836 1269 1891 ad
1294 1837 1437 1893 illam
1466 1840 1604 1895 viam
1635 1859 1740 1900 non
1769 1848 2023 1914 pertinet,
2054 1866 2155 1920 qua

566 1917 707 1975 imus
746 1920 812 1977 ad
852 1922 1022 1979 Deum
1050 1942 1064 1978 :
1094 1941 1214 1996 qua:
1241 1929 1325 1983 via
1354 1930 1491 1987 fides
1519 1941 1603 1989 est
1629 1934 1857 2005 Christi,
1902 1955 2021 2009 quae
2060 1917 2155 2011 per

566 2008 907 2069 dilectionem
952 2027 1202 2085 operatur
1241 2018 1439 2090 (Calai.
1469 2040 1525 2089 v,
1557 2027 1636 2098 6).
1681 2029 1861 2100 Neque
1901 2008 2152 2092 enim'ab

562 2098 667 2156 hac
689 2102 772 2156 via
799 2102 1043 2161 deviabat
1076 2109 1128 2162 in
1163 2111 1388 2181 geminis
1422 2113 1543 2171 filiis
1578 2098 1885 2189 gratusﬁille
1920 2127 2155 2193 parenti-

561 2190 667 2249 bus
691 2209 844 2250 error
870 2214 884 2250 :
915 2207 1009 2253 aut
1035 2201 1103 2257 ab
1130 2200 1231 2258 hac
1252 2204 1335 2258 via
1364 2204 1611 2263 deviabat
1636 2213 1906 2281 apostolus
1921 2190 2145 2282 ‘Petrus,

564 2285 778 2355 quando
802 2302 861 2344 se
888 2290 1199 2350 existimans
1228 2295 1401 2351 visum
1426 2297 1625 2367 videre,
1652 2303 1792 2359 aliud
1822 2321 1919 2375 pro
1941 2309 2048 2365 alio
2072 2311 2149 2367 sic

560 2379 803 2447 putabat,
836 2391 891 2434 ut
916 2397 945 2436 a
971 2398 1257 2455 corporum
1286 2389 1622 2461 imaginibus,
1652 2395 1704 2450 in
1729 2397 1922 2466 quibus
1945 2416 2005 2457 se
2027 2417 2148 2459 esse

558 2470 937 2541 arbitrabatur,
968 2492 1091 2533 vera
1124 2480 1177 2534 in
1206 2482 1399 2550 quibus
1426 2495 1542 2540 erat
1568 2502 1791 2559 corpora
1820 2507 1925 2547 non
1957 2495 2144 2565 digno-

559 2571 758 2629 sceret,
805 2566 905 2619 nisi
948 2582 1067 2621 cum
1111 2570 1178 2624 ab
1220 2571 1311 2626 illo
1354 2578 1601 2645 angelus,
1634 2595 1729 2648 per
1769 2598 1929 2652 quem
1975 2585 2144 2642 fuerat

556 2650 842 2719 liberatus,
874 2658 1132 2714 abscessit
1172 2680 1185 2715 :
1227 2674 1317 2717 aut
1351 2667 1418 2721 ab
1457 2667 1557 2722 hac
1592 2670 1676 2724 via
1705 2650 1952 2731 deviabat
1978 2675 2143 2734 Jacob

556 2744 881 2813 patriarcha,
908 2751 1122 2818 quando
1147 2753 1412 2811 viventem
1442 2759 1606 2814 tilium
1637 2776 1665 2813 a
1693 2763 1860 2818 bestia
1891 2768 2141 2825 credebat

556 2837 791 2892 occisum
830 2837 983 2911 (Gen.
1016 2858 1237 2914 xxxvu,
1268 2848 1382 2918 33).
1424 2849 1482 2904 In
1522 2851 1604 2907 his
1640 2862 1799 2925 atque
1836 2858 2140 2929 Iiujusmodi

554 2923 910 2999 falsitatibus,
938 2933 1084 2989 salva
1112 2934 1235 3002 fide,
1265 2955 1384 3009 quae
1413 2940 1466 2995 in
1493 2942 1660 2998 Deum
1688 2923 1842 3004 nobis
1866 2923 1968 3014 est,
2000 2952 2136 3009 falli-

552 3032 695 3085 mur,
726 3028 780 3074 et
806 3022 888 3078 via
919 3039 1022 3079 non
1048 3026 1229 3085 relicta
1257 3045 1378 3099 quae
1404 3032 1471 3086 ad
1500 3033 1647 3089 illum
1671 3035 1836 3105 ducit,
1861 3056 2134 3101 erramus:

552 3110 643 3179 qui
672 3126 884 3169 errores
914 3116 1121 3173 etiamsi
1150 3132 1363 3191 peccata
1391 3140 1498 3180 non
1527 3137 1671 3196 sunt,
1701 3138 1876 3188 tamen
1905 3134 1958 3191 in
1982 3138 2135 3195 malis

548 3197 709 3272 hujus
737 3205 858 3261 vitae
882 3206 1169 3278 deputandi
1196 3223 1355 3283 sunt,
1381 3232 1501 3287 quae
1527 3219 1598 3275 ita
1622 3221 1860 3292 subjecta
1881 3235 1965 3281 est
1987 3230 2136 3285 vani-

547 3292 676 3358 tati,
712 3304 767 3350 ut
805 3299 1165 3369 approbentur
1204 3303 1291 3359 hic
1324 3306 1456 3361 falsa
1495 3325 1592 3377 pro
1615 3314 1789 3379 veris,
1816 3328 2132 3386 respuantur

547 3396 673 3438 vera
700 3400 797 3453 pro
816 3388 984 3454 falsis,
1016 3398 1296 3448 teneantur
1322 3394 1523 3453 incerta
1552 3415 1650 3469 pro
1671 3404 1854 3460 certis.
1880 3406 2128 3474 Quamvis

546 3472 687 3525 enim
716 3472 830 3529 haec
859 3477 925 3533 ab
949 3493 1011 3531 ea
1038 3478 1141 3534 fide
1163 3481 1359 3549 absint,
1390 3502 1485 3557 per
1509 3503 1670 3559 quam
1698 3508 1879 3551 veram
1900 3472 2129 3557 certam-

546 3576 648 3630 que
677 3564 743 3620 ad
772 3575 1025 3625 aeternam
1055 3570 1435 3632 beatitudinem
1466 3580 1733 3639 tendimus
1756 3585 1811 3653 ³;
1849 3589 1918 3645 ab
1949 3606 2013 3647 ea
2042 3601 2123 3649 ta-

542 3667 667 3709 men
694 3657 908 3714 miseria
937 3676 1044 3717 non
1072 3663 1297 3735 absunt,
1325 3668 1379 3723 in
1403 3685 1506 3741 qua
1533 3673 1707 3731 adhuc
1733 3691 1938 3741 sumus.
1967 3682 2124 3745 Nullo

540 3744 705 3800 modo
729 3749 924 3819 quippe
952 3751 1258 3811 falleremur
1294 3758 1349 3815 in
1386 3761 1564 3835 aliquo
1592 3768 1675 3823 vel
1699 3769 1864 3827 animi
1891 3774 1975 3832 vel

536 3836 684 3906 poris
714 3855 873 3898 sensu
892 3883 910 3911 ,
940 3845 987 3900 si
1008 3845 1121 3917 jam
1148 3863 1274 3905 vera
1301 3851 1390 3908 illa
1416 3864 1576 3929 atque
1601 3859 1835 3931 perlecta
1869 3864 2121 3927 felicitate

533 3926 851 3989 frueremur.

606 4021 832 4080 CAPUT
870 4026 1033 4085 XXII.
1060 4062 1130 4073 —
1158 4032 1320 4091 Omne
1355 4041 1675 4103 mendacium
1703 4065 1809 4107 me
1833 4064 2112 4123 peccatum.

534 4113 699 4170 Porro
744 4128 921 4175 autem
963 4137 1121 4181 omne
1164 4130 1499 4190 mendacium
1541 4137 1663 4196 ideo
1703 4142 1986 4205 dicendum
2033 4160 2116 4208 est

533 4222 652 4262 esse
691 4220 962 4278 peccatum
984 4256 999 4283 ,
1029 4220 1149 4288 quia
1190 4221 1353 4279 homo
1396 4242 1501 4284 non
1547 4233 1720 4290 solum
1761 4243 1972 4307 quando
2013 4246 2113 4303 scit

529 4296 645 4367 ipse
688 4302 831 4371 quod
863 4320 1049 4363 verum
1086 4311 1184 4376 sit,
1225 4315 1317 4370 sed
1357 4318 1514 4375 etiam
1553 4325 1600 4379 si
1638 4296 1849 4396 quando
1885 4296 2031 4392 errat
2056 4347 2112 4395 et

529 4384 733 4445 fallitur
752 4393 891 4449 sicut
911 4395 1091 4469 homo,
1115 4400 1219 4459 hoc
1238 4404 1398 4463 debet
1414 4409 1559 4481 loqui
1576 4384 1720 4485 quod
1737 4384 2104 4498 animo-geri;

524 4478 641 4535 sive
684 4482 810 4539 illud
850 4502 1031 4544 verum
1071 4493 1140 4548 sit
1158 4536 1173 4562 ,
1210 4497 1323 4554 sive
1349 4478 1563 4570 putetur
1588 4478 1643 4564 et
1672 4525 1779 4568 non
1803 4516 1893 4571 sit.
1921 4478 2105 4578 5mm;

524 4581 706 4630 autem
733 4577 822 4647 qui
849 4582 1102 4640 mentitur
1119 4626 1134 4651 ,
1163 4598 1348 4647 contra
1377 4592 1432 4650 id
1454 4598 1597 4666 quod
1629 4605 1807 4661 animo
1830 4609 1992 4666 sentit
2019 4577 2101 4670 lo?

525 4662 705 4732 quitur
732 4667 1004 4729 voluntate
1041 4673 1278 4737 fallendi.
1310 4682 1379 4741 Et
1404 4662 1586 4758 utique
1617 4694 1779 4751 verba
1822 4662 2100 4771 propterea

520 4760 648 4807 sunt
691 4756 955 4829 instituta,
985 4779 1090 4821 non
1116 4782 1214 4840 per
1240 4786 1359 4842 quae
1384 4789 1448 4832 se
1475 4756 1717 4839 homines
1998 4793 2098 4849 fal-

1088 272 1550 345 ENCHIRIDION,
1592 280 1747 338 SIVE
1784 284 1874 339 DE
1914 285 2104 353 FIDE,
2147 287 2277 344 SPE
2304 289 2395 347 ET
2430 295 2844 376 CHARITATE,
2886 308 2945 366 S.
2985 314 3352 377 AUGUSTINI

3760 336 3869 400 ιιι

2289 405 2578 521 I’ossumus
2603 421 2744 479 enim
2773 438 2826 483 et
2847 429 3071 494 furendo
3092 442 3130 505 ί,
3160 444 3204 497 sl
3236 460 3433 517 pauper
3457 450 3539 504 cui
3568 454 3747 521 palam
3768 454 3893 511 dar

2288 505 2391 567 tur,
2407 508 2578 606 sentit
2601 523 2960 591 commodum,
2988 539 3043 584 et
3067 532 3214 590 dives
3237 539 3323 592 cui
3346 539 3482 595 ciam
3510 543 3729 615 tollitur,
3752 562 3863 607 non

2282 594 2448 710 sentit
2480 599 2874 671 incommodum
2905 636 2918 672 :
2948 635 3047 678 nec
3072 624 3190 682 ideo
3221 630 3325 684 tale
3354 594 3861 710 furtum

2281 681 2478 800 dlixerit
2502 708 2604 750 non
2632 714 2751 758 esse
2777 719 3071 775 peccatum.
3104 717 3392 778 Possumus
3416 734 3471 780 et
3494 681 3858 800 adnitera‘ndo,

3380 777 3383 778 ν
3427 777 3467 780 ,ἡ
3499 777 3858 800 ..___---_.._-,

2242 826 2245 831 .
2282 777 2326 890 ii
2352 781 2547 854 aliqua,
2580 792 2679 848 nisi
2705 797 2771 852 ad
2795 799 2895 857 hoc
2920 806 2969 860 ei
2995 814 3378 882 consentiatur,
3405 830 3657 890 appareat
3676 838 3861 880 aman-

2279 868 2350 925 do
2374 879 2650 951 moritura,
2681 897 2735 943 et
2760 892 2807 946 si
2833 895 3052 965 vixerit,
3083 906 3388 972 paenitendo
3415 868 3681 982 purganda
3712 933 3727 970 :
3759 932 3861 974 nec

2279 963 2409 1069 ideo
2441 985 2716 1069 peceatum
2761 963 3044 1057 negabitur
3078 963 3180 1052 tale
3219 963 3651 1063 adulteriunij—Ci
3680 1019 3857 1069 autem

2272 1160 2493 1252 propter
2532 1158 2755 1219 alienam
2804 1170 3085 1232 utilitatem
3126 1158 3211 1236 illa
3256 1199 3360 1240 non
3392 1188 3617 1246 violetur
3641 1194 3848 1252 adulte-

2273 1241 2459 1308 rando,
2485 1255 2539 1301 et
2556 1250 2783 1311 violetur
2801 1259 2900 1316 ista
2922 1268 3228 1327 mentiendo
3249 1275 3305 1327 η
3328 1276 3617 1335 Plurimum
3638 1283 3854 1354 quidem

2273 1330 2337 1354 ,Δ
2368 1332 2501 1354 Ia-..“
2693 1344 2716 1354 Α
2775 1348 2787 1354 ⁸
2904 1352 2913 1354 “

3455 1330 3617 1335 ηπ-
3641 1330 3852 1354 ,ιω-ν...

2271 1330 2339 1383 ad
2366 1332 2561 1393 bonum
2589 1344 2877 1410 profecisse
2901 1352 3165 1428 homines,
3187 1364 3276 1434 qui
3302 1382 3410 1423 non
3434 1369 3532 1425 nisi
3558 1387 3656 1442 pro
3680 1374 3854 1433 salute

2271 1419 2414 1442 I.-__!
2458 1428 2473 1440 ⁸
2685 1436 2696 1442 -

3151 1419 3163 1428 .
3204 1419 3219 1434 ,
3304 1419 3410 1423 ατη
3434 1419 3532 1425 -----
3560 1419 3653 1442 ιην
3680 1419 3849 1433 -ν--υηυ

2269 1419 2501 1481 hominis
2533 1436 2894 1511 mentiuntur,
2929 1461 3034 1503 non
3065 1460 3146 1506 est
3174 1458 3472 1527 negandum
3504 1478 3518 1515 :
3547 1464 3640 1519 sed
3668 1465 3723 1519 in
3753 1481 3849 1522 eo-

2267 1527 2386 1569 rum
2419 1519 2506 1574 tali
2532 1517 2769 1591 profectu
2804 1538 2994 1592 merito
3026 1517 3296 1614 laudatur,
3325 1552 3411 1607 vel
3449 1555 3606 1610 etiam
3636 1565 3846 1630 tempo-

2267 1606 2446 1630 ..-κμ-
2473 1626 2523 1630 -ι
2882 1627 2895 1630 ’

3282 1606 3294 1614 ,
3400 1606 3403 1607 γ
3639 1606 3811 1630 --η-ρ

2265 1606 2447 1662 raliter
2472 1626 2843 1679 remuneratur
2880 1627 3243 1691 benevolentia
3266 1681 3281 1706 ,
3311 1657 3416 1697 non
3459 1643 3664 1703 fallacia
3684 1691 3699 1714 ,
3726 1666 3848 1721 quae

2265 1705 2320 1751 ut
2344 1698 2646 1768 ignoscatur
2668 1722 2884 1784 satest,
2915 1736 3019 1777 non
3055 1734 3111 1780 ut
3145 1729 3303 1785 etiam
3338 1735 3688 1808 praedicetur,
3728 1698 3846 1798 :na-

2261 1788 2401 1846 xime
2439 1795 2490 1848 in
2529 1796 2826 1862 hmrcdibus
2856 1809 3178 1873 Testamenli
3203 1788 3365 1889 Novi:
3393 1828 3584 1897 quibus
3623 1788 3841 1904 dicitur,

2269 1878 2344 1904 οι.
2372 1884 2415 1904 3.,
2787 1898 2825 1904 “

3351 1878 3365 1889 .
3398 1878 3583 1897 ‘—~~"v
3625 1878 3841 1904 --νηιυο

2262 1878 2345 1936 Sit
2369 1884 2421 1939 in
2449 1904 2536 1943 ore
2561 1905 2749 1964 vestro,
2778 1898 2888 1967 Est,
2919 1915 2990 1959 est
3006 1922 3025 1971 ,'
3057 1908 3177 1965 Non
3196 1955 3210 1978 ,
3240 1932 3341 1971 non
3370 1932 3388 1971 :
3416 1922 3552 1989 quod
3574 1925 3706 1979 enim
3732 1944 3845 1982 am-

2268 1988 2285 1989 η
2302 1971 2332 1989 Ι.
2484 1988 2487 1989 ν
2686 1986 2696 1989 ‘

2259 1971 2395 2085 Iptius
2418 1988 2507 2046 est,
2535 1998 2567 2035 a
2591 1986 2725 2041 male
2750 2000 2822 2044 est
2848 1993 3057 2063 (Matth.
3087 2015 3142 2066 v,
3170 1971 3281 2076 37).
3314 1971 3705 2085 Propter

2858 2062 2861 2063 ,
3130 2062 3139 2066 ν
3238 2062 3253 2076 1
3419 2062 3526 2081 τντ-
3564 2062 3701 2085 *ι’-ν’*
3724 2062 3809 2075 "'“

2258 2062 2366 2119 lum
2388 2110 2402 2135 ,
2435 2074 2557 2140 quia
2588 2077 2875 2151 subrepere
2906 2087 2958 2141 in
3000 2089 3097 2146 bac
3135 2097 3455 2157 mortalitate
3484 2120 3589 2159 non
3623 2106 3836 2177 desinit,

2254 2157 2414 2258 etiam
2461 2161 2559 2230 ipsi
2607 2168 2913 2231 cohreredes
2955 2178 3147 2237 Christi
3196 2184 3409 2258 dicunt,
3452 2157 3840 2257 Diiiiittevno'lii;

2256 2246 2421 2304 debila
2449 2265 2619 2311 nostra
2647 2259 2754 2331 (Id.
2784 2280 2868 2333 vr,
2905 2269 3015 2342 I2).

2324 2339 2550 2402 CAPUT
2588 2349 2775 2408 XXIII.
2795 2388 2863 2399 —
2881 2360 2933 2416 8.
2964 2339 3130 2421 Causa
3149 2385 3317 2426 rerum
3353 2372 3615 2445 bonarum,
3638 2383 3836 2444 bonitas

2251 2430 2386 2501 Dei;
2425 2440 2707 2509 "tatarum,
2738 2448 2969 2507 voluntas
3007 2459 3244 2528 deﬁciens
3282 2464 3399 2520 boni
3434 2471 3705 2529 mutabilis.
3739 2476 3835 2534 His

2251 2523 2428 2595 itaque
2453 2547 2550 2600 pro
2577 2534 2732 2607 hujus
2756 2540 3030 2602 brevitatis
3058 2523 3385 2614 necessitate
3407 2565 3661 2636 tractatis,
3692 2585 3831 2641 quo-

3580 2616 3661 2636 ---,
3695 2616 3796 2641 γε.

2249 2616 2389 2674 niam
2439 2638 2614 2683 causa:
2658 2642 3040 2705 cognoscendze
3083 2656 3205 2702 sunt
3251 2665 3429 2708 rerum
3473 2654 3732 2717 bonarum
3775 2674 3833 2723 et

2247 2713 2525 2784 malarum,
2554 2735 2805 2792 quantum
2835 2734 2932 2787 vim
2961 2737 3088 2792 satis
3113 2748 3197 2796 est
3222 2758 3339 2815 quae
3360 2762 3460 2803 nos
3484 2752 3736 2820 perducat
3760 2757 3830 2815 ad

2244 2818 2485 2877 regnum,
2518 2816 2604 2870 ubi
2632 2821 2733 2875 erit
2763 2823 2865 2880 vita
2893 2827 3009 2885 sine
3033 2841 3221 2899 morte,
3252 2837 3368 2894 sine
3393 2857 3577 2900 errore
3607 2850 3824 2921 veritas,

2245 2896 2354 2921 ..ε-Α
2389 2917 2415 2921 .-
2434 2912 2502 2921 -ηι
2574 2909 2588 2921 ³
2666 2912 2677 2921 ·
2815 2917 2833 2921 ’
2862 2918 2893 2921 ’⁸

2243 2896 2358 2954 sine
2389 2909 2783 2970 perturbatione
2809 2917 3029 2976 felicitas
3059 2942 3071 2977 :
3102 2896 3430 3002 nequaquam
3455 2896 3699 2997 dubitare
3728 2896 3826 2999 de:

2240 2990 2447 3065 bemus,
2478 3015 2653 3059 rerum
2679 3023 2794 3077 qua:
2824 3012 2889 3065 ad
2918 3030 3013 3069 nos
3038 3021 3305 3087 pertinent
3327 3023 3585 3084 bonarum
3606 3047 3823 3093 causam

2241 3098 2346 3139 non
2380 3104 2499 3147 esse
2542 3095 2642 3150 nisi
2683 3098 2968 3160 bonitatem
3000 3107 3130 3175 Dei;
3164 3113 3420 3171 malarum
3455 3135 3584 3178 vero
3622 3123 3689 3180 ab
3718 3126 3821 3183 im-

2239 3181 2480 3235 mutabili
2509 3184 2648 3241 bono
2672 3187 3003 3251 deﬁcientem
3030 3200 3154 3256 boni
3180 3207 3448 3265 mutabilis
3472 3211 3817 3287 voluntatem,

2235 3269 2383 3337 prius
2412 3278 2604 3345 angeli,
2637 3280 2863 3339 hominis
2890 3296 3092 3356 postea.
3782 3380 3786 3385 θ

2305 3363 2381 3385 ΙῚΔ
2400 3366 2533 3385 nrt!!!
2570 3370 2739 3385 εῖν-ὀ
2894 3379 2926 3385 ⁸

2305 3363 2533 3424 CAPUT
2570 3370 2758 3427 XXIV.
2786 3406 2857 3416 --
2885 3379 3135 3438 Secunda:
3162 3388 3413 3445 malorum
3440 3410 3606 3456 cauete
3623 3439 3638 3466 ,
3670 3380 3819 3477 igno-

2231 3460 2400 3512 rantia
2444 3469 2492 3515 et
2529 3468 2948 3538 concupiscentia.
3002 3475 3111 3533 Hoc
3156 3482 3387 3557 primum
3435 3498 3516 3545 est
3557 3460 3816 3554 creatum

2229 3551 2503 3607 rationalis
2528 3557 2745 3627 malum,
2776 3561 2827 3616 id
2854 3575 2953 3633 est,
2983 3570 3148 3637 prima
3164 3551 3401 3642 privatio
3424 3579 3550 3643 boni
3579 3599 3592 3637 :
3620 3584 3813 3643 deinde

2222 3636 2333 3710 jam
2374 3643 2532 3699 etiam
2576 3649 2882 3711 nolentibus
2929 3636 3244 3721 subintravit
3290 3666 3584 3739 ignorantia
3629 3693 3809 3747 rerum

2226 3730 2547 3800 agendarum
2568 3779 2582 3804 ,
2616 3749 2669 3794 et
2694 3747 3118 3818 concupiscentia
3151 3756 3461 3828 noxiarum;
3491 3766 3682 3836 quibus
3707 3785 3805 3825 co-

2224 3821 2380 3881 mites
2423 3827 2823 3895 subinferuntur
2863 3832 3016 3896 error
3048 3853 3102 3899 et
3130 3845 3282 3904 dolor
3311 3867 3325 3903 :
3357 3868 3477 3922 quae
3506 3821 3624 3915 ⁵(ιιιο
3664 3862 3803 3919 mala

2221 3917 2433 3987 quando
2478 3921 2810 3984 imminentia
2859 3934 3190 4007 sentiuntur,
3233 3955 3296 3996 ea
3333 3917 3605 4016 {agitantis
3637 3952 3802 4011 animi

2221 4017 2399 4065 motus
2428 4024 2648 4071 vocatur
2675 4029 2867 4076 metus.
2901 4022 3068 4081 Porro
3096 4028 3304 4087 animus
3343 4048 3464 4090 cum
3494 4037 3802 4110 adipiscitur

2219 4105 2519 4174 concupita,
2548 4112 2787 4180 quamvis
2811 4117 3108 4184 perniciosa
3135 4122 3217 4178 vel
3242 4124 3443 4193 inania,
3472 4133 3717 4201 quoniam
3744 4136 3798 4193 id

2217 4205 2400 4249 errore
2430 4213 2534 4253 non
2563 4203 2755 4268 sentit,
2789 4205 2871 4261 vel
2903 4206 3253 4269 delectatione
3283 4218 3523 4276 morbida
3547 4221 3791 4294 vincitur,

2214 4284 2296 4338 vel
2319 4284 2339 4316 ³
2363 4302 2496 4341 vana
2526 4291 2683 4346 etiam
2712 4294 2890 4352 laetitia
2918 4302 3222 4359 ventilatur.
3246 4306 3322 4363 Ex
3353 4308 3437 4365 his
3460 4312 3789 4385 morborum,

2213 4388 2318 4429 non
2345 4377 2622 4448 ubertatis,
2650 4384 2742 4439 sed
2772 4386 3075 4460 indigentiae
3098 4404 3341 4468 tanquam
3369 4399 3599 4461 fontibus
3616 4408 3793 4475 omnis

2211 4466 2426 4523 miseria
2456 4482 2656 4530 naturae
2685 4479 2957 4538 rationalis
2983 4497 3213 4544 emanat.

2278 4559 2503 4619 CAPUT
2532 4564 2697 4625 XXV.
2726 4600 2797 4611 -—-
2822 4571 2997 4630 Pwme
3025 4580 3239 4646 peccatis
3268 4581 3518 4657 irrogata.
3549 4586 3681 4659 Quae
3710 4598 3790 4647 ta-

2206 4666 2327 4706 men
2367 4663 2550 4712 natura
2592 4659 2644 4714 in
2674 4663 2829 4719 malis
2857 4666 2967 4722 suis
2997 4683 3101 4725 non
3133 4673 3303 4742 potuit
3341 4678 3584 4737 amittere
3621 4681 3789 4741 beati-

2205 4741 2400 4799 tudinis
2429 4749 2741 4819 appetitum.
2786 4753 2979 4810 Verum
3011 4757 3125 4815 haec
3152 4766 3449 4825 communia
3483 4772 3625 4831 mala
3662 4784 3784 4832 sunt

2201 4842 2254 4888 et
2278 4833 2550 4894 hominum
2582 4850 2635 4896 et
2662 4846 2968 4916 angelorum
2998 4865 3094 4920 pro
3120 4866 3212 4909 sua
3243 4857 3440 4915 malitia
3471 4860 3676 4921 Domini
3698 4864 3783 4936 ,ἱιιο

2198 4926 2341 4981 stitia
2382 4929 2769 4990 damnatorum.
2811 4937 2914 4994 Sed
2946 4941 3106 4998 homo
3134 4945 3295 5007 habet
3335 4959 3388 5005 et
3421 4966 3629 5021 pmnam
3659 4926 3784 5026 pro.

2196 5019 2393 5086 priam,
2426 5036 2527 5091 qua
2557 5026 2715 5081 etiam
2755 5034 2994 5103 corporis
3025 5046 3196 5096 morte
3232 5043 3446 5111 punitus
3468 5052 3567 5099 est.
3594 5046 3779 5109 Mortis

2194 5107 2242 5163 ei
2268 5110 2461 5183 quippe
2486 5118 2798 5187 supplicium
2829 5123 2968 5179 Deus
2996 5107 3347 5185 comminatus
3372 5129 3563 5199 fuerat,
3588 5107 3631 5191 si
3653 5154 3777 5209 pec-

2192 5213 2338 5261 caret
2365 5224 2378 5261 :
2410 5207 2490 5266 sic
2524 5224 2646 5266 eum
2679 5228 2964 5272 munerans
2998 5218 3170 5274 libero
3208 5222 3460 5292 arbitrio,
3502 5234 3559 5281 ut
3595 5207 3773 5292 tamen

2254 5314 2269 5345 ⁸
2296 5314 2412 5369 Μίιὶ
2474 5324 2597 5390 post,
2644 5335 2892 5386 poscimur:
2932 5325 3058 5378 enim
3090 5334 3140 5383 et
3171 5330 3398 5396 iuranda,
3441 5335 3639 5403 addam,
3676 5340 3769 5395 αιῑ.

2254 5374 2378 5427 αηάο
2399 5353 2547 5430 alica:
2567 5384 2790 5430 prodesse
2810 5399 2827 5430 :
2849 5388 2936 5430 sed
2960 5390 3221 5430 sunarﬂlm.

2186 5374 2378 5440 quando
2399 5374 2547 5431 alicui
2565 5374 3398 5451 adama'séd'sdﬁeiadoi'w"
3676 5374 3741 5395 ω’

2219 5439 2268 5508 .¹
2289 5439 2507 5522 Hoc
2529 5442 2943 5522 in:editis.inlserta
3097 5461 3237 5522 erant
3259 5468 3272 5503 :
3309 5464 3412 5511 Non
3439 5460 3551 5516 rdeo
3570 5469 3768 5519 me.

2332 5501 2782 5587 poteritdaliquand‘o
2804 5497 3035 5587 laudant-ﬂ
3558 5497 3762 5587 Η

2181 5558 2911 5652 ¹¹¹¹ἕκιτ¹ὶ¹3ν¹υηίῖα¹²ἑ-ηεεηείήἰν.έ
2930 5558 3190 5652 serite":
3203 5590 3323 5652 ergo.

2181 5634 2241 5652 ,...
2537 5639 2659 5652 η...,.

2179 5617 2320 5716 (μλοέ
2344 5623 2659 5716 ὺξηιεενοιςῖιιία
2693 5639 2911 5692 excusat,
2930 5617 3131 5716 vei—id};

2179 5695 2265 5716 νη..
2300 5698 2324 5716 ,ι
2346 5699 2370 5716 ο
2392 5701 2406 5716 .
2428 5700 2551 5716 ρης...
2574 5702 2643 5716 ιηο
2670 5704 2817 5716 ...ηηη
2840 5699 2927 5716 ..μη
2974 5709 2995 5716 -

2178 5685 2406 5754 verbaab
2428 5688 2647 5738 omnibus
2668 5704 2819 5754 prope
2840 5685 2945 5744 Mss.
2973 5685 3163 5753 absunt:

2240 5746 2259 5776 δ
2282 5749 2366 5797 mc
2386 5759 2485 5798 Am.
2506 5746 2714 5833 armas.
2740 5746 2850 5804 im.
2878 5746 3257 5824 et
3278 5769 3520 5835 omittunt,
3542 5770 3632 5825 vel.

515 4841 657 4910 lant,
690 4849 784 4904 sed
814 4867 912 4922 per
938 4870 1056 4927 quae
1086 4858 1139 4914 in
1166 4841 1386 4923 alterius
1410 4869 1635 4940 quisque
1670 4841 2096 4956 notitiam-cogi-

513 4938 741 4997 tationes
771 4958 895 4999 suas
924 4947 1154 5016 perferat
1174 4950 1215 5005 ’⁸.
1244 4952 1431 5013 Verbis
1460 4938 1588 5034 ergo
1612 4965 1686 5020 uti
1712 4967 1781 5023 ad
1808 4938 2088 5044 fallaciai’n,

513 5042 622 5082 non
649 5030 716 5085 ad
754 5034 894 5102 quod
932 5037 1167 5096 instituta
1195 5054 1352 5113 sunt,
1382 5030 1656 5118 peccatum
1691 5067 1794 5114 est.
1832 5061 1942 5119 Nec
1968 5030 2091 5123 ideo

509 5117 675 5174 ullum
712 5126 1043 5185 mendacium
1083 5136 1370 5202 putandum
1384 5117 1484 5198 est
1510 5160 1616 5203 non
1642 5163 1763 5206 esse
1788 5166 2082 5226 peccatum,

511 5211 633 5281 quia
664 5227 947 5283 possumus
975 5224 1267 5295 aliquando
1292 5233 1447 5290 alicui
1487 5240 1741 5307 prodesse
1754 5250 2079 5309 mentiendo.

564 5422 588 5434 ι.
614 5422 779 5448 unus,“
802 5422 889 5442 σνιι
900 5422 945 5453 c,
972 5422 1043 5454 ut,
1057 5422 1267 5463 νιυηηιδι,
1296 5422 1323 5455 3
1343 5422 1448 5461 MSS.

564 5449 941 5543 :hi‘t'mffrénllov:
963 5464 1170 5543 etku
1180 5467 1560 5543 ιχιμοῃιὶιηιςξιῄιηεζ
1569 5482 1868 5543 Castigantur
1886 5500 1947 5536 ex
1970 5496 2075 5540 Mss.

500 5509 676 5603 ςαξὺὲ
697 5518 1173 5603 ςὲἓςιίιξιίξιὲςξίῐρξῖ)

563 5571 583 5605 a
604 5572 676 5621 sic
701 5584 802 5625 Mss.
829 5584 881 5627 Αι
907 5580 1044 5640 editi,
1070 5596 1155 5646 per
1176 5571 1912 5673 σῷἧινα
1938 5624 2076 5680 (mmo

563 5644 726 5680 emam
749 5634 1086 5680 ὺριιιὶιηήὸηργη
1110 5649 1345 5680 Insulam...
1379 5668 1391 5680 .
1424 5661 1579 5680 “1----
1606 5666 1616 5680 ι
1652 5679 1657 5680 ,

494 5634 1087 5717 wtfrmgeatitudinern
1100 5634 1749 5717 Manili-"uiiddsl'iaé‘h'é;

556 5695 576 5722 ⁸
607 5694 830 5758 ﬁerique
852 5710 977 5766 Mss,
1001 5694 1228 5773 proferat.
