4124 6206
525 344 623 403 217

522 458 669 515 Sicut
697 457 835 512 enim
864 455 951 527 qui
989 471 1047 510 se
1079 456 1286 519 occidit,
1322 455 1498 523 utique
1535 452 1760 507 vivendo
1791 465 1850 505 se
1878 448 2091 514 occidit,

523 547 619 603 sed
648 562 705 602 se
730 546 1018 603 occidendo
1058 561 1165 599 non
1197 546 1343 610 vivit,
1374 560 1472 598 nec
1499 559 1556 598 se
1584 544 1754 612 ipsum
1785 541 1979 612 poterit
2007 555 2093 595 re-

524 641 779 694 suscitare
806 652 925 692 cum
971 637 1262 692 occiderit:
1297 638 1368 691 ita
1407 652 1526 691 cum
1570 636 1737 691 libero
1788 642 2095 705 peccaretur

525 728 764 792 arbitrio,
790 727 989 781 victore
1020 736 1233 797 peccato
1256 728 1509 781 amissum
1554 735 1635 781 est
1677 726 1902 780 liberum
1947 724 2094 780 arbi-

526 818 680 871 trium
705 833 716 880 ;
743 817 786 869 Α
807 833 915 889 quo.
933 818 1063 870 enim
1088 819 1196 887 quis
1226 819 1442 872 devictus
1465 826 1559 882 est,
1586 816 1703 871 huic
1729 826 1773 872 et
1798 833 1968 871 servus
1995 818 2092 870 ad—

523 908 685 961 dictus
715 917 784 961 est
813 906 886 977 (II
911 906 1050 961 Petr.
1079 925 1134 971 11,
1164 909 1271 978 19).
1304 908 1446 964 Petri
1467 918 1610 963 certe
1632 909 1856 978 apostoli
1885 916 1967 964 est
1994 908 2094 963 ista

524 992 825 1073 sententia":
854 1014 971 1067 qua:
1004 1014 1123 1052 cum
1167 1014 1290 1054 vera
1334 1001 1421 1063 sit,
1471 1000 1661 1069 qualis,
1687 1015 1892 1070 quasso,
1922 1009 2097 1069 potest

524 1090 663 1145 servi
687 1089 879 1143 addicti
919 1104 1036 1144 esse
1073 1090 1307 1156 libertas,
1342 1091 1438 1144 nisi
1477 1089 1687 1160 quando
1724 1105 1845 1145 eum
1875 1105 2097 1160 peccare

525 1181 786 1236 delectat?
812 1180 1125 1236 Liberaliter
1172 1183 1311 1236 enim
1343 1183 1525 1247 servit,
1556 1182 1643 1252 qui
1671 1182 1752 1235 sui
1773 1182 1975 1236 domini
2003 1196 2098 1235 vo-

524 1270 783 1335 luntatem
806 1271 1033 1325 libenter
1048 1271 1192 1327 facit.
1210 1274 1287 1327 Ac
1306 1288 1398 1341 per
1416 1272 1515 1327 hoc
1532 1270 1599 1327 ad
1624 1272 1945 1340 peccandum
1961 1272 2096 1328 liber

527 1371 628 1427 est,
656 1363 744 1433 qui
790 1363 987 1431 peccati
1014 1378 1196 1418 servus
1223 1373 1320 1417 est.
1352 1363 1501 1419 Unde
1526 1364 1591 1417 ad
1611 1363 1755 1433 juste
1799 1363 2094 1417 faciendum

524 1450 660 1508 liber
687 1467 790 1509 non
816 1454 935 1518 erit,
961 1454 1061 1507 nisi
1096 1469 1125 1507 a
1170 1461 1387 1523 peccato
1437 1454 1689 1509 liberatus
1717 1468 1836 1508 esse
1872 1452 2093 1523 justitiae

530 1543 753 1613 creperit
781 1557 984 1597 servus.
1017 1543 1134 1612 Ipsa
1173 1553 1255 1597 est
1282 1559 1403 1598 vera
1450 1543 1666 1599 libertas
1710 1551 1924 1613 propter
1963 1543 2096 1599 recti

525 1630 652 1686 facti
699 1632 987 1697 ltetitiam‘,
1017 1633 1172 1687 simul
1222 1641 1276 1688 et
1313 1636 1397 1703 pia
1441 1633 1666 1688 servitus
1713 1642 1928 1703 propter
1953 1648 2094 1704 pra:-

525 1724 662 1793 cepti
687 1723 1062 1779 obedientiam.
1093 1726 1198 1781 Sed
1226 1726 1291 1781 ad
1317 1726 1451 1781 bene
1480 1724 1774 1780 faciendum
1803 1725 1902 1781 ista
1932 1724 2094 1780 liber-

521 1819 607 1868 tas
644 1814 783 1868 unde
807 1815 911 1869 erit
934 1815 1132 1869 homini
1159 1815 1369 1870 addicto
1394 1824 1448 1870 et
1475 1815 1709 1881 vendito,
1738 1815 1840 1870 nisi
1867 1815 2095 1871 redimat

526 1905 678 1974 cujus
720 1905 806 1959 illa
839 1922 940 1961 vox
969 1915 1068 1972 est,
1098 1906 1161 1961 Si
1204 1924 1289 1962 vos
1310 1907 1475 1962 Filius
1515 1908 1813 1972 liberaverit,
1843 1917 1960 1962 tunc
1985 1925 2095 1962 vere

525 1995 668 2050 liberi
691 1997 826 2050 eritis
872 1995 1048 2069 (Joan.
1082 2013 1188 2062 v1u,
1221 1999 1348 2068 '56)?
1372 1997 1525 2065 Quod
1570 2006 1851 2068 antequam
1896 1997 2011 2053 fieri
2041 1999 2094 2054 in

522 2084 739 2140 homine
784 2086 1015 2155 incipiat,
1049 2087 1313 2157 quomodo
1336 2089 1610 2157 quisquam
1651 2088 1716 2143 de
1757 2089 1924 2144 libero
1949 2089 2094 2144 arbi-

525 2177 629 2231 trio
656 2177 705 2230 in
733 2177 874 2233 bono
898 2178 1160 2248 gloriatur
1179 2193 1357 2248 opere,
1381 2180 1468 2249 qui
1496 2178 1730 2233 nondum
1760 2187 1840 2235 est
1862 2179 1995 2234 liber
2029 2177 2096 2234 ad

525 2265 852 2335 Operandum
897 2266 1053 2333 bene,
1096 2268 1193 2323 nisi
1225 2284 1284 2323 se
1309 2283 1440 2323 vana
1480 2269 1723 2338 superbia
1763 2268 1974 2324 inﬂatus
2000 2284 2095 2324 ex-

526 2355 716 2409 tollat?
743 2371 899 2427 quam
945 2358 1158 2413 cohibet
1191 2359 1478 2428 Apostolus
1517 2358 1719 2425 dicens,
1750 2357 1925 2413 Gratia
1969 2357 2096 2413 salvi

524 2448 650 2518 {acti
675 2447 789 2502 estis
815 2464 903 2517 per
928 2448 1097 2516 ﬁdem.

593 2534 817 2592 CAPUT
839 2536 1030 2591 XXXI.
1082 2568 1149 2577 —
1202 2538 1354 2594 Fides
1407 2550 1455 2595 et
1510 2556 1664 2611 opera
1708 2544 1837 2596 bona
1888 2559 1948 2597 ea:
1999 2541 2096 2598 Dei

523 2627 675 2681 dono.
706 2626 771 2681 Et
798 2643 865 2681 ne
904 2628 1073 2698 ipsam
1099 2629 1199 2685 sibi
1250 2632 1439 2685 saltem
1476 2632 1633 2688 {idem
1662 2634 1739 2688 sic
1763 2645 2092 2704 arrogarent,

524 2726 584 2772 ut
620 2732 722 2772 non
764 2718 1123 2790 intelligerent
1165 2720 1420 2777 divinitus
1466 2738 1586 2779 esse
1632 2724 1876 2779 donatam
1903 2767 1916 2791 ,
1961 2727 2097 2781 sicut

519 2807 663 2863 idem
706 2812 974 2879 apostolus
1004 2814 1108 2868 alio
1133 2813 1253 2867 loco
1276 2814 1424 2877 dicit,
1453 2828 1511 2869 se
1538 2824 1597 2869 ut
1639 2815 1809 2871 ﬁdelis
1829 2827 1972 2872 esset
1997 2818 2099 2872 mi-

522 2901 865 2961 sericordiam
902 2913 1243 2959 consecutum
1279 2904 1332 2976 (I
1359 2904 1475 2959 Cor.
1505 2921 1596 2971 v11,
1621 2906 1742 2977 25);
1776 2907 1860 2961 hic
1887 2923 2095 2980 quoque

523 2990 780 3061 adjunxit,
796 3001 953 3063 atque
979 2996 1072 3060 ait,
1096 2994 1159 3049 Et
1186 2995 1279 3048 hoc
1306 3012 1405 3049 non
1432 3012 1493 3051 ex
1512 2996 1666 3063 vobis,
1685 2996 1773 3050 sed
1791 2996 1887 3052 Dei
1906 2998 2094 3052 donum

522 3094 629 3150 est;
660 3101 759 3138 non
788 3101 849 3141 ea:
876 3088 1126 3157 aperibus,
1156 3104 1218 3141 ne
1253 3092 1381 3161 forte
1422 3088 1535 3159 quis
1581 3090 1867 3144 extollatur.
1915 3090 1983 3145 Et
2028 3107 2096 3148 ne

516 3184 832 3246 putarentur
866 3177 1108 3233 ﬁdelibus
1141 3178 1278 3234 bona
1298 3194 1460 3250 opera
1482 3179 1744 3247 defutura,
1773 3196 1958 3237 rursus
1997 3183 2095 3238 ad-

518 3265 682 3334 jecit:
728 3265 900 3335 Ipsius
940 3269 1074 3321 enim
1112 3286 1284 3322 sumus
1315 3271 1607 3339 ﬁgmentum
1646 3272 1799 3324 creati
1824 3273 1876 3324 in
1900 3271 2096 3327 Christo

521 3356 647 3411 Iesu
689 3358 742 3411 in
790 3358 1020 3428 operibus
1066 3359 1226 3423 bonis,
1263 3375 1378 3429 qua:
1412 3360 1713 3429 praeparavit
1756 3360 1912 3425 Deus,
1943 3371 1998 3414 ut
2045 3364 2098 3416 in

517 3446 627 3501 illis
652 3448 959 3501 ambulemus
987 3446 1203 3517 (Ephes.
1225 3464 1282 3513 11,
1312 3450 1487 3518 8-10).
1508 3450 1657 3506 Tunc
1685 3467 1813 3521 ergo
1838 3451 2098 3509 efficimur

521 3550 650 3590 vere
690 3536 862 3600 liberi,
896 3552 1014 3590 cum
1061 3537 1198 3592 Deus
1242 3552 1338 3592 nos
1381 3539 1545 3608 lingit,
1578 3539 1629 3593 id
1673 3548 1773 3606 est,
1807 3539 1998 3597 format
2044 3552 2098 3598 et

520 3634 687 3693 creat,
721 3641 822 3681 non
850 3636 907 3682 ut
934 3627 1199 3693 homines,
1230 3628 1368 3698 quod
1405 3630 1514 3700 jam
1548 3629 1701 3696 fecit;
1742 3632 1837 3686 sed
1877 3642 1931 3687 ut
1971 3634 2097 3689 boni

521 3714 801 3771 homines'
824 3718 1010 3785 simus,
1032 3718 1170 3788 quod
1198 3734 1338 3774 nunc
1356 3721 1523 3790 gratia
1550 3736 1641 3774 sua
1671 3721 1828 3775 facit:
1858 3732 1914 3777 ut
1934 3724 2097 3780 simus

522 3808 579 3862 in
610 3808 821 3864 Christo
841 3808 965 3864 Jesu
1004 3824 1137 3863 nova
1163 3819 1402 3865 creatura
1436 3809 1631 3881 (Galat.
1659 3827 1731 3879 v1,
1761 3812 1874 3885 15),
1905 3828 2097 3869 secun-

523 3898 649 3953 dum
701 3899 841 3970 quod
889 3900 1086 3955 dictum
1128 3909 1244 3966 est,
1297 3902 1395 3956 Cor
1439 3902 1680 3956 mundum
1732 3920 1845 3957 crea
1895 3905 1949 3958 in
1998 3922 2095 3973 me,

522 3988 662 4045 Deus
708 3992 726 4050 (
764 3990 906 4046 Psal.
933 4009 984 4058 1.,
1022 3991 1090 4045 12
1116 3991 1155 4062 ).
1184 3992 1367 4063 Neque
1391 3993 1532 4048 enim
1558 4009 1651 4049 cor
1678 3994 1813 4066 ejus,
1837 4002 2093 4067 quantum

522 4084 754 4151 pertinet
777 4082 842 4136 ad
857 4090 1097 4136 naturam
1114 4084 1289 4138 cordis
1318 4083 1557 4151 humani,
1587 4085 1808 4155 nonjam
1825 4095 2100 4142 creaverat

525 4172 666 4227 Deus
693 4174 735 4225 ³.

597 4260 823 4317 CAPUT
859 4262 1079 4316 XXXII.
1122 4292 1192 4304 —
1230 4263 1373 4317 Bona
1396 4266 1626 4319 voluntas
1651 4283 1681 4317 a
1710 4265 1833 4320 Dea.
1864 4268 1991 4322 Item
2033 4285 2101 4325 no

528 4350 826 4421 quistjuam,
854 4352 954 4405 etsi
984 4366 1088 4406 non
1125 4353 1191 4407 de
1216 4355 1487 4423 operibus,
1516 4353 1582 4408 de
1614 4357 1726 4424 ipso
1759 4357 2015 4425 glorietur
2038 4360 2103 4415 li-

527 4440 661 4496 hero
708 4441 926 4496 arbitrio
978 4444 1279 4506 voluntatis,
1328 4451 1574 4515 tanquam
1623 4446 1690 4500 ab
1725 4446 1840 4515 ipso
1889 4450 2103 4519 incipiat

527 4533 807 4598 meritum,
846 4533 929 4588 cui
965 4542 1210 4604 tanquam
1237 4534 1471 4590 debitum
1510 4536 1761 4592 reddatur
1804 4541 2100 4608 pra‘mium,

500 4624 665 4680 bene
689 4624 942 4695 onerandi
981 4627 1091 4695 ipsa
1121 4625 1371 4690 libertas;
1414 4627 1593 4683 audiat
1632 4630 1875 4685 eumdem
1920 4632 2103 4699 gratiae

528 4728 829 4785 praeconem
868 4716 1151 4782 dicentem,
1186 4716 1323 4771 Deus
1364 4727 1437 4770 est
1480 4720 1610 4772 enim
1656 4720 1743 4790 qui
1770 4731 2007 4791 operatur
2048 4722 2104 4775 in

528 4805 667 4859 vobis
694 4814 740 4858 et
773 4804 897 4859 velle
924 4816 969 4860 et
1006 4808 1224 4876 operari,
1257 4824 1348 4877 pro
1378 4807 1509 4861 bona
1545 4810 1800 4864 voluntate
1842 4810 2099 4884 (Philipp.

530 4909 588 4957 11,
630 4895 742 4963 15).
775 4894 841 4948 Ει
870 4895 973 4948 alio
999 4897 1116 4949 loco
1145 4914 1158 4950 :
1191 4894 1355 4965 Igitur
1394 4914 1492 4950 non
1532 4897 1761 4961 volentis,
1804 4915 1959 4967 neque
1984 4917 2104 4955 cur-

530 4985 706 5049 rentis,
735 4984 824 5038 sed
847 4985 1123 5040 miserentis
1144 4995 1214 5039 est
1250 4985 1342 5039 Dei
1385 4986 1555 5057 (Rom.
1585 5002 1663 5050 1x,
1696 4988 1805 5056 16).
1825 4986 1956 5042 Cum
1983 5005 2105 5058 pro-

531 5075 619 5128 cul
662 5074 841 5141 dubio,
869 5077 912 5132 si
956 5077 1117 5132 homo
1142 5079 1258 5148 ejus
1302 5078 1473 5133 artatis
1512 5087 1595 5133 est
1640 5088 1695 5133 ut
1741 5080 1948 5135 ratione
1994 5084 2104 5152 jam

534 5171 736 5230 utatur,
766 5180 868 5220 non
898 5169 1064 5237 possit
1089 5170 1329 5237 credere,
1361 5185 1596 5239 sperare,
1621 5171 1859 5243 diligere,
1885 5174 1984 5228 nisi
2016 5190 2107 5231 ve-

599 5299 617 5329 ι
652 5299 725 5348 Sic
750 5304 850 5372 ᾼιιι.
875 5304 948 5348 Er.
975 5308 1297 5372 Dan._Arn._et
1313 5303 1493 5372 aliquot
1517 5312 1619 5355 Mss.
1646 5305 1729 5372 A_I_i_i
1755 5305 1977 5372 plerique
1995 5322 2105 5360 cum

533 5365 665 5432 nov...
688 5364 883 5432 propter
914 5366 1049 5432 recte
1076 5362 1206 5432 facti
1229 5362 1484 5432 licentiam.
1509 5367 1742 5425 Nonnulli,
1757 5362 1954 5432 propt'er
1976 5376 2105 5432 recte

535 5419 1037 5531 licentiam.
1075 5419 1351 5487 [legendum
1374 5427 1593 5487 videtur,
1630 5419 1822 5491 propter
1846 5419 1972 5480 iecte
1994 5419 2110 5493 fasti

557 5493 795 5531 toenuam.

490 5552 493 5557 '
599 5544 620 5610 ξ
656 5552 773 5610 vox,
792 5542 1150 5610 homines,hinc
1165 5548 1301 5597 abest
1321 5548 1368 5594 in
1390 5545 1573 5610 aliquot
1604 5552 1951 5610 manuscriptis.

600 5604 623 5635 ³
645 5605 776 5667 Apud
798 5612 906 5656 Lov.
932 5607 1136 5667 additur,
1154 5612 1238 5658 sed
1260 5604 1603 5659 renovationem
1634 5611 1807 5662 anima:
1822 5604 2114 5663 demorantis

534 5675 589 5712 tn
605 5666 750 5735 corde
768 5668 1003 5729 Propheta
1026 5666 1244 5735 postulat.
1268 5669 1564 5735 Manifestum
1592 5671 1851 5735 glossema,
1874 5674 2001 5735 quod
2027 5687 2115 5723 ex-

538 5727 1035 5836 ginirinusgeterum
1058 5730 1271 5779 codicum
1293 5727 1617 5793 auctoritate,‘
1629 5738 1680 5781 et
1716 5727 1977 5784 editionum
2012 5740 2111 5785 Am.

604 5820 615 5834 .
661 5799 749 5836 tan.
835 5803 884 5836 ιι.

604 5820 615 5834 .
637 5799 749 5836 van.
776 5799 884 5838 Arn.

1015 339 1464 404 ENCIIIRIDION,
1508 339 1658 396 SIVE
1700 339 1785 395 DE
1827 336 2003 402 ΗΒΕ,
2046 335 2170 390 SPE
2210 335 2297 389 ET
2337 335 2830 403 CII.\R|T.-\TE,S.
2872 337 3233 396 AUGUSTINI

3668 339 3769 396 218

2209 447 2285 513 lit,
2336 464 2430 503 nec
2484 450 2759 517 pervenire
2796 451 2861 505 ad
2915 453 3142 520 palmam
3189 465 3430 521 supernae
3482 452 3774 507 vocationis

2205 540 2321 606 Dei,
2351 541 2451 595 nisi
2480 542 2750 597 voluntate
2769 545 3062 599 cucurrerit
3092 543 3347 615 (Philipp.
3378 560 3455 608 ιιι,
3493 544 3602 618 14).
3627 545 3774 612 Quo-

2203 631 2363 685 modo
2387 648 2513 704 ergo
2540 650 2638 687 non
2664 634 2892 701 volentis,
2917 651 3071 699 neque
3100 636 3364 701 currentis,
3385 636 3473 688 sed
3497 636 3774 690 miserentis

2204 732 2275 777 est
2304 721 2419 787 Dei,
2454 724 2550 778 nisi
2582 726 2697 795 quia
2723 734 2774 779 et
2802 726 2910 796 ipsa
2952 727 3206 791 voluntas,
3230 726 3367 780 sicut
3389 727 3642 796 scriptum
3672 736 3777 792 est,

2203 829 2235 865 a
2286 811 2502 867 Domino
2532 825 2843 887 praeparatur
2887 815 3067 889 (Prov.
3115 832 3226 880 vut,
3275 817 3365 884 35,
3414 833 3516 872 sec.
3567 816 3778 888 LXX)?

2204 900 2451 972 Alioquin
2479 904 2522 957 si
2551 913 2831 972 propterea
2863 905 3059 959 dictum
3088 916 3193 971 est,
3219 905 3340 959 Non
3370 908 3597 973 volentis,
3622 923 3780 977 neque

2204 994 2469 1059 currentis,
2491 994 2580 1048 sed
2604 995 2882 1049 miserentis
2925 1004 2997 1049 est
3038 995 3153 1064 Dei,
3187 997 3309 1066 quia
3337 1012 3402 1051 ex
3433 1005 3655 1067 utroque
3696 997 3774 1061 fit,

2205 1081 2255 1135 id
2298 1090 2401 1147 est,
2429 1090 2482 1135 et
2513 1083 2779 1139 voluntate
2805 1084 3055 1147 hominis,
3087 1095 3140 1140 et
3169 1086 3529 1141 misericordia
3562 1087 3689 1153 Dei;
3722 1097 3778 1141 ut

2203 1173 2281 1227 sic
2310 1174 2504 1229 dictum
2545 1176 2883 1245 accipiamus,
2909 1177 3028 1231 Non
3057 1177 3288 1246 volentis,
3317 1195 3473 1249 neque
3508 1182 3773 1246 currentis,

2203 1266 2292 1318 sed
2323 1266 2600 1321 miserentis
2618 1277 2693 1322 est
2717 1268 2832 1332 Dei,
2855 1278 3101 1339 tanquam
3127 1270 3411 1338 diceretur,
3438 1270 3552 1326 Non
3582 1270 3780 1327 sufﬁcit

2203 1356 2314 1409 sola
2344 1357 2587 1411 voluntas
2618 1356 2864 1423 hominis,
2891 1360 2935 1414 si
2977 1375 3082 1415 non
3110 1362 3179 1415 sit
3208 1362 3368 1416 etiam
3413 1362 3777 1418 misericordia

2204 1443 2343 1500 Dei:
2376 1460 2480 1500 non
2524 1461 2651 1516 ergo
2692 1447 2886 1503 sullicit
2917 1457 2971 1503 et
3006 1450 3119 1504 sola
3169 1450 3526 1506 misericordia
3572 1451 3687 1518 Dei,
3732 1453 3776 1507 si

2202 1549 2309 1588 non
2341 1534 2409 1588 sit
2436 1535 2594 1590 etiam
2618 1537 2867 1591 voluntas
2900 1536 3132 1593 hominis
3162 1556 3176 1592 :
3203 1554 3266 1594 ac
3296 1556 3391 1610 per
3420 1541 3521 1596 hoc
3543 1541 3589 1595 si
3630 1552 3778 1598 recte

2201 1622 2399 1679 dictum
2431 1633 2533 1692 est,
2565 1625 2685 1681 Non
2723 1628 2932 1683 volentis
2979 1628 3229 1694 hominis,
3271 1631 3360 1685 sed
3396 1632 3674 1687 miserentis
3705 1641 3779 1688 est

2201 1714 2312 1781 Dei,
2346 1716 2468 1785 quia
2495 1717 2545 1771 id
2578 1718 2822 1773 voluntas
2853 1720 3082 1775 hominis
3119 1721 3229 1776 sola
3271 1736 3378 1777 non
3417 1724 3636 1793 implet;
3681 1739 3781 1780 cur

2202 1819 2306 1859 non
2327 1813 2382 1861 et
2396 1821 2425 1861 e
2444 1809 2710 1863 contrario
2722 1819 2865 1865 recte
2879 1810 3089 1877 dicitur,
3106 1811 3221 1866 Non
3240 1812 3542 1868 miserentis
3555 1823 3638 1869 est
3657 1813 3775 1883 Dei,

2201 1897 2293 1951 sed
2320 1897 2545 1953 volentis
2579 1909 2663 1955 est
2706 1899 2957 1965 hominis,
3002 1903 3125 1973 quia
3178 1903 3230 1958 id
3277 1904 3638 1960 misericordia
3681 1906 3780 1962 Dei

2200 1985 2312 2041 sola
2341 2003 2444 2042 non
2485 1989 2711 2058 implet?
2736 1990 2906 2045 Porro
2945 1994 2993 2051 si
3036 1991 3213 2047 nullus
3243 1990 3423 2049 dicere
3460 1995 3779 2051 christianus

2201 2078 2433 2146 audebit,
2463 2078 2577 2135 Non
2609 2081 2910 2137 miserentis
2937 2091 3020 2138 est
3047 2084 3161 2150 Dei,
3187 2083 3281 2138 sed
3320 2084 3547 2140 volentis
3576 2096 3659 2141 est
3683 2087 3780 2142 ho-

2201 2169 2376 2236 minis,
2420 2185 2487 2226 ne
2528 2173 2788 2241 Apostolo
2828 2175 3159 2244 apertissime
3204 2177 3561 2245 contradicat;
3612 2189 3780 2236 restat

2201 2271 2259 2313 ut
2285 2270 2563 2331 propterea
2594 2272 2752 2334 recte
2792 2265 2990 2320 dictum
3029 2267 3369 2337 intelligatur,
3399 2268 3519 2323 Non
3544 2268 3775 2337 volentis,

2200 2366 2359 2421 neque
2377 2352 2639 2419 currentis,
2670 2355 2761 2407 sed
2785 2355 3063 2411 miserentis
3102 2368 3173 2411 est
3197 2357 3315 2424 Dei,
3358 2368 3416 2413 ttt
3452 2368 3622 2415 totum
3667 2360 3779 2417 Deo

2200 2438 2376 2508 detur,
2409 2443 2497 2511 qui
2549 2442 2779 2497 hominis
2807 2445 3131 2501 voluntatem
3181 2446 3374 2502 bonam
3423 2457 3480 2503 et
3517 2458 3780 2520 praeparat

2200 2531 2571 2600 adjuvandam,
2595 2542 2652 2587 et
2687 2533 2900 2604 adjuvat
2930 2545 3302 2606 praeparatam.
3344 2539 3603 2596 Praecedit
3636 2546 3777 2598 enim

2199 2622 2338 2677 bona
2356 2623 2630 2691 ,voluntas
2678 2624 2907 2681 hominis
2957 2628 3123 2681 multa
3172 2627 3268 2683 Dei
3317 2629 3485 2697 dona,
3530 2622 3625 2687 sed
3670 2645 3776 2686 non

2201 2715 2416 2770 omnia:
2444 2730 2563 2785 qua:
2605 2724 2784 2772 autem
2813 2732 2919 2773 non
2949 2718 3209 2788 praecedit
3235 2721 3373 2791 ipsa,
3407 2722 3462 2776 in
3501 2721 3579 2777 eis
3604 2730 3689 2778 est
3724 2730 3780 2778 et

2201 2808 2333 2877 ipsa.
2364 2806 2494 2862 Nam
2522 2815 2807 2879 utrumque
2846 2809 3038 2880 legitur
3078 2811 3131 2865 in
3172 2812 3369 2868 sanctis
3406 2812 3663 2883 eloquiis;
3694 2821 3774 2880 et,

2201 2897 2550 2953 Misericordia
2587 2899 2696 2969 ejus
2731 2901 2995 2970 prteveniet
3020 2917 3099 2955 me
3133 2901 3308 2972 (Psal.
3353 2918 3502 2971 Lvm,
3534 2906 3656 2976 ﬂ);
3700 2912 3773 2970 et,

2202 2988 2552 3044 Misericordia
2588 2990 2698 3059 ejus
2725 2990 3049 3058 subsequetur
3094 3009 3174 3046 me
3198 2992 3368 3064 (Psal.
3398 2998 3533 3061 χχιι,
3555 2994 3632 3068 6).
3665 2995 3776 3054 No-

2200 3081 2396 3136 lentem
2427 3082 2704 3151 praevenit,
2736 3092 2795 3136 ut
2822 3082 2981 3147 velit;
3014 3084 3279 3139 volentem
3319 3085 3676 3158 subsequitur,
3708 3106 3777 3148 ne

2202 3170 2394 3225 frustra
2413 3170 2559 3225 velit.
2579 3169 2686 3226 Cur
2706 3172 2848 3227 enim
2876 3173 3228 3230 admonemur
3250 3189 3408 3233 orare
3427 3193 3523 3248 pro
3543 3180 3773 3240 inimicis

2202 3263 2396 3318 nostris
2423 3261 2634 3335 (Matth.
2661 3280 2715 3332 v,
2744 3266 2859 3336 44),
2890 3267 3070 3336 utique
3108 3268 3411 3325 nolentibus
3452 3271 3539 3340 pie
3573 3272 3774 3345 vivere,

2201 3354 2304 3408 nisi
2331 3363 2388 3408 ut
2420 3354 2560 3410 Deus
2586 3356 2638 3410 in
2666 3356 2770 3411 illis
2794 3367 3045 3426 operetur
3067 3368 3123 3414 et
3155 3360 3371 3416 velle‘?
3410 3362 3646 3435 Itemque
3682 3381 3780 3425 cur

2202 3445 2550 3503 admonemur
2573 3457 2756 3517 petere
2781 3458 2837 3504 ut
2863 3450 3183 3521 accipiamus
3213 3451 3324 3525 (Id.
3353 3470 3447 3521 v11,
3486 3456 3566 3529 7),
3597 3454 3698 3514 nisi
3722 3469 3782 3517 ut

2203 3537 2384 3592 abillo
2428 3538 2519 3593 ﬁat
2542 3540 2681 3609 quod
2708 3541 2970 3610 volumus,
2998 3558 3028 3598 a
3065 3559 3172 3614 quo
3205 3545 3401 3603 factum
3441 3557 3525 3604 est
3567 3560 3626 3607 ut
3651 3554 3784 3609 veli-

2203 3628 2361 3682 mus?
2386 3628 2611 3684 Oramus
2655 3645 2783 3701 ergo
2823 3647 2921 3702 pro
2958 3634 3187 3691 inimicis
3227 3638 3445 3707 nostris,
3468 3648 3529 3696 ut
3568 3643 3779 3716 miseri-

2204 3720 2382 3775 cordia
2413 3721 2502 3776 Dei
2534 3723 2824 3791 praeveniat
2847 3739 2961 3790 eos,
2990 3726 3128 3781 sicut
3147 3730 3405 3796 praevenit
3427 3739 3483 3787 et
3507 3748 3604 3789 nos
3624 3750 3638 3788 :
3659 3748 3781 3790 ora-

2203 3826 2324 3866 mus
2347 3821 2523 3868 autem
2553 3828 2651 3883 pro
2677 3813 2850 3881 nobis,
2872 3824 2932 3869 ut
2956 3816 3324 3874 misericordia
3347 3820 3462 3890 ejus
3480 3824 3778 3896 subsequa-

2206 3901 2290 3950 lIII‘
2321 3911 2440 3951 nos.

2274 3985 2499 4042 CAPUT
2537 3986 2777 4043 XXXIII.
2816 4017 2887 4030 --
2924 3989 3012 4046 10.
3057 3990 3301 4050 Homines
3329 4004 3474 4051 natos
3498 4013 3668 4053 omnes
3689 3999 3782 4054 ira

2206 4077 2341 4146 ﬁlios
2368 4079 2563 4148 eguisse
2586 4081 2964 4137 reconciliatore
2986 4081 3208 4139 Christo.
3254 4084 3346 4140 Ira
3372 4086 3471 4142 Dei
3507 4091 3648 4161 quid.
3679 4090 3783 4147 Te-

2206 4170 2433 4225 nebatur
2473 4172 2649 4242 itaque
2686 4172 2828 4242 justa
2871 4173 3210 4232 damnatione
3257 4193 3424 4247 genus
3471 4180 3811 4249 ltumanum,-

2206 4268 2261 4315 et
2288 4276 2475 4315 omnes
2511 4271 2664 4317 erant
2707 4264 2801 4319 irae
2849 4265 2962 4320 lilii.
3007 4267 3084 4323 De
3125 4283 3229 4338 qua
3256 4269 3333 4324 ira
3362 4270 3777 4339 scriptumest:

2209 4352 2460 4417 Quoniam
2484 4368 2656 4407 omnes
2675 4354 2781 4409 dies
2806 4357 2967 4411 nostri
2990 4358 3298 4430 defecerunt,
3318 4371 3367 4415 et
3403 4362 3455 4414 in
3481 4362 3558 4415 ira
3581 4371 3667 4415 tua
3692 4363 3783 4418 de-

2209 4447 2450 4515 fecimus;
2488 4445 2610 4498 anni
2645 4448 2803 4500 nostri
2827 4448 2956 4502 sicut
2993 4466 3182 4505 aranea
3209 4450 3580 4507 meditabuntur
3607 4451 3779 4525 (Psal.

2210 4551 2441 4602 LXXXIX,
2463 4535 2545 4606 9).
2569 4536 2644 4593 De
2687 4553 2789 4609 qua
2817 4540 2894 4594 ira
2945 4540 3074 4597 dicit
3106 4542 3265 4596 etiam
3294 4542 3427 4598 Job:
3454 4542 3625 4600 Homo
3650 4548 3784 4602 enim

2210 4635 2358 4681 natus
2378 4641 2442 4680 ex
2460 4627 2687 4695 muliere,
2705 4628 2864 4683 brevis
2891 4631 3004 4683 vitae
3029 4638 3074 4683 et
3102 4630 3279 4700 plenus
3303 4633 3396 4687 ira
3421 4632 3541 4703 (Job
3566 4651 3677 4701 11v,
3702 4635 3780 4707 1).

2212 4715 2288 4770 De
2316 4730 2421 4785 qua
2448 4715 2525 4770 ira
2554 4716 2683 4773 dicit
2709 4727 2759 4773 et
2790 4719 3042 4774 Dominus
3072 4719 3264 4776 Jesus:
3297 4721 3394 4787 Qui
3419 4725 3580 4778 credit
3608 4727 3664 4778 in
3695 4725 3785 4779 Fi-

2212 4805 2357 4871 lium,
2390 4805 2535 4861 habet
2566 4807 2719 4862 vitam
2759 4818 2995 4863 aeternam
3012 4827 3033 4876 ;
3074 4812 3162 4881 qui
3189 4821 3356 4867 autent
3398 4830 3501 4868 non
3542 4816 3698 4870 credit
3730 4816 3786 4870 in

2214 4896 2428 4964 Filium,
2471 4915 2571 4952 non
2614 4899 2756 4953 habet
2804 4901 3008 4969 vitam”,
3047 4902 3136 4957 sed
3174 4903 3251 4958 ira
3291 4902 3388 4959 Dei
3430 4914 3597 4959 manet
3636 4922 3789 4974 super

2214 5005 2325 5043 eum
2377 4988 2557 5056 (Joan.
2610 5006 2688 5056 111,
2713 4992 2802 5063 36)
2851 5011 2864 5047 :
2907 5008 3015 5050 non
3042 4996 3138 5063 ait,
3178 4997 3387 5061 veniet;
3433 4996 3545 5058 sed,
3597 5006 3783 5052 manet.

2212 5075 2344 5132 Cum
2368 5078 2466 5133 hac
2491 5080 2682 5150 quippe
2711 5083 2885 5138 omnis
2913 5085 3073 5139 homo
3100 5087 3350 5140 nascitur.
3392 5084 3616 5153 Propter
3642 5086 3788 5153 quod

2214 5166 2343 5223 dicit
2378 5170 2700 5238 Apostolus:
2734 5170 2950 5228 Fuimus
2974 5175 3104 5228 enim
3129 5183 3175 5226 et
3199 5190 3290 5227 nos
3327 5182 3508 5226 natura
3548 5173 3644 5239 ﬁlii
3673 5176 3785 5243 iraa,

2215 5260 2342 5313 sicut
2370 5268 2416 5314 et
2444 5262 2610 5316 caeteri
2638 5261 2854 5332 (Ephes.
2898 5280 2954 5329 ιι,
2987 5266 3062 5333 5).
3109 5263 3163 5317 In
3206 5263 3305 5317 hac
3341 5262 3419 5316 ira
3460 5278 3581 5318 cum
3607 5278 3790 5323 essent

2217 5348 2475 5405 homines
2505 5366 2601 5420 per
2646 5352 2901 5422 originale
2947 5358 3243 5422 peccatum,
3280 5360 3432 5408 tanto
3480 5355 3693 5426 gravius
3735 5366 3794 5413 et

2218 5441 2586 5511 perniciosius,
2612 5452 2811 5513 quanto
2845 5442 3047 5511 majora
3078 5444 3160 5497 vel
3189 5444 3343 5513 plura
3374 5445 3591 5517 insuper
3631 5448 3788 5503 addi-

2282 5555 2299 5586 ί
2324 5557 2397 5604 Sic
2413 5562 2513 5624 Am.
2544 5562 2626 5624 Er.
2782 5561 2840 5624 et
2859 5562 2964 5605 Mss.
2993 5563 3048 5605 Αι
3077 5563 3184 5607 Lov.
3210 5566 3263 5608 et
3280 5567 3413 5621 Arn.,
3451 5559 3545 5611 nisi
3576 5568 3704 5611 Deus
3739 5575 3791 5613 ut

2215 5613 2555 5685 illtsoperetur
2577 5622 2628 5685 ut
2649 5614 2810 5685 velint:

2283 5679 2302 5707 ³
2320 5676 2457 5737 Editi,
2489 5690 2583 5727 non
2604 5676 2741 5725 habet
2763 5676 2908 5725 vitam
2929 5684 3176 5729 azternam.
3203 5687 3259 5730 ιιι
3280 5690 3387 5732 MSS.
3409 5681 3667 5737 Evangelio
3680 5697 3795 5733 con-

2220 5740 2451 5801 sentiunt,
2474 5751 2587 5801 nec
2624 5744 2855 5798 repetunt
2887 5738 2977 5801 hoc
2999 5739 3120 5801 loco,
3145 5748 3375 5793 aeternam
3394 5755 3412 5792 :
3437 5756 3499 5792 ex
3535 5738 3611 5795 his
3649 5747 3795 5795 etiam

2224 5800 2438 5847 nonnulli
2459 5800 2616 5849 futuro
2638 5806 2859 5861 tempore
2879 5800 3061 5863 ferunt,
3084 5800 3176 5854 non
3198 5802 3382 5855 habebit
3403 5803 3564 5855 vitam.
