4124 6206
1721 124 1754 155 ο

330 325 434 382 249

332 441 539 500 derant,
571 432 907 491 necessarius
948 436 1064 485 erat
1104 427 1382 491 mediator,
1417 424 1519 481 hoc
1556 432 1636 480 est
1664 423 1906 481 reconci-

333 534 508 596 liator,
533 530 623 599 qui
655 527 794 582 hanc
833 526 965 578 iram
994 521 1233 576 sacriﬁcii
1279 518 1579 589 singularis,
1609 520 1760 585 cujus
1788 531 1906 569 um-

333 624 443 680 bra:
462 621 640 675 omnia
668 616 926 673 sacriﬁcia
957 615 1112 683 Legis
1140 624 1190 666 et
1214 609 1620 678 Prophetarum,
1644 606 1910 661 oblatione

330 717 588 789 placaret.
616 708 769 766 Unde
794 707 922 763 dicit
952 703 1271 773 Apostolus:
1309 700 1368 755 Si
1397 701 1529 754 enim
1576 715 1690 751 cum
1718 697 1911 751 inimici

333 787 570 866 essemus,
597 798 909 855 reconciliati
939 811 1109 851 sumus
1141 794 1245 846 Deo
1273 807 1363 862 per
1384 800 1589 843 mortem
1622 787 1744 841 Filii
1777 787 1906 857 ejus,

334 896 491 953 multo
519 894 679 964 magis
721 887 1029 943 reconciliati
1077 901 1208 937 nunc
1253 884 1303 935 in
1349 880 1594 950 sanguine
1631 879 1737 949 ejus
1787 876 1910 929 salvi

335 989 518 1043 erimus
545 986 607 1038 ab
628 984 706 1036 ira
736 997 823 1052 per
859 980 1027 1048 ipsum
1057 975 1231 1048 (Rom.
1263 990 1315 1040 v,
1346 973 1432 1037 lO,
1460 970 1537 1043 9).
1577 970 1704 1025 Cum
1734 977 1909 1022 autem

335 1080 479 1134 Deus
501 1075 655 1131 irasci
683 1072 894 1134 dicitur,
923 1084 1025 1123 non
1054 1069 1171 1136 ejus
1209 1092 1215 1100 -
1240 1066 1532 1135 ignilicatur
1564 1060 1908 1132 perturbatio,

334 1167 505 1237 qualis
530 1165 690 1218 estin
719 1161 896 1215 animo
942 1159 1219 1213 irascentis
1264 1154 1529 1218 hominis;
1578 1151 1671 1206 sed
1700 1166 1765 1205 ex
1810 1150 1911 1202 hu-

335 1260 508 1316 manis
532 1256 762 1312 motibus
790 1253 1042 1307 translato
1068 1250 1344 1320 vocabulo,
1372 1246 1601 1301 vindicta
1631 1245 1766 1315 ejus,
1791 1258 1909 1312 qute

334 1369 445 1408 non
472 1351 572 1405 nisi
595 1349 734 1418 justa
760 1354 862 1409 est,
890 1344 982 1399 ira:
1014 1356 1205 1396 nomen
1227 1340 1451 1410 accepit.
1479 1337 1629 1405 Quod
1661 1351 1789 1406 ergo
1818 1349 1912 1403 per

336 1442 682 1499 mediatorem
731 1436 1133 1494 reconciliamur
1164 1434 1292 1498 Deo,
1321 1441 1372 1486 et
1415 1430 1704 1497 accipimus
1739 1425 1910 1494 Spiri-

337 1544 448 1590 tum
491 1542 751 1597 sanctum,
783 1539 839 1584 ut
875 1544 938 1584 ex
984 1526 1211 1582 inimicis
1253 1523 1547 1580 efficiamur
1585 1520 1712 1574 lilii:
1748 1518 1911 1587 Quot-

334 1637 456 1696 quot
483 1626 616 1681 enim
654 1624 853 1693 Spiritu
896 1619 994 1674 Dei
1042 1627 1282 1690 aguntur,
1305 1617 1357 1669 hi
1396 1615 1491 1684 ﬁlii
1513 1622 1628 1667 sunt
1656 1610 1754 1664 Dei
1798 1607 1907 1678 (Id.

336 1735 454 1785 vui,
486 1717 612 1787 li):
646 1716 760 1769 haec
797 1720 882 1768 est
906 1711 1077 1783 gratia
1125 1710 1215 1764 Dei
1271 1723 1365 1778 per
1411 1705 1594 1761 Jesum
1640 1701 1911 1758 Christum

340 1811 619 1866 Dominum
649 1814 910 1861 nostrum.

409 1896 630 1953 CAPUT
690 1892 930 1949 XXXIV.
991 1920 1056 1930 -
1100 1887 1326 1944 Christus
1375 1886 1621 1940 mediator
1669 1880 1913 1950 ine/fabili

345 1990 492 2044 Verbi
520 1987 864 2042 incarnatione
909 1992 1054 2036 natus
1082 1997 1144 2035 ea:
1190 1979 1377 2032 Maria.
1411 1977 1597 2032 Contra
1641 1972 1912 2041 Apollina-

337 2081 506 2134 ristas.
538 2078 613 2131 De
638 2092 744 2145 quo
772 2073 1064 2129 mediatore
1103 2072 1316 2137 longum
1360 2077 1462 2129 est,
1494 2078 1544 2119 ut
1591 2077 1782 2135 quanta
1829 2063 1911 2115 di-

336 2186 498 2240 gnum
536 2175 651 2231 est,
694 2176 837 2219 tanta
875 2164 1137 2226 dicantur,
1173 2160 1411 2230 quamvis
1454 2158 1519 2210 ah
1570 2157 1781 2211 homine
1809 2154 1911 2207 dici

338 2261 493 2329 digne
519 2260 536 2291 ⁸
556 2274 661 2312 non
688 2256 912 2328 possint.
942 2254 1070 2322 Quis
1113 2253 1254 2306 enim
1287 2252 1388 2304 hoc
1413 2249 1584 2303 Solum
1614 2262 1912 2315 Congruen-

337 2351 482 2406 tibus
521 2349 752 2418 explicet
774 2345 970 2409 verbis,
1002 2342 1141 2414 quod
1177 2340 1393 2396 Verbum
1429 2355 1546 2392 caro
1589 2340 1779 2409 factum
1820 2344 1911 2401 est,

337 2452 385 2496 et
424 2440 665 2493 habitavit
692 2438 744 2490 in
774 2435 914 2489 nobis
947 2433 1123 2503 (loan.
1155 2448 1193 2499 ι,
1241 2434 1348 2502 li),
1388 2439 1445 2484 ut
1487 2429 1824 2483 crederemus
1861 2427 1912 2479 in

337 2534 433 2589 Dei
481 2532 654 2588 Patris
701 2528 1080 2599 omnipotentis
1126 2528 1338 2581 unicum
1386 2525 1575 2581 Filium
1628 2533 1808 2579 natum
1847 2521 1913 2576 de

338 2626 543 2698 Spiritu
579 2634 760 2679 sancto
786 2630 839 2678 et
883 2621 1046 2676 Maria
1073 2618 1407 2691 virgine?lta
1445 2619 1641 2689 quippe
1679 2615 1913 2671 Verbum

338 2732 464 2774 caro
494 2716 689 2771 factum
716 2722 817 2781 est,
854 2728 885 2767 a
910 2712 1185 2769 divinitate
1222 2725 1381 2765 carne
1422 2717 1689 2779 suscepta,
1727 2722 1831 2760 non
1862 2706 1916 2760 in

338 2824 553 2864 carnem
580 2805 856 2861 divinitate
896 2812 1117 2861 mutata.
1150 2802 1379 2859 Carnem
1419 2816 1582 2873 porro
1611 2800 1697 2854 hic
1740 2799 1914 2853 homi-

336 2915 464 2955 nem
502 2897 760 2953 debemus
803 2897 1065 2967 accipere,
1109 2910 1137 2949 a
1175 2903 1325 2965 parte
1370 2903 1536 2948 totum
1583 2892 1915 2963 significante

338 2992 647 3046 locutione:
679 2991 816 3044 sicut
862 2987 1059 3043 dictum
1122 2998 1220 3051 est,
1271 2985 1522 3053 Quoniam
1579 3000 1641 3038 ea;
1682 2984 1916 3053 aperibus

341 3083 487 3153 Legis
516 3099 618 3136 non
637 3080 998 3153 justi/icabitur
1038 3079 1201 3133 omnis
1229 3094 1345 3131 caro
1386 3076 1555 3149 (Rom.
1599 3092 1677 3140 ιιι,
1716 3075 1831 3145 20),
1863 3073 1916 3129 id

342 3184 426 3229 est
452 3175 623 3228 omnis
653 3173 832 3226 homo.
879 3172 1008 3225 Nam
1038 3170 1167 3224 nihil
1208 3177 1410 3222 natura:
1458 3168 1704 3222 humanae
1735 3166 1785 3219 in
1830 3166 1916 3219 illa

344 3264 681 3335 smceptione
723 3262 801 3317 fas
836 3271 918 3316 est
945 3261 1121 3315 dicere
1158 3258 1425 3323 defuisse;
1473 3258 1564 3314 sed
1609 3265 1810 3313 natura:
1852 3257 1918 3312 ab

350 3357 487 3411 omni
513 3357 718 3427 peccati
745 3370 885 3410 nexu
916 3353 1059 3407 omni
1090 3352 1248 3406 modo
1276 3352 1454 3405 libera:
1487 3368 1499 3404 :
1530 3366 1635 3404 non
1663 3349 1832 3421 qualis
1852 3348 1919 3404 de

343 3455 566 3516 utroque
611 3462 741 3500 sexu
799 3446 1032 3499 nascitur
1082 3459 1173 3509 per
1216 3443 1696 3512 concupiscentiam
1745 3442 1919 3495 carnis

343 3554 458 3593 cum
506 3538 828 3609 obligatione
864 3535 1067 3601 delicti,
1102 3535 1254 3604 cujus
1298 3545 1476 3587 reatus
1518 3533 1919 3601 regent-ratione

342 3627 589 3695 diluitur;
648 3627 744 3682 sed
792 3627 999 3695 qualem
1051 3628 1116 3680 de
1166 3627 1366 3696 virgine
1418 3624 1560 3679 nasci
1610 3624 1916 3694 oportebat,

343 3724 531 3792 quetn’
580 3721 714 3776 lides
754 3721 953 3786 matris,
999 3735 1101 3773 non
1146 3719 1307 3773 libido
1347 3728 1698 3787 conceperat:
1731 3732 1836 3787 quo
1875 3717 1919 3771 si

343 3814 424 3867 vel
450 3824 702 3867 nascente
739 3820 1168 3880 corrumperetur
1194 3811 1309 3878 ejus
1348 3811 1639 3879 integritas,
1671 3822 1773 3862 non
1811 3807 1919 3875 jam

349 3904 434 3958 ille
454 3905 521 3958 de
550 3904 753 3971 virgine
782 3911 1117 3967 nasceretur;
1159 3917 1385 3971 eumque
1412 3900 1565 3964 falso,
1594 3899 1731 3969 quod
1760 3898 1916 3960 absit,

346 4004 524 4048 natum
551 3996 618 4048 de
649 3995 853 4064 virgine
897 3992 1056 4047 Maria
1106 4000 1214 4046 tuta
1260 3990 1600 4045 conﬁteretur
1646 3987 1918 4052 Ecclesia;

347 4100 468 4154 qua:
511 4086 722 4138 imitans
772 4086 888 4152 ejus
940 4093 1160 4137 matrem
1211 4082 1443 4153 quotidie
1501 4080 1633 4150 parit
1685 4080 1922 4134 membra

351 4174 491 4242 ejus,
538 4184 591 4228 ct
633 4176 777 4244 virgo
825 4185 924 4228 est.
977 4175 1133 4243 Lege,
1181 4175 1221 4227 si
1277 4174 1465 4243 placet,
1507 4173 1573 4225 de
1624 4171 1924 4241 virginitate

350 4274 553 4319 sancta:
602 4265 770 4317 Marizu
820 4280 965 4318 meas
1017 4264 1250 4319 litteras”
1303 4264 1367 4317 ad
1421 4262 1678 4317 illustrem
1712 4251 1920 4325 'virum,

350 4371 507 4422 quem
534 4370 652 4409 cum
695 4355 898 4410 honore
924 4369 985 4409 ac
1017 4353 1300 4409 dilectione
1338 4355 1553 4408 nomino
1578 4353 1921 4407 Volusianum

354 4446 544 4517 (Epist.
576 4446 725 4511 157).

418 4535 645 4592 CAPUT
685 4535 901 4591 XXXV.
941 4566 1013 4576 —
1048 4535 1278 4589 Christus
1324 4535 1457 4589 Deus
1501 4535 1652 4590 simul
1680 4544 1729 4590 et
1753 4535 1921 4590 homo.

353 4627 538 4683 Contra
574 4645 794 4683 errorem
837 4629 922 4698 qui
950 4628 1171 4695 Leporii,
1200 4636 1246 4680 et
1293 4637 1461 4696 postea
1506 4625 1928 4681 Nestorianorum

352 4721 465 4791 fuit.
498 4721 731 4775 Proinde
757 4720 1001 4774 Christus
1037 4719 1192 4774 Jesus
1240 4719 1331 4773 Dei
1378 4717 1561 4782 Filius,
1589 4728 1672 4773 est
1694 4726 1749 4772 et
1789 4717 1928 4771 Deus

352 4823 403 4869 et
432 4814 650 4869 homo‘.
698 4815 836 4871 Deus
863 4824 987 4870 ante
1013 4815 1190 4868 omnia
1230 4812 1445 4879 saecula,
1479 4812 1638 4866 homo
1665 4810 1716 4865 in
1745 4818 1929 4865 nostro

352 4906 565 4959 seculo.
614 4905 777 4970 Deus,
820 4906 940 4977 quia
994 4905 1085 4960 Dei
1127 4904 1396 4969 Verbum;
1446 4902 1583 4958 Deus
1631 4903 1774 4958 enim
1824 4912 1931 4957 erat

362 4993 576 5050 Verbum
625 4996 805 5067 (Joan.
840 5014 875 5062 t,
908 4998 961 5066 l)
1002 5015 1015 5052 :
1052 4996 1212 5051 homo
1257 5005 1450 5062 autem,
1482 4997 1604 5065 quia
1649 4996 1701 5049 in
1753 4994 1931 5049 unita-

354 5095 458 5141 tem
472 5088 494 5119 ⁸
516 5102 758 5157 personae
784 5088 1008 5144 accessit
1025 5088 1198 5143 Verbo
1224 5088 1399 5141 anima
1421 5087 1695 5141 rationalis
1711 5095 1764 5140 et
1783 5100 1927 5141 caro.

418 5198 435 5263 ξ
460 5204 510 5247 In
524 5198 775 5261 plerisque
790 5205 920 5254 Μεε..
935 5198 1100 5263 digna.

415 5260 437 5289 ³
461 5257 570 5310 Lor.
596 5268 649 5310 et
666 5257 796 5319 Ai’n.,
823 5257 1060 5324 quam.'At
1075 5266 1207 5324 uss,
1232 5271 1389 5322 quem.
1408 5259 1489 5307 nis
1503 5257 1737 5324 accedunt
1759 5269 1820 5307 α)
1841 5257 1935 5308 loci

356 5327 456 5368 Am.
481 5327 554 5370 Er.
576 5328 629 5372 et
650 5329 786 5381 Dan.;
929 5335 1039 5383 mox
1062 5319 1300 5372 recedunt
1331 5334 1359 5370 a
1389 5327 1496 5369 Mss.
1522 5319 1799 5383 habentque
1826 5332 1937 5370 cum

354 5385 463 5429 ιον.
488 5387 540 5431 et
558 5393 687 5442 ara,
706 5382 840 5444 Quod
861 5382 903 5434 si
926 5382 999 5434 vel
1020 5396 1106 5444 per
1128 5386 1413 5432 nascentem.

418 5444 441 5475 ³
461 5444 597 5504 Hirti,
615 5456 748 5493 meas
771 5442 953 5497 litteras
1177 5444 1339 5502 Abest,
1362 5442 1548 5501 missas,
1564 5454 1593 5491 a
1610 5448 1716 5491 Mss.

416 5503 440 5536 ⁸
463 5512 562 5554 Am.
584 5503 658 5553 Er.
675 5512 787 5555 Lov.
818 5515 927 5555 Arn.
958 5504 1046 5556 Dei
1068 5504 1218 5557 Filius
1237 5512 1308 5557 est
1324 5541 1339 5563 ,
1362 5512 1407 5555 et
1430 5513 1574 5563 Dens,
1613 5511 1659 5554 et
1677 5504 1813 5554 homo
1847 5508 1934 5554 est.

357 5572 587 5641 ιιιιιξωιιιε
609 5569 1048 5641 interpunctionem
1070 5581 1240 5641 vocum
1271 5567 1438 5617 deleto
1459 5566 1633 5626 altero,
1664 5572 1752 5626 est,
1776 5572 1938 5616 aucto-

356 5635 1417 5761 ἓῗ
1434 5689 1525 5739 Sed
1543 5688 1817 5740 concinnior
1834 5688 1939 5739 vul-

308 5778 315 5783 -
355 5757 467 5819 [ab
500 5746 978 5814 eétio,inunitatem.

1743 303 1946 361 LIBER
1983 302 2185 360 UNUS.

2296 208 2299 213 .
2316 204 2336 214 Α·
2354 197 2444 219 Μηθ

3484 301 3595 375 250

2019 421 2271 489 Quocirca
2305 411 2355 475 in
2398 432 2649 490 quantum
2699 423 2837 477 Deus
2869 431 2972 488 est,
3014 422 3130 492 ipsc
3154 429 3207 477 et
3247 421 3405 478 Pater
3429 438 3593 484 unum

2015 524 2139 567 sunt
2164 512 2341 583 (Joan.
2370 531 2420 577 x,
2446 513 2534 579 '50)
2556 533 2568 567 :
2593 514 2642 566 in
2664 524 2911 583 quantum
2935 524 3109 569 autem
3142 513 3303 568 homo
3321 526 3419 579 est,
3441 514 3595 571 Pater

2014 604 2187 673 major
2214 613 2293 657 est
2339 604 2428 657 illo
2456 603 2563 670 (Id.
2605 621 2719 669 xw,
2749 605 2861 676 28).
2894 604 3026 659 Cum
3059 604 3200 659 enim
3238 614 3381 660 esset
3411 607 3596 673 unicus

2017 695 2109 750 Dei
2157 695 2335 760 Filius,
2385 711 2489 750 non
2534 698 2722 766 gratia,
2772 698 2865 752 sed
2912 705 3119 759 natura,
3152 706 3209 751 ut
3245 708 3388 753 esset
3433 699 3593 755 etiam

2016 786 2207 856 plenus
2251 787 2441 857 gratia,
2474 787 2641 841 lactus
2669 796 2832 843 estet
2869 787 3100 842 hominis
3142 787 3318 842 ﬁlius:
3354 788 3597 859 idemque

2016 877 2130 947 ipse
2159 888 2443 948 utrumque
2473 894 2536 932 ex
2566 888 2789 953 utroque
2830 893 2963 933 unus
2999 879 3263 934 Christus.
3315 878 3445 945 Quia
3484 895 3598 935 cum

2015 968 2068 1021 in
2095 970 2259 1037 [arma
2298 967 2393 1021 Dei
2423 978 2565 1032 esset,
2596 986 2696 1022 non
2739 970 2972 1039 rapinam
3019 969 3294 1023 arbitratus
3323 978 3417 1036 est,
3449 970 3588 1039 quod

2017 1070 2201 1113 natura
2229 1068 2362 1120 erat,
2392 1058 2442 1113 id
2473 1069 2573 1122 est,
2606 1076 2711 1113 esse
2737 1061 2957 1143 φᾳιιαιὶδ
2998 1059 3126 1114 Deo.
3161 1059 3456 1115 Exinanivit
3498 1075 3596 1115 au-

2018 1162 2123 1208 tem
2148 1170 2220 1219 se,
2247 1153 2497 1223 accipiens
2526 1152 2741 1222 formam
2770 1154 2898 1207 servi
2924 1151 3179 1222 (Philipp.
3202 1169 3257 1218 tt,
3282 1151 3464 1226 6et7),
3488 1168 3596 1208 non

2017 1244 2266 1298 amittens
2288 1244 2372 1297 vel
2397 1244 2646 1297 minuens
2674 1244 2895 1297 formam
2926 1243 3040 1296 Dei.
3070 1244 3146 1296 Ac
3178 1257 3273 1312 per
3293 1243 3393 1298 hoc
3419 1252 3472 1298 et
3499 1242 3597 1298 mi-

2017 1349 2116 1388 nor
2151 1345 2232 1389 est
2277 1333 2464 1401 factus,
2506 1342 2561 1388 et
2600 1334 2794 1388 mansit
2837 1333 3072 1403 aequalis,
3119 1341 3401 1403 utrumque
3431 1346 3592 1395 unus.

2017 1426 2153 1480 sicut
2186 1425 2383 1481 dictum
2426 1435 2503 1481 est
2538 1443 2551 1479 :
2592 1426 2685 1481 sed
2733 1426 2871 1480 aliud
2922 1433 3137 1497 prOptcr
3160 1424 3413 1490 Verbum,
3453 1423 3597 1480 aliud

2017 1524 2236 1584 propter
2278 1516 2587 1571 hominem:
2624 1525 2837 1586 propter
2879 1516 3111 1571 Verbum
3159 1516 3377 1587 aequalis
3424 1516 3595 1584 Patri,

2017 1617 2233 1675 prepter
2262 1606 2531 1662 hominem
2581 1608 2771 1662 minor.
2802 1607 2950 1663 Unus
2981 1606 3073 1661 Dei
3116 1606 3306 1672 Filius,
3351 1606 3599 1677 idemque

2018 1695 2249 1751 hominis
2278 1696 2449 1763 ﬁlius;
2479 1713 2614 1752 unus
2644 1698 2872 1752 hominis
2905 1697 3063 1763 lilius,
3102 1697 3348 1767 idemque
3378 1698 3470 1754 Dei
3503 1696 3596 1752 Fi-

2016 1788 2117 1844 lius
2147 1807 2159 1843 :
2187 1806 2291 1843 non
2320 1789 2426 1843 duo
2468 1790 2558 1844 tilii
2591 1791 2681 1845 Dei
2734 1790 2873 1844 Dcus
2902 1799 2956 1844 et
2984 1788 3166 1852 homo,
3196 1789 3291 1843 sed
3332 1803 3468 1843 unus
3496 1782 3592 1845 Dei

2017 1882 2217 1947 Filius;
2251 1884 2390 1937 Deus
2420 1884 2534 1938 sine
2561 1883 2732 1945 initio,
2772 1882 2931 1935 homo
2968 1895 2997 1934 a
3026 1888 3175 1936 certo
3216 1879 3388 1948 initio,
3418 1880 3588 1936 Domi-

2019 1990 2118 2030 nus
2144 1984 2325 2029 noster
2350 1974 2505 2029 Jesus
2526 1973 2786 2028 Christus.
3610 2016 3616 2025 .

2087 2064 2310 2121 CAPUT
2339 2065 2579 2119 XXXVI.
2608 2096 2678 2106 ——
2704 2066 2791 2119 Η.
2833 2063 3011 2118 Gratia
3035 2064 3383 2118 commendata
3417 2063 3473 2118 in
3502 2063 3599 2118 ho-

2018 2158 2151 2211 mine
2194 2157 2391 2212 Christo
2441 2158 2510 2211 ad
2553 2158 2843 2229 dignitatem
2889 2156 3014 2211 Filii
3061 2157 3157 2212 Dei
3201 2157 3355 2212 nullis
3408 2156 3599 2219 meritis

2018 2258 2197 2301 euecto.
2232 2247 2327 2302 Hic
2363 2249 2579 2302 omnino
2607 2248 2876 2318 granditer
2918 2258 2970 2302 et
2999 2247 3273 2303 evidenter
3307 2247 3400 2302 Dei
3430 2248 3599 2321 gratia

2020 2340 2438 2393 commendatur.
2471 2338 2606 2407 Quid
2650 2340 2791 2393 enim
2824 2347 3011 2393 natura
3040 2338 3269 2394 humana
3301 2338 3353 2392 in
3383 2337 3601 2393 homine

2019 2426 2233 2481 Christo
2274 2428 2486 2494 meruit,
2530 2439 2587 2482 ut
2626 2430 2677 2483 in
2713 2429 2963 2484 unitatem
3008 2444 3250 2499 personae
3293 2429 3434 2484 unici
3478 2428 3600 2484 Filii

2022 2518 2115 2574 Dei
2143 2520 2481 2589 singulariter
2504 2529 2647 2576 esset
2672 2521 2985 2591 assumpta?
3010 2522 3138 2589 Qute
3163 2521 3299 2575 bona
3330 2519 3597 2584 voluntas,

2020 2609 2171 2677 cujus
2198 2610 2321 2664 boni
2361 2611 2615 2680 propositi
2646 2610 2908 2677 studium,
2935 2626 3054 2680 quae
3093 2609 3231 2665 bona
3258 2625 3421 2681 opera
3456 2624 3601 2681 prae-

2021 2710 2318 2766 cesserunt,
2345 2700 2536 2770 quibus
2562 2711 2860 2756 mereretur
2884 2700 2985 2755 iste
3013 2700 3174 2756 homo
3198 2714 3303 2755 una
3331 2700 3447 2754 lieri
3476 2713 3600 2769 per-

2020 2801 2150 2842 sona
2180 2804 2299 2844 cum
2338 2789 2488 2844 Deo?
2512 2789 2775 2860 Numquid
2816 2801 2971 2845 antea
3001 2789 3102 2845 fuit
3128 2789 3312 2857 homo,
3341 2797 3396 2844 et
3422 2788 3526 2845 hoc
3551 2789 3603 2846 ei

2022 2879 2287 2953 singulare
2314 2880 2627 2935 beneficium
2654 2882 2949 2952 praestitum
2981 2889 3081 2946 est,
3113 2896 3234 2937 cum
3264 2881 3605 2952 singulariter

2022 2980 2418 3042 promereretur
2458 2971 2623 3026 Deum
2654 2972 2718 3024 ‘i
2763 2970 2965 3041 Nempe
3015 2986 3080 3027 ex
3124 2985 3230 3042 quo
3273 2987 3395 3028 esse
3444 2971 3606 3028 homo

2023 3064 2204 3135 coepit,
2235 3078 2340 3117 non
2364 3063 2505 3117 aliud
2550 3062 2713 3133 coepit
2734 3078 2852 3119 esse
2880 3063 3040 3119 homo
3062 3066 3084 3096 ’
3108 3078 3263 3133 quam
3286 3052 3381 3120 Dei
3397 3064 3602 3131 Filius;

2022 3165 2077 3212 et
2114 3155 2213 3208 hoc
2254 3155 2438 3208 unicus
2457 3195 2473 3220 ,
2504 3162 2559 3209 et
2584 3164 2801 3224 propter
2838 3155 3005 3209 Deum
3037 3155 3268 3210 Verbum
3288 3195 3302 3220 ,
3332 3156 3473 3225 quod
3514 3156 3606 3211 illo

2023 3254 2269 3316 suscepto
2294 3259 2419 3299 caro
2447 3244 2643 3299 factum
2672 3251 2787 3312 est,
2828 3243 3009 3315 utique
3037 3244 3177 3298 Deus
3201 3261 3216 3297 :
3261 3253 3322 3299 ut
3348 3236 3606 3316 quemad-

2022 3337 2238 3393 modum
2266 3345 2350 3391 est
2375 3352 2477 3392 una
2517 3351 2743 3407 persona
2771 3337 2993 3407 quilibet
3022 3337 3185 3392 homo
3204 3378 3220 3403 ,
3249 3338 3428 3394 anima
3465 3340 3607 3396 scili-

2024 3438 2109 3487 cet
2146 3429 2420 3485 rationalis
2445 3439 2501 3485 et
2541 3444 2689 3495 caro,
2728 3429 2800 3484 ita
2837 3430 2907 3485 sit
2932 3429 3178 3486 Christus
3202 3446 3309 3487 una
3337 3447 3563 3503 persona
3586 3476 3602 3501 ,

2026 3519 2255 3575 Verbum
2275 3528 2329 3575 et
2348 3519 2528 3574 homo.
2551 3518 2704 3577 Unde
2721 3528 2924 3575 naturae
2944 3519 3188 3577 humanae
3209 3530 3354 3578 tanta
3375 3523 3543 3593 gloria
3560 3522 3605 3592 ⁸,

2025 3610 2184 3665 nullis
2205 3608 2627 3679 praecedentibus
2642 3609 2847 3665 meritis
2863 3610 2980 3664 sine
2999 3610 3332 3667 dubitatione
3353 3606 3602 3683 gratuita,

2025 3702 2129 3757 nisi
2158 3703 2281 3772 quia
2309 3717 2496 3774 magna
2528 3703 2613 3757 hic
2640 3711 2696 3758 et
2719 3703 2830 3757 sola
2851 3703 2947 3758 Dei
2975 3704 3143 3774 gratia
3170 3703 3398 3760 lideliter
3429 3713 3485 3760 et
3510 3718 3609 3761 so-

2024 3793 2140 3848 brie
2163 3792 2623 3848 considerantibus
2649 3793 2925 3849 evidenter
2960 3792 3261 3850 ostenditur
3279 3836 3295 3860 ,
3326 3803 3386 3849 ut
3409 3795 3609 3850 intelli-

2024 3891 2151 3954 gant
2186 3883 2430 3938 homines
2476 3898 2572 3953 per
2616 3884 2856 3939 eamdem
2898 3885 3123 3954 gratiam
3164 3901 3223 3941 se
3255 3885 3534 3955 iustiﬁcari
3577 3902 3611 3944 ιι

2028 3975 2293 4044 peccatis,
2341 3988 2437 4043 per
2479 3989 2637 4043 quam
2680 3973 2875 4029 factum
2923 3983 3006 4030 est
3052 3983 3111 4030 ut
3155 3976 3317 4031 homo
3364 3977 3609 4037 Christus

2027 4065 2231 4119 nullum
2262 4065 2458 4119 habere
2486 4073 2669 4135 posset
2693 4065 3006 4136 peccatum?
3032 4066 3122 4123 Sic
3144 4076 3199 4123 et
3226 4068 3344 4138 ejus
3380 4078 3609 4126 matrem

2028 4156 2247 4227 angelus
2267 4156 2534 4224 salutavit,
2559 4156 2772 4226 quando
2791 4157 2840 4211 ei
2860 4156 3095 4214 futurum
3116 4160 3450 4215 annuntiavit
3469 4159 3613 4219 hunc

2030 4257 2278 4319 partum:
2324 4249 2459 4315 Ave,
2501 4248 2702 4319 inquit,
2742 4251 2908 4322 gratia
2943 4250 3114 4321 plena.
3163 4252 3232 4307 Et
3262 4253 3416 4322 paulo
3445 4263 3610 4325 post:

2029 4338 2060 4393 Ι
2065 4340 2302 4405 nvenisti,
2331 4341 2433 4407 ait,
2464 4341 2681 4413 gratiam
2710 4329 2848 4411 apud
2878 4340 3038 4397 Deum
3069 4341 3215 4415 (Luc.
3249 4360 3302 4413 ι,
3331 4344 3403 4400 '28
3421 4354 3468 4399 et
3492 4344 3611 4417 30).

2030 4430 2101 4485 Et
2128 4431 2243 4487 haec
2269 4430 2481 4502 quidem
2505 4432 2674 4502 gratia
2700 4433 2877 4503 plena,
2903 4441 2959 4489 et
2986 4433 3253 4491 invenisse
3278 4434 3415 4505 apud
3444 4436 3612 4491 Deum

2029 4522 2249 4591 gratiam
2282 4522 2493 4586 dicitur,
2533 4531 2593 4577 ut
2616 4522 2826 4578 Domini
2853 4524 2971 4591 sui,
3003 4524 3111 4579 imo
3136 4524 3371 4579 omnium
3404 4526 3615 4582 Domini

2031 4620 2203 4665 mater
2215 4619 2375 4666 esset.
2396 4610 2475 4665 De
2495 4610 2612 4680 ipso
2625 4619 2803 4666 autem
2816 4610 3029 4668 Christo
3046 4613 3276 4668 Joannes
3294 4616 3616 4684 evangelista

2032 4712 2151 4751 cum
2176 4698 2426 4763 dixisset,
2453 4696 2525 4752 Et
2555 4697 2773 4753 Verbum
2797 4716 2916 4754 caro
2943 4701 3132 4770 factum
3154 4711 3261 4767 est,
3305 4712 3352 4757 et
3370 4703 3618 4760 habitavit

2032 4789 2086 4843 in
2109 4789 2290 4854 nobis;
2325 4787 2395 4843 Et
2422 4788 2670 4857 vidimus,
2710 4790 2909 4861 inquit,
2936 4791 3151 4862 gloriam
3186 4794 3295 4862 ejus
3317 4795 3460 4865 quasi
3497 4795 3617 4849 uni-

2034 4879 2186 4950 geniti
2213 4895 2245 4932 a
2285 4877 2477 4947 Patre,
2522 4879 2727 4952 plenum
2753 4880 2932 4950 gratiae
2960 4888 3008 4935 et
3031 4881 3272 4936 veritatis.
3313 4882 3463 4949 Quod
3510 4884 3617 4952 ait,

2050 4971 2263 5027 Verbum
2280 4987 2400 5027 caro
2418 4975 2606 5043 factum
2624 4980 2733 5038 est;
2758 4971 2863 5027 hoc
2879 4983 2981 5034 est,
3008 4972 3217 5041 plenum
3234 4974 3413 5044 gratia.-
3436 4989 3455 5027 :
3477 4975 3620 5045 quod

2036 5064 2136 5127 ait,
2177 5064 2392 5134 gloriam
2414 5064 2659 5135 unigeniti
2694 5080 2728 5117 a
2756 5061 2948 5128 Patre;
2977 5061 3080 5118 hoc
3106 5071 3218 5131 est,
3250 5065 3452 5135 plenum
3486 5067 3619 5121 ueri-

2037 5157 2173 5211 tatis.
2202 5155 2412 5211 Veritas
2435 5156 2631 5227 quippe
2654 5155 2768 5226 ipsa
2788 5193 2804 5221 ,
2837 5155 3138 5226 unigenitus
3163 5156 3258 5214 Dei
3283 5157 3479 5225 Filius,
3511 5174 3618 5215 non

2037 5246 2202 5318 gratia
2222 5287 2238 5311 ,
2284 5246 2379 5302 sed
2424 5254 2611 5301 natura
2630 5286 2648 5314 ,
2689 5245 2861 5317 gratia
2905 5248 3140 5319 suscepit
3177 5249 3443 5305 hominem
3477 5257 3621 5306 tanta

2104 5446 2123 5479 ι
2154 5446 2227 5496 sic
2251 5444 2444 5510 aptium
2474 5449 2606 5510 nota:
2635 5444 2943 5510 hemiglanus
2973 5443 3131 5497 codex
3154 5450 3207 5496 et
3229 5443 3491 5510 Colbertini
3523 5443 3621 5496 duo

2040 5519 2156 5578 cum
2173 5504 2598 5578 uno'eyaticanis.
2622 5504 2850 5578 Alii‘véro
2871 5517 2976 5559 Mss.
2998 5520 3109 5559 cum
3128 5513 3245 5557 ante
3261 5506 3404 5556 editis
3418 5504 3621 5568 habent,

2041 5567 2799 5742 EWM’mmaeﬂ
2813 5578 3004 5680 m.
3035 5634 3112 5679 Br.
3151 5633 3269 5678 nan.
3307 5632 3362 5678 et
3403 5625 3627 5691 pluribus

2109 5727 2387 5802 ἵίηιιιοιιειι
2406 5758 2509 5815 ιιι,
2535 5755 2670 5805 tanta
2703 5748 2881 5816 gratia.
