4144 6212
521 307 627 370 251

524 425 730 495 unitate
765 440 1028 498 personae,
1067 435 1123 482 ut
1154 425 1294 481 idem
1332 426 1446 496 ipse
1491 431 1634 481 esset
1676 423 1837 480 etiam
1878 421 2109 478 hominis

524 518 684 576 ﬁlius.
798 590 803 595 Ι

593 609 819 668 CAPUT
850 607 1107 664 XXXVII.
1131 637 1200 649 —
1223 606 1477 663 Nativitas
1500 606 1689 686 Christi
1714 623 1773 662 eo
1796 607 1933 679 quod
1951 609 2110 663 estde

525 701 725 779 Spiritu
775 709 987 767 sancto,
1041 700 1259 773 gratiam
1310 698 1637 755 demonstrat.
1687 697 1831 754 Idem
1879 714 2108 770 namque

520 793 677 849 Jesus
705 792 949 848 Christus
977 790 1144 847 Filius
1173 791 1264 847 Dei
1289 790 1623 863 unigenitus,
1656 790 1708 846 id
1740 791 1758 823 ¹
1788 798 1871 846 εει
1893 791 2102 854 ιιιιίειιε.

520 886 776 943 Dominus
801 895 1003 952 noster,
1028 894 1182 941 natus
1204 893 1286 941 est
1306 884 1373 940 de
1398 884 1596 954 Spiritu
1623 893 1807 940 sancto
1827 895 1881 939 et
1902 884 2106 956 virgine

518 976 697 1037 Maria.
722 978 788 1039 Et
810 977 991 1048 utique
1013 976 1240 1048 Spiritus
1265 986 1480 1032 sanctus
1505 975 1595 1031 Dei
1616 976 1813 1031 donum
1839 983 1939 1041 est,
1963 974 2105 1046 quod

518 1068 732 1145 quidem
766 1078 819 1123 et
850 1069 1023 1138 ipsum
1051 1076 1128 1125 est
1165 1068 1372 1139 aequale
1411 1067 1668 1122 donanti:
1701 1075 1755 1122 et
1794 1065 1914 1121 ideo
1962 1066 2104 1121 Deus

517 1171 598 1219 est
627 1161 783 1215 etiam
808 1157 1036 1231 Spiritus
1057 1170 1292 1225 sanctus,
1329 1160 1483 1214 Patre
1508 1158 1750 1230 Filioque
1778 1172 1881 1212 non
1906 1158 2099 1213 minor.

517 1253 595 1311 Ex
639 1253 741 1309 hoc
783 1269 910 1324 ergo
942 1252 1083 1324 quod
1126 1252 1194 1308 de
1223 1252 1424 1321 Spiritu
1464 1260 1648 1308 sancto
1688 1259 1769 1306 est
1808 1250 2103 1306 secundum

518 1344 783 1402 hominem
826 1347 1068 1403 nativitas
1115 1346 1352 1412 Christi,
1408 1345 1533 1415 quid
1582 1345 1724 1399 aliud
1779 1360 1936 1415 quam
1988 1345 2102 1414 ipsa

514 1420 680 1505 gratia
709 1439 1142 1493 demonstratur?
1170 1436 1300 1493 Cum
1329 1439 1469 1491 enim
1500 1438 1646 1508 virgo
1674 1437 2006 1507 quaesivisset
2035 1437 2102 1490 ab

514 1530 1018 1602 angelo,’quomodo
1041 1531 1091 1585 id
1121 1530 1269 1586 ﬁeret
1298 1531 1435 1601 quod
1465 1531 1512 1585 ei
1536 1530 1832 1594 nuntiabat,
1857 1528 2100 1599 quando-

514 1622 726 1692 quidem
756 1623 844 1677 illa
876 1624 1044 1677 virum
1073 1637 1180 1677 non
1207 1630 1586 1689 cognosceret;
1620 1619 1893 1689 respondit
1923 1621 2096 1690 Ange-

513 1713 626 1771 lus:
652 1715 876 1784 Spiritus
901 1724 1102 1770 sanctus
1122 1715 1431 1782 superveniet
1454 1715 1505 1768 in
1529 1724 1593 1779 te,
1618 1722 1663 1766 et
1685 1713 1838 1766 virtus
1856 1711 2101 1766 Altissimi

513 1804 823 1863 obwnbrabil
843 1806 964 1871 tibi;
988 1806 1196 1877 ideoque
1219 1816 1263 1860 et
1288 1805 1435 1876 quod.
1449 1814 1676 1858 nascetur
1700 1820 1763 1856 ex
1784 1812 1829 1856 te
1849 1812 2096 1869 sanctum,

511 1897 767 1951 vocabitur
782 1897 948 1951 Filius
980 1896 1074 1951 Dei
1098 1896 1304 1965 (Luc.t,
1338 1897 1448 1968 35).
1470 1896 1535 1950 Et
1558 1894 1756 1965 J0scplt
1794 1909 1913 1948 cum
1944 1893 2100 1947 vellet

511 2002 628 2047 eam
676 1985 961 2049 dimittere,
1007 1988 1303 2055 suspicatus
1341 1986 1659 2051 adulteram,
1700 1999 1856 2054 quam
1897 1982 2097 2038 sciebat

510 2094 616 2137 non
634 2078 700 2135 de
715 2094 773 2134 se
786 2079 1077 2150 gravidam.
1104 2079 1207 2134 tale
1228 2092 1540 2145 responsum
1564 2079 1631 2132 ab
1651 2078 1837 2148 angelo
1857 2078 2060 2146 accepit
2080 2094 2092 2128 :

512 2169 640 2229 Noli
681 2171 854 2227 timere
894 2173 1120 2244 accipere
1162 2171 1383 2226 Mariam
1431 2173 1693 2243 conjugem
1740 2182 1919 2233 luant;
1962 2169 2097 2240 quod

508 2269 707 2325 enituit:
720 2286 786 2325 ea
800 2277 976 2325 natum
990 2276 1082 2336 est,
1107 2265 1171 2326 de
1191 2265 1390 2333 Spiritu
1408 2275 1581 2323 sancto
1603 2275 1672 2318 est
1690 2262 1902 2333 (Matth.
1924 2280 1961 2323 ι,
1979 2262 2091 2333 20):

509 2357 563 2415 id
586 2368 696 2428 est,
718 2359 858 2431 quod
886 2368 941 2415 tu
967 2375 1086 2415 esse
1113 2360 1180 2415 de
1200 2360 1304 2415 alio
1329 2361 1442 2415 viro
1467 2356 1772 2430 suspicaris,
1804 2354 1871 2412 de
1895 2351 2095 2429 Spiritu

507 2458 694 2506 sancto
723 2459 823 2506 est.

580 2542 805 2602 CAPUT
843 2542 1130 2601 XXXVIII.
1152 2574 1223 2583 —
1246 2542 1332 2599 I2.
1363 2540 1589 2597 Christus
1616 2543 1678 2597 de
1704 2542 1900 2612 Spiritu
1920 2549 2093 2596 sancto

506 2650 609 2691 non
653 2643 709 2688 ut
749 2635 813 2689 de
848 2644 993 2705 patre
1031 2643 1211 2695 natus,
1256 2634 1346 2689 sed
1390 2633 1453 2687 de
1501 2633 1670 2686 Maria
1718 2643 1773 2687 ut
1814 2633 1875 2686 de
1912 2642 2090 2686 matre.

505 2727 769 2795 Numquid
802 2736 983 2797 tamt-n
1022 2727 1141 2783 ideo
1173 2726 1364 2781 dicturi
1398 2741 1583 2781 sumus
1620 2736 1820 2794 patrem
1865 2725 2093 2781 hominis

505 2819 703 2879 Christi
725 2833 845 2875 esse
872 2819 1125 2889 Spiritum
1147 2830 1412 2883 sanctum,
1439 2826 1494 2871 ut
1520 2818 1656 2873 Dens
1680 2818 1837 2871 Pater
1859 2816 2090 2872 Verbum

502 2910 783 2980 genuerit,
808 2907 1040 2976 Spiritus
1068 2919 1283 2967 Sanctus
1312 2907 1585 2963 hominem
1606 2948 1620 2969 ,
1649 2923 1715 2963 ex
1740 2923 1843 2977 qua
1868 2916 2093 2978 utraque

506 3000 802 3058 substantia
840 3000 1083 3057 Christus
1120 3015 1257 3057 unus
1297 3008 1457 3065 esset,
1502 3010 1555 3056 et
1594 3000 1688 3055 Dei
1736 3001 1906 3055 Patris
1953 3000 2092 3055 ﬁlius

503 3092 798 3157 secundum
827 3093 1077 3158 Verbum,
1107 3102 1165 3148 et
1183 3094 1412 3161 Spiritus
1437 3095 1603 3147 sancti
1635 3095 1774 3148 ﬁlius
1796 3094 2091 3149 secundum

504 3186 775 3245 hominem
798 3202 818 3252 ;
836 3186 977 3257 quod
997 3200 1121 3243 eum
1141 3186 1369 3257 Spiritus
1388 3196 1602 3242 sanctus
1626 3189 1646 3218 ³
1671 3197 1917 3258 tanquam
1945 3197 2094 3258 pater

504 3279 622 3351 eius
645 3279 713 3337 de
738 3289 909 3335 matre
941 3278 1143 3348 virgine
1166 3278 1482 3348 genuisset?
1509 3279 1639 3348 Quis
1669 3280 1771 3334 hoc
1794 3280 1975 3335 dicere
1999 3296 2093 3335 au-

503 3369 683 3441 debit?
708 3369 820 3426 Nec
836 3384 975 3440 Opus
1002 3377 1087 3427 est
1112 3369 1396 3425 ostendere
1425 3369 1744 3439 disputando
1772 3379 1965 3441 quanta
1988 3371 2091 3425 alia

503 3434 795 3533 sequantur
817 3434 1042 3516 absurda
1063 3502 1080 3525 ,
1106 3475 1227 3515 eum
1258 3461 1360 3516 hoc
1385 3460 1555 3530 ipsum
1579 3460 1687 3530 jam
1716 3463 1786 3515 ita
1808 3462 1878 3516 sit
1899 3461 2090 3517 absur-

504 3551 654 3625 dum,
703 3558 762 3604 ut
806 3551 964 3605 nullae
1010 3551 1195 3606 ﬁdeles
1242 3566 1400 3607 aures
1442 3552 1495 3605 id
1544 3551 1753 3607 valeant
1802 3553 2086 3609 sustinere.

504 3643 769 3708 Proinde,
819 3642 958 3698 sicut
1000 3644 1353 3711 conﬁtemur,
1400 3644 1655 3699 Dominus
1703 3653 1885 3700 noster
1933 3644 2091 3701 Jesus

502 3731 773 3795 Christus.
803 3734 890 3803 qui
918 3733 985 3788 de
1007 3734 1121 3788 Deo
1149 3734 1322 3801 Deus,
1353 3735 1513 3789 homo
1536 3744 1713 3790 autent
1736 3744 1893 3790 natus
1915 3744 1995 3791 est
2023 3736 2091 3792 de

502 3825 707 3893 Spiritu
733 3836 918 3883 sancto
950 3837 1005 3882 et
1038 3829 1240 3899 virgine
1266 3829 1458 3895 Maria,
1494 3839 1715 3898 utraque
1754 3830 2045 3885 substantia
2069 3872 2085 3898 ,

500 3914 685 3973 divina
723 3917 929 3975 sciliCct
965 3929 1125 3988 atque
1153 3920 1404 3988 humana,
1453 3920 1618 3976 Filius
1655 3930 1739 3976 est
1780 3923 1966 3976 unicus
1993 3921 2090 3977 Dei

502 4008 677 4067 Patris
692 4010 1092 4079 omnipotentis.
1124 4012 1192 4068 de
1211 4029 1319 4082 quo
1336 4014 1576 4083 procedit
1595 4013 1825 4084 Spiritus
1848 4022 2085 4070 sanctus.

497 4099 783 4168 Quo-nodo
812 4114 945 4168 ergo
980 4102 1208 4156 dicimus
1232 4102 1505 4158 Christum
1549 4114 1732 4159 natum
1773 4105 1840 4160 de
1890 4105 2091 4175 Spiritu

497 4200 724 4254 saneto,
772 4188 819 4242 si
871 4202 975 4242 non
1028 4205 1151 4245 eum
1200 4194 1387 4257 genuit
1434 4192 1662 4261 Spiritus
1710 4197 1963 4251 sanctus?
2006 4197 2089 4251 An

504 4280 626 4351 quia
683 4278 806 4334 fecit
857 4280 1023 4332 eum?
1075 4278 1345 4345 Quoniam
1393 4280 1650 4336 Dominus
1707 4293 1889 4337 noster
1934 4284 2091 4339 Jesus

497 4369 749 4429 Christus
778 4370 831 4425 in
858 4379 1113 4438 quantum
1138 4369 1276 4423 Deus
1301 4378 1403 4434 est,
1432 4371 1601 4424 anmia
1630 4387 1722 4441 per
1745 4372 1914 4440 ipsum
1956 4377 2093 4445 facta

498 4472 622 4519 sunt
651 4459 829 4532 (locu.
857 4476 909 4524 ι,
940 4460 1035 4530 5);
1067 4462 1119 4519 in
1158 4469 1415 4531 quantum
1450 4471 1630 4517 autem
1675 4462 1834 4519 homo
1876 4474 1992 4531 est,
2036 4474 2092 4523 et

500 4551 621 4622 ipse
657 4552 826 4611 iactus
865 4561 971 4619 est,
995 4552 1133 4611 sicut
1161 4554 1447 4621 Apostolus
1486 4554 1653 4611 dicit:
1701 4556 1893 4615 Factus
1919 4569 1995 4614 est
2026 4576 2092 4616 ea:

492 4646 693 4703 amitte
725 4644 888 4701 David
907 4647 1182 4703 secundum
1206 4663 1411 4703 earnest
1438 4648 1616 4718 (Rem.
1649 4667 1699 4715 ι,
1727 4651 1807 4723 5).
1834 4653 1939 4710 Sed
1968 4670 2090 4710 cum

504 4738 653 4793 illum
692 4750 995 4793 retenturam
1038 4755 1195 4807 quam
1244 4738 1405 4808 Virga
1457 4744 1702 4813 cnncepit
1744 4752 1800 4801 et
1848 4747 2088 4815 peperit,

506 4830 753 4896 quamvis
773 4829 839 4883 ad
873 4829 1045 4887 solata
1080 4844 1359 4899 personam
1393 4831 1515 4887 Filii
1558 4837 1907 4902 pertinentem
1933 4878 1949 4901 ,
1982 4847 2090 4894 tota

505 4920 741 4979 Trinitas
766 4919 989 4988 iecerit;
1020 4939 1190 4995 neque
1228 4925 1369 4979 enim
1410 4927 1725 4996 seperahilis
1760 4939 1886 4983 sunt
1926 4944 2089 5001 opera

508 5009 812 5073 Trinitatis;
841 5028 939 5070 cur
977 5014 1030 5071 in
1053 5029 1117 5068 ea
1144 5012 1385 5071 iacienda
1423 5017 1571 5074 solus
1602 5017 1835 5086 Spiritus
1877 5029 2093 5079 sanctus

506 5102 811 5157 manuatus
847 5104 969 5159 est?
1006 5108 1087 5162 An
1114 5116 1169 5162 et
1210 5107 1423 5176 quando
1450 5124 1588 5164 unus
1636 5110 1795 5166 trium
1824 5112 1879 5167 in
1914 5114 2094 5185 aliquo

502 5207 671 5262 opere
695 5191 998 5251 nuntiantur
1015 5236 1032 5261 ,
1058 5198 1309 5255 universa
1329 5201 1543 5269 operari
1576 5200 1811 5257 Trinitas
1835 5204 2090 5276 intelligi-

509 5284 635 5339 tur?
666 5282 739 5338 Ita
769 5298 896 5339 vero
921 5293 1022 5349 est,
1048 5296 1102 5341 et
1128 5290 1387 5359 exemplis
1416 5291 1594 5347 doceri
1628 5301 1818 5362 potest.
1849 5294 1953 5350 Sed
1983 5312 2090 5353 non

507 5387 591 5433 est
614 5376 672 5433 in
711 5377 818 5434 hoc
856 5376 1061 5437 diutius
1091 5378 1505 5445 inmorandum.
1552 5385 1686 5442 illud
1723 5388 1867 5445 enim
1915 5398 2094 5447 movet

505 5576 1015 5688 ωὲωειεριυεοιιεε.
1051 5586 1285 5636 unum
1313 5586 1389 5633 Ir.
1429 5590 1619 5637 una.
1646 5592 1841 5641 Atta.
1868 5594 1923 5640 et
1958 5598 2092 5653 tm,

938 5705 1081 5773 quasi
1099 5718 1212 5762 eum
1226 5704 1659 5772 “tam
1675 5719 1799 5778 νει,
1818 5714 1973 5779 quasi,
1997 5728 2094 5774 non

1026 307 1479 377 ENCHIRIDION,
1520 308 1673 367 SIVE
1712 307 1801 365 DE
1836 304 2014 373 FIDE,
2054 301 2182 364 SPE
2218 303 2309 363 ET
2346 310 2762 387 CHARITATE,
2804 319 2863 377 S.
2902 320 3271 381 AUGUSTINI

3683 318 3795 386 252

2218 428 2482 497 quomodo
2523 430 2722 488 dictum
2761 434 2845 498 sit,
2891 433 3055 493 Natus
3091 438 3159 494 de
3186 437 3381 508 Spiritu
3419 446 3624 505 sancto,
3663 454 3789 500 eum

2215 512 2354 573 ﬁlius
2380 520 2524 575 nullo
2553 523 2710 577 modo
2736 525 2805 579 sit
2824 526 3049 596 Spiritus
3078 531 3265 584 sancti.
3292 531 3469 601 Neque
3491 532 3634 587 enim
3665 534 3791 605 quia

2215 612 2467 669 mundum
2491 616 2648 670 istum
2674 616 2794 672 fecit
2818 618 2977 688 Deus,
3000 619 3102 677 dici
3125 637 3244 677 eum
3272 620 3349 678 ias
3370 631 3452 677 est
3478 622 3569 678 Dei
3595 623 3786 695 ﬁlium,

2213 713 2305 757 aut
2331 719 2450 759 eum
2478 716 2657 762 natum
2684 708 2750 763 de
2775 709 2913 774 Deo;
2944 711 3037 766 sed
3065 711 3281 780 factum,
3308 713 3391 769 vel
3422 725 3681 782 creatum,
3708 714 3797 775 vel

2212 795 2502 863 conditum,
2528 799 2610 853 vel
2633 800 2929 857 institutum
2950 803 3017 857 al)
3039 803 3147 870 illo,
3169 804 3251 860 vel
3273 806 3316 859 si
3337 804 3461 876 quid
3482 805 3793 875 hujusmodi

2212 894 2356 941 recte
2386 902 2667 957 possumus
2708 892 2904 949 dicere.
2948 894 3044 950 Hic
3082 911 3228 967 ergo,
3277 912 3396 953 cum
3441 896 3795 957 conﬁteamur

2213 984 2391 1032 natum
2420 977 2486 1033 de
2517 980 2712 1051 Spiritu
2752 992 2935 1039 sancto
2969 994 3021 1040 et
3057 987 3260 1057 virgine
3302 986 3486 1054 Maria,
3522 991 3793 1061 quomodo

2210 1082 2316 1122 non
2365 1068 2433 1124 sit
2476 1069 2614 1125 ﬁlius
2662 1072 2888 1142 Spiritus
2926 1077 3127 1143 sancti,
3173 1087 3227 1132 et
3277 1079 3345 1133 sit
3388 1077 3528 1136 ﬁlius
3569 1081 3795 1155 virginis

2209 1158 2388 1216 Maria:
2409 1202 2421 1223 ,
2451 1177 2569 1217 cum
2600 1172 2653 1219 et
2682 1163 2749 1219 de
2779 1166 2873 1220 illo
2917 1175 2971 1222 et
2998 1169 3064 1223 de
3090 1169 3176 1224 illa
3205 1170 3273 1225 sit
3303 1163 3459 1227 natus
3477 1215 3492 1240 ,
3524 1174 3793 1244 explicare

2208 1249 2419 1308 difﬁcile
2443 1262 2543 1309 est.
2569 1254 2756 1310 Procul
2786 1256 2947 1312 dubio
2973 1261 3168 1330 quippe
3197 1277 3302 1316 non
3331 1263 3407 1319 sic
3429 1263 3497 1320 de
3525 1265 3618 1321 illo
3645 1275 3702 1322 ut
3721 1266 3791 1325 de

2207 1352 2377 1412 patre,
2409 1346 2485 1399 sic
2514 1357 2687 1401 autem
2714 1347 2778 1401 de
2806 1350 2891 1402 illa
2921 1360 2977 1403 ut
3008 1350 3072 1405 de
3101 1361 3267 1407 matre
3292 1362 3446 1409 natus
3467 1366 3571 1410 est.

2278 1435 2500 1492 CAPUT
2528 1437 2968 1494 XXXIX—Non
2994 1443 3238 1513 quidquid
3261 1460 3325 1499 ea:
3349 1446 3519 1515 aliqua
3543 1448 3788 1518 nascitur,

2206 1527 2314 1596 ejus
2335 1527 2470 1596 ﬁlius
2498 1529 2757 1584 dicendus.
2786 1531 2898 1585 Non
2930 1532 3086 1601 igitur
3116 1535 3512 1593 concedendum
3533 1547 3617 1594 est
3637 1540 3791 1610 quid-

2204 1616 2330 1687 quid
2379 1617 2447 1673 de
2495 1619 2668 1689 aliqua
2715 1637 2774 1676 re
2821 1624 3074 1691 nascitur,
3126 1627 3379 1680 continuo
3429 1628 3664 1699 ejusdem
3711 1630 3792 1687 rei

2206 1710 2371 1765 ﬁlium
2403 1715 2830 1783 nuncupandum.
2873 1715 2939 1771 Ut
2981 1718 3122 1771 enim
3151 1719 3387 1774 omittam
3416 1722 3571 1777 aliter
3597 1722 3665 1779 de
3693 1722 3791 1780 ho-

2203 1803 2347 1858 mine
2376 1806 2520 1859 nasci
2550 1806 2737 1871 ﬁlium,
2770 1809 2923 1862 aliter
2951 1810 3221 1879 capillum,
3260 1812 3556 1883 pediculum
3580 1817 3618 1885 ¹,
3649 1817 3788 1874 lum-

2202 1894 2425 1959 bricum,
2450 1914 2673 1968 quarunt
2697 1901 2825 1954 nihil
2848 1912 2927 1954 cst
2955 1903 3091 1956 ﬁlius
3116 1923 3129 1957 :
3162 1914 3221 1958 ut
3239 1920 3366 1977 ergo
3388 1908 3499 1964 ltmc
3523 1913 3785 1981 omittam,

2203 1980 2449 2056 quoniam
2475 1999 2631 2043 tantae
2659 1992 2735 2045 rei
2759 1991 3070 2048 deformiter
3094 2009 3497 2067 comparantur;
3527 2011 3672 2057 certe
3697 2004 3789 2074 qui

2202 2092 2494 2134 nascuntur
2518 2099 2580 2135 cx
2612 2098 2743 2153 aqua
2773 2095 2823 2138 et
2850 2085 3046 2155 Spiritu
3084 2100 3267 2145 sancto
3286 2134 3299 2159 ,
3336 2108 3438 2147 non
3466 2110 3617 2166 aqua:
3647 2097 3789 2154 ﬁlios

2200 2184 2293 2223 εοε
2322 2170 2420 2225 rite
2448 2171 2639 2227 dixerit
2665 2174 2923 2244 quispiam
2951 2196 2963 2229 :
2997 2179 3088 2232 scd
3120 2181 3268 2247 plane
3297 2183 3547 2238 dicuntur
3568 2186 3662 2241 ﬁlii
3693 2189 3787 2245 Dei

2200 2259 2374 2316 Patris
2402 2273 2454 2318 et
2485 2266 2667 2320 matris
2698 2268 2967 2321 Ecclesizn.
3000 2268 3087 2323 Sic
3117 2286 3241 2340 ergo
3270 2274 3335 2327 de
3375 2273 3569 2344 Spiritu
3596 2287 3788 2336 sancto

2199 2362 2355 2408 natus
2380 2365 2461 2411 cst
2492 2356 2628 2411 ﬁlius
2661 2359 2751 2413 Dei
2784 2360 2969 2423 Patris,
3008 2377 3111 2415 non
3154 2363 3383 2433 Spiritus
3412 2370 3602 2424 sancti.
3650 2370 3784 2429 Nam

2197 2455 2253 2503 et
2280 2446 2404 2503 illud
2431 2448 2573 2521 quod
2596 2448 2662 2507 de
2688 2451 2881 2524 capillo
2907 2460 2958 2506 ει
2981 2452 3048 2507 de
3073 2457 3284 2511 caeteris
3308 2456 3558 2527 diximus,
3584 2462 3651 2517 ad
3679 2460 3785 2523 hoc

2198 2548 2399 2594 tantum
2444 2543 2599 2605 valet,
2640 2554 2696 2599 ut
2742 2543 3125 2602 admoneamur
3171 2564 3274 2605 non
3320 2564 3479 2606 omne
3530 2555 3671 2623 quod
3714 2555 3783 2615 de

2197 2633 2372 2704 aliquo
2412 2634 2678 2702 nascitur,
2719 2640 2877 2694 etiam
2927 2639 3093 2695 ﬁlium
3133 2644 3251 2713 ejus
3290 2643 3357 2700 de
3404 2661 3509 2718 quo
3551 2648 3785 2708 nascitur

2197 2739 2354 2794 posse
2373 2725 2493 2780 dici.
2522 2727 2667 2782 Sicut
2691 2745 2794 2783 non
2818 2746 3004 2787 omnes
3030 2735 3119 2804 qtti
3143 2734 3392 2795 dicuntur
3418 2738 3639 2811 alicujus
3660 2742 3778 2817 ﬁlii,

2196 2828 2525 2886 consequens
2557 2828 2636 2872 est
2665 2827 2721 2873 ut
2760 2820 2826 2875 de
2854 2821 2941 2877 illo
2976 2824 3136 2878 etiam
3183 2825 3291 2880 nati
3335 2843 3453 2882 esse
3496 2828 3779 2902 dicantur;

2197 2905 2331 2960 sicut
2347 2917 2469 2960 sunt
2483 2908 2917 2979 quiadoptantur.
2940 2913 3194 2971 Dicuntur
3206 2919 3363 2973 etiam
3384 2919 3470 2974 ﬁlii
3488 2922 3778 2993 gehennas,

2196 3012 2302 3051 non
2322 3014 2387 3053 ex
2404 3000 2502 3053 "illa
2526 3002 2656 3071 nati,
2681 3003 2774 3057 sed
2797 3003 2848 3058 in
2874 3002 3012 3061 illam
3041 3012 3339 3081 prteparati,
3366 3014 3500 3069 sicut
3518 3015 3610 3071 ﬁlii
3634 3019 3785 3090 regni

2197 3092 2285 3162 qui
2314 3095 2335 3124 ²
2359 3107 2723 3165 prmparantur
2751 3098 2800 3152 in
2826 3115 3070 3171 regnum.

2214 3244 2221 3261 ι
2266 3186 2491 3243 CAPUT
2530 3188 2640 3244 XL.
2672 3221 2743 3230 —
2770 3191 2956 3248 Modus
2993 3212 3091 3265 quo
3132 3208 3277 3255 natus
3324 3209 3395 3257 est
3441 3201 3667 3260 Christus
3717 3207 3782 3263 de

2198 3273 2394 3344 Spiritu
2420 3289 2623 3346 sancto,
2655 3280 2875 3335 insinuat
2915 3286 3158 3358 gratiam}
3180 3290 3381 3345 unionis
3432 3292 3780 3365 ltypostaticat.

2196 3365 2326 3421 Cum
2359 3368 2536 3439 itaque
2574 3370 2639 3425 de
2670 3372 2847 3442 aliquo
2874 3366 3121 3431 nascatur
3150 3381 3348 3450 aliquid
3389 3386 3548 3441 etiam
3578 3404 3685 3445 non
3714 3404 3783 3446 eo

2195 3459 2356 3515 modo
2404 3469 2459 3515 ut
2505 3464 2574 3516 sit
2621 3464 2796 3531 ﬁlius,
2847 3482 2943 3521 nec
2990 3485 3176 3526 rursus
3226 3474 3403 3531 omnis
3450 3480 3539 3549 qui
3589 3479 3785 3543 dicitur

2197 3549 2367 3616 ﬁlius,
2415 3550 2482 3606 de
2528 3552 2618 3608 illo
2667 3556 2736 3609 sit
2780 3567 2936 3611 natus
2979 3561 3129 3630 cujus
3176 3564 3369 3620 dicitur
3420 3567 3596 3635 ﬁlius;
3653 3586 3781 3642 pro-

2194 3643 2333 3699 iecto
2377 3646 2566 3701 modus
2601 3648 2700 3704 iste
2740 3665 2847 3720 quo
2892 3661 3047 3709 natus
3081 3667 3161 3710 est
3194 3657 3435 3716 Christus
3473 3662 3541 3717 de
3581 3664 3784 3735 Spiritu

2194 3746 2379 3791 sancto
2407 3753 2509 3792 non
2532 3739 2669 3803 sicut
2689 3740 2848 3804 ﬁlius,
2876 3753 2929 3796 ct
2953 3743 3020 3798 de
3041 3745 3198 3800 Marii
3223 3740 3429 3818 virgine
3453 3754 3591 3808 sicut
3619 3754 3779 3825 ﬁlius,

2195 3825 2427 3882 insinuat
2452 3830 2605 3885 nobis
2631 3833 2855 3898 gratiam
2895 3834 3022 3899 Dei,
3051 3851 3151 3907 qua
3181 3837 3342 3894 homo
3386 3843 3545 3898 nullis
3576 3862 3784 3913 praece-

2195 3916 2444 3977 dentibus
2464 3923 2690 3991 meritis,
2715 3924 2766 3978 in
2789 3925 2905 3995 ipso
2927 3926 3146 3982 exordio
3175 3938 3380 3987 natura:
3403 3947 3513 3988 ειιτε
3533 3950 3640 4006 quo
3661 3952 3785 3996 esse

2194 4012 2376 4081 coepit,
2423 4011 2592 4069 Verbo
2636 4015 2745 4070 Deo
2771 4014 2792 4046 ³
2833 4018 3173 4088 copularetur
3202 4020 3254 4074 in
3293 4028 3495 4079 tantam
3542 4042 3785 4095 personat

2195 4104 2452 4161 unitatem
2473 4147 2488 4172 ,
2511 4118 2571 4162 ut
2589 4106 2728 4165 idem
2751 4109 2863 4180 ipse
2888 4121 3033 4166 esset
3053 4111 3192 4167 ﬁlius
3220 4113 3311 4169 Dei
3332 4118 3420 4185 qui
3448 4116 3586 4173 ﬁlius
3612 4118 3786 4179 homi-

2195 4198 2301 4265 nis,
2331 4208 2384 4254 et
2408 4200 2551 4257 ﬁlius
2576 4201 2806 4258 hominis
2835 4205 2925 4275 qui
2955 4204 3093 4262 ﬁlius
3126 4208 3220 4263 Dei
3245 4226 3259 4262 :
3289 4224 3351 4264 ac
3375 4210 3454 4266 sic
3478 4211 3532 4266 in
3576 4224 3785 4271 natura:

2196 4285 2442 4343 humana:
2479 4294 2816 4362 susceptione
2842 4293 2997 4352 ﬁeret
3019 4297 3250 4368 quodam
3284 4301 3447 4356 modo
3473 4302 3584 4372 ipsa
3612 4307 3782 4373 gratia

2197 4378 2272 4431 illi
2299 4379 2497 4434 homini
2528 4386 2783 4439 naturalis
2805 4427 2821 4452 ,
2852 4403 2970 4457 qua:
3001 4387 3022 4419 ⁸
3053 4391 3255 4445 nullum
3297 4404 3572 4461 peccatum
3604 4407 3785 4466 posset

2197 4467 2497 4525 admittere.
2521 4472 2649 4539 Qua:
2668 4475 2835 4544 gratia
2858 4487 3137 4548 propterea
3158 4494 3252 4550 per
3270 4481 3523 4553 Spiritum
3541 4497 3781 4543 sanctum

2194 4558 2369 4616 fuerat
2414 4562 2757 4634 signiﬁcanda
2777 4608 2792 4634 ,
2842 4569 2963 4638 quia
2991 4570 3105 4639 ipse
3135 4575 3350 4645 proprie
3384 4580 3462 4632 sic
3491 4589 3575 4634 est
3603 4580 3740 4636 Deus
3761 4623 3778 4650 ,

2197 4660 2256 4708 ut
2297 4652 2504 4709 dicatur
2543 4656 2701 4710 etiam
2748 4658 2841 4712 Dei
2884 4658 3094 4715 donum-
3128 4662 3268 4731 (Act.
3297 4681 3418 4735 vm,
3463 4667 3579 4741 20).
3631 4671 3783 4728 llnde

2194 4745 2525 4803 sufﬁcienter
2564 4747 2707 4817 loqui
2736 4748 2757 4779 ⁵
2788 4748 2870 4819 (si
2902 4760 3078 4808 tamen
3114 4754 3167 4808 id
3205 4753 3322 4812 ﬁeri
3370 4760 3604 4833 potest),
3634 4754 3784 4819 valde

2195 4839 2415 4911 prolixzr.
2442 4838 2819 4909 disputationis
2841 4851 2940 4899 est.

2266 4932 2489 4989 CAPUT
2530 4932 2661 4988 XLI.
2694 4964 2766 4975 —
2787 4937 2873 4992 15.
2916 4936 3143 4995 Christus
3165 4941 3274 4997 sine
3299 4954 3520 5013 peccato,
3545 4947 3637 5001 sed
3662 4965 3781 5017 pec-

2197 5033 2363 5076 catum
2402 5026 2586 5094 factus.
2623 5024 2774 5082 Nulla
2805 5029 2961 5099 igitur
3004 5032 3277 5102 voluptate
3316 5034 3544 5089 carnalis
3585 5052 3787 5095 concu-

2198 5114 2469 5184 piscentia:
2496 5118 2787 5174 seminatus
2823 5122 2935 5176 sive
2975 5131 3261 5195 canceptus
3283 5164 3298 5188 ,
3332 5134 3386 5179 et
3413 5123 3533 5179 ideo
3579 5128 3782 5187 nullum

2200 5218 2476 5277 peccatum
2525 5212 2854 5282 originatiter
2905 5215 3156 5281 trahens;
3211 5215 3305 5271 Dei
3355 5232 3568 5288 qunque
3611 5226 3783 5291 gratia

2198 5297 2379 5356 Verbo
2398 5300 2570 5357 Patris
2599 5304 2889 5376 unigenito,
2923 5321 3025 5361 non
3052 5308 3221 5377 gratia
3251 5305 3406 5376 Filio,
3434 5310 3529 5366 sed
3558 5323 3742 5371 natura
3761 5355 3779 5383 ,

2263 5412 2282 5482 ξ
2308 5413 2623 5482 _Autiquiores
2880 5415 3190 5482 peduculi”.

2262 5474 2588 5549 turpiaque,
2615 5475 2717 5549 qui,
2751 5474 2894 5529 abest
2925 5490 2953 5527 a
2976 5486 3182 5542 quatuor
3217 5480 3453 5533 vaticauis
3485 5491 3539 5535 et
3566 5485 3629 5534 ab
3659 5486 3783 5537 anti-

2197 5535 2449 5597 quioribus
2466 5535 2732 5588 Gallicanis.
2993 5535 3011 5542 ’

2263 5598 2284 5661 Ξ
2305 5599 2378 5647 sic
2400 5598 2629 5649 meliores
2649 5606 2756 5650 Mss.
2784 5606 2839 5649 At
2864 5601 2997 5661 editi,
3028 5602 3179 5653 Verbo
3196 5604 3303 5657 Dei.

2260 5657 2644 5731 ξ
2657 5662 2834 5731 eodex,
2858 5662 2958 5731 qui.
2978 5657 3062 5714 Alii
3082 5665 3182 5731 quo
3206 5675 3329 5731 use,
3356 5679 3469 5731 tnta.

2201 5720 2540 5844 ὤιὲιίἑῗιὲ
2558 5728 2780 5840 Lov.
2818 5730 2871 5778 et
2909 5732 3018 5778 Arn.
3057 5727 3257 5794 addunt,
3286 5729 3575 5799 parm
3610 5734 3782 5788 ωε

3273 5885 3316 5895 ,σοι
