4124 6206
361 462 418 519 in
440 461 645 517 unitate
671 475 910 531 personae
931 462 951 494 ⁸
978 463 1136 518 modo
1165 464 1389 519 mirabili
1413 472 1466 519 et
1489 463 1736 519 inetl'abiii
1763 465 1949 536 adjun-

363 564 480 609 ctus
506 563 668 623 atque
686 565 992 621 concretus,
1016 563 1071 610 et
1096 555 1214 610 ideo
1235 557 1437 610 nullum
1467 567 1736 625 peccatum
1761 565 1813 610 et
1836 557 1950 625 ipse

363 647 739 710 committens;
765 654 938 699 tamen
964 657 1179 716 propter
1203 647 1602 702 similitudinem
1631 649 1806 704 carnis
1831 663 1950 718 pec-

361 740 462 795 cati
493 739 544 793 in
575 753 679 809 qua
707 747 928 794 venerat
953 739 1130 809 (Rom.
1164 757 1282 806 vni,
1316 741 1370 812 5)
1394 784 1407 807 ,
1441 741 1613 796 dictus
1638 752 1720 796 est
1757 750 1809 796 et
1838 744 1950 816 ipse

361 838 661 899 peceatum,
684 830 1061 885 sacriﬁcandus
1082 831 1148 886 ad
1165 831 1413 887 diluenda
1438 841 1671 904 peccata.
1695 831 1750 886 In
1771 844 1950 889 vetere

361 924 555 993 quippe
579 923 700 994 lege
727 932 938 992 peccata
966 924 1294 978 vocabantur
1313 924 1572 979 sacriﬁcia
1601 940 1696 994 pro
1717 925 1948 998 peccatis

361 1015 518 1086 (Osee
543 1031 623 1080 tv,
657 1016 714 1085 8)
755 1032 767 1068 :
798 1015 938 1085 quod
967 1031 1090 1071 vere
1116 1016 1214 1071 iste
1243 1015 1413 1071 factus
1443 1027 1526 1071 est
1553 1016 1703 1086 cujus
1748 1017 1949 1072 umbrae

361 1118 512 1162 erant
540 1106 652 1161 illa.
686 1107 820 1161 Hinc
846 1106 1134 1176 Apostolus
1162 1122 1282 1161 cum
1313 1107 1570 1170 dixisset,
1618 1105 1949 1161 Obsecramus

361 1215 453 1269 pro
480 1199 681 1254 Christo
710 1197 1027 1252 reconciliari
1054 1196 1198 1262 Deo;
1225 1198 1477 1253 continuo
1499 1199 1769 1267 subjunxit
1790 1206 1948 1268 atque

359 1291 467 1345 ait:
501 1290 635 1344 Eum
663 1292 748 1359 qui
778 1307 876 1344 non
901 1299 1104 1344 uouerat
1145 1299 1402 1357 peccaturo
1423 1331 1437 1357 ,
1471 1307 1563 1361 pro
1595 1291 1733 1343 nobis
1771 1307 1950 1363 pecca-

363 1391 469 1434 tum
496 1381 640 1452 fecit,
669 1390 723 1434 ut
748 1397 837 1435 nos
864 1382 1019 1435 simus
1035 1382 1238 1451 justitia
1281 1381 1376 1434 Dei
1415 1382 1467 1434 in
1494 1382 1603 1450 ipso
1634 1381 1697 1452 (Il
1730 1381 1846 1435 Cor.
1880 1399 1910 1434 v
1929 1423 1944 1448 ,

359 1472 458 1537 20,
489 1471 602 1540 2t).
645 1471 761 1526 Non
791 1473 898 1538 ait,
929 1480 986 1526 ut
1015 1473 1066 1526 in
1097 1472 1409 1544 quibusdam
1436 1472 1708 1527 mendosis
1747 1472 1946 1527 codici-

357 1564 459 1618 bus
484 1563 707 1633 legitur,
753 1564 799 1617 is
829 1564 917 1633 qui
949 1580 1054 1618 non
1099 1572 1317 1618 noverat
1359 1573 1661 1634 peccaturo,
1707 1581 1801 1634 pro
1846 1582 1947 1618 νος

357 1655 765 1726 bis'peccatum
818 1653 980 1721 fecit;
1037 1662 1287 1724 tanquam
1346 1670 1441 1724 pro
1499 1655 1650 1708 nobis
1704 1655 1946 1710 Christus

361 1747 474 1818 ipse
510 1746 846 1816 peccaverit:
890 1744 984 1800 sed
1022 1746 1126 1812 ait,
1159 1745 1291 1799 Eum
1334 1747 1418 1816 qui
1445 1762 1543 1799 non
1587 1757 1790 1800 noverat
1827 1763 1945 1816 pec-

359 1850 560 1905 catum,
607 1837 659 1893 id
713 1846 794 1893 est
839 1835 1135 1903 Christum,
1189 1854 1279 1907 pro
1330 1838 1470 1891 nobis
1524 1850 1780 1906 peccatum
1830 1839 1946 1909 fecit

360 1932 531 1996 Deus,
581 1929 665 1984 cui
718 1929 1093 1984 reconciliandi
1137 1944 1354 1994 sumus,
1405 1929 1503 1984 hoc
1561 1939 1677 1994 est,
1738 1931 1944 1983 sacriﬁ-

358 2023 496 2078 cium
526 2036 622 2091 pro
663 2021 924 2090 peccatis,
961 2035 1053 2089 per
1090 2021 1230 2090 «iuod
1261 2021 1591 2075 reconciliari
1619 2021 1940 2076 valeremus.

358 2113 475 2183 lpse
509 2127 637 2182 ergo
665 2123 968 2182 peccatum,
1000 2120 1055 2165 ut
1082 2127 1177 2165 nos
1205 2112 1402 2181 iustitia
1429 2127 1443 2174 ;
1476 2127 1574 2165 nec
1602 2124 1780 2166 nostra
1802 2154 1816 2178 ,
1849 2113 1944 2168 sed

359 2204 454 2259 Dei
479 2221 492 2270 ;
520 2219 620 2259 nec
647 2203 699 2258 in
727 2204 902 2267 nobis,
933 2203 1025 2258 sed
1057 2204 1107 2257 in
1134 2203 1249 2273 ipso
1277 2223 1286 2253 :
1323 2204 1458 2257 sicut
1485 2205 1596 2272 ipse
1628 2213 1903 2274 peccatum
1926 2249 1940 2272 ,

357 2310 464 2350 non
508 2306 683 2362 suum,
725 2294 819 2348 sed
865 2304 1135 2358 nostrum;
1186 2309 1283 2349 nec
1330 2295 1382 2348 in
1428 2310 1506 2360 sc,
1550 2295 1642 2349 sed
1691 2297 1742 2348 in
1791 2297 1946 2351 nobis

359 2389 731 2452 constitutum,
766 2386 1114 2441 similitudine
1142 2386 1318 2440 carnis
1351 2387 1571 2455 peccati,
1607 2387 1658 2439 in
1686 2403 1787 2456 qua
1819 2403 1943 2441 cru-

358 2480 545 2534 ciﬁxus
587 2489 700 2545 est,
745 2477 1162 2533 demonstravit:
1197 2487 1253 2532 ut
1296 2479 1544 2548 quoniam
1577 2491 1849 2547 peccatum
1896 2481 1943 2534 ei

356 2585 462 2626 non
487 2571 675 2633 inerat,
701 2571 770 2624 ita
793 2571 1017 2640 quodam
1046 2570 1203 2624 modo
1232 2579 1446 2640 peccato
1475 2580 1790 2634 moreretur,
1817 2572 1942 2626 dum

355 2665 586 2719 moritur
625 2665 771 2718 carni
797 2665 840 2729 ³,
887 2663 938 2718 in
979 2680 1079 2733 qua
1123 2672 1236 2718 erat
1281 2664 1568 2717 similitudo
1617 2667 1857 2734 peccati;
1891 2675 1945 2720 et

356 2770 476 2810 cum
532 2755 822 2810 secundum
882 2763 1194 2809 vetustatem
1248 2757 1447 2824 peccati
1504 2772 1770 2827 nunquam
1831 2759 1944 2827 ipse

356 2847 596 2914 vixisset,
644 2858 878 2903 nostram
923 2864 987 2902 ex
1029 2856 1198 2902 morte
1242 2847 1428 2911 veteri,
1480 2865 1580 2919 qua
1628 2851 1677 2902 in
1728 2861 1943 2918 peccato

357 2940 552 2994 mortui
586 2938 854 2994 fueramus
875 2983 887 3003 ,
920 2940 1324 2995 reviviscentem
1356 2941 1515 2994 vitam
1558 2957 1752 2995 novam
1801 2943 1820 2972 ³
1849 2959 1938 3000 sua

359 3032 749 3088 resurrectione
777 3031 1027 3100 signaret.

425 3123 654 3180 CAPUT
692 3123 849 3179 XLII.
871 3155 943 3164 --
965 3124 1256 3195 Baptismus
1304 3127 1452 3179 datur
1472 3166 1485 3191 ,
1529 3135 1583 3179 ut
1625 3130 1900 3182 moriamur
1924 3172 1939 3196 ,

360 3223 406 3269 et
428 3216 799 3269 reviviscamus.
835 3217 1008 3284 ipsum
1039 3225 1122 3271 est
1150 3217 1289 3286 quod
1326 3218 1379 3270 in
1422 3217 1572 3272 nobis
1602 3220 1900 3274 celebratur
1925 3264 1938 3286 ,

360 3323 605 3378 magnum
635 3307 972 3377 Baptismatis
1001 3319 1412 3376 sacramentum,
1448 3321 1503 3364 ut
1529 3312 1847 3383 quicumque
1873 3313 1940 3366 ad

301 3456 306 3460 ,
360 3402 509 3455 istam
552 3401 821 3470 pertinent
862 3403 1118 3472 gratiam,
1166 3404 1460 3457 moriantur
1509 3415 1752 3474 peccato.
1806 3409 1944 3461 sicut

360 3494 467 3563 ipse
497 3503 720 3565 peccato
746 3503 986 3550 mortuus
1009 3495 1218 3560 dicitur,
1250 3497 1371 3567 quia
1403 3505 1639 3551 mortuus
1666 3508 1746 3553 est
1772 3501 1937 3566 carni,

359 3584 456 3640 hoc
486 3595 589 3653 est,
617 3588 819 3657 peccati
847 3587 1176 3642 similitudini
1211 3605 1222 3639 ε
1255 3597 1309 3642 et
1338 3589 1520 3642 vivant
1546 3605 1575 3643 a
1607 3591 1816 3644 lavacro
1857 3608 1942 3645 re-

359 3679 646 3743 nascendo,
670 3679 806 3734 sicut
832 3681 943 3750 ipse
964 3695 992 3732 a
1015 3680 1260 3750 sepulcro
1282 3681 1628 3752 resurgendo,
1652 3684 1941 3754 quamlibet

359 3772 596 3840 corporis
621 3782 832 3828 aetatem
860 3782 1062 3842 gerant.

424 3862 654 3918 CAPUT
692 3861 873 3918 XLIII.
897 3894 966 3903 ——
990 3862 1054 3917 In
1080 3862 1340 3935 Baptismo
1363 3881 1534 3920 omnes
1562 3875 1764 3935 peccato
1791 3867 1938 3934 mori,

361 3962 404 4007 et
432 3953 700 4022 parvulos,
735 3962 782 4006 et
811 3955 1044 4023 majores.
1078 3957 1119 4008 A
1164 3955 1382 4025 parvulo
1408 3955 1550 4010 enim
1589 3971 1777 4010 recens
1819 3968 1942 4009 nato

360 4061 524 4116 usque
551 4046 615 4100 ad
656 4045 982 4114 decrepitum
1014 4061 1194 4101 senem
1216 4087 1229 4111 ,
1261 4046 1398 4101 sicut
1426 4045 1604 4101 nullus
1644 4054 1725 4101 est
1754 4046 1939 4116 probi-

362 4136 566 4196 bendus
607 4153 636 4191 a
675 4137 978 4207 Baptismo,
1012 4138 1081 4192 ita
1111 4139 1286 4192 nullus
1330 4145 1412 4193 est
1445 4138 1536 4208 qui
1575 4152 1678 4192 non
1726 4148 1942 4207 peccato

361 4228 623 4282 moriatur
657 4230 704 4283 in
735 4229 1037 4299 Baptismo:
1067 4233 1161 4284 sed
1193 4229 1394 4300 parvuli
1429 4238 1628 4282 tantum
1657 4229 1938 4299 originali,

362 4321 590 4391 majores
617 4331 790 4377 autem
813 4323 971 4388 etiam
1001 4322 1064 4377 iis
1093 4323 1336 4379 omnibus
1365 4322 1662 4378 moriuntur
1689 4321 1938 4392 peccatis,

363 4429 706 4484 dumcumque
749 4413 889 4468 male
913 4413 1138 4468 vivendo
1180 4412 1501 4470 addiderunt
1524 4412 1591 4468 ad
1637 4411 1763 4468 illud
1801 4410 1943 4484 quod

365 4506 631 4562 nascendo
655 4513 944 4560 traxerunt.

421 4597 647 4654 CAPUT
670 4595 1145 4666 XLan—Figura,
1161 4603 1390 4668 ετέρωσις,
1409 4613 1506 4666 qua
1518 4613 1752 4652 numerus
1763 4595 1940 4666 accipi-

364 4699 444 4744 tur
474 4708 566 4762 pro
588 4706 816 4744 numero.
847 4687 954 4744 Sed
981 4689 1102 4744 ideo
1125 4690 1282 4744 etiam
1307 4689 1404 4760 ipsi
1429 4700 1648 4760 peccato
1670 4689 1804 4743 mori
1833 4689 1945 4759 pie-

363 4796 585 4850 rumque
597 4780 865 4848 dicuntur,
881 4797 1000 4838 cum
1017 4781 1200 4856 procul
1220 4781 1382 4842 dubio
1395 4798 1503 4836 non
1530 4781 1639 4843 nni,
1659 4780 1750 4834 sed
1765 4781 1945 4836 multis

362 4873 592 4942 peccatis
619 4873 973 4944 omnibusque
997 4874 1307 4937 moriantur,
1331 4881 1674 4944 qnazcum‘que
1685 4873 1794 4944 jam
1815 4888 1941 4944 pro-

362 4965 476 5033 pria
493 4965 896 5030 commiserunt,
922 4964 1005 5019 vel
1044 4966 1383 5036 cogitatione,
1427 4967 1508 5021 vel
1540 4967 1828 5033 locutione,
1859 4966 1943 5021 vel

362 5072 554 5129 Opere;
586 5059 710 5130 quia
737 5059 895 5113 etiam
927 5074 1022 5130 per
1057 5059 1376 5130 singularem
1419 5076 1696 5114 numerum
1724 5059 1946 5130 pluralis

360 5165 619 5205 numerus
649 5149 932 5221 signiﬁcari
964 5151 1099 5206 solet
1132 5169 1143 5203 :
1173 5152 1308 5206 sicut
1333 5154 1406 5205 ait
1429 5152 1531 5214 ille,
1573 5171 1591 5203 ι
1620 5153 1946 5223 [iterumque

359 5253 569 5299 armato
621 5243 786 5298 milite
832 5243 1100 5314 complent
1137 5264 1155 5296 ι
1183 5243 1395 5315 (Virgil.
1423 5241 1634 5311 zEueid,
1659 5245 1746 5299 lib.
1765 5243 1821 5312 2,
1868 5245 1942 5315 ᾗ.

357 5335 486 5407 20);
527 5335 773 5408 quamvis
807 5334 912 5390 hoc
965 5335 1147 5392 multis
1199 5335 1451 5390 militibus
1499 5335 1739 5397 iecerint.
1772 5337 1838 5390 Et
1891 5337 1944 5392 in

355 5424 560 5483 nostris
577 5424 793 5481 Litteris
819 5426 1032 5496 legitur,
1065 5425 1169 5480 Ora
1190 5442 1308 5497 ergo
1329 5424 1396 5482 ad
1423 5423 1715 5494 Dominum,
1747 5435 1800 5480 ut
1845 5443 1945 5489 au-

421 5556 440 5586 ³
467 5551 690 5602 Nonnulli
721 5558 848 5610 Mss,
872 5551 923 5601 in
944 5551 1172 5617 unitatem
1196 5565 1429 5617 persome.

420 5617 440 5647 ³
466 5617 543 5668 sic
577 5622 678 5664 Am.
713 5619 787 5663 Er.
827 5609 940 5664 Dan.
985 5622 1038 5667 ct
1081 5609 1302 5679 plerique
1337 5622 1444 5664 Mss.
1491 5620 1544 5664 At
1585 5619 1691 5664 Lov.
1734 5621 1785 5665 et
1815 5609 1946 5676 Arn"

355 5690 621 5800 ωζηϐιζξιὶιὶ,
643 5750 781 5801 naua.
806 5737 976 5801 Melius
1007 5745 1324 5801 Μεθληουαιη
1349 5738 1652 5801 :jungendo,
1683 5737 1748 5788 ad
1772 5735 1947 5801 vitam;

355 5816 461 5869 quo
480 5807 583 5858 sua
602 5799 862 5856 antithesis
883 5800 941 5853 ad
960 5800 1284 5880 praecedentia
1317 5799 1495 5863 verba;
1523 5812 1585 5852 ea:
1606 5805 1756 5852 morte
1777 5799 1936 5852 veteri.

1782 5992 1795 6023 i

1787 347 1994 404 LIBER
2033 347 2232 404 UNUS.

3528 365 3638 427 95η,

2063 467 2189 536 ferat
2209 483 2240 519 a
2261 465 2399 521 nobis
2427 477 2702 539 serpentem
2729 469 2917 539 (Nunt.
2951 488 3066 538 χχι,
3099 474 3152 539 ’1,
3182 492 3276 532 sec.
3303 477 3500 556 LXX);
3524 499 3630 541 non

2057 558 2130 611 ait
2157 570 2459 628 serpentes,
2493 575 2628 630 quos
2659 565 2954 632 patiebatur
2982 568 3210 638 populus
3229 609 3243 634 ,
3275 580 3328 624 ut
3361 569 3459 625 hoc
3485 573 3632 630 dice-

2056 655 2170 701 ret:
2197 657 2249 702 et
2268 649 2670 709 innumerabilia
2688 654 2827 710 talia.
2851 657 2978 708 Cum
3003 672 3128 710 vero
3149 667 3201 712 et
3228 659 3355 714 illud
3378 663 3633 734 originale

2058 752 2217 791 unum
2243 739 2430 808 plurali
2462 757 2684 797 numero
2705 745 3056 813 signiﬁcatur,
3089 749 3300 820 quando
3329 751 3555 814 dicimus
3579 755 3632 810 in

2056 838 2392 897 peccatorum
2420 833 2788 889 remissionem
2823 837 3072 907 baptizari
3103 841 3372 908 parvulos,
3405 858 3502 900 nec
3545 845 3629 898 di-

2054 922 2224 976 cimus
2265 923 2316 978 in
2363 925 2725 982 remissionem
2771 929 3003 997 peccati;
3056 931 3138 983 illa
3172 943 3254 986 est
3291 947 3322 987 e
3363 937 3633 994 contrario

2055 1012 2274 1081 locutio,
2307 1031 2408 1086 qua
2438 1031 2531 1087 per
2561 1018 2814 1086 pluralem
2847 1021 2863 1051 ί
2889 1020 3214 1092 signiﬁcatur
3242 1039 3497 1092 numerus
3514 1025 3629 1082 sin-

2055 1105 2276 1175 gularis.
2313 1104 2466 1160 Sicut
2497 1107 2549 1161 in
2597 1108 2883 1182 Evangelio
2932 1111 3139 1166 Herode
3173 1124 3387 1180 mortuo
3427 1114 3627 1186 dictum

2054 1205 2155 1262 est,
2199 1197 2390 1251 Μονιηί
2434 1207 2549 1254 sunt
2600 1201 2729 1253 enim
2767 1202 2851 1272 qui
2889 1203 3174 1272 quaerebant
3218 1206 3438 1261 annnam
3489 1209 3636 1285 pueri

2059 1285 2268 1358 (Matth.
2313 1305 2366 1352 ιι,
2400 1288 2490 1362 ΞΟ)
2523 1308 2535 1343 :
2564 1306 2670 1346 non
2710 1292 2907 1350 dictum
2933 1302 3032 1364 est,
3066 1304 3306 1352 mortuus
3336 1306 3436 1353 est.
3475 1298 3542 1356 Et
3577 1299 3630 1354 in

2055 1376 2258 1442 Exodo,
2296 1377 2565 1443 Fecerunt,
2598 1382 2796 1451 inquit,
2819 1382 2910 1436 sibi
2940 1384 3056 1437 deos
3091 1402 3300 1458 aureos;
3328 1403 3447 1455 cum
3472 1405 3633 1445 unum

2058 1468 2279 1522 vitulum
2329 1468 2569 1536 fecerint,
2625 1472 2692 1525 de
2735 1489 2839 1542 quo
2886 1475 3156 1544 dixerunt,
3205 1476 3274 1530 Hi
3302 1489 3418 1532 sunt
3459 1478 3634 1546 (diitui

2054 1559 2234 1626 Israel,
2265 1563 2351 1632 qui
2371 1562 2648 1616 eduxerunt
2673 1575 2718 1617 te
2737 1565 2802 1618 de
2825 1576 2957 1619 terra
2983 1565 3197 1640 /Egypti
3220 1567 3415 1636 (Exod.
3446 1585 3629 1642 χχιιι,

2054 1651 2142 1718 51,
2172 1652 2226 1722 4)
2262 1672 2274 1706 :
2301 1663 2352 1707 et
2385 1654 2467 1708 hic
2495 1656 2752 1724 pluralem
2781 1667 3037 1726 ponentes
3066 1675 3161 1730 pro
3193 1660 3465 1734 singulari.

2123 1745 2347 1800 CAPUT
2387 1746 2545 1801 XLV.
2575 1778 2645 1786 ——
2669 1746 2736 1801 In
2779 1750 2941 1820 primo
2975 1751 3189 1804 hominis
3219 1763 3423 1824 peccato
3460 1752 3634 1826 plures

2054 1837 2244 1904 peccati
2284 1839 2489 1909 species.
2520 1839 2770 1906 Quamvis
2802 1850 2853 1894 et
2882 1843 2932 1894 in
2966 1842 3054 1895 illo
3085 1854 3302 1913 peccato
3333 1860 3457 1913 uno,
3489 1843 3632 1922 quod

2053 1944 2148 2000 per
2178 1946 2336 1982 unum
2365 1932 2630 1985 hominem
2662 1935 2872 1987 intravit
2905 1935 2954 1988 in
2985 1935 3258 2003 mundum,
3289 1938 3415 1996 etin
3443 1953 3632 2000 omnes

2052 2018 2294 2075 homines
2321 2025 2623 2091 pertransiit
2652 2024 2823 2095 (Rom.
2847 2041 2908 2090 ν,
2938 2024 3043 2096 1‘2),
3078 2036 3291 2098 propter
3306 2028 3445 2096 quod
3471 2029 3632 2092 etiam

2053 2111 2253 2178 parvuli
2285 2110 2634 2180 baptizautur,
2662 2115 2863 2183 possint
2895 2115 3114 2184 intelligi
3146 2117 3291 2186 plura
3322 2126 3559 2190 peccata,
3584 2117 3631 2178 si

2054 2218 2213 2255 unum
2247 2203 2416 2273 ipsqu
2457 2205 2504 2256 in
2535 2220 2625 2257 sua
2655 2207 2801 2273 quasi
2837 2207 3070 2260 membra
3111 2208 3312 2277 singula
3346 2207 3629 2266 dividatur.

2049 2292 2180 2347 Nam
2211 2306 2262 2349 et
2287 2294 2530 2364 superbia
2553 2297 2894 2365 cstiliic,quia
2921 2299 3078 2351 hoino
3098 2299 3147 2351 in
3170 2314 3264 2352 sua
3289 2299 3462 2368 potius
3486 2312 3627 2368 esse,

2050 2401 2206 2456 quam
2243 2387 2290 2438 in
2335 2388 2422 2440 Dei
2459 2400 2715 2456 potestate
2755 2389 2966 2453 (Μαίη
3010 2400 3063 2443 et
3100 2391 3464 2464 sacrilegium,
3509 2392 3632 2461 quia

2056 2477 2160 2529 ilco
2180 2494 2280 2530 non
2313 2479 2566 2541 credidit;
2591 2489 2641 2532 et
2676 2481 3035 2543 homicidium,
3061 2484 3180 2550 quia
3205 2497 3260 2535 se
3277 2483 3626 2554 praecipitavit

2053 2570 2107 2623 in
2133 2582 2390 2635 mortem;
2443 2582 2494 2624 ct
2535 2571 2810 2625 fornicatio
2851 2574 3162 2640 spiritualis,
3203 2576 3324 2642 quia
3361 2575 3632 2644 integritas

2051 2664 2242 2715 mentis
2258 2664 2497 2715 humana:
2512 2667 2810 2734 set'prntina
2830 2667 3075 2718 suasione
3091 2668 3632 2735 cori-ttplaesuetfur-

2052 2763 2179 2818 ttnn,
2215 2757 2333 2825 quia
2364 2758 2510 2808 Cibus
2537 2757 2832 2825 prohibitus
2857 2768 3135 2825 usurpalus
3164 2768 3273 2821 est;
3307 2770 3359 2812 et
3385 2761 3626 2826 avaritia,

2049 2849 2169 2917 quia
2207 2849 2318 2916 plus
2359 2866 2514 2918 quam
2544 2849 2617 2902 illi
2671 2850 2914 2903 suliicct'e
2950 2852 3129 2904 debuit
3169 2851 3429 2921 appetivit
3460 2870 3474 2908 :
3505 2854 3631 2910 etsi

2049 2940 2175 3008 quid
2199 2941 2340 2993 aliud
2364 2942 2414 2994 in
2449 2941 2548 2994 hoc
2577 2958 2681 2995 uno
2707 2943 2941 2996 admisso
2967 2943 3208 3014 diligenti
3239 2943 3626 3004 consideratio-

2049 3047 2116 3085 ne
2149 3034 2370 3085 inveniri
2406 3044 2596 3102 potest.

2119 3123 2340 3179 CAPUT
2381 3124 2561 3178 XLVI.
2612 3157 2682 3165 ——
2724 3125 2956 3179 l’cccatis
2982 3138 3246 3198 parentum
3293 3145 3394 3182 non
3433 3138 3628 3186 tantum

2051 3214 2324 3281 primorum
2346 3214 2555 3285 Ullltglll'l
2588 3216 2741 3284 ﬁlios.
2777 3219 3032 3286 probabile
3060 3229 3150 3271 est.
3185 3219 3468 3276 Parentum
3498 3235 3630 3290 quo.

2049 3321 2150 3375 que
2182 3308 2412 3374 peccatis
2438 3308 2680 3376 parvulos
2711 3308 2955 3376 obligari,
2984 3326 3084 3363 non
3131 3309 3302 3364 solum
3335 3311 3629 3382 primorum

2049 3396 2339 3461 lnnninum,
2373 3399 2464 3452 sed
2490 3399 2902 3464 etiatnsuornm,
2923 3401 2988 3453 de
3017 3402 3206 3469 quiints
3227 3403 3322 3471 ipsi
3352 3404 3457 3456 nati
3480 3413 3627 3474 sunt,

2048 3505 2152 3546 non
2187 3491 2598 3560 improbabiliter
2627 3491 2835 3545 dicitur.
2873 3493 2963 3546 illa
2988 3496 3183 3563 quippe
3205 3493 3381 3554 divina
3401 3507 3624 3552 senten-

2049 3582 2152 3647 tia,
2183 3581 2412 3636 Reddam
2453 3594 2657 3651 peccata
2704 3596 2903 3650 patrum
2953 3587 3003 3638 in
3045 3586 3177 3653 [ilics
3225 3586 3402 3655 (Deut.
3442 3605 3495 3654 v,
3528 3589 3626 3659 9);

2049 3681 2193 3728 tenet
2239 3690 2330 3729 eos
2377 3675 2560 3742 utique
2604 3685 2886 3744 antequam
2934 3691 3029 3746 per
3069 3681 3522 3748 regeneratitmem
3561 3681 3627 3738 ad

2049 3763 2443 3820 Testamentum
2469 3765 2671 3820 Novum
2696 3767 2948 3833 incipiant
2969 3769 3249 3834 pertinere.
3274 3769 3422 3837 Quod
3448 3770 3630 3826 Testa-

2048 3864 2281 3910 mentum
2301 3857 2735 3926 prophctabatur,
2759 3874 2875 3910 cum
2895 3857 3158 3911 diceretur
3179 3876 3270 3927 per
3295 3861 3627 3920 Ezechielem

2047 3961 2152 4002 non
2193 3959 2503 4016 accepturos
2545 3949 2679 4002 tilios
2723 3957 2934 4016 peccata
2981 3958 3184 4016 patrum
3229 3966 3446 4008 suorum
3471 3992 3487 4019 ,
3528 3969 3630 4016 nec

2048 4039 2269 4098 ulterius
2296 4037 2524 4092 futuram
2575 4039 2626 4094 iu
2659 4040 2818 4093 lsrael
2865 4041 3171 4108 parabolam
3225 4042 3367 4098 illam
3402 4061 3415 4096 :
3447 4041 3630 4102 Patres

2046 4131 2474 4192 manducauerunt
2498 4147 2641 4186 uvam
2663 4133 2916 4195 acerbam,
2945 4143 2990 4188 et
3011 4132 3184 4188 dentes
3208 4135 3432 4202 ﬁliorum
3451 4135 3628 4192 obituq-

2045 4225 2300 4294 puerunt'
2328 4222 2538 4296 (Ezecli.
2570 4239 2721 4288 xvut,
2753 4225 2778 4279 1
2810 4223 2925 4293 20).
2958 4224 3080 4282 Ideo
3105 4227 3248 4280 enim
3275 4227 3500 4298 quisque
3537 4244 3626 4286 re-

2047 4315 2305 4383 nascitur,
2339 4323 2396 4372 ut
2426 4315 2665 4372 solvatur
2699 4315 2750 4370 in
2777 4331 2843 4373 eo
2863 4317 3117 4388 quidquid
3146 4320 3348 4386 peccati
3375 4329 3458 4375 est
3501 4335 3626 4377 cum

2046 4421 2154 4477 quo
2181 4408 2437 4470 nascitur.
2474 4406 2606 4462 Nam
2655 4417 2866 4477 peccata
2907 4424 3026 4479 quae
3060 4410 3198 4466 male
3220 4411 3430 4482 agendo
3445 4423 3629 4483 postea

2044 4503 2470 4566 committuntur,
2515 4509 2740 4569 possunt
2783 4509 2837 4556 et
2885 4501 3192 4578 pernitendo
3237 4503 3434 4568 sanari,
3490 4505 3631 4560 sicut

2047 4593 2208 4650 etiam
2237 4593 2694 4661 postBaptismum
2717 4592 2831 4649 ﬁeri
2851 4591 3110 4648 videmus.
3139 4593 3218 4648 Ac
3246 4607 3338 4660 per
3360 4592 3462 4650 hoc
3483 4608 3589 4649 nou
3606 4594 3628 4626 ³

2048 4692 2131 4747 est
2157 4684 2394 4738 instituta
2433 4681 2796 4751 regeneratio,
2853 4681 2956 4737 nisi
2986 4682 3108 4751 quia
3136 4682 3325 4738 vitiosa
3352 4692 3434 4738 est
3457 4699 3622 4754 gene-

2047 4775 2213 4839 ratio;
2242 4787 2408 4843 usque
2433 4771 2570 4840 adeo
2617 4781 2674 4826 ut
2715 4773 2874 4826 etiam
2901 4772 2967 4827 de
2999 4771 3234 4841 legititno
3285 4776 3626 4829 matrimonio

2045 4876 2356 4935 procreatus
2383 4864 2544 4930 dicat,
2575 4863 2643 4918 In
2663 4863 3007 4934 iniquitatibus
3031 4873 3298 4930 conceptus
3328 4881 3460 4928 sunt,
3501 4877 3548 4919 et
3573 4869 3626 4920 in

2050 4960 2268 5032 peccatis
2295 4967 2453 5016 mater
2484 4975 2594 5013 mea
2631 4973 2709 5014 me
2731 4958 2783 5012 in
2815 4966 2954 5010 utero
2973 4957 3101 5011 aluit
3134 4955 3304 5025 (Psat.
3338 4973 3389 5021 ι,
3419 4959 3494 5027 7).
3529 4958 3625 5014 Ne-

2049 5067 2152 5120 que
2180 5050 2266 5108 hic
2288 5049 2441 5115 dixit,
2473 5049 2530 5104 in
2562 5049 2856 5117 iniquitate,
2898 5047 2981 5101 vel
3009 5055 3251 5117 peccato.
3280 5063 3398 5103 cum
3441 5058 3495 5105 et
3527 5051 3629 5106 hoc

2050 5153 2196 5205 recte
2221 5143 2324 5198 dici
2369 5151 2589 5211 posset:
2624 5140 2717 5196 sed
2767 5141 3068 5209 iniquitates
3106 5151 3160 5196 et
3198 5152 3409 5212 peccata
3449 5144 3628 5199 dicere

2049 5234 2258 5294 maluit.
2284 5233 2417 5299 Quia
2456 5242 2510 5288 et
2552 5233 2604 5290 in
2643 5231 2737 5288 illo
2761 5246 2890 5297 uno.
2922 5233 3062 5302 quod
3090 5235 3140 5290 in
3166 5249 3354 5292 enices
3383 5234 3627 5292 homines

2051 5329 2375 5401 pertransiit,
2403 5336 2563 5397 atque
2589 5337 2695 5385 tant
2725 5341 2974 5397 magnum
3003 5339 3107 5397 est,
3134 5339 3190 5384 ut
3214 5327 3313 5387 eo‘
3335 5337 3628 5382 mutaretur

2116 5512 2132 5543 ί
2169 5518 2264 5559 Am.
2290 5515 2364 5560 Er.
2388 5515 2499 5557 Lov.
2536 5514 2587 5558 et
2610 5515 2716 5556 Arn.
2741 5507 2833 5558 hoc
2855 5507 2961 5559 loco
2983 5508 3175 5568 addunt,
3202 5505 3479 5556 locutionem
3508 5517 3628 5556 :su-

2052 5572 2270 5637 perﬂuo;
2295 5583 2404 5637 nam
2426 5571 2474 5618 in
2493 5575 2600 5618 Mss.
2627 5571 2803 5637 melius
2824 5571 3122 5637 subauditur,
3151 5581 3420 5616 numerum.

2088 5638 2136 5710 hi
2170 5635 2472 5696 Antiquiores
2495 5641 2620 5694 Mss,
2646 5631 2967 5697 obstipuerunt
2995 5645 3012 5680 :
3032 5632 3224 5682 ductum
3246 5639 3451 5680 vernum
3473 5641 3501 5678 a
3539 5629 3627 5680 sti-

2051 5703 2306 5828 Wisaa.
2330 5765 2502 5828 Αρλκν
2524 5756 2612 5828 νιος
2633 5768 2728 5828 ne»
2749 5754 2806 5825 ρο
2828 5755 2980 5828 «es
3004 5760 3108 5806 τάδε·
3134 5755 3376 5816 enim
3399 5750 3626 5813 οοσεπα-

2054 5879 2078 5888 ,
2117 5822 2139 5856 δ
2169 5820 2303 5885 aditi,
2322 5825 2373 5874 ut
2392 5820 2443 5874 in
2464 5833 2535 5874 eo.
2556 5820 2718 5884 Abest,
2741 5820 2809 5880 in,
2833 5830 2862 5872 a
2882 5824 2988 5871 Mss.

3675 5883 3688 5922 ξ
