4124 6206
441 309 549 370 255

444 436 501 484 et
519 432 917 481 converteretur
932 422 984 478 in
1010 422 1378 478 necessitatem
1401 418 1586 472 mortis
1609 417 1836 470 humana
1857 422 2012 467 natu-

447 533 528 583 ra,
569 516 927 585 reperiuntur,
964 513 1101 566 sicut
1137 526 1294 579 supra
1332 507 1578 572 disserui,
1608 508 1755 575 plura
1780 512 2016 574 peccata,

446 618 499 661 et
531 607 633 661 alia
673 614 972 674 parentum,
1009 619 1127 672 quae
1171 600 1274 656 etsi
1316 615 1422 653 non
1461 598 1531 650 ita
1566 604 1787 666 possunt
1815 603 2022 648 mutare

448 704 710 758 naturam,
746 701 893 748 reatu
949 701 1122 745 tamen
1175 688 1409 757 obligant
1460 687 1614 751 ﬁlios,
1655 685 1754 740 nisi
1793 683 2019 754 gratuita

452 785 616 854 gratia
634 791 687 836 et
707 779 1067 836 misericordia
1094 780 1275 834 divina
1299 777 1596 833 subveniat.

518 871 743 928 CAPUT
769 870 1051 925 XLVII.—-—
1080 871 1346 939 Quousque
1377 875 1640 937 parentum
1668 873 1869 934 peccata
1900 879 2022 934 pro-

446 971 692 1035 pagentur
717 963 770 1015 in
798 961 948 1029 ﬁlios,
979 976 1079 1014 non
1097 970 1277 1014 temere
1300 957 1656 1026 deﬁniendum.
1681 956 1787 1010 Sed
1809 955 1875 1010 de
1902 968 2026 1024 pec-

445 1054 580 1108 catis
619 1053 842 1108 aliorum
873 1061 1173 1121 parentum,
1197 1051 1389 1120 quibus
1428 1049 1494 1104 ab
1524 1050 1637 1118 ipso
1663 1047 1831 1122 Adam
1859 1060 2027 1116 usque

445 1145 510 1202 ad
542 1155 743 1216 patrem
761 1159 911 1200 suum
939 1142 1436 1213 progeneratoribus
1453 1141 1562 1194 suis
1588 1140 1810 1210 quisque
1838 1151 1996 1192 succe
2015 1164 2027 1177 η

445 1237 541 1302 dit,
577 1253 683 1292 non
721 1235 986 1291 immerito
1018 1234 1307 1305 disceptari
1344 1239 1553 1304 potest:
1588 1241 1759 1287 utrum
1791 1230 2026 1285 omnium

454 1327 610 1381 malis
640 1325 844 1380 actibus
870 1333 923 1380 et
952 1325 1313 1394 multiplicatis
1337 1323 1541 1378 delictis
1569 1321 1916 1392 originalibus
1936 1320 2028 1392 qui

448 1418 685 1473 nascitur
715 1415 1033 1486 implicetur,
1082 1424 1138 1469 ut
1178 1424 1324 1469 tanto
1363 1415 1513 1484 pejus
1536 1421 1736 1482 quanto
1768 1412 2029 1482 posterius

449 1508 673 1579 quisque
717 1517 1000 1572 nascatur;
1032 1521 1099 1560 an
1143 1514 1424 1577 propterea
1464 1505 1604 1559 Deus
1633 1505 1684 1558 in
1731 1504 1936 1559 tertiam
1975 1513 2029 1557 et

449 1607 693 1670 quartam
732 1599 1124 1669 generationem
1164 1597 1230 1652 de
1272 1596 1498 1667 peccatis
1543 1604 1815 1666 parentum
1844 1608 2028 1649 eorum

449 1690 680 1762 posteris
724 1689 1096 1754 comminetur,
1139 1688 1262 1758 quia
1311 1687 1442 1741 iram
1483 1701 1632 1741 suam
1661 1693 1917 1755 quantum
1963 1683 2030 1738 ad

450 1792 923 1850 progeneratorum
969 1781 1151 1850 culpas
1198 1794 1304 1832 non
1334 1777 1570 1834 extendit
1599 1777 1814 1831 ulterius
1845 1775 2031 1831 mode-

453 1873 663 1928 ratione
696 1873 1052 1928 miserationis
1093 1886 1239 1936 sute;
1271 1886 1336 1925 ne
1373 1871 1445 1924 illi
1472 1871 1659 1940 quibus
1677 1869 2033 1940 regeneratio-

450 1964 536 2018 nis
576 1965 742 2033 gratia
787 1978 892 2016 non
922 1963 1211 2025 confertur,
1263 1961 1426 2014 nimia
1455 1962 1661 2014 sarcina
1704 1960 1756 2013 in
1798 1960 1910 2028 ipsa
1938 1972 2033 2013 sua

453 2062 650 2110 aeterna
703 2053 1040 2108 damnatione
1096 2061 1482 2122 premerentur,
1533 2051 1574 2104 si
1622 2060 1939 2119 cogerentur
1965 2051 2033 2105 ab

453 2145 606 2201 initio
635 2146 843 2216 generis
871 2145 1084 2199 lmmani
1117 2144 1350 2198 omnium
1393 2142 1804 2213 praecedentium
1843 2157 2034 2212 paren-

453 2244 565 2291 tum
594 2251 809 2291 suorum
832 2236 1156 2306 originaliter
1177 2243 1389 2304 peccata
1415 2233 1751 2300 contrahere,
1775 2241 1830 2288 et
1848 2248 2034 2303 pinnas

450 2340 551 2398 pro
571 2327 648 2381 eis
676 2323 880 2381 debitas
909 2325 1136 2395 pendere
1171 2344 1183 2378 :
1208 2340 1274 2378 an
1294 2323 1437 2378 aliud
1470 2323 1664 2393 aliquid
1695 2322 1760 2377 de
1780 2339 1837 2378 re
1869 2333 2030 2390 tanta,

451 2417 738 2489 Scripturis
762 2417 958 2472 sanctis
983 2416 1284 2487 diligentius
1311 2416 1651 2486 perscrutatis
1665 2425 1823 2486 atque
1841 2424 2035 2471 tracta-

453 2508 542 2575 tis,
570 2509 741 2563 vale‘at
766 2508 849 2564 vel
891 2523 995 2563 non
1029 2508 1203 2563 valeat
1242 2507 1486 2578 reperiri,
1520 2516 1719 2562 temere
1767 2506 2034 2563 afﬁrmare

454 2615 562 2655 non
592 2600 781 2656 audeo.

525 2691 750 2748 CAPUT
770 2691 999 2747 XLVIII.
1016 2691 1187 2745 -—M.
1209 2689 1476 2744 Peccatum
1489 2689 1731 2760 originale
1752 2705 1852 2742 non
1878 2689 2036 2743 abole-

456 2791 539 2836 tur
552 2783 650 2836 nisi
674 2798 761 2852 per
778 2780 1050 2836 Christum.
1066 2780 1192 2834 Illud
1209 2789 1384 2834 tamen
1411 2795 1569 2833 unum
1589 2788 1882 2848 peccatum,
1895 2778 2035 2850 quod

455 2881 565 2927 tam
590 2863 836 2942 magnum
858 2871 912 2925 in
937 2872 1054 2926 loco
1081 2880 1132 2925 et
1165 2870 1346 2924 habitu
1368 2877 1527 2923 tanta:
1549 2869 1813 2924 felicitatis
1841 2869 2038 2924 admis-

456 2977 575 3020 sum
604 2972 716 3030 est,
748 2972 806 3017 ut
835 2963 886 3016 in
922 2977 1028 3017 uno
1055 2962 1266 3016 homine
1293 2960 1640 3030 originaliter,
1673 2970 1852 3030 atque,
1881 2969 1938 3015 ut
1964 2961 2036 3016 ita

457 3056 711 3122 dixerim,
739 3054 1040 3110 radicaliter
1066 3062 1231 3108 totum
1254 3068 1418 3122 genus
1444 3052 1729 3106 humanum
1761 3052 2038 3107 damnare-

457 3157 565 3216 tur,
588 3162 693 3202 non
719 3147 943 3201 solvitur
957 3161 1018 3201 ac
1033 3146 1250 3200 diluitur
1269 3147 1368 3200 nisi
1394 3159 1486 3214 per
1505 3160 1666 3198 unum
1691 3144 2036 3199 mediatorem

455 3240 554 3296 Dei
577 3249 631 3295 et
657 3239 930 3295 hominum
964 3239 1230 3293 hominem
1260 3237 1528 3291 Christum
1547 3237 1725 3291 Jesum
1752 3237 1793 3308 (Ι
1818 3235 1948 3290 Tim.
1978 3253 2036 3304 ιι,

460 3332 540 3405 5),
593 3334 683 3404 qui
713 3333 859 3388 solus
903 3331 1071 3401 potuit
1097 3332 1168 3385 ita
1199 3331 1365 3395 nasci,
1415 3337 1474 3383 ut
1501 3329 1550 3383 ei
1595 3343 1698 3383 non
1741 3344 1872 3398 opus
1899 3337 2040 3383 esset

459 3423 689 3479 renasci.

532 3511 762 3568 CAPUT
802 3510 985 3567 XLIX.
1016 3509 1364 3578 —Baptismo
1392 3508 1609 3562 Joannis
1631 3525 1729 3562 non
1770 3509 1919 3578 ﬁebat
1957 3524 2038 3563 re-

463 3605 740 3677 generatio.
770 3603 998 3658 Christus
1023 3619 1114 3656 cur
1152 3601 1398 3669 baptizari
1443 3617 1472 3652 a
1494 3599 1695 3654 Joanne
1719 3600 1892 3653 voluit.
1926 3598 2040 3654 Non

463 3694 604 3750 enim
644 3693 1075 3757 renascebantur,
1107 3692 1196 3760 qui
1227 3691 1542 3759 baptismate
1558 3690 1775 3745 Joannis
1804 3691 2041 3761 baptiza-

463 3785 656 3842 bantur
693 3783 902 3855 (Matth.
937 3801 1012 3848 nt,
1047 3782 1160 3854 15),
1191 3797 1220 3836 a
1251 3796 1356 3852 quo
1382 3789 1435 3835 et
1459 3782 1570 3851 ipse
1604 3781 1897 3850 baptizatus
1921 3789 2041 3835 est:

467 3874 562 3931 sed
589 3873 816 3946 quodam
834 3873 1184 3943 przecursorio
1217 3871 1356 3925 illius
1381 3872 1674 3925 ministerio
1695 3871 1784 3940 qui
1809 3870 2038 3935 diccbat,

467 3963 658 4019 Parate
675 3964 806 4018 viam
832 3963 1052 4018 Domino
1077 3961 1228 4032 (Luc.
1253 3977 1334 4027 ιιι,
1365 3960 1441 4030 4),
1461 3960 1582 4014 huic
1611 3961 1698 4014 uni
1722 3961 1774 4014 in
1796 3975 1901 4030 quo
1929 3961 2043 4015 solo

466 4056 675 4112 renasci
702 4063 947 4126 poterant
985 4053 1327 4123 parabantur.
1368 4050 1534 4119 Hujus
1561 4053 1702 4105 enim
1751 4050 2043 4120 baptismus

466 4154 549 4202 est
595 4161 699 4199 non
744 4144 798 4197 in
851 4159 985 4212 aqua
1016 4152 1238 4206 tantum,
1286 4142 1422 4194 sicut
1464 4139 1560 4194 fuit
1598 4140 1836 4199 Joannis.
1859 4155 2041 4194 verum

468 4237 626 4292 etiam
658 4236 710 4289 in
742 4235 937 4303 Spiritu
966 4242 1148 4287 sancto
1178 4231 1368 4296 (Marc.
1400 4249 1437 4296 ι,
1469 4231 1554 4302 8);
1585 4243 1643 4286 ut
1665 4232 1730 4286 de
1761 4232 1852 4286 illo
1880 4232 2045 4300 Spiri-

469 4335 524 4380 tu
576 4333 917 4395 regeneretur
972 4323 1211 4394 quisquis
1255 4323 1306 4375 in
1334 4322 1599 4376 Christum
1628 4321 1817 4385 credit,
1848 4321 1915 4374 de
1939 4336 2044 4390 quo

469 4416 715 4472 Christus
742 4423 1026 4485 generatus
1055 4415 1068 4445 ¹
1104 4413 1502 4482 regeneratione
1557 4425 1660 4464 non
1704 4411 1865 4480 eguit.
1890 4410 2044 4464 Ude

470 4527 570 4566 vox
585 4511 673 4566 illa
693 4509 862 4564 Patris
875 4523 991 4579 quae
1004 4521 1162 4577 super
1180 4507 1494 4574 baptizatum
1513 4505 1646 4557 facta
1668 4501 1887 4572 est,Ego
1900 4503 2047 4556 hodie

469 4602 617 4674 genui
637 4601 712 4654 ιε’
732 4597 900 4672 (Psal.
928 4598 1044 4662 tt,7;
1070 4596 1223 4650 Hebr.
1247 4612 1298 4661 v,
1317 4596 1404 4662 5);
1432 4609 1534 4648 non
1563 4609 1722 4646 unum
1747 4594 1889 4648 illum
1909 4602 2045 4647 tem-

470 4695 613 4765 poris
630 4694 772 4748 diem
789 4709 893 4763 quo
919 4691 1212 4761 baptizatus
1229 4701 1327 4754 est,
1350 4688 1442 4743 sed
1463 4688 1804 4742 immutabilis
1832 4687 2046 4742 aeterni-

471 4787 595 4841 tatis
621 4784 873 4850 ostendit,
903 4792 958 4837 ut
994 4783 1142 4836 illum
1167 4781 1438 4836 hominem
1469 4779 1532 4834 ad
1565 4779 1826 4850 Unigeniti
1861 4795 2045 4849 perso-

470 4892 591 4931 nam
626 4876 890 4946 pertinere
921 4879 1257 4928 monstraret.
1293 4871 1389 4925 Ubi
1429 4872 1569 4924 enim
1598 4870 1712 4924 dies
1732 4885 1830 4924 nec
1847 4870 2048 4925 hester-

471 4966 524 5019 ni
583 4967 686 5020 tine
736 4965 1045 5031 inchoatur,
1088 4977 1187 5016 nec
1235 4961 1385 5015 initio
1427 4959 1645 5014 crastini
1697 4960 2044 5027 terminatur,

474 5072 684 5126 semper
710 5057 999 5111 hodiernus
1013 5063 1114 5110 est.
1149 5053 1204 5107 In
1235 5067 1367 5122 aqua
1385 5066 1511 5121 ergo
1540 5050 1794 5119 baptizari
1825 5050 1992 5105 voluit
2018 5067 2048 5105 a

473 5149 697 5210 Joanne,
730 5162 838 5201 non
877 5157 935 5202 ut
968 5147 1082 5216 ejus
1113 5145 1359 5215 iniquitas
1388 5143 1494 5199 ulla
1539 5141 1851 5208 dilueretur,
1877 5143 1968 5199 sed
1991 5151 2051 5198 ut

473 5253 662 5308 magna
690 5236 1154 5292 commendaretur
1178 5235 1468 5290 humilitas.
1497 5233 1572 5289 Ita
1609 5234 1805 5305 quippe
1834 5234 1965 5289 nihil
1994 5235 2047 5289 in

473 5344 539 5384 eo
578 5328 868 5399 baptismus
902 5325 1045 5397 quod
1084 5327 1344 5394 ablueret,
1371 5327 1509 5382 sicut
1543 5341 1688 5382 mors
1733 5327 1861 5382 nihil
1909 5326 2051 5398 quod

537 5543 552 5576 ¹
590 5549 720 5601 ιον..
743 5548 1066 5609 regeneratus.
1084 5543 1257 5593 Verius
1274 5549 1373 5592 Am.
1393 5547 1470 5594 Er.
1494 5551 1610 5593 Dan.
1628 5551 1682 5595 et
1697 5545 2047 5608 potioresuss.,

473 5611 760 5730 "eiiigtugic
780 5667 828 5716 in
844 5665 1129 5730 Evangelii);
1153 5665 1282 5716 unde
1305 5665 1386 5715 hic
1403 5665 1630 5730 audacter
1651 5676 1852 5718 Danaeus
1868 5667 2055 5730 absque

477 5726 689 5778 codicum
709 5725 997 5780 auctoritate
1027 5725 1172 5790 addit,
1203 5737 1266 5780 Tu
1287 5740 1338 5778 es
1363 5725 1513 5778 Filius
1545 5741 1694 5779 meus.

949 303 1407 371 ENCIIIRIDION,
1447 301 1602 360 SIVE
1639 300 1728 356 DE
1768 297 1943 364 FIDE,
1984 295 2111 354 SPE
2149 296 2240 354 ET
2277 296 2701 368 CHARITATE,
2738 301 2796 358 S.
2836 301 3204 361 AUGUSTINI

3601 306 3708 368 256

2131 414 2368 484 puniret,
2419 415 2660 482 invenit;
2707 425 2766 472 ut
2796 417 3038 474 diabolus
3072 421 3295 478 veritate
3328 422 3570 494 iustitia,
3599 441 3704 483 non

2131 505 2382 559 violentia
2434 507 2710 576 potestatis
2752 523 3038 580 Oppressus
3085 519 3140 566 et
3188 512 3400 580 victus,
3455 517 3704 586 quoniam

2130 594 2302 663 ipsum
2329 595 2442 648 sine
2471 597 2576 649 ullo
2608 599 2806 665 peccati
2838 599 3028 654 merito
3059 601 3390 672 iniquissime
3413 605 3701 674 occiderat,

2133 700 2229 754 per
2273 683 2444 754 ipsum
2490 685 2780 753 justissima
2807 689 3072 744 amitteret
3114 706 3246 761 quos
3283 694 3483 762 peccati
3513 696 3706 752 merito

2136 783 2426 840 detinebat.
2447 785 2742 859 Utrumque
2757 788 2913 859 igitur
2923 790 2989 845 ab
3011 791 3121 857 illo,
3155 791 3206 847 id
3227 801 3326 857 est,
3345 801 3400 848 et
3414 794 3704 864 baptismus

2135 885 2189 932 et
2211 893 2380 945 mors,
2410 889 2568 936 certa:
2606 881 3016 950 dispensationis
3053 899 3232 949 causa,
3265 901 3368 940 non
3405 887 3704 943 miseranda

2131 969 2464 1032 necessitate.
2490 970 2582 1027 sed
2604 971 2888 1027 miserante
2908 974 3080 1042 potius
3105 976 3373 1033 voluntate
3399 986 3704 1048 susceptum

2132 1068 2340 1123 est;ut
2389 1075 2524 1115 unus
2563 1072 2836 1130 peccatum
2883 1064 3092 1120 tolleret
3141 1067 3344 1133 mundi,
3395 1068 3532 1124 sicut
3569 1085 3704 1126 unus

2133 1160 2407 1219 peccatum
2436 1151 2578 1206 misit
2603 1155 2654 1206 in
2676 1153 2954 1219 mundum,
2972 1155 3071 1212 hoc
3094 1166 3196 1223 est,
3215 1158 3268 1212 in
3291 1160 3594 1216 universum
3618 1176 3704 1232 ge-

2133 1256 2233 1297 nus
2257 1243 2566 1297 humanum.

2205 1332 2427 1387 CAPUT
2465 1333 2527 1387 L.
2556 1363 2626 1374 --
2653 1333 2754 1389 Per
2782 1335 3034 1390 Christum
3063 1337 3174 1392 tolli
3200 1355 3300 1392 non
3329 1349 3520 1393 tantum
3547 1341 3703 1413 origi-

2134 1422 2248 1475 nale
2277 1433 2551 1492 peccatum,
2580 1425 2667 1478 sed
2705 1435 2751 1478 et
2789 1435 2968 1479 cwtera
3009 1427 3366 1496 superaddita.»
3408 1428 3517 1483 Nisi
3563 1430 3702 1500 quod

2137 1512 2227 1568 ille
2254 1528 2389 1566 unus
2415 1529 2578 1568 unum
2602 1525 2873 1584 peccatum
2896 1517 3039 1572 misit
3068 1518 3119 1571 in
3148 1520 3422 1586 mundum,
3454 1522 3552 1577 iste
3581 1538 3706 1577 vero

2135 1617 2271 1656 unus
2298 1617 2403 1656 nou
2426 1603 2596 1657 solum
2626 1604 2753 1658 illud
2780 1621 2964 1673 unum,
2996 1606 3088 1661 sed
3132 1617 3318 1662 cuncta
3344 1610 3500 1665 simul
3528 1611 3707 1666 abstu-

2137 1696 2197 1750 lit
2225 1711 2341 1765 qure
2370 1695 2544 1750 addita
2595 1698 2813 1752 invenit.
2845 1698 2996 1754 Unde
3043 1699 3172 1754 dicit
3222 1702 3505 1770 Apostolus
3539 1720 3550 1755 :
3584 1702 3705 1758 Non

2135 1787 2262 1840 sicut
2281 1777 2370 1855 per
2394 1803 2546 1839 unum
2562 1790 2898 1858 peccantem‘,
2927 1791 2998 1841 ita
3018 1796 3088 1842 est
3105 1798 3149 1842 et
3183 1788 3401 1844 donum:
3421 1808 3539 1844 nam
3551 1793 3703 1862 judi-

2135 1879 2267 1930 cium
2302 1878 2499 1946 quidem
2529 1894 2591 1931 ex
2627 1894 2728 1931 uno
2755 1879 2807 1932 in
2836 1878 3320 1946 condemnationem,
3350 1885 3513 1952 gratia
3540 1893 3707 1936 autem

2137 1984 2198 2023 ex
2235 1970 2402 2023 multis
2431 1969 2624 2024 delictis
2652 1970 2704 2023 in
2723 1971 3159 2040 justiﬁcationem.
3187 1970 3321 2038 Quia
3351 1972 3534 2042 utique
3577 1974 3708 2030 illud

2137 2079 2300 2118 unum
2327 2064 2468 2133 quod
2506 2063 2832 2133 originaliter
2857 2063 3100 2131 trahitur,
3129 2064 3288 2119 etiam
3337 2065 3381 2118 si
3419 2065 3590 2120 solum
3617 2067 3705 2129 sit,

2137 2157 2400 2211 obnoxios
2427 2157 2751 2210 damnationi
2788 2155 2914 2210 facit
2937 2171 2949 2210 :
2975 2157 3142 2226 gratia
3172 2169 3301 2211 vero
3327 2169 3390 2211 ex
3418 2156 3596 2212 multis
3616 2156 3708 2210 de-

2138 2248 2279 2303 lictis
2299 2245 2551 2317 justiﬁcat
2575 2245 2864 2313 hominem,
2891 2245 2981 2315 qui
3002 2253 3194 2316 praeter
3219 2243 3347 2300 illud
3375 2260 3535 2300 unum
3565 2245 3708 2315 quod

2139 2340 2494 2395 communiter
2536 2354 2655 2393 cum
2707 2336 2954 2391 omnibus
3004 2335 3332 2406 originaliter
3371 2335 3561 2401 traxit,
3612 2349 3708 2392 sua

2137 2447 2348 2502 quoque
2373 2430 2582 2500 propria
2612 2429 2775 2483 multa
2797 2427 3082 2482 commisit.

2208 2521 2434 2576 CAPUT
2474 2521 2557 2576 LI.
2607 2549 2678 2562 ——
2723 2520 2763 2573 A
2797 2519 3120 2572 damnatione
3170 2517 3295 2572 Adte
3334 2505 3478 2572 nemo
3524 2517 3706 2571 libera-

2139 2624 2218 2668 tus
2243 2614 2338 2666 nisi
2382 2614 2431 2665 in
2464 2611 2662 2666 Christo
2706 2619 2929 2666 renatus.
2977 2610 3350 2665 Verumtamen
3380 2610 3519 2681 quod
3550 2610 3709 2680 paulo

2140 2713 2258 2775 post
2287 2703 2433 2769 dicit,
2468 2704 2612 2759 Sicut
2642 2719 2731 2772 per
2772 2703 2921 2757 unius
2949 2702 3184 2756 delictum
3209 2703 3263 2755 in
3290 2718 3458 2756 omnes
3487 2702 3710 2757 homines

2139 2796 2207 2849 ad
2235 2795 2721 2858 condemnationem,
2745 2796 2815 2848 ita
2845 2804 2888 2848 et
2916 2811 3004 2866 per
3028 2795 3178 2848 unius
3198 2795 3451 2864 justitiam
3467 2795 3517 2848 in
3541 2810 3708 2849 omnes

2141 2887 2362 2941 homines
2384 2887 2451 2940 ad
2469 2886 2887 2957 justi/icationem
2913 2886 3026 2940 vita:
3055 2887 3227 2957 (Rom.
3251 2902 3302 2952 v,
3320 2885 3405 2952 i6,
3430 2884 3554 2954 18);
3583 2886 3711 2942 satis

2141 2979 2357 3043 indicat,
2391 2996 2454 3034 ex
2498 2979 2664 3033 Adam
2719 2979 2985 3034 neminem
3014 2988 3193 3034 natum
3248 2978 3346 3032 nisi
3374 2977 3710 3034 damnatione

2141 3071 2385 3137 detineri,
2418 3081 2472 3127 et
2496 3073 2761 3127 neminem
2797 3072 2897 3126 nisi
2938 3073 2990 3126 iu
3027 3071 3240 3127 Christo
3263 3079 3500 3128 renatum
3547 3086 3580 3126 a
3619 3071 3710 3127 da-

2141 3163 2411 3217 mnatione
2432 3163 2662 3218 liberari.

2211 3253 2437 3309 CAPUT
2479 3253 2588 3308 LII.
2617 3285 2685 3294 -—
2711 3253 3003 3323 Baptismus
3045 3254 3220 3306 mortis
3247 3269 3306 3307 ac
3341 3253 3713 3308 resurrectionis

2144 3344 2327 3398 Christi
2357 3346 2632 3399 similitudo
2669 3346 2721 3398 in
2749 3346 2970 3414 parvulis
3010 3345 3217 3415 perinde
3245 3361 3305 3398 ac
3329 3347 3381 3399 in
3415 3346 3708 3416 majoribus.

2146 3437 2224 3492 De
2251 3453 2354 3508 qua
2384 3453 2477 3508 per
2508 3451 2668 3491 unum
2699 3436 2965 3491 hominem
2986 3450 3141 3507 pmna
3163 3445 3217 3492 et
3239 3451 3334 3506 per
3363 3453 3522 3491 unum
3550 3436 3716 3492 homi~

2145 3543 2265 3583 nem
2296 3529 2463 3598 gratia
2494 3527 2836 3582 cumlocutus
2855 3526 3056 3593 fuisset,
3076 3539 3328 3597 quantum
3363 3528 3437 3582 illi
3462 3528 3713 3596 Epistolas

2145 3635 2255 3674 suae
2267 3618 2384 3672 loco
2399 3616 2488 3672 sul‘
2487 3619 2643 3672 licere
2655 3617 2907 3687 judicavit
2924 3661 2938 3686 ,
2957 3619 3147 3674 deinde
3163 3620 3298 3674 sacri
3318 3619 3640 3690 baptismatis
3662 3619 3714 3673 in

2145 3725 2301 3764 cruce
2314 3708 2503 3761 Christi
2520 3709 2718 3778 grande
2735 3711 3042 3780 mysterium
3057 3711 3445 3766 commendavit
3459 3727 3524 3767 eo
3536 3711 3710 3776 modo,

2149 3808 2203 3853 ut
2232 3799 2580 3869 intelligamus
2611 3800 2738 3853 nihil
2759 3800 2898 3855 aliud
2929 3816 3047 3855 esse
3067 3802 3117 3854 in
3144 3800 3353 3856 Christo
3374 3802 3710 3872 baptismum,

2149 3893 2246 3946 nisi
2277 3893 2463 3947 mortis
2501 3891 2695 3947 Christi
2732 3893 3167 3959 similitudinem;
3213 3894 3344 3949 nihil
3372 3889 3545 3950 autem
3572 3895 3715 3949 aliud

2148 3993 2371 4039 mortem
2393 3984 2588 4039 Christi
2613 3985 2871 4046 cruciﬁxi,
2898 3986 2994 4039 nisi
3013 3985 3338 4040 remissionis
3356 3985 3554 4055 peccati
3572 3985 3716 4039 simi-

2148 4074 2418 4129 litudinem
2451 4093 2464 4129 :
2497 4085 2552 4129 ut
2580 4074 3020 4144 quemadmodum
3049 4076 3098 4129 in
3129 4077 3217 4130 illo
3238 4091 3361 4131 vera
3397 4090 3540 4130 mors
3582 4077 3716 4130 facta

2149 4175 2247 4226 est,
2269 4167 2343 4220 sic
2366 4167 2418 4220 in
2442 4166 2595 4220 nobis
2613 4182 2735 4219 vera
2755 4167 2994 4220 remissio
3014 4177 3376 4235 peccatorum;
3398 4167 3715 4238 etquemad-

2149 4257 2360 4310 modum
2381 4257 2430 4309 in
2455 4257 2544 4309 illo
2562 4272 2683 4309 vera
2702 4257 3040 4322 resurrectio,
3062 4257 3128 4309 ita
3149 4257 3200 4310 in
3222 4257 3371 4310 nobis
3389 4272 3507 4310 vera
3526 4257 3716 4324 justiti-

2149 4351 2305 4403 calio.
2330 4349 2415 4402 Ait
2441 4350 2602 4413 enim,
2638 4348 2770 4411 Quid
2790 4365 2904 4419 ergo
2927 4351 3145 4403 dicemus
3168 4351 3192 4402 ?
3224 4348 3628 4401 Pcrmanebimus
3662 4349 3715 4401 in

2150 4452 2370 4513 peccato,
2390 4453 2440 4494 ut
2462 4443 2622 4511 gratia
2647 4442 2902 4495 abundet?
2929 4443 3135 4496 Dixerat
3157 4441 3297 4495 enim
3323 4441 3578 4508 superius,
3599 4439 3714 4506 (ibi,

2151 4537 2282 4588 enim
2323 4534 2592 4587 abundavit
2618 4545 2894 4604 peccatum,
2924 4533 3342 4603 superabundavit
3369 4533 3529 4602 gratia
3555 4531 3715 4600 (Ibid.

2150 4625 2262 4695 9.0).
2297 4623 2362 4678 Et
2393 4623 2514 4677 ideo
2540 4624 2882 4692 qumstionem
2915 4624 3014 4678 sibi
3060 4622 3170 4691 ipse
3199 4623 3499 4690 proposuit,
3547 4633 3720 4675 utrum

2153 4723 2367 4786 propter
2386 4712 2756 4766 abundantiam
2788 4713 2969 4783 gratim
2995 4711 3415 4782 consequendam
3435 4713 3485 4765 in
3509 4723 3723 4780 peccato

2153 4807 2219 4858 sit
2241 4804 2673 4874 permanendum.
2689 4803 2790 4857 Sed
2809 4801 3100 4872 respondit,
3119 4801 3254 4854 Absit
3273 4819 3290 4856 :
3308 4813 3463 4873 atque
3479 4802 3720 4872 subjecit,

2155 4897 2215 4952 Si
2233 4899 2411 4950 mortui
2429 4913 2602 4949 sumus
2624 4906 2842 4963 peccato,
2857 4897 3104 4965 quomodo
3127 4897 3340 4951 vivemus
3365 4898 3416 4950 in
3446 4913 3504 4950 eo
3525 4897 3548 4949 ?
3571 4896 3726 4949 Dein-

2155 4991 2221 5046 de
2239 5003 2292 5044 nt
2321 4991 2618 5045 ostenderet
2650 5008 2746 5047 nos
2771 5001 3008 5047 mortuos
3032 5007 3152 5048 esse
3180 5002 3392 5061 peccato
3413 5009 3422 5041 :
3440 4991 3516 5042 An
3534 4991 3729 5058 ignora-

2155 5083 2235 5147 tis,
2267 5081 2452 5151 inquit,
2475 5082 2709 5150 quoniam
2730 5085 3026 5152 quicumque
3054 5083 3290 5152 baptizati
3316 5095 3484 5134 sumus
3504 5079 3555 5130 in
3581 5077 3703 5131 Chri

2157 5185 2234 5228 sto
2261 5173 2406 5238 Iesu,
2437 5174 2489 5228 in
2516 5183 2671 5228 morte
2687 5176 2840 5244 ipsius
2870 5175 3108 5243 baptizati
3132 5171 3344 5224 sumus?
3369 5169 3423 5224 Si
3449 5183 3576 5239 ergo
3606 5167 3730 5225 hinc

2158 5263 2488 5319 ostendimur
2517 5264 2707 5317 mortui
2729 5279 2847 5318 esse
2876 5270 3111 5332 peccato,
3147 5262 3266 5327 quia
3306 5260 3356 5311 in
3378 5269 3547 5312 morte
3567 5258 3724 5314 Chri-

2160 5357 2226 5409 sti
2248 5355 2493 5425 haptizati
2520 5370 2735 5420 smnus;
2767 5354 3003 5423 profecto
3030 5361 3083 5405 et
3115 5350 3315 5420 parvuli
3347 5350 3434 5419 qui
3458 5349 3730 5419 baptizan-

2158 5449 2306 5501 turin
2333 5445 2563 5511 Christo,
2584 5455 2798 5515 peccato
2820 5442 3272 5510 moriuntur,quia
3302 5442 3351 5496 in
3369 5450 3541 5497 morte
3567 5443 3732 5511 ipsius

2224 5625 2240 5655 ί
2261 5632 2370 5672 Arn.
2398 5629 2450 5672 et
2471 5635 2561 5673 sex
2585 5629 2711 5680 Mss,
2735 5634 2821 5684 per
2843 5633 2991 5669 unum
3013 5627 3279 5684 peccatum.
3301 5621 3596 5684 Retinuimus
3617 5621 3740 5684 anti-

2159 5698 2303 5748 quam
2325 5685 2584 5734 lectionem
2607 5679 2982 5748 respondentem
3008 5679 3199 5744 grtecaa,
3215 5683 3394 5734 dt‘enbs
3414 5679 3739 5733 amarlhésatt-

2166 5744 2253 5808 t'os,
2275 5759 2417 5809 quam
2440 5749 2580 5807 sequi
2599 5744 2729 5795 solet
2753 5745 3056 5808 Augustinus.
