4124 6206
420 223 527 304 εει
1842 228 1970 291 LtBt

2081 233 2279 293 UNUS.

418 343 776 415 baptizantur.
794 343 954 403 Nullo
980 348 1124 404 enim
1145 360 1369 421 excepto
1394 348 1594 408 dictum
1621 360 1726 416 est,
1758 352 2003 421 Quicum-

415 452 509 507 que
546 435 793 508 baptismi
837 456 1012 494 sumus
1045 442 1101 496 in
1143 441 1342 498 Christo
1369 444 1517 511 Jesu,
1559 446 1614 500 in
1640 458 1797 501 morte
1840 448 2001 514 ipsius

414 526 657 596 baptismi
692 544 889 585 sums.
936 532 1003 587 Et
1045 531 1167 589 ideo
1207 534 1407 591 dictum
1450 544 1555 605 est,
1598 546 1658 593 ut
1685 538 2000 608 probaretur

410 626 651 673 mortuos
690 634 790 675 nos
837 635 959 677 esse
1000 634 1238 693 peccato.
1282 625 1595 689 Cuiautem
1625 638 1846 699 peccato
1872 646 1997 701 par-

3590 265 3698 345 περ

2114 371 2224 408 ram
2253 354 2349 410 Dei
2373 361 2547 416 sedens
2566 381 2585 427 ,'
2608 382 2721 436 qua:
2744 376 2941 425 sursum
2979 387 3095 430 sunt
3123 380 3301 449 sopite,
3334 397 3434 434 non
3458 398 3573 443 qua
3597 400 3692 440 stt-

2115 462 2204 514 per
2233 457 2415 503 terram
2441 468 2460 505 .'
2488 462 2668 510 mortui
2686 462 2817 515 enim
2845 467 2982 533 estis,
3009 474 3055 520 et
3089 471 3185 523 vita
3212 482 3376 524 vestra
3400 473 3692 545 abscondita

2112 545 2184 589 est
2207 554 2321 591 cum
2347 541 2546 598 Christo
2567 547 2615 599 in
2639 548 2764 605 Deo.

411 708 521 763 vuli
545 711 879 767 renascendo
906 714 1207 770 moriuntur
1226 758 1242 781 ,
1267 718 1368 773 nisi
1395 720 1543 790 quod
1568 722 1837 777 nascendo
1883 732 1996 777 tra—

405 801 633 856 xerunt?
663 802 744 860 Ac
777 818 876 874 per
901 806 1006 862 hoc
1036 808 1199 865 etiam
1221 809 1290 865 ad
1312 811 1460 881 ipsos
1488 815 1723 884 pertinet
1741 814 1885 885 quod
1904 830 1994 871 se-
2051 805 2059 813 ’

403 893 586 963 quitur
612 893 798 952 dicens
830 915 845 952 :
870 896 1164 968 Consepulti
1182 918 1358 961 sumus
1385 907 1534 977 ergo‘
1552 906 1642 967 illi
1667 924 1757 978 per
1777 907 1991 979 Baptis-

401 1000 541 1039 mum
581 987 635 1041 in
663 998 894 1056 mortem,
931 1001 984 1045 ut
1003 994 1424 1063 quemadmodum
1446 1000 1664 1055 surrexit
1692 998 1921 1055 Christus
1958 1017 1991 1055 a

399 1078 611 1131 mortuis
637 1095 728 1148 per
767 1080 984 1151 gloriam
1029 1082 1223 1150 Patris,
1250 1086 1322 1140 ita
1348 1096 1397 1142 et
1431 1105 1527 1143 nos
1558 1090 1613 1143 in
1631 1092 1851 1145 novitate
1872 1091 1990 1146 vitae

399 1166 732 1223 ambulemus.
755 1168 820 1223 Si
842 1171 978 1224 enim
997 1172 1330 1243 complantati
1353 1178 1479 1247 facti
1495 1194 1669 1234 suntus
1690 1180 1986 1235 similitudi-

397 1258 452 1311 ni
491 1261 668 1314 mortis
717 1261 829 1332 ejus
849 1302 867 1329 ,
911 1263 1067 1318 simul
1104 1274 1152 1318 et
1200 1270 1581 1325 resurrectionis
1627 1272 1816 1326 erimus
1845 1288 1864 1325 :
1891 1271 1985 1325 hoc

395 1350 626 1418 scientes,
657 1352 779 1421 quia
808 1362 945 1410 vetus
970 1356 1121 1412 homo
1149 1369 1319 1415 noster
1336 1361 1491 1416 simul
1518 1364 1792 1431 cruciﬁxus
1812 1374 1903 1430 est,
1928 1372 1984 1417 ut

393 1451 662 1497 evacuetur
689 1459 874 1513 corpus
899 1449 1109 1518 peccati,
1136 1458 1191 1504 ut
1213 1449 1347 1505 ultra
1377 1469 1479 1507 non
1505 1456 1780 1509 serviamus
1804 1471 1982 1527 ρεσεα-

392 1539 465 1585 to.
503 1532 603 1598 Qui
630 1534 764 1591 enim
791 1547 1020 1592 mortuus
1049 1548 1140 1607 est,
1163 1541 1482 1612 justi/icatus
1500 1554 1572 1599 est
1597 1562 1630 1599 a
1656 1555 1883 1614 peccato.
1915 1546 1981 1602 Si

390 1634 563 1679 autem
591 1628 776 1682 mortui
800 1644 974 1684 sumus
997 1646 1115 1685 cum
1143 1630 1342 1689 Christo
1361 1675 1376 1702 ,
1402 1637 1651 1691 credimus
1678 1639 1800 1709 quia
1827 1639 1980 1694 simul

388 1718 543 1773 etiam
570 1719 787 1777 vivemus
806 1738 922 1776 cum
948 1724 1038 1779 illo
1053 1740 1072 1778 :
1094 1725 1304 1782 scientes
1321 1729 1440 1797 quia
1461 1729 1687 1785 Christus
1710 1748 1977 1804 resurgens

387 1825 423 1864 α
446 1813 677 1880 mortuis,
697 1814 814 1885 jam
837 1830 940 1869 non
969 1817 1199 1882 moritur,
1230 1834 1365 1873 mors
1392 1819 1470 1873 illi
1497 1820 1638 1874 ultra
1679 1839 1780 1876 non
1811 1823 1976 1878 domi-

386 1903 605 1958 nubitur.
652 1903 803 1972 Quod
843 1907 978 1961 enim
1016 1917 1244 1963 mortuus
1269 1919 1341 1964 est
1377 1921 1603 1982 peccato,
1652 1923 1879 1970 mortuus
1901 1926 1976 1972 est

383 1995 538 2050 semel
562 2011 584 2052 :
601 1999 740 2069 quod
766 2007 934 2052 autem
959 1999 1095 2067 vivit,
1125 2000 1242 2056 vivit
1263 2000 1386 2056 Deo.
1408 2001 1496 2058 Ita
1518 2014 1567 2058 et
1588 2021 1674 2060 vos
1691 2007 1973 2063 existimate

381 2095 609 2143 mortuos
631 2089 834 2158 quidem
860 2106 946 2146 vos
969 2108 1077 2146 esse
1101 2103 1326 2163 peccato,
1350 2094 1543 2150 vivere”
1572 2107 1738 2152 autem
1765 2084 1872 2154 Deo
1916 2102 1972 2155 in

384 2176 585 2236 Christo
610 2178 738 2236 Jesu
768 2180 947 2253 (Rom.
976 2200 1050 2252 v1,
1082 2184 1410 2257 l-ll).Hinc
1429 2188 1573 2244 enim
1599 2190 1827 2259 probare
1854 2206 1970 2248 cm-

378 2280 537 2340 perat
577 2287 687 2329 non
716 2289 837 2331 esse
876 2275 1030 2332 nobis
1053 2260 1473 2346 permanendum
1506 2281 1560 2336 in
1607 2293 1863 2352 peccato,
1910 2295 1969 2341 ut

376 2363 545 2433 gratia
569 2364 840 2434 abundet;
878 2376 933 2424 et
978 2367 1205 2435 dixerat,
1233 2369 1296 2425 Si
1325 2374 1509 2427 mortui
1534 2390 1708 2430 sumus
1736 2387 1961 2447 peccato,

374 2456 631 2525 quomodo
653 2458 874 2514 vivemus
897 2461 954 2514 in
979 2476 1038 2516 eo
1056 2462 1084 2517 7
1105 2464 1279 2533 Atque
1310 2473 1367 2519 ut
1389 2466 1699 2524 ostenderet
1722 2479 1964 2527 mortuos

372 2559 478 2600 nos
503 2560 628 2603 esse
652 2556 894 2619 peccato,
925 2550 1227 2621 subjecerat
1249 2553 1293 2620 ³,
1321 2553 1401 2608 An
1426 2555 1690 2626 ignoratis,
1722 2561 1964 2630 quoniam

373 2639 678 2712 quicumque
714 2640 957 2713 baptiaati
994 2660 1168 2699 sumus
1204 2646 1259 2700 in
1302 2645 1505 2704 Christo
1527 2649 1676 2719 Jesu,
1720 2653 1773 2709 in
1803 2663 1962 2709 morte

372 2730 536 2800 ipsius
561 2732 805 2804 baptizati
826 2737 1040 2791 sumus?
1064 2736 1155 2794 Sic
1179 2738 1356 2810 itaque
1384 2748 1551 2797 totum
1592 2743 1767 2799 locum
1798 2746 1960 2801 istum

371 2821 587 2893 clausit,
624 2832 682 2880 ut
707 2827 891 2898 coepit.
920 2827 1139 2884 Mortem
1169 2830 1366 2903 quippe
1390 2831 1585 2889 Christi
1611 2836 1692 2892 sic
1717 2837 1958 2894 insinua-

372 2914 469 2981 vit,
502 2922 562 2971 ut
602 2917 769 2973 etiam
813 2918 986 2989 ipsum
1023 2930 1289 2978 mortuum
1333 2924 1536 2981 diceret
1568 2942 1689 2983 esse
1713 2940 1954 2999 peccato.

370 3000 471 3060 Cui
495 3016 734 3076 peccato,
762 3008 865 3064 nisi
903 3012 1050 3067 carni
1069 3010 1109 3081 ",
1149 3012 1203 3068 in
1228 3030 1333 3085 qua
1361 3025 1498 3083 erat,
1526 3032 1631 3072 non
1655 3030 1954 3089 peccatum,

372 3095 468 3152 sed
501 3097 799 3156 similitudo
823 3104 1050 3171 peccati,
1095 3112 1149 3159 et
1177 3103 1299 3162 ideo
1329 3109 1547 3163 nomine
1582 3110 1848 3180 appellata
1872 3123 1961 3170 est

371 3192 613 3260 peccati?
647 3194 936 3265 Baptizatis
982 3197 1160 3269 itaque
1201 3200 1252 3254 in
1297 3211 1470 3258 morte
1518 3203 1733 3270 Christi,
1768 3206 1820 3261 in
1852 3223 1956 3277 qua

372 3294 479 3336 non
507 3283 685 3339 solum
709 3285 962 3356 majores,
987 3302 1170 3344 verum
1195 3292 1361 3347 etiam
1375 3295 1580 3363 parvuli
1600 3296 1953 3365 baptizantur,

370 3371 465 3441 ait,
497 3372 589 3430 Sic
607 3384 655 3429 et
684 3392 791 3444 vos,
843 3377 898 3432 id
925 3388 1008 3434 est
1031 3382 1477 3450 quemadmodum
1510 3386 1774 3455 Christus,
1808 3389 1881 3443 sic
1905 3399 1959 3445 et

372 3479 457 3519 vos
479 3465 763 3522 acistimate
790 3484 876 3523 vos
901 3480 1122 3526 mortuos
1167 3489 1274 3529 esse
1301 3486 1506 3546 peccato
1528 3518 1544 3546 ,
1593 3478 1755 3533 vivere
1781 3491 1955 3535 autem

368 3551 477 3610 Deo
494 3555 549 3610 in
568 3554 772 3613 Christo
794 3558 940 3614 Jesu.

439 3644 669 3704 CAPUT
706 3649 838 3706 Llll.
868 3681 942 3692 —
963 3651 1105 3709 Crux
1141 3655 1351 3724 Christi,
1399 3660 1681 3730 sepultura,
1726 3680 1957 3722 resurre-

369 3739 487 3807 ctio,
525 3750 655 3808 etc.,
695 3742 863 3815 ﬁgura
888 3745 1002 3799 vita:
1041 3747 1349 3805 christiana.
1382 3752 1647 3824 Quidquid
1677 3756 1837 3826 igitur
1863 3773 1957 3828 ge-

370 3841 508 3889 stum
535 3843 620 3892 est
646 3835 704 3890 in
737 3851 897 3894 cruce
921 3837 1139 3906 Christi,
1177 3840 1234 3895 in
1268 3843 1565 3913 sepultura,
1611 3846 1662 3900 in
1708 3863 1957 3905 resurre-

372 3925 548 3983 ctione
573 3927 732 3983 tertio
760 3927 867 3995 die,
890 3929 945 4007 in
974 3933 1286 3989 ascensione
1312 3934 1365 3989 in
1394 3937 1611 4004 coelum,
1650 3937 1703 3992 in
1730 3939 1860 3995 sede
1885 3940 1954 3995 ad

371 4015 644 4074 dexteram
681 4020 888 4087 Patris;
932 4022 1002 4077 ita
1041 4035 1247 4094 gestum
1287 4038 1390 4094 est,
1439 4036 1495 4083 ut
1521 4028 1607 4083 his
1644 4030 1802 4085 rebus
1846 4046 1955 4089 non

375 4109 597 4180 mystice
624 4119 824 4167 tantum
847 4112 1024 4180 dictis,
1048 4114 1142 4170 sed
1167 4115 1325 4170 etiam
1349 4118 1514 4187 gestis
1533 4118 1954 4189 conﬁguraretur

375 4202 482 4257 vita
521 4202 804 4260 christiana
843 4221 963 4276 quae
1006 4206 1094 4263 hic
1140 4209 1360 4279 geritur.
1406 4210 1538 4266 Nam
1584 4222 1799 4283 pr0pter
1834 4216 1955 4285 ejus

372 4307 584 4349 crucem
605 4294 804 4351 dictum
832 4307 952 4353 est:
981 4297 1082 4364 Qui
1116 4309 1285 4353 autem
1309 4298 1345 4352 Ι
1349 4318 1434 4356 esu
1454 4299 1639 4357 Citriin
1673 4316 1812 4373 sunt,
1840 4324 1956 4361 car-

369 4400 484 4439 nem
524 4403 670 4441 suam
708 4389 1067 4458 cruciﬁxerunt
1087 4408 1201 4445 cum
1241 4394 1596 4461 passionilnts‘
1631 4405 1678 4450 et
1716 4401 1954 4470 concupi-

366 4480 571 4536 scentiis
591 4481 791 4551 (Colat.
818 4499 873 4548 v,
896 4483 1011 4553 24).
1037 4485 1259 4555 Propter
1279 4490 1607 4557 sepulturam
1628 4510 1642 4545 :
1661 4490 1956 4565 Consepulti

2190 626 2413 726 CAPUT
2460 634 2592 691 LIV.
2631 671 2703 681 —-
2736 642 2997 701 Iudicium
3043 652 3272 707 ultimum
3322 657 3574 726 pertinens
3617 660 3687 714 ad

2106 735 2186 773 res
2213 723 2264 774 in
2294 724 2397 791 ﬁne
2422 730 2594 783 διεταιὶ
2619 737 2883 801 gerendas.
2908 739 3024 794 lam
3057 759 3180 798 vero
3209 723 3351 814 quod
3380 748 3447 803 de
3472 749 3686 807 Christo

2106 814 2426 872 conﬁtemur
2445 819 2707 892 futurum,
2747 832 2995 898 quoniam
3027 833 3093 887 de
3119 836 3258 891 caelo
3292 848 3545 896 venturus
3577 850 3681 911 est,

2101 903 2251 992 vivos
2270 908 2604 975 judicaturus
2639 932 2702 972 ac
2739 931 2998 991 mortuos,
3035 941 3140 979 non
3171 930 3397 996 pertinet
3424 931 3492 986 ad
3523 934 3686 990 vitam

2101 988 2338 1053 nostram
2381 1018 2497 1070 quae
2539 1004 2628 1060 hic
2664 1010 2900 1078 geritur;
2929 1016 3049 1083 quia
3092 1032 3189 1072 nec
3230 1019 3282 1073 in
3322 1022 3481 1076 rebus
3519 1025 3683 1093 gestis

2099 1086 2216 1157 ejus
2239 1100 2343 1156 est,
2375 1096 2468 1149 sed
2501 1096 2554 1149 in
2588 1100 2691 1154 line
2720 1104 2897 1157 saeculi
2922 1106 3187 1173 gerendis.
3217 1109 3297 1163 Ad
3328 1110 3429 1167 hoc
3448 1086 3682 1182 pertinet

2099 1177 2243 1246 quod
2270 1181 2561 1249 Apostolus
2599 1198 2814 1245 secutus
2851 1192 3092 1262 adjunxit
3120 1215 3133 1249 :
3159 1195 3286 1252 Cum
3324 1177 3552 1258 Christus
3579 1222 3681 1273 ap-

2097 1272 2321 1337 paruerit
2347 1276 2449 1328 vita
2477 1288 2661 1346 vestra,
2689 1290 2807 1336 tunc
2832 1293 2879 1338 et
2909 1300 2995 1340 vos
3022 1292 3330 1359 apparebitis
3360 1311 3476 1351 cum
3503 1297 3594 1352 illo
3615 1272 3677 1359 in

2093 1359 2256 1430 gloria
2277 1362 2495 1431 (Coloss.
2530 1385 2607 1436 tu,
2641 1371 2783 1444 1-4).

2162 1450 2387 1547 CAPUT
2427 1458 2537 1515 LV.
2565 1464 2905 1522 -—Judicare
2942 1471 3077 1526 vivos
3116 1484 3165 1527 et
3209 1486 3450 1544 mortuos,
3484 1481 3678 1547 duplici

2090 1543 2241 1597 modo
2270 1546 2599 1606 intellectum.
2630 1553 2843 1611 Duobus
2870 1569 3048 1616 autem
3093 1566 3267 1620 modis
3304 1569 3470 1639 accipi
3499 1543 3676 1639 potest

2088 1633 2230 1702 quod
2257 1637 2406 1694 vivos
2432 1650 2486 1696 et
2513 1652 2750 1699 mortuos
2771 1647 3030 1716 judicabit
3057 1670 3071 1706 :
3101 1655 3214 1710 sive
3245 1666 3303 1712 ut
3328 1633 3475 1715 vivos
3499 1633 3668 1716 intel-

2087 1724 2329 1796 ligamus,
2363 1746 2497 1801 quos
2541 1734 2630 1789 hic
2670 1738 2908 1795 nondum
2951 1754 3210 1812 mortuos,
3253 1748 3348 1803 sed
3392 1749 3569 1807 adhuc
3612 1753 3669 1811 in

2084 1816 2185 1873 ista
2228 1834 2388 1878 carne
2434 1826 2672 1885 viventes
2718 1831 3032 1889 inventurus
3079 1847 3162 1892 est
3205 1838 3322 1907 ejus
3370 1842 3667 1912 adventus;

2082 1921 2344 1981 mortuos,
2369 1924 2547 1972 autem
2591 1920 2681 1989 qui
2721 1920 2789 1976 de
2819 1937 3064 1994 corpore,
3093 1928 3240 1996 prius
3267 1946 3425 1999 quam
3465 1934 3666 2002 veniat,

2082 2000 2328 2056 exierunt
2361 2005 2445 2059 vel
2478 2008 2669 2063 exituri
2696 2020 2857 2066 sunt:
2880 2013 2994 2070 sive
3019 2015 3167 2071 vivos
3188 2017 3383 2091 justos,
3427 2000 3667 2079 mortuos

2080 2096 2257 2143 autem
2296 2090 2557 2163 injustas;
2589 2099 2840 2167 quoniam
2867 2101 2996 2171 justi
3025 2119 3239 2175 quoque
3260 2090 3666 2176 judicabuntur.

2077 2176 2381 2248 Aliquando
2408 2181 2549 2239 enim
2573 2188 2829 2256 judicium
2867 2191 2960 2248 Dei
2987 2197 3201 2264 ponitur
3225 2197 3276 2251 in
3308 2198 3480 2266 malo;
3523 2202 3666 2259 unde

2077 2268 2206 2327 illud
2235 2285 2339 2339 est,
2372 2275 2471 2343 Qui
2504 2289 2673 2335 autem
2723 2284 2854 2337 male
2895 2296 3123 2356 egerunt,
3155 2289 3207 2342 in
3246 2294 3662 2351 resurrectionem

2064 2359 2255 2431 judicii
2285 2363 2461 2436 (Joan.
2495 2384 2546 2434 v,
2573 2370 2665 2443 29)
2710 2390 2725 2427 :
2761 2374 3048 2445 aliquando
3089 2388 3141 2433 et
3184 2380 3238 2434 in
3269 2380 3430 2447 bono,
3463 2399 3659 2441 secun-

2074 2449 2199 2504 dum
2232 2455 2374 2523 quod
2405 2456 2606 2514 dictum
2638 2470 2741 2529 est,
2769 2462 2924 2531 Deus,
2947 2467 3000 2520 in
3030 2469 3232 2524 nomine
3258 2480 3345 2526 tuo
3367 2474 3560 2529 salvum
3581 2493 3660 2533 me

2072 2541 2179 2613 fac,
2206 2552 2254 2596 et
2277 2545 2329 2597 in
2360 2546 2541 2603 virtute
2569 2559 2654 2604 tua
2674 2552 2857 2623 judico
2888 2572 2966 2610 me
2995 2555 3163 2628 (Psal.
3200 2575 3311 2629 Llll,
3334 2562 3413 2634 5).
3444 2564 3548 2621 Per
3568 2567 3667 2639 ju-,

2070 2629 2266 2688 dicium
2291 2637 2486 2708 quippe
2512 2640 2608 2696 Dei
2636 2640 2693 2697 ﬁt
2710 2644 2822 2714 ipsa
2856 2646 3119 2704 bonorum
3147 2629 3513 2725 malorumque
3540 2629 3663 2735 disc.

2069 2724 2257 2789 cretio,
2294 2736 2353 2782 ut
2388 2728 2645 2787 liberandi
2686 2752 2715 2787 a
2744 2736 2904 2802 malo,
2934 2754 3038 2793 non
3062 2739 3315 2810 perdendi
3335 2724 3456 2800 cum
3478 2748 3653 2819 malis,

2069 2815 2198 2872 boni
2227 2820 2294 2875 ad
2326 2820 2602 2880 dexteram
2626 2839 2979 2898 segregentur
3006 2831 3224 2901 (Matth.
3253 2852 3384 2903 xxv,
3417 2838 3504 2905 52,
3535 2815 3653 2912 53).

2066 2911 2295 2983 Pr0pter
2340 2918 2482 2988 quod
2535 2919 2627 2976 ille
2666 2922 2949 2989 clamabat,
2996 2924 3183 2981 Judica
3230 2946 3330 2996 me,
3381 2914 3515 2987 Deus
3552 2950 3572 2989 :
3600 2911 3658 2991 et

2066 3004 2192 3074 quid
2218 3005 2425 3063 dixerat
2444 3009 2587 3064 velut
2614 3027 2906 3082 exponens,
2937 3012 3008 3068 Et
3028 3015 3277 3087 discerne,
3307 3020 3497 3095 inquit,
3526 3039 3653 3079 cau-

2065 3111 2175 3149 sam
2192 3114 2353 3151 meam
2374 3099 2437 3153 de
2459 3110 2604 3171 gente
2627 3119 2727 3156 non
2753 3114 2928 3158 sancta
2958 3104 3130 3177 (Psal.
3152 3124 3281 3176 xw,
3310 3112 3388 3183 1).

2138 3187 2361 3243 CAPUT
2405 3189 2537 3244 LVI.
2560 3221 2627 3231 —
2652 3193 2737 3248 l5.
2778 3193 2858 3247 De
2895 3194 3095 3265 Spiritu
3129 3209 3305 3254 sancto
3334 3211 3382 3255 et
3419 3200 3657 3260 Ecclesia

2064 3289 2199 3334 recto
2229 3283 2403 3337 ordine
2430 3282 2618 3338 dictant
2654 3286 2705 3339 in
2734 3284 2999 3357 Symbolo.
3043 3288 3275 3345 Ecclesia
3311 3293 3522 3350 ctelestis
3546 3304 3653 3351 ter-

2065 3387 2201 3425 rente
2228 3373 2526 3443 opitulatur.
2550 3370 2684 3430 Cum
2713 3386 2893 3432 autem
2916 3377 2984 3434 de
3009 3377 3136 3435 Jesu
3161 3380 3371 3438 Christo
3400 3384 3535 3440 Filio
3555 3386 3654 3443 Dei

2066 3463 2223 3518 unico
2251 3463 2474 3521 Domino
2499 3474 2704 3535 nostro,
2736 3468 2877 3538 quod
2907 3470 2973 3526 ad
2999 3470 3315 3529 brevitatem
3343 3472 3653 3535 Confessio-

2064 3554 2149 3608 nis
2170 3556 2417 3623 pertinet,
2447 3546 2760 3628 dixerimus,
2791 3560 3128 3634 adjungimns
3153 3564 3231 3620 sic
3266 3566 3487 3625 credere
3511 3584 3610 3626 nos
3629 3570 3661 3652 ⁸,

2063 3651 2120 3699 et
2148 3645 2198 3700 in
2227 3643 2480 3716 Spiritum
2524 3659 2789 3719 sanctum,
2816 3663 2871 3706 ut
2900 3652 2989 3709 illa
3031 3654 3264 3714 Trinitas
3291 3662 3650 3731 compleatur,

2064 3752 2184 3807 qua:
2212 3737 2349 3793 Deus
2385 3747 2467 3793 est
2498 3739 2729 3796 :deinde
2758 3753 2940 3798 saneta
2977 3757 3428 3805 commemoratur
3453 3751 3651 3807 Eccle-

2062 3827 2163 3880 sia.
2206 3826 2358 3884 Unde
2410 3827 2567 3884 datur
2610 3831 2833 3901 intelligi
2878 3833 3192 3891 rationalem
3236 3848 3535 3896 creaturam
3577 3843 3656 3897 ad.

2062 3904 2357 3973 Jerusalem
2388 3919 2608 3974 liberam
2654 3922 3008 3991 pertinentem
3038 3924 3231 3995 (Colat.
3274 3945 3344 3995 ιν,
3374 3928 3490 4002 26),
3523 3942 3651 4003 post

2061 4013 2624 4069 commemorationem
2677 4013 2966 4081 Creatoris,
3012 4017 3066 4072 id
3114 4026 3197 4074 est
3241 4034 3465 4077 summa:
3501 4024 3657 4081 illius

2061 4101 2360 4171 Trinitatis,
2392 4103 2555 4159 fuisse
2596 4104 2947 4179 subdendam.
2990 4108 3249 4177 Quoniam
3280 4112 3534 4185 quidquid
3576 4115 3657 4172 de.

2064 4193 2279 4250 homine
2322 4193 2534 4249 Christo
2576 4196 2774 4252 dictum
2823 4208 2925 4263 est,
2973 4199 3039 4255 ad
3095 4201 3353 4258 unitatem
3398 4219 3646 4276 persona:

2064 4282 2334 4355 Unigeniti
2373 4285 2622 4356 pertinet.
2666 4288 2863 4345 Rectus
2893 4289 3071 4362 itaque
3111 4290 3475 4351 Conlessionis
3511 4297 3656 4354 ordo

2064 4375 2334 4445 poscebat,
2377 4386 2438 4431 ut
2476 4375 2722 4432 Trinitati
2765 4380 3173 4452 subjungeretur
3215 4384 3474 4453 Ecclesia,
3527 4395 3651 4442 tan-

2060 4483 2219 4537 quam
2251 4467 2534 4524 habitatori
2563 4468 2755 4525 domus
2785 4485 2901 4538 sua,
2933 4482 2987 4528 et
3026 4473 3137 4528 Deo
3182 4476 3433 4545 templum
3464 4491 3654 4546 suum,

2062 4567 2116 4612 et
2135 4559 2395 4613 conditori
2424 4560 2610 4613 civitas
2635 4573 2752 4613 sua.
2785 4559 2915 4626 Qua:
2940 4569 3047 4616 tota
3076 4561 3163 4617 hic
3200 4564 3507 4635 accipienda
3534 4577 3648 4635 est,

2062 4664 2168 4702 non
2203 4648 2374 4701 solum
2416 4664 2480 4703 ex
2526 4657 2673 4718 parte
2712 4652 2848 4717 qua'
2881 4652 3247 4721 peregrinatur
3296 4654 3349 4709 in
3390 4658 3563 4722 terris,
3607 4673 3647 4714 at

2062 4738 2192 4793 solis
2219 4749 2337 4793 ortu
2368 4754 2534 4809 usque
2561 4740 2627 4794 ad
2658 4754 2907 4796 occasum
2944 4741 3163 4797 laudans
3202 4760 3395 4801 nomen
3428 4747 3651 4804 Domini

2063 4830 2237 4902 (Psal.
2266 4847 2371 4887 cxn
2391 4874 2405 4899 ,
2437 4832 2517 4900 5),
2562 4840 2615 4887 ct
2655 4842 2770 4902 post
2811 4835 3169 4905 captivitatem
3201 4839 3479 4892 vetustatis
3512 4854 3653 4894 can-

2063 4933 2184 4979 tans
2215 4924 2477 4980 canticum
2514 4940 2755 4991 novmn;
2796 4941 2979 4981 verum
3020 4928 3181 4981 etiam
3209 4941 3275 4982 ex
3322 4928 3409 4982 illa
3437 4945 3557 5000 qua:
3584 4931 3649 4989 in:

2062 5018 2213 5073 cmlis
2241 5033 2474 5087 semper,
2504 5033 2565 5073 ex
2596 5031 2701 5088 quo
2741 5016 2956 5071 condita
2995 5025 3099 5084 est,
3127 5016 3347 5072 cohaesit
3379 5019 3507 5086 Deo,
3540 5035 3653 5078 nec.

2063 5109 2228 5163 ullum
2265 5109 2464 5162 malum
2495 5107 2577 5163 sui
2607 5121 2762 5163 casus
2800 5116 3018 5176 experta
3058 5115 3159 5163 est.
3190 5107 3316 5164 Haec
3354 5109 3408 5165 in
3444 5113 3653 5169 sanctis-

2061 5197 2279 5268 Angelis
2323 5198 2478 5253 beata
2530 5197 2784 5268 persistit,
2833 5206 2887 5252 et
2933 5213 3043 5255 sua:
3096 5201 3229 5271 parti
3278 5198 3649 5273 peregrinanti

2061 5291 2199 5345 sicut
2230 5297 2441 5359 oportet
2472 5288 2787 5359 Opitulatur;
2828 5289 2950 5360 quia
2982 5299 3202 5363 utraque
3234 5308 3339 5347 una
3378 5292 3481 5346 erit
3505 5306 3650 5346 cono

313 4592 330 4633 ι
364 4589 544 4628 sumus
566 4574 769 4630 Christo
796 4592 886 4646 per
916 4574 1234 4647 Buptismum
1262 4580 1315 4633 in
1345 4592 1574 4637 mortem.
1613 4583 1840 4653 Propter
1865 4600 1959 4643 re-.

362 4667 755 4724 surrectionem
783 4686 797 4721 :
829 4668 897 4724 Ut
925 4670 1344 4740 quemadmodum
1374 4673 1601 4730 Christus
1626 4679 1897 4733 resurrexit
1922 4697 1957 4734 α

360 4762 581 4813 mortuis
608 4777 700 4829 per
726 4746 943 4830 gloriam
972 4760 1167 4831 Patris,
1198 4766 1270 4818 ita
1295 4775 1341 4818 et
1368 4782 1458 4820 nos
1499 4768 1552 4820 in
1583 4770 1799 4824 novitate
1840 4773 1958 4826 vitae

356 4848 700 4905 ambulemus.
729 4850 953 4922 Propter
979 4855 1348 4911 ascensionem
1374 4856 1426 4911 in
1450 4858 1643 4913 emtum
1665 4860 1957 4931 sedemque

352 4941 430 4996 ad
460 4942 739 4999 dexteram
764 4945 935 5000 Patris
963 4963 976 5002 :
1002 4946 1065 5002 Si
1100 4958 1268 5003 autem
1295 4952 1634 5007 resurrexistis
1658 4968 1770 5006 cum
1801 4952 1952 5008 Chii-

350 5044 463 5103 sto,
492 5050 609 5107 qute
632 5051 835 5092 sursum
851 5046 966 5093 sunt
990 5039 1216 5108 quierite,
1244 5041 1328 5094 ubi
1360 5042 1587 5098 Christus
1608 5044 1769 5098 estad
1792 5044 1956 5100 dexte-

420 5238 445 5307 ξ
470 5236 550 5287 sic
570 5235 875 5301 antiquiores
892 5243 1000 5289 uss.
1019 5238 1162 5303 juxta
1181 5250 1413 5302 graecum.
1435 5246 1490 5291 At
1513 5240 1650 5301 editi,
1682 5240 1958 5307 cmeputti

415 5333 825 5436 ῗέῗιιᾶῧιιεξςε
1190 5424 1201 5436 .

416 5429 445 5499 ς
479 5422 826 5499 ειξηξρεφωῇιί
849 5439 986 5499 vero.
1018 5422 1236 5499 subjecit
1397 5484 1409 5496 .
1450 5493 1482 5499 _-

412 5489 440 5521 ι
478 5483 619 5543 Editi,
642 5484 819 5535 carnis.
847 5493 903 5536 At
926 5483 1030 5537 διεδ.
1056 5483 1239 5550 plures,
1274 5484 1424 5537 carni.
1449 5486 1666 5537 Nonnulli
1694 5500 1814 5538 vero
1847 5501 1957 5539 eam

337 5553 876 5624 νοςίὶαξρτειθτθηιιε-
933 5618 983 5624 ,ν
1065 5611 1074 5622 .
1130 5598 1227 5624 η.
1587 5611 1598 5621 .
1666 5611 1694 5624 ..
1820 5612 1831 5624 .

409 5598 437 5646 ἱ
458 5598 608 5669 adiit,
632 5609 1163 5684 cum‘r‘itiis._rraecipui
1187 5598 1319 5674 Mss,
1338 5624 1447 5664 cum
1468 5611 1797 5676 passionibus;
1812 5612 1955 5677 juxta

334 5671 1127 5742 σεωωνδξσιιοίεραωένηαέὶ,

2127 5490 2147 5560 ξ
2170 5487 2336 5560 Plures
2354 5495 2480 5560 Msst,
2496 5483 2804 5560 adjtmqimus
2825 5486 2902 5539 his
2922 5488 3123 5560 credere
3143 5499 3243 5560 nos.
3259 5486 3485 5560 nonnulli
3502 5500 3652 5560 vero,

2253 5550 2385 5620 imus,
2410 5547 2471 5621 ut
2486 5547 2812 5621 convenit,.sic
2836 5551 3036 5600 credere
3063 5563 3173 5621 nos,
3187 5547 3383 5621 Quidam
3402 5549 3648 5611 denique,

2253 5550 2264 5560 '
2369 5584 2385 5609 ,
2410 5555 2463 5598 ut
2486 5549 2717 5608 convenit,
2740 5549 2812 5599 sic
2836 5551 3036 5600 credere
3063 5563 3173 5621 nos.
3187 5549 3383 5605 Quidam
3402 5549 3433 5597 d

2060 5549 2386 5675 sgiungimus,
2411 5616 2463 5660 ut
2483 5607 2595 5670 scis,
2622 5610 2821 5675 credere
2844 5624 2926 5660 nos
2953 5623 2970 5660 :
2993 5624 3090 5659 non
3112 5621 3268 5659 minus
3289 5611 3437 5659 bene.

2127 5670 2151 5707 ί
2172 5670 2273 5728 Ain.
2296 5678 2371 5723 Fr.
2394 5679 2512 5724 Dan.
2538 5678 2591 5723 et
2610 5670 2780 5737 plures
2800 5678 2927 5735 uss,
2953 5683 3079 5734 quat.
3130 5744 3137 5747 _
