4124 6206
438 248 550 322 uno

447 376 616 436 sartio
639 372 970 446 attenuatis,
997 380 1052 433 et
1077 386 1218 431 nunc
1244 388 1349 429 una
1387 381 1469 428 est
1493 371 1701 426 vinculo
1723 365 2017 435 charltatis,

451 482 571 541 qua:
589 474 699 524 tota
724 468 957 523 instituta
977 475 1060 522 est
1077 466 1143 520 ad
1171 464 1452 519 colendum
1474 476 1634 519 unum
1657 458 1842 516 Deum.
1872 454 2025 514 Unde

448 576 549 619 nec
580 570 706 627 tota,
736 575 834 616 nec
853 560 956 615 ulla
985 574 1107 629 pars
1142 559 1257 627 ejus
1287 558 1401 612 vult
1422 571 1481 612 se
1507 555 1608 611 coli
1636 567 1734 627 pro
1763 553 1890 618 Deo,
1923 564 2024 608 nec

446 652 694 719 cuiquam
720 660 839 705 esse
875 650 1014 703 Deus
1047 646 1329 718 pertinenti
1358 645 1424 701 ad
1451 646 1702 714 templum
1734 642 1851 711 Dei,
1882 640 2024 714 quod

444 742 740 799 aedificatur
764 755 827 796 ex
853 740 956 795 diis
986 754 1120 810 quos
1148 737 1275 793 facit
1300 752 1408 794 non
1437 737 1607 793 factus
1631 735 1794 793 Deus.
1824 737 1901 791 Ac
1929 746 2023 805 per

447 834 547 889 hoc
572 832 797 904 Spiritus
844 840 1060 886 sanctus
1098 830 1142 886 si
1165 839 1428 898 creatura,
1464 843 1571 884 non
1588 836 1816 895 creator,
1857 834 2020 894 esset,

443 918 682 993 profecto
741 928 984 976 creatura
1033 917 1311 975 rationalis
1353 926 1525 985 esset;
1585 917 1699 988 ipsa
1754 925 1838 973 est
1879 914 2022 983 enim

443 1030 650 1072 summa
675 1024 916 1071 creatura
935 1015 973 1068 ι.
1007 1015 1071 1069 Ει
1105 1014 1226 1069 ideo
1256 1014 1306 1067 in
1337 1013 1538 1083 Regula
1573 1011 1696 1067 lidci
1722 1026 1827 1067 non
1857 1025 2022 1082 pones

442 1114 590 1162 retur
623 1114 748 1162 ante
782 1105 1090 1171 Ecclesium,
1123 1107 1244 1176 quia
1269 1111 1323 1160 et
1349 1105 1464 1174 ipse
1485 1103 1552 1159 ad
1583 1102 1873 1158 Ecclesium
1895 1115 2020 1173 per-

442 1198 637 1253 tineret
671 1199 722 1252 in
756 1197 844 1253 illa
888 1197 1003 1268 ejus
1030 1205 1176 1266 parte
1213 1210 1329 1267 qua:
1370 1196 1422 1250 in
1451 1197 1601 1252 cmlis
1643 1203 1743 1251 est.
1777 1192 1885 1249 Nec
1922 1192 2021 1247 ha-

441 1288 591 1344 beret
621 1290 895 1359 templum,
924 1288 1018 1343 sed
1044 1290 1203 1344 etiam
1232 1288 1348 1357 ipse
1373 1286 1627 1357 templum
1661 1294 1822 1341 esset.
1864 1282 2023 1339 Tem-

442 1380 587 1451 plum
623 1392 800 1436 autem
829 1380 1009 1445 habet,
1052 1380 1119 1435 de
1152 1395 1258 1449 quo
1283 1379 1411 1434 dicit
1439 1375 1764 1448 Apostolus:
1796 1373 2019 1430 Nescitis

442 1474 562 1543 quia
587 1489 800 1544 corpora
824 1482 984 1528 vestra
1005 1472 1243 1542 templum
1263 1481 1377 1525 sunt
1405 1469 1630 1536 Spiritus
1657 1468 1837 1535 sancti,
1869 1466 1954 1538 qui
1969 1469 2022 1521 in

440 1564 578 1619 vobis
609 1574 703 1631 est,
739 1580 884 1634 quem
927 1562 1115 1617 habetis
1164 1578 1194 1615 a
1230 1561 1381 1615 Deo?
1424 1560 1496 1617 De
1524 1560 1715 1631 quibus
1759 1559 1864 1614 alio
1902 1558 2020 1613 loco

442 1654 569 1710 dicit
599 1672 611 1709 :
642 1654 862 1708 Nescitis
884 1654 1001 1725 quia
1027 1669 1239 1724 corpora
1280 1662 1443 1707 vestra
1468 1653 1692 1706 membra
1719 1660 1835 1706 sunt
1875 1648 2021 1705 Chri-

441 1746 503 1800 sti
529 1745 570 1819 (l
591 1744 709 1801 Cor.
744 1761 819 1813 vr,
846 1746 931 1811 l9,
964 1745 1095 1816 15)?
1121 1744 1397 1813 Quomodo
1435 1758 1562 1814 ergo
1591 1744 1728 1798 Deus
1766 1757 1871 1797 non
1915 1746 2017 1806 est,

442 1842 531 1913 qui
579 1843 831 1912 templum
875 1841 1072 1896 habet?
1110 1850 1201 1894 aut
1243 1841 1415 1894 minor
1463 1838 1673 1894 Christo
1716 1848 1817 1905 est,
1869 1836 2019 1905 cujus

443 1933 677 1989 membra
707 1934 961 2003 templum
1000 1933 1189 1987 habet?
1216 1930 1398 2001 Neque
1422 1934 1562 1987 enim
1591 1930 1732 1985 aliud
1765 1930 2017 1999 templum

440 2022 578 2093 ejus,
607 2020 747 2077 aliud
775 2024 1025 2092 templum
1071 2022 1163 2077 Dei
1207 2032 1309 2087 est,
1349 2038 1467 2076 cum
1519 2022 1658 2076 idem
1703 2022 1844 2075 dicat
1874 2019 2017 2089 Apo-

438 2116 626 2182 stolus,
660 2112 880 2171 Nescitis
902 2117 1021 2184 quia
1048 2116 1284 2186 templum
1324 2116 1418 2169 Dei
1454 2117 1571 2170 estis
1594 2133 1612 2169 :
1636 2114 1776 2186 quod
1807 2123 1863 2167 ut
1894 2129 2016 2183 pro-

439 2204 607 2271 baret,
633 2207 843 2277 adjecit,
879 2204 947 2261 Et
978 2206 1202 2277 Spiritus
1227 2207 1321 2261 Dei
1351 2206 1537 2260 ltabitat
1564 2208 1616 2260 iu
1644 2205 1778 2260 vobis
1805 2203 1917 2275 (Id.
1936 2219 2014 2271 ill,

443 2296 552 2369 ιο).
590 2298 727 2355 Deus
768 2312 894 2371 ergo
936 2298 1137 2354 habitat
1185 2301 1236 2353 in
1283 2301 1479 2369 templo
1526 2314 1645 2365 suo,
1693 2313 1798 2352 non
1846 2297 2016 2350 solum

435 2390 664 2461 Spiritus
697 2400 930 2459 sanctus,
953 2392 1046 2447 sed
1072 2392 1228 2447 etiam
1258 2391 1416 2447 Pater
1446 2401 1499 2447 et
1523 2392 1705 2455 Filius,
1744 2390 1834 2461 qui
1857 2389 2017 2444 etiam

434 2478 505 2539 de
535 2496 760 2554 corpore
789 2498 903 2549 suo,
933 2498 1026 2553 per
1053 2484 1194 2554 quod
1229 2482 1398 2538 factus
1437 2490 1519 2537 est
1552 2491 1711 2552 caput
1742 2481 2013 2547 Ecclesiae,

434 2588 552 2646 quae
576 2574 629 2631 in
658 2575 958 2632 hominibus
985 2586 1087 2645 est,
1121 2583 1177 2629 ut
1200 2578 1263 2630 sit
1283 2578 1391 2647 ipse
1410 2578 1463 2629 iu
1498 2575 1725 2629 omnibus
1747 2574 2018 2645 primatum

434 2674 606 2721 tenens
643 2666 857 2740 (Coloss.
887 2683 924 2734 1,
955 2667 1063 2737 18),
1096 2667 1189 2730 ait,
1233 2665 1424 2720 Solvite
1452 2666 1692 2735 templum
1722 2665 1834 2729 hoc,
1877 2671 1923 2718 et
1965 2665 2018 2717 in

433 2755 603 2811 triduo
647 2754 893 2811 suscitabo
932 2755 1061 2810 illud
1096 2753 1271 2828 (Joan.
1311 2771 1365 2821 ιι,
1418 2753 1528 2825 l9).
1569 2754 1848 2822 Templum
1890 2769 2017 2824 ergo

436 2845 554 2911 Dei,
586 2845 688 2901 hoc
720 2854 802 2902 est
829 2846 991 2901 totius
1016 2859 1238 2900 summa:
1262 2844 1555 2909 Trinitatis,
1588 2852 1771 2899 sancta
1809 2852 1891 2900 est
1915 2845 2016 2899 Ec-

432 2936 618 3004 clesia,
644 2936 846 2993 scilicet
866 2937 1111 2993 universa
1142 2938 1194 2992 in
1216 2938 1353 2994 caelo
1382 2945 1435 2993 et
1460 2939 1514 2992 in
1535 2945 1696 2993 terra.

503 3024 728 3087 CAPUT
764 3026 921 3085 LVII.
953 3060 1027 3071 —
1051 3029 1313 3085 Slabilitas
1358 3026 1600 3085 Ecclesia:
1631 3029 1861 3085 caelestis.
1909 3028 2015 3086 Sed

431 3119 501 3177 de
539 3121 627 3176 illa
670 3133 789 3191 qum
838 3120 890 3177 in
928 3122 1068 3177 cmlo
1103 3130 1204 3188 est,
1244 3121 1509 3178 afﬁrmare
1537 3123 1663 3193 quid
1709 3133 2011 3193 possumus,

434 3213 538 3269 nisi
567 3213 706 3285 quod
738 3214 913 3269 nullus
938 3215 991 3269 in
1021 3230 1083 3270 ea
1114 3216 1280 3270 malus
1297 3224 1398 3281 est,
1426 3232 1524 3271 nec
1554 3217 1832 3287 quisquam
1859 3216 2012 3272 deiu-

431 3308 562 3379 Eeps
602 3304 725 3365 inde
766 3307 958 3365 cecidit
996 3318 1086 3366 aut
1132 3324 1353 3366 casurus
1384 3318 1487 3378 est,
1519 3323 1585 3367 ex
1613 3326 1717 3383 quo
1748 3306 1888 3363 Deus
1917 3327 2011 3364 an—

431 3394 556 3468 gelis
581 3400 896 3470 peccantibus
935 3418 1036 3455 non
1075 3404 1312 3472 pepercit,
1359 3403 1493 3457 sicut
1533 3403 1716 3458 scribit
1741 3403 2013 3475 apostolus

431 3484 620 3547 Petrus
646 3509 660 3557 ;
705 3492 795 3547 sed
815 3493 1097 3548 carceribus
1123 3495 1353 3566 caliginis
1385 3494 1537 3566 inferi
1563 3497 1824 3552 retrudens
1848 3496 2010 3552 tradi-

431 3583 511 3637 dit
529 3578 582 3636 tu
601 3580 799 3654 judicio
827 3584 1103 3656 puniendos
1126 3586 1368 3642 reservari
1386 3586 1451 3659 (Il
1479 3586 1622 3643 Pelr.
1648 3606 1705 3656 11,
1735 3588 1832 3661 4)?

500 3670 734 3734 CAP'U'I'
766 3672 946 3734 LVI".
969 3710 1039 3721 —
1060 3680 1371 3752 Angelorum
1411 3698 1523 3752 qua:
1562 3684 1661 3738 sint
1688 3678 2008 3751 cli/ferentia,

431 3773 487 3824 et
504 3784 570 3824 an
605 3768 787 3843 Angeli
811 3772 912 3827 sint
937 3772 1126 3841 sidera,
1153 3773 1416 3830 incertum.
1445 3774 1725 3843 Quomodo
1749 3786 1925 3833 autem
1949 3788 2012 3835 se

431 3857 627 3916 habeat
649 3860 951 3919 beatissima
992 3862 1079 3918 illa
1118 3871 1173 3921 et
1212 3881 1441 3937 superna
1491 3864 1740 3936 societas,
1779 3883 1897 3939 quae
1937 3868 2013 3924 ibi

434 3950 539 4007 sint
562 3950 873 4011 differentia:
900 3958 1363 4028 praepositurarum
1380 3956 1423 4026 ’,
1448 3967 1506 4013 ut
1524 3975 1643 4015 cum
1674 3975 1861 4016 omnes
1889 3970 2009 4016 tan-

428 4054 586 4114 quam
613 4048 847 4117 generali
876 4050 1089 4104 nomine
1134 4050 1316 4121 Angeli
1359 4061 1730 4122 nuncupentur
1758 4051 1920 4122 (sicut
1954 4052 2011 4109 in

431 4128 664 4207 Epistula
705 4138 769 4192 ad
815 4138 1063 4196 Hebraeos
1108 4142 1330 4212 legimus
1358 4161 1372 4198 :
1399 4142 1491 4198 Cui
1534 4145 1666 4199 enim
1703 4143 2013 4217 Angelorum

433 4228 559 4283 dixit
599 4228 889 4301 aliquando.
938 4228 1071 4287 Sede
1113 4251 1145 4286 a
1188 4234 1376 4290 dextris
1418 4236 1541 4291 meis
1572 4235 1754 4307 (Hebr.
1797 4255 1835 4304 1,
1884 4240 2009 4310 l5)?

430 4312 533 4374 hoc
554 4322 748 4391 quippe
774 4320 930 4376 modo
954 4320 1267 4395 signiﬁcavit
1296 4344 1480 4383 omnes
1511 4329 1882 4385 universaliter
1902 4332 2011 4386 An-

428 4411 577 4481 gelos
621 4409 768 4481 dici),
817 4414 922 4467 sint
974 4423 1151 4471 tamen
1196 4416 1302 4473 illic
1339 4419 1658 4488 Arehangeli
1689 4437 1701 4471 :
1731 4432 1785 4475 et
1831 4430 2010 4476 utrum

429 4501 587 4558 iidem
616 4504 929 4574 Areliangeli
961 4506 1296 4576 appellentur
1331 4508 1561 4565 Virtutes
1586 4527 1600 4573 ;
1629 4522 1787 4581 atque
1826 4511 1897 4565 ita
1924 4511 2009 4567 di-

427 4598 573 4649 c‘tum
619 4595 706 4659 sit,
750 4593 979 4650 Laudate
1024 4615 1158 4667 eum,
1206 4616 1374 4653 omnes
1414 4600 1594 4673 Angeli
1622 4605 1767 4673 ejus;
1804 4603 2013 4659 laudate

362 4688 367 4691 ’
428 4702 560 4755 eum,
593 4704 762 4741 omnes
802 4687 1015 4742 Virtutes
1044 4690 1151 4759 ejus
1192 4691 1362 4763 (Psal.
1400 4708 1620 4760 cxuvm,
1647 4693 1703 4762 2)
1724 4711 1738 4759 ;
1763 4711 1825 4750 ae
1854 4696 1896 4749 si
1925 4695 2010 4750 di-

427 4778 655 4845 eeretttr,
708 4775 937 4834 Laudato
980 4796 1101 4834 eum
1152 4796 1342 4837 omnes
1388 4785 1573 4853 Angeli
1619 4786 1755 4854 ejus,
1802 4785 2011 4843 laudate

427 4885 546 4924 eum
576 4886 761 4925 omnes
793 4872 1105 4943 Archnngeli
1143 4872 1260 4941 ejus
1285 4891 1297 4926 :
1321 4883 1375 4928 et
1399 4875 1521 4943 quid
1556 4877 1695 4930 inter
1720 4895 1777 4931 se
1812 4877 2013 4933 distent

426 4972 652 5033 quatuor
695 4962 779 5015 illa
807 4962 1078 5029 voeabula,
1120 4964 1313 5033 quibus
1343 4965 1641 5019 univer~am
1687 4968 1852 5036 ipsam
1894 4984 2003 5022 εω-

428 5050 615 5106 Ieslem
640 5053 948 5110 societatem
982 5053 1189 5109 videtur
1227 5057 1498 5128 \pnstolus
1525 5073 1643 5111 esse
1672 5058 2003 5127 complexus,

427 5134 672 5211 dicendo,
716 5143 831 5197 Sive
877 5146 1050 5207 Sedes,
1090 5150 1191 5201 sive
1221 5145 1622 5215 Dominationes,
1666 5149 1767 5204 sive
1807 5148 2011 5204 Princi-

426 5243 591 5302 patus,
639 5235 742 5288 sive
771 5232 1045 5291 Potestates
1073 5238 1293 5305 (Coloss.
1325 5256 1361 5305 ι,
1392 5240 1502 5310 lii),
1551 5240 1731 5295 dicant
1769 5243 1857 5311 qui
1888 5258 2008 5310 pos-

426 5336 573 5396 sunt,
605 5328 650 5384 si
682 5337 859 5384 tamen
888 5340 1109 5399 possunt
1130 5332 1353 5402 probare
1383 5330 1521 5401 quod
1544 5333 1760 5389 dicunt:
1790 5350 1890 5407 ego
1920 5351 2007 5391 me

485 5566 507 5635 ξ
529 5567 605 5635 sic
623 5572 727 5635 Mss.
755 5574 810 5621 At
835 5566 967 5631 editi,
998 5576 1102 5635 Ipse
1121 5570 1249 5622 enim
1267 5573 1389 5635 esset
1401 5580 1591 5622 suum
1608 5578 1847 5635 ereptura.

485 5632 507 5662 ³
529 5630 671 5702 aditi,
678 5630 1029 5702 personarum!
1044 5640 1098 5683 At
1120 5642 1224 5685 MSS.
1251 5632 1494 5697 plerique,
1520 5634 1953 5702 prepositurarum
1985 5646 2015 5690 .'

421 5696 477 5743 ot
495 5691 729 5757 nonnulli.
747 5693 1128 5759 propositorum.

1996 5860 2109 5879 ἄνφ-η

944 255 1394 325 ENCHlRlDION,
1434 251 1587 313 SIVE
1629 254 1714 311 DE
1750 248 1926 317 FIDE,
1969 244 2097 308 SPE
2137 238 2228 306 ET
2263 238 2677 319 CllARlTATE,
2722 251 2780 307 S.
2824 249 3201 309 AUGUSTINI

2135 365 2237 420 ista
2272 365 2516 436 ignorare
2549 368 2825 423 conﬁteor.
2867 370 2970 425 Sed
3002 384 3070 425 ne
3095 368 3222 426 illud
3251 369 3464 442 quidem
3500 378 3709 430 certum

2132 453 2324 522 habeo,
2351 463 2528 512 utrum
2556 458 2623 513 ad
2652 459 2892 514 mmdem
2915 464 3219 516 societatem
3237 460 3535 532 pertineant
3549 463 3632 520 sol
3646 467 3705 521 et

2131 546 2253 602 luna
2282 555 2337 603 et
2362 556 2552 605 cuneta
2574 548 2748 605 sidera
2777 564 2790 604 ε
2818 552 3059 621 quamvis
3088 553 3355 610 nonnullis
3382 553 3559 610 lucida
3583 564 3708 612 cor-

2131 648 2260 710 pora
2297 650 2438 709 esse,
2470 654 2577 697 non
2608 646 2730 698 eum
2771 644 3046 706 sensuve!
3076 644 3442 717 intelligentia,
3478 645 3704 704 videam-

2130 737 2218 784 tar
2244 728 2341 801 (α).

2198 820 2425 878 caper
2461 822 2597 879 LIX.
2624 846 2697 865 --
2723 824 3029 895 Angelorttnt
3074 827 3246 897 qualia
3292 827 3392 882 an:
3434 829 3489 883 in
3526 826 3709 900 quibus

2129 924 2473 983 apparuerunt
2502 926 2736 986 corpora,
2765 917 2968 987 dimsite
3004 920 3304 990 explicatur.
3341 919 3576 992 Itemque
3612 938 3708 977 au-

2127 1004 2231 1073 geli
2260 1006 2379 1075 quis
2402 1007 2632 1076 explicet
2656 1018 2778 1063 cum
2816 1009 3058 1079 qualibus
3099 1010 3413 1080 corporibus
3440 1024 3706 1084 apparuea

2128 1094 2238 1149 rint
2274 1095 2600 1166 homiuibus,
2646 1108 2707 1155 ut
2758 1112 2865 1155 non
2908 1101 3080 1156 solum
3124 1112 3485 1169 cernerentur,
3518 1116 3706 1160 verum

2128 1187 2286 1240 etiam
2308 1194 2685 1259 iungerentur;
2715 1198 2771 1247 et
2807 1200 2990 1248 rursus
3022 1208 3128 1248 non
3156 1194 3324 1251 solida
3350 1196 3700 1267 corpulentia,

2128 1276 2223 1332 Sed
2249 1280 2508 1348 Spirituali
2547 1284 2779 1352 petentia
2802 1285 3055 1355 quasdam
3083 1287 3335 1354 visiones,
3385 1300 3489 1344 non
3538 1288 3709 1345 oculis

2129 1374 2421 1442 corporeis,
2471 1376 2564 1429 sed
2609 1377 2989 1446 spiritualibus,
3022 1380 3108 1435 vel
3140 1381 3410 1437 mentibus
3438 1383 3702 1453 ingemat,

2127 1463 2211 1517 vel
2233 1463 2411 1520 dicant
2434 1468 2628 1537 aliquid
2657 1483 2761 1524 non
2790 1468 2856 1524 ad
2887 1486 3067 1527 aurem
3100 1471 3413 1543 forinsecus,
3439 1472 3532 1532 sed
3560 1477 3704 1533 intus

2128 1554 2181 1609 in
2240 1557 2418 1611 animo
2464 1559 2750 1626 hominis‘,
2798 1565 2956 1618 etiam
3007 1564 3105 1635 ipsi
3145 1566 3345 1622 ibidem
3392 1568 3704 1625 constituti:

2128 1648 2264 1703 sicut
2303 1651 2556 1721 scriptum
2607 1663 2690 1710 est
2735 1657 2785 1709 in
2829 1656 3211 1727 Prophetarum
3254 1659 3410 1729 libro,
3466 1660 3536 1717 Et
3578 1662 3709 1719 dixit

2129 1740 2252 1794 mihi
2285 1744 2491 1813 angelus
2532 1747 2617 1816 qui
2654 1746 2944 1819 loquebatur
2972 1749 3026 1803 in
3068 1765 3147 1805 me
3187 1748 3369 1823 (Zach.
3396 1767 3435 1819 1,
3468 1752 3566 1825 9):
3595 1771 3703 1810 non

2128 1832 2269 1887 enim
2312 1836 2404 1901 ait,
2450 1836 2537 1907 qui
2582 1839 2895 1910 loquebatur
2940 1836 3006 1897 ad
3046 1857 3169 1907 me;
3220 1840 3333 1909 sed,
3372 1844 3425 1900 in
3470 1860 3567 1900 me.
3608 1844 3706 1903 Vel

2127 1936 2414 1995 appareant
2438 1931 2563 1984 etin
2587 1934 2808 1998 somnis,
2833 1940 2887 1988 et
2909 1933 3279 2005 colloquantur
3302 1951 3448 1993 more
3474 1943 3708 1994 somnio-

2128 2030 2283 2072 rum:
2313 2019 2570 2076 habemus
2616 2025 2809 2094 quippe
2850 2026 2904 2080 in
2942 2024 3261 2097 'Evangelio,
3316 2026 3449 2084 Ecce
3488 2032 3708 2103 Angelus

2126 2107 2335 2164 Domini
2359 2112 2599 2183 apparuit
2624 2112 2704 2169 illi
2740 2114 2793 2169 in
2829 2116 3037 2184 somnis,
3073 2116 3241 2174 dicens
3273 2116 3497 2193 (Matth.
3526 2135 3563 2189 t,
3589 2123 3702 2194 20).

2130 2198 2224 2253 llis
2276 2202 2415 2255 enim
2461 2204 2633 2261 modis
2661 2205 2804 2260 velut
2835 2206 3067 2272 indicant
3108 2225 3168 2265 se
3195 2211 3367 2283 angeli
3407 2222 3705 2269 contrecta-

2126 2287 2251 2341 bilia
2296 2306 2521 2361 corpora
2567 2306 2672 2348 non
2720 2294 2916 2352 habere
2945 2312 2959 2350 :
2986 2297 3292 2370 iaciuntque
3337 2299 3705 2359 difﬁcillimam

2126 2383 2509 2450 quaestionem,
2573 2387 2843 2456 quomodo
2892 2398 3069 2458 patres
3128 2391 3205 2445 eis
3267 2391 3427 2460 pedes
3478 2388 3709 2449 laverint

2127 2470 2278 2541 (Gen.
2329 2488 2474 2542 xvut,
2508 2477 2561 2543 4,
2606 2483 2657 2530 et
2682 2492 2791 2544 nx,
2832 2477 2915 2549 Ω),
2943 2481 3212 2549 quomodo
3248 2481 3413 2537 Jacoh
3449 2496 3567 2538 cum
3612 2498 3709 2539 an»

2128 2566 2246 2635 gelo
2272 2576 2378 2621 tam
2405 2568 2574 2624 solida
2598 2571 3019 2628 contrectatione
3045 2574 3271 2629 luctatus
3294 2574 3364 2630 sit
3394 2572 3505 2646 (Id.
3528 2586 3702 2643 χχιιι,

2126 2655 2242 2727 24).
2271 2656 2404 2712 Cum
2446 2660 2543 2713 ista
2573 2672 2902 2730 qumruntur,
2935 2672 2989 2718 et
3012 2679 3074 2719 ea
3101 2666 3237 2720 sicut
3263 2674 3453 2736 potest,
3485 2667 3707 2740 quisque

2125 2748 2408 2817 conjectat,
2459 2762 2563 2803 non
2607 2751 2866 2808 inutiliter
2904 2762 3222 2810 exercentur
3258 2756 3488 2827 ingenia,
3534 2759 3579 2813 si
3613 2759 3707 2815 ad-

2125 2836 2371 2893 hibeatur
2416 2840 2730 2912 disceptatio
2770 2844 3062 2910 moderata,
3108 2854 3162 2902 et
3211 2846 3348 2903 absit
3392 2864 3547 2903 error
3584 2850 3704 2921 opi-

2124 2932 2365 2985 nantium
2407 2945 2465 2987 se
2496 2934 2633 2989 scire
2658 2935 2799 3003 quod
2832 2932 3094 2992 nesciunt.
3127 2937 3266 3006 Quid
3291 2939 3432 2994 enim
3459 2955 3593 3011 opus
3624 2950 3707 2996 est

2126 3030 2183 3076 ut
2211 3023 2328 3079 hmo
2369 3035 2528 3095 atque
2572 3027 2877 3097 hujusmodi
2905 3029 3261 3097 aiﬁrmentur,
3293 3035 3373 3088 vel
3419 3044 3699 3105 negentur,

2123 3118 2209 3171 vel
2230 3116 2553 3174 deﬁniuntur
2577 3133 2698 3175 cum
2728 3118 3056 3192 discrimine,
3077 3124 3292 3194 quando
3330 3127 3446 3183 sine
3478 3127 3705 3184 crimine

2123 3210 2469 3266 nesciunturl

2194 3296 2422 3358 CAPUT
2459 3303 2570 3357 LX.
2597 3305 2779 3360 --16.
2821 3305 2967 3359 Artes
2994 3314 3186 3361 satana
3214 3310 3623 3380 transﬁgurantis
3650 3326 3707 3367 sc

2122 3403 2179 3452 at
2201 3396 2436 3470 angelum
2465 3397 2612 3464 lucis,
2642 3397 2815 3451 utilius
2842 3398 3227 3469 dignascuntur.
3269 3400 3434 3472 Magis
3465 3418 3595 3474 opus
3620 3411 3705 3460 est

2121 3489 2414 3560 dijudicare
2448 3498 2608 3561 atque
2633 3489 2965 3562 dignoscere,
3006 3505 3127 3549 cum
3153 3506 3212 3548 se
3241 3503 3454 3550 satanas
3486 3495 3702 3552 transil-

2120 3591 2274 3654 gurat
2311 3582 2455 3639 velut
2498 3584 2744 3655 angelum
2789 3585 2922 3641 lucis
2970 3585 3176 3660 (llCor.
3220 3584 3443 3664 1:1,“),
3494 3602 3562 3647 ne
3606 3584 3706 3648 fal-

2121 3672 2281 3729 lendo
2305 3673 2372 3729 ad
2395 3674 2564 3745 aliqua
2593 3675 2888 3745 perniciesa
2916 3675 3155 3734 sedueat.
3183 3679 3315 3736 Nam
3347 3683 3560 3754 quando
3582 3696 3704 3741 sen-

2120 3765 2476 3834 suscorporis
2513 3766 2662 3833 fallit,
2703 3775 2935 3823 mentem
2964 3782 3091 3825 vero
3138 3786 3243 3827 non
3286 3783 3466 3830 movet
3505 3788 3534 3829 a
3576 3786 3701 3833 vera

2120 3862 2372 3929 rectaque
2395 3859 2679 3928 sententia,
2709 3874 2811 3932 qua
2850 3863 3076 3934 quisque
3095 3865 3265 3921 vitam
3305 3862 3514 3925 fidelem
3543 3872 3700 3941 gerit,

2119 3951 2324 4007 nullum
2352 3960 2436 4008 est
2479 3953 2535 4008 in
2575 3952 2830 4026 religione
2860 3956 3153 4026 periculum
3180 3976 3195 4014 :
3221 3959 3303 4015 vel
3334 3974 3455 4015 cum
3499 3972 3558 4017 se
3600 3961 3702 4019 ho»

2121 4052 2249 4097 num
2281 4042 2507 4115 ﬁngens,
2550 4060 2612 4101 ea
2653 4045 2781 4101 facit
2817 4045 2929 4103 sive
2958 4047 3113 4114 dicit,
3159 4064 3277 4120 qua:
3305 4051 3459 4106 bonis
3499 4053 3702 4125 angelis

2120 4146 2437 4207 congruunt,
2479 4138 2636 4193 etiam
2683 4138 2729 4194 si
2772 4139 3020 4196 credatur
3048 4142 3238 4212 bonus,
3286 4158 3393 4199 non
3429 4155 3510 4201 est
3552 4162 3703 4204 error

2121 4225 2424 4283 christiana:
2451 4229 2571 4283 fidei
2602 4229 2930 4300 periculosus
2966 4242 3056 4288 aut
3085 4235 3375 4292 morbidus.
3409 4237 3539 4293 Cum
3573 4252 3699 4293 vero

2122 4333 2219 4388 per
2244 4317 2359 4372 haec
2387 4319 2557 4374 aliena
2601 4321 2665 4375 ad
2695 4336 2787 4377 sua
2827 4322 3012 4394 incipit
3049 4324 3265 4391 ducere,
3298 4335 3422 4383 tunc
3460 4342 3583 4383 eum
3612 4328 3698 4382 di-

2118 4424 2401 4481 gnoscere,
2452 4428 2553 4468 nec
2590 4413 2668 4469 ire
2709 4423 2826 4484 post
2873 4430 3016 4485 eum,
3065 4434 3253 4492 magna
3301 4428 3354 4476 et
3401 4422 3698 4491 necessaria

2121 4501 2390 4572 vigilantia
2418 4510 2519 4557 est.
2562 4503 2667 4558 Sed
2704 4507 3123 4578 quotusquisque
3171 4508 3442 4566 hominum
3476 4510 3700 4568 idoneus

2120 4600 2205 4647 εει
2233 4606 2419 4647 omnes
2461 4593 2765 4651 mortiferus
2793 4598 2906 4667 cjus
2931 4599 3083 4654 dolos
3127 4600 3370 4668 evadere,
3414 4602 3514 4658 nisi
3552 4614 3701 4675 rogat

2120 4693 2280 4753 atque
2317 4692 2524 4739 tueatur
2551 4684 2726 4742 Deus?
2756 4687 2821 4741 Et
2851 4690 2960 4757 ipsa
3000 4691 3154 4760 hujus
3199 4695 3275 4749 rei
3307 4692 3591 4751 difﬁcultas
3632 4702 3697 4752 ad

2122 4775 2224 4831 hoc
2249 4782 2331 4832 est
2354 4778 2518 4843 utilis,
2548 4794 2612 4833 ne
2633 4781 2703 4835 sit
2726 4795 2849 4850 spes
2870 4783 2967 4837 sibi
2998 4783 3243 4856 quisque,
3273 4796 3361 4843 aut
3384 4788 3543 4846 hoino
3564 4792 3701 4847 alter

2118 4867 2296 4930 alteri.
2325 4868 2417 4923 sed
2451 4870 2587 4923 Deus
2630 4872 2740 4924 suis
2767 4872 3034 4929 omnibus.
3066 4875 3120 4930 Id
3159 4878 3299 4933 enim
3341 4879 3496 4936 nobis
3523 4880 3698 4951 pctius

2118 4960 2371 5026 expedire
2399 4974 2617 5030 prorsus
2643 4964 2845 5031 piorum
2879 4964 3095 5036 ambigit
3127 4954 3304 5026 nemo.

2191 5048 2416 5105 CAPUT
2468 5051 2598 5105 LXI.
2626 5080 2696 5092 -—
2723 5054 2952 5111 Ecclesia
2994 5058 3048 5111 in
3090 5059 3299 5132 Angelis
3339 5068 3388 5115 et
3427 5063 3479 5114 in
3527 5060 3698 5119 Immi-

2120 5144 2286 5197 uibus.
2328 5141 2558 5199 Christus
2598 5163 2690 5213 pro
2716 5150 2906 5219 angelis
2950 5167 3050 5204 non
3078 5161 3151 5204 est
3180 5163 3421 5225 mortuus.
3478 5152 3698 5224 Angelos

2117 5241 2370 5305 quomodo
2396 5246 2587 5303 spectat
2617 5239 2882 5293 hominum
2910 5242 3206 5309 redauptio.
3264 5241 3388 5297 Haec
3410 5254 3542 5311 ergo
3575 5256 3697 5315 quae

2120 5327 2173 5381 in
2218 5329 2416 5383 sanctis
2463 5330 2676 5400 Angelis
2722 5342 2776 5386 et
2820 5331 3114 5387 Virtutibus
3162 5334 3257 5388 Dei
3303 5347 3385 5390 est
3432 5330 3691 5407 Ecclesia,

2121 5425 2248 5474 tunc
2291 5419 2443 5475 nobis
2488 5421 2642 5476 sicuti
2682 5432 2765 5478 est
2810 5422 3129 5488 innotescat,
3167 5436 3288 5479 cum
3330 5427 3380 5482 ei
3420 5428 3696 5499 conjuncti

2181 5632 3015 5689 ’Mss.sedinlusattimhominis.

2179 5698 2253 5763 (α)
2288 5699 2386 5749 \‘id.
2412 5698 2498 5750 lib.
2520 5699 2581 5751 ad
2600 5698 2817 5751 Orosium
2837 5708 3002 5752 contra
3018 5699 3412 5769 Priscmlanlsns,
3428 5700 3634 5770 «p.41.
