4124 6206
326 231 413 293 ιω
1728 221 1935 284 LIBER
1969 221 2171 285 UNUS.

328 343 565 402 [mutnus
606 341 661 399 in
687 340 869 407 linem,
900 338 966 396 ad
995 337 1153 397 simul
1180 336 1482 397 habendam
1510 339 1891 399 beatitudinem

327 436 713 505 sempiternam.
755 433 858 488 Ista
904 450 1034 488 vero
1063 450 1182 504 quze
1221 434 1405 490 abilla
1436 433 1811 505 peregrinatur
1835 433 1889 489 in

327 530 484 594 terris,
530 543 598 585 eo
622 527 778 583 nobis
807 528 985 583 notior
1023 535 1127 592 est,
1171 527 1312 598 quod
1357 528 1414 582 in
1462 529 1550 583 illa
1597 543 1809 596 sumus,
1836 535 1893 585 et

322 616 427 690 quia
476 619 750 675 hominum
778 627 882 684 est,
931 618 1072 688 quod
1107 627 1163 675 et
1206 634 1307 675 nos
1342 633 1547 676 sumus.
1600 620 1726 676 ﬂare
1767 635 1893 677 san-

314 710 462 780 guine
487 709 794 766 Mediatoris
817 710 1021 766 nullum
1054 709 1298 767 habentis
1323 719 1625 783 peccatum,
1651 711 1720 766 ab
1745 711 1891 768 omni

324 803 582 875 redempta
625 812 709 860 est
736 814 973 874 peccato,
1004 804 1231 875 ejusque
1253 821 1361 860 vox
1389 814 1491 873 est,
1538 805 1599 861 Si
1625 805 1767 861 Deus
1795 822 1888 875 pro

320 898 472 965 nobis,
493 898 609 969 quis
626 906 807 966 contra
831 914 925 952 nos
943 897 969 951 Ρ
997 897 1097 964 Qui
1120 896 1261 953 Filio
1286 901 1496 970 proprio
1516 915 1617 954 non
1643 899 1883 971 pepercit,

320 992 401 1048 sed
429 1007 521 1062 pro
548 991 693 1046 nobis
720 992 952 1046 omnibus
997 992 1209 1046 tradidit
1245 991 1396 1047 illum
1434 992 1615 1064 (Rom.
1643 1009 1759 1060 VIII,
1792 994 1883 1061 3i,

322 1084 425 1155 δί).
482 1082 599 1138 Non
635 1083 779 1138 enim
822 1098 919 1152 pro
948 1083 1169 1153 Angelis
1209 1092 1453 1139 mortuus
1493 1093 1576 1140 est
1617 1084 1883 1140 Christus.

317 1175 411 1233 Sed
445 1175 568 1232 ideo
589 1177 750 1232 etiam
797 1190 895 1245 pro
923 1176 1143 1246 Angelis
1187 1176 1265 1243 iit,
1317 1177 1574 1247 quidquid
1606 1177 1883 1233 hominum

317 1283 404 1340 per
430 1269 547 1338 ejus
572 1277 798 1324 mortem
828 1268 1107 1324 redimitur
1134 1277 1190 1323 et
1214 1269 1475 1345 liberatur
1492 1285 1523 1323 a
1551 1270 1713 1337 malo,
1746 1284 1884 1340 quo-

315 1361 449 1417 uiam
492 1375 616 1415 cum
643 1360 722 1415 eis
765 1359 1159 1429 quodammodo
1196 1360 1333 1415 redit
1376 1360 1429 1414 in
1470 1361 1713 1431 gratiam,
1763 1369 1886 1430 post

313 1451 607 1509 inimicitias
651 1467 786 1523 quas
824 1453 964 1506 inter
1006 1452 1247 1507 homines
1295 1462 1350 1506 ct
1393 1452 1606 1511 Sanctus
1651 1454 1884 1524 Angelos

315 1557 517 1617 peccata
559 1545 819 1610 fecerunt,
861 1554 917 1599 et
942 1560 1006 1599 ex
1048 1547 1161 1614 ipsa
1210 1546 1485 1599 hominum
1512 1545 1884 1615 redemptione

314 1640 472 1694 ruina:
497 1639 636 1693 illius
661 1638 913 1708 angelicae
937 1637 1256 1692 detrimenta
1286 1647 1621 1707 reparantur.

302 1782 303 1785 η
373 1729 593 1787 CAPUT
621 1729 781 1785 LXII.
806 1756 877 1769 —-
907 1728 1174 1793 Quomodo
1206 1730 1263 1782 in
1299 1729 1499 1783 Christo
1535 1730 1884 1784 instaurantur

309 1826 583 1888 onmia,.et
623 1824 979 1893 paciﬁcantnr.
1036 1823 1101 1876 Et
1148 1824 1330 1893 utique
1379 1832 1641 1878 noverunt
1693 1823 1879 1892 Angeli

308 1916 467 1971 uncti
504 1914 645 1970 docti
673 1916 740 1969 de
781 1916 908 1981 Deo,
938 1916 1091 1983 cujus
1129 1914 1377 1969 veritatis
1392 1926 1593 1969 acterna
1637 1925 1880 1971 contem-

308 2007 531 2078 platione
573 2005 710 2060 beati
740 2014 882 2072 sunt,
914 2006 1093 2075 quanti
1128 2006 1331 2061 numeri
1360 2008 1784 2075 sdppiemeutmn
1813 2005 1881 2062 de

303 2112 494 2168 genere
535 2096 771 2165 humano
813 2098 1085 2167 integritas
1133 2096 1274 2149 illius
1311 2097 1539 2151 civitatis
1582 2107 1875 2166 exspectet.

304 2188 524 2260 Propter
548 2188 651 2244 hoc
669 2191 744 2244 ait
768 2191 1055 2259 Apostolus
1078 2191 1353 2245 instaurari
1381 2191 1550 2243 omnia
1576 2191 1631 2243 in
1660 2190 1875 2255 Christo,

302 2298 409 2353 qua
431 2283 483 2336 in
510 2282 653 2337 stetis
672 2291 808 2347 sunt,
856 2292 901 2335 et
934 2297 1048 2352 qua:
1082 2283 1133 2334 in
1161 2282 1328 2346 terris,
1358 2282 1412 2333 in
1435 2283 1547 2351 ipso
1593 2279 1805 2351 (Ep/tes.
1839 2296 1876 2346 ι,

302 2374 408 2446 iii).
467 2373 832 2428 lnstaurantur
865 2373 1063 2443 quippe
1090 2389 1207 2443 quae
1235 2373 1285 2426 in
1310 2374 1462 2427 cmlis
1504 2381 1645 2435 sunt,
1679 2388 1799 2426 eam
1828 2372 1880 2426 id

302 2468 437 2539 quod
463 2467 589 2523 inde
612 2469 667 2522 in
689 2468 890 2538 angelis
910 2468 1114 2537 lapsum
1142 2476 1239 2531 est,
1274 2478 1342 2519 ex
1376 2466 1681 2521 hominibus
1700 2463 1879 2520 reddi-

300 2568 385 2616 tur
411 2578 427 2615 :
454 2560 815 2615 instaurantur
837 2569 1013 2615 autem
1041 2572 1160 2629 qua:
1191 2560 1242 2612 in
1272 2559 1432 2613 terris
1455 2568 1597 2624 sunt,
1626 2573 1749 2613 cum
1780 2558 1878 2627 ipsi

299 2650 545 2708 homines
568 2653 657 2724 qui
688 2653 1046 2723 praedestinati
1084 2661 1209 2707 sunt
1249 2652 1316 2705 ad
1360 2662 1612 2706 aeternam
1640 2652 1821 2716 vitam,
1851 2667 1879 2703 a

296 2743 653 2813 corruptionis
687 2750 953 2799 vetustate
991 2750 1334 2799 renovantur.
1394 2744 1466 2796 Ac
1512 2743 1588 2795 sic
1618 2756 1713 2811 per
1753 2739 1880 2794 illud

290 2836 565 2907 singulare
600 2837 918 2893 sacriﬁcium
949 2837 1001 2892 in
1029 2851 1136 2907 quo
1161 2835 1419 2890 Mediator
1446 2845 1526 2889 est
1554 2830 1878 2899 immolatus,

294 2927 439 2998 quod
484 2943 646 2983 unum
687 2928 871 2983 multa
900 2927 955 2982 in
984 2926 1124 2997 Lege
1164 2928 1393 2982 victimae
1438 2925 1753 2996 ﬁgurahant,
1786 2939 1881 2994 pa-

292 3017 572 3073 ciﬁcantur
593 3018 835 3074 caelestia
853 3034 975 3074 cum
1004 3018 1363 3082 terrestribus,
1388 3025 1442 3072 et
1462 3017 1732 3072 terrestria
1758 3028 1880 3070 cum

290 3108 623 3166 celestibus.
679 3109 944 3178 Quoniam
978 3111 1117 3164 sicut
1144 3108 1284 3164 idem
1327 3106 1598 3179 apostolus
1637 3107 1785 3174 dicit,
1816 3106 1883 3161 In

292 3202 408 3274 ipso
445 3203 753 3274 cataplacuit
795 3218 995 3257 ontuem
1039 3202 1397 3272 plenitudinem
1439 3202 1453 3232 ¹
1498 3200 1799 3265 inhabitare,
1838 3210 1884 3252 et

294 3310 386 3367 pc
430 3297 892 3351 mreconciiiari
928 3296 1099 3350 omnia
1148 3297 1198 3349 in
1239 3295 1426 3365 ipsum,
1476 3295 1751 3364 paciﬁcans
1794 3309 1885 3363 per

290 3388 593 3458 unguitur»
614 3389 778 3442 crucis
800 3389 930 3459 ejus,
958 3388 1062 3442 sive
1079 3402 1194 3458 qua:
1223 3390 1275 3442 in
1301 3387 1443 3442 terris
1467 3393 1600 3453 sunt,
1650 3386 1753 3441 sive
1771 3400 1884 3454 qua:

291 3477 349 3533 tu
370 3478 749 3550 ωειωοιοεε.
777 3493 814 3546 ι,
845 3478 912 3535 to
926 3478 1101 3552 uso).

361 3568 596 3627 CAPUT
650 3570 833 3626 LXIII.
873 3600 948 3612 --
996 3570 1115 3626 Pax
1159 3572 1303 3642 regni
1355 3569 1585 3636 celestis,
1633 3568 1886 3642 quomodo

288 3662 763 3734 prauitaon
784 3662 1306 3720 intellecturis—Pax
1330 3664 1429 3720 ista
1457 3663 1715 3736 preecellit,
1750 3664 1886 3719 sicut

290 3756 554 3825 scriptun
595 3764 700 3822 est,
749 3770 951 3811 omnem
994 3756 1297 3812 intellectum
1346 3756 1608 3829 (Philipp.
1660 3772 1733 3823 tv,
1784 3755 1881 3833 7.);

290 3857 472 3918 neque
497 3847 623 3903 sciri
644 3854 674 3902 a
695 3848 868 3914 nobis,
902 3847 1002 3904 nisi
1027 3862 1150 3905 cum
1170 3848 1239 3903 ad
1257 3862 1318 3904 ea
1341 3849 1659 3913 venerimus,
1689 3852 1883 3917 potest.

288 3938 582 4009 Quomodo
625 3940 767 3995 enim
797 3940 1140 4012 pacificantur
1175 3939 1415 3997 ctelestia
1445 3939 1545 3995 nisi
1586 3938 1738 3994 nobis
1762 3938 1803 4003 ’,
1834 3938 1889 3994 id

287 4043 396 4100 est,
450 4033 827 4090 eoneordando
872 4034 1186 4091 nobiscum?
1243 4032 1375 4091 Nam
1424 4033 1497 4089 ibi
1546 4036 1759 4103 Semper
1805 4040 1888 4088 est

280 4136 426 4198 pax,
460 4133 517 4181 et
556 4126 691 4182 inter
714 4141 775 4183 se
821 4127 1084 4183 universis
1124 4124 1570 4182 intelhéctualibus
1603 4124 1884 4189 creaturis,

285 4229 345 4276 et
388 4232 525 4275 cum
554 4231 656 4275 suo
681 4219 951 4276 Creatore.
1002 4220 1132 4288 Qua:
1161 4235 1267 4291 pax
1302 4218 1569 4290 prleceffit,
1605 4225 1661 4272 ut
1686 4217 1885 4272 dictum

288 4323 397 4383 est,
446 4329 647 4369 omnem
692 4314 1049 4381 intellectum;
1096 4314 1189 4370 sed
1240 4315 1422 4384 utique
1466 4324 1728 4379 nostrum,
1780 4326 1887 4367 non

286 4422 485 4463 eorum
510 4408 601 4479 qui
630 4422 845 4479 semper
862 4390 1053 4464 lvident
1078 4406 1266 4464 faciem
1294 4408 1485 4463 Patris.
1543 4404 1649 4462 Nos
1684 4414 1884 4472 autem,

289 4510 760 4570 quantuscumque
788 4500 858 4555 sit
898 4501 950 4555 in
981 4500 1134 4555 nobis
1171 4499 1476 4554 intellectus
1502 4498 1791 4563 humanus,
1824 4511 1891 4551 ex

288 4600 447 4659 parte
468 4591 689 4654 scimus,
721 4598 776 4646 et
797 4589 1037 4646 ridemus
1064 4605 1204 4645 nunc
1237 4604 1334 4658 per
1367 4589 1639 4659 speculum
1671 4590 1725 4642 in
1760 4586 1891 4642 aeni-

284 4692 508 4751 gmate:
530 4697 654 4738 cum
685 4696 812 4739 vero
840 4683 1073 4753 aequales
1100 4681 1317 4754 Angelis
1344 4680 1437 4736 Dei
1457 4679 1709 4735 fuerimus
1740 4677 1887 4749 (Luc.

292 4786 385 4839 xx,
416 4772 512 4845 36)
538 4789 555 4839 ;
590 4780 714 4828 tunc
734 4771 1180 4843 quemadmodum
1210 4779 1264 4826 et
1286 4768 1409 4841 ipsi,
1433 4771 1730 4826 videbimus
1755 4766 1892 4823 facie

291 4863 363 4917 ad
397 4863 598 4920 faciem
628 4862 672 4937 (I
699 4864 815 4919 Cor.
850 4880 964 4931 xm,
996 4863 1127 4935 12);
1169 4873 1475 4934 tantamque
1509 4878 1688 4933 pacem
1723 4860 1887 4916 habe-

292 4951 476 5011 bimus
491 4968 616 5027 erga
638 4971 755 5023 eos,
776 4966 1025 5028 quantam
1044 4965 1097 5011 ct
1118 4956 1215 5026 ipsi
1237 4970 1363 5026 erga
1386 4969 1485 5009 nos
1504 4971 1518 5019 ;
1541 4954 1662 5025 quia
1687 4960 1889 5008 tantum

291 5058 393 5103 eos
408 5045 662 5104 dilecturi
693 5063 899 5116 sumus,
921 5058 1175 5119 quantum
1204 5047 1271 5102 ab
1291 5047 1368 5102 cis
1390 5045 1679 5115 diligimur.
1714 5046 1895 5115 Itaque

287 5149 399 5208 pax
448 5152 637 5194 eorum
676 5149 797 5197 nota
830 5141 984 5196 nobis
1028 5140 1148 5207 erit,
1182 5141 1306 5210 quia
1354 5148 1407 5194 ct
1451 5147 1631 5193 nostra
1686 5136 1805 5192 talis
1831 5153 1896 5193 ac

284 5234 447 5282 tanta
477 5228 599 5296 erit,
644 5244 743 5287 nec
768 5232 1036 5301 praecellet
1075 5240 1202 5287 tunc
1230 5230 1557 5286 intellectum
1604 5237 1846 5284 nostrum
1878 5248 1892 5285 :

284 5322 397 5381 Dei
426 5336 561 5382 vero
597 5336 701 5396 pax
730 5338 847 5395 qua:
897 5324 1005 5381 illic
1043 5332 1127 5380 est
1163 5338 1289 5395 erga
1315 5337 1427 5390 eos,
1471 5330 1525 5378 et
1569 5330 1811 5378 nostrum
1839 5331 1896 5382 et

279 5414 515 5473 illorum
559 5416 886 5473 intellectum
931 5418 1050 5473 sine
1096 5416 1429 5472 dubitatione
1478 5414 1767 5487 przecellet.
1819 5414 1897 5472 De

352 5565 378 5596 ³
404 5567 491 5616 Hic
512 5566 629 5636 editi
651 5567 852 5630 addunt,
876 5567 1171 5634 divinitatis;
1191 5571 1320 5636 quod
1354 5570 1577 5636 plerique
1599 5581 1658 5620 ac
1680 5570 1896 5630 potiares

274 5630 388 5675 κει
426 5640 527 5675 non
548 5629 746 5679 habent.

352 5688 379 5717 ³
414 5688 556 5751 (diti.
575 5680 915 5747 nidhttobts.
938 5690 1195 5762 Abest,in,
1216 5700 1372 5753 am.

3488 238 3596 300 262

2002 338 2120 409 ipso
2145 339 2341 411 quippe
2376 339 2528 400 beata
2573 351 2657 401 est
2696 345 2972 404 rationalis
3021 356 3292 419 creatura,
3317 367 3588 424 quammu-

1998 446 2104 502 que
2130 432 2284 490 beata
2310 444 2412 498 est,
2447 452 2552 491 non
2582 438 2695 508 ipse
2723 439 2789 494 de
2815 440 2923 496 illa.
2980 440 3136 498 Unde
3162 443 3457 502 secundum
3487 444 3588 503 hoc

1999 523 2190 580 melius
2232 527 2488 595 accipitur
2532 529 2675 599 quod
2717 533 2975 602 scriptum
3023 542 3126 602 est,
3178 534 3297 590 Paw
3340 535 3432 592 Dei
3480 553 3592 608 (μω

1998 616 2242 685 ρηεεειιὶι
2288 634 2486 674 omnem
2529 620 2839 678 intellectum
2876 641 2897 680 :
2943 634 2999 680 ut
3046 627 3099 681 in
3144 642 3210 682 eo
3258 628 3401 700 quod
3448 629 3589 687 dixit

1996 721 2216 775 omnm,
2256 723 2355 765 nec
2394 711 2510 780 ipse
2559 712 2861 770 intellectus
2902 726 3210 777 sanctorum
3260 721 3586 790 Angelorum

1996 814 2117 857 esse
2146 804 2315 872 possit
2353 816 2606 876 exceptus
2638 808 2653 837 ¹
2683 825 2699 871 ;
2727 809 2821 865 sed
2864 810 2954 865 Dei
2989 811 3157 867 solius
3188 831 3201 867 :
3235 829 3410 884 neque
3440 816 3582 870 enim

1993 902 2046 949 et
2077 894 2241 963 ipsius
2272 896 2596 954 intellectum
2625 914 2726 969 pax
2752 901 2872 971 ejus
2897 903 3131 958 excellit.

2064 984 2293 1044 CAPUT
2318 988 2500 1043 LXIV.
2525 1020 2593 1030 -
2614 992 2700 1046 i7.
2732 993 2978 1049 Rentissio
3000 1006 3315 1075 peccatorum
3344 1015 3583 1070 expressa

1991 1077 2047 1132 in
2074 1078 2338 1149 Symbolo.
2363 1081 2668 1138 Sanctorum
2686 1086 2785 1139 vita
2810 1087 2917 1140 sine
2939 1090 3168 1157 crimine,
3198 1108 3297 1145 non
3325 1092 3436 1147 sine
3462 1109 3584 1164 pec—

1992 1181 2123 1227 cato.
2150 1173 2491 1231 Concordaut
2511 1187 2689 1233 autem
2712 1181 2987 1237 nobiscum
3015 1184 3203 1254 Augeli
3226 1186 3388 1241 etiam
3413 1203 3576 1256 nunc,

1991 1277 2111 1319 cum
2147 1266 2488 1323 remittuntur
2517 1279 2699 1325 nostra
2730 1281 2964 1339 peccata.
3019 1272 3144 1330 Ideo
3190 1284 3313 1345 post
3335 1292 3579 1336 comme-

1991 1358 2343 1413 morationem
2389 1364 2879 1419 sanctzeEcclesia:
2906 1366 2957 1420 in
2983 1367 3172 1423 ordine
3214 1368 3579 1427 Confessionis

1993 1449 2208 1517 ponitur
2248 1453 2492 1508 remissio
2543 1466 2905 1523 peccatorum.
2959 1459 3063 1513 Per
3105 1459 3243 1516 hanc
3285 1463 3428 1517 enim
3474 1472 3582 1520 stat

1989 1538 2228 1596 Ecclesia
2258 1560 2374 1611 quae
2420 1545 2469 1598 in
2502 1547 2656 1600 terris
2683 1556 2764 1602 est
2794 1566 2807 1602 :
2837 1564 2932 1619 per
2959 1549 3097 1606 hanc
3126 1567 3233 1607 non
3262 1554 3398 1622 perit
3437 1553 3578 1625 quod

1991 1631 2220 1699 perierat
2266 1643 2318 1686 et
2365 1636 2634 1689 inventum
2695 1647 2776 1692 est
2826 1637 2976 1709 (Luc.
3022 1655 3112 1709 xv,
3163 1641 3280 1713 24).
3337 1644 3575 1715 Excepto

1974 1722 2188 1789 quippe
2218 1723 2555 1791 Ilaptisuiatis
2604 1744 2845 1790 n‘tunere.
2893 1730 3038 1799 quod
3077 1740 3266 1786 centra
3313 1733 3576 1804 originale

1990 1822 2263 1881 peccatum
2286 1815 2539 1871 donatum
2562 1826 2664 1882 est,
2691 1829 2745 1873 ut
2762 1821 2904 1890 quod
2926 1824 3271 1891 generatione
3294 1833 3578 1881 attractum

1987 1912 2087 1965 est,
2120 1907 2522 1974 regenerationis
2565 1909 2913 1976 detrahatur;
2961 1924 3015 1968 et
3044 1924 3219 1969 tamen
3248 1917 3421 1970 activa
3446 1931 3578 1986 quo-

1972 2011 2090 2063 que
2119 2007 2357 2066 peccata,
2379 2015 2731 2070 quascumque
2750 2003 2933 2071 corde,
2955 2020 3072 2073 ore,
3095 2021 3259 2075 opere
3286 2009 3575 2065 commissa

1941 2161 1946 2165 _
1966 2087 2265 2153 invenerit,
2297 2092 2430 2145 tollit
2454 2111 2468 2145 :
2499 2093 2597 2148 hac
2615 2110 2744 2165 ergo
2765 2108 2986 2167 excepta
3012 2115 3199 2169 magna
3222 2100 3572 2172 nidulgcutis,

1985 2179 2128 2233 unde
2154 2180 2339 2250 incipit
2367 2183 2594 2238 hominis
2623 2188 2917 2249 renovatio.
2944 2189 2999 2243 in
3025 2205 3128 2259 qua
3150 2191 3376 2247 solvitur
3400 2193 3576 2249 ominis

1985 2280 2166 2324 reatus
2208 2282 2263 2326 et
2310 2274 2649 2343 ingeneratus
2692 2288 2747 2332 et
2788 2278 3043 2345 additus;
3093 2281 3208 2350 ipsa
3257 2282 3419 2338 etiam
3466 2283 3575 2342 vita

1985 2368 2175 2413 cetera
2220 2361 2328 2429 jam
2357 2365 2566 2419 ratione
2609 2367 2807 2422 utentis
2836 2370 3033 2435 aetatis,
3070 2371 3400 2439 quantalibet
3432 2388 3573 2443 pra-

1984 2451 2183 2519 pnlleat
2222 2451 2543 2511 fecunditate
2568 2457 2809 2525 jllSliliili,
2857 2459 2973 2515 sine
3000 2472 3343 2530 peccatorum
3378 2463 3574 2520 remis-

1972 2543 2136 2597 .sionc
2175 2560 2280 2600 non
2310 2548 2501 2615 agitur.
2557 2548 2816 2615 Quoniam
2862 2551 2954 2606 lilii
2999 2553 3092 2609 Dei
3129 2555 3383 2625 quamdiu
3424 2571 3574 2613 mor-

1986 2634 2163 2689 taliter
2202 2636 2403 2702 vivunt,
2429 2654 2552 2692 cum
2581 2651 2752 2696 morte
2781 2641 3092 2714 conﬂigunt.
3147 2646 3213 2699 Et
3240 2647 3487 2715 quamvis
3508 2646 3578 2704 de

1938 2782 1943 2786 ,
1987 2722 2092 2778 illis
2118 2727 2187 2780 sit
2229 2728 2489 2783 veraciter
2514 2728 2737 2797 diCtum,
2771 2732 3025 2804 Quotquot
3055 2733 3257 2805 Spiritu
3284 2734 3381 2791 Dei
3413 2746 3578 2808 agu-

1974 2822 2088 2875 .tur.
2147 2817 2201 2870 lci
2239 2818 2333 2886 ﬁlii
2380 2829 2502 2873 sunt
2549 2818 2645 2875 Dei
2699 2820 2872 2890 (Rom.
2924 2840 3035 2890 vni,
3088 2826 3217 2897 ii);
3267 2826 3347 2881 sic
3398 2836 3575 2886 tamen

1966 2903 2188 2973 Spiritu
2220 2909 2312 2964 Dei
2333 2912 2655 2978 excitantur,
2683 2924 2739 2968 et
2767 2923 3016 2987 tanquam
3049 2917 3142 2974 lilii
3169 2918 3264 2974 Dei
3289 2919 3574 2990 proﬁciunt

1987 3002 2055 3057 ad
2088 3003 2273 3067 Deum,
2320 3005 2559 3058 utetiam
2592 3006 2780 3073 spiritu
2810 3023 2928 3073 suo,
2972 3011 3207 3065 maxime
3251 3020 3575 3082 εδει-πωπω

1988 3094 2316 3164 corruptibili
2359 3110 2587 3165 corpore
2622 3096 2777 3167 (Sep.
2810 3115 2881 3163 Ix,
2912 3101 3021 3169 i5),
3053 3110 3305 3172 tanquam
3348 3103 3447 3158 filii
3472 3104 3576 3159 ho-

1988 3185 2193 3239 minum
2221 3184 2534 3255 quibusdam
2562 3189 2582 3219 ’
2614 3186 2859 3243 humanis
2889 3190 3123 3245 moubus
3144 3190 3395 3248 deficiant
3416 3194 3485 3249 ad
3513 3209 3576 3251 se

1990 3276 2153 3347 ipsos,
2201 3285 2257 3332 et
2286 3276 2407 3331 ideo
2447 3287 2685 3347 peccent.
2739 3279 2966 3337 Interest
3008 3281 3229 3353 quidem
3269 3295 3573 3356 quantum:

1989 3385 2164 3440 neque
2201 3370 2343 3424 enim
2386 3371 2507 3440 quia
2547 3379 2821 3440 peccatum
2862 3381 2947 3428 est
2983 3386 3145 3430 omne
3183 3375 3407 3444 crimen,
3455 3376 3578 3435 ideo

1989 3465 2193 3520 crimen
2219 3474 2302 3520 est
2328 3464 2487 3521 etiam
2514 3478 2674 3521 omne
2704 3475 3001 3536 peccatum.
3056 3467 3243 3540 Itaque
3266 3478 3575 3528 sanctorum

1970 3554 2268 3610 hominum
2312 3556 2474 3611 vitam
2518 3556 2773 3627 quamdiu
2817 3556 2872 3612 in
2919 3562 3018 3615 bac
3054 3561 3266 3616 mortali
3296 3560 3577 3631 'vlvltur,

1991 3645 2215 3702 inveniri
2243 3661 2399 3716 posse
2418 3647 2647 3702 dicimus
2664 3652 2781 3704 sine
2804 3648 3028 3707 crimine
3057 3665 3071 3703 :
3100 3649 3576 3709 Peccatsmaotem

1991 3741 2037 3795 si
2064 3740 2343 3796 dixerimus
2375 3740 2494 3811 quia
2522 3755 2625 3794 non
2652 3741 2891 3795 habemus
2910 3783 2927 3809 ,
2959 3750 3021 3798 ut
3051 3742 3126 3796 ait
3154 3752 3347 3799 tantus
3367 3752 3584 3815 aposto-

1993 3832 2077 3888 lus
2096 3833 2139 3901 δ,
2168 3835 2497 3903 nosmetipsos
2524 3833 2832 3902 reducimus,
2863 3842 2914 3889 et
2934 3836 3121 3891 veritos
3137 3836 3194 3890 in
3220 3835 3365 3892 nobis
3388 3850 3491 3891 non
3508 3845 3584 3893 est

1998 3922 2043 3994 (ι
2070 3922 2228 3978 Joan.
2258 3938 2296 3990 I,
2327 3923 2405 3996 8).

2065 4016 2293 4075 CAPUT
2347 4017 2506 4075 LXV.
2558 4048 2631 4060 --
2676 4018 2905 4076 Crimina
2968 4022 3198 4093 quislibet
3243 4024 3297 4079 in
3350 4023 3585 4082 Ecclesia

1994 4112 2180 4166 remitti
2208 4127 2297 4182 per
2326 4112 2688 4182 penitentiam.
2740 4113 2906 4169 Extra
2956 4114 3239 4171 Ecclesium
3277 4132 3379 4173 non
3405 4118 3583 4174 remit-

1996 4211 2175 4256 tuntur
2196 4214 2418 4274 peccata.
2475 4204 2580 4260 Sed
2611 4218 2785 4275 neque
2808 4205 2877 4260 de
2902 4206 3032 4277 ipsis
3059 4208 3375 4265 criminibus
3401 4222 3588 4280 quatu-

1996 4293 2124 4351 Iibct
2182 4298 2388 4367 magnis
2450 4297 2780 4354 remittendis
2832 4299 2887 4354 in
2937 4309 3123 4356 sancta
3176 4302 3438 4368 Ecclesia,
3491 4303 3587 4360 Dei

1995 4387 2360 4443 misericordia
2400 4388 2731 4460 desperanda
2769 4399 2853 4447 est
2895 4392 3173 4463 agentibus
3218 4394 3588 4463 penitentiam

1997 4482 2291 4537 secundum
2329 4481 2543 4537 modum
2580 4485 2667 4537 sui
2696 4484 2959 4553 cujusque
2997 4487 3220 4555 peccati.
3282 4485 3343 4541 In
3373 4487 3586 4544 actione

1997 4582 2176 4629 autem
2220 4574 2566 4644 paenitentia,
2614 4574 2702 4628 ubi
2748 4575 2856 4629 tale
2878 4578 3224 4632 commissum
3249 4586 3333 4633 est
3356 4576 3400 4645 ⁸,
3436 4587 3494 4634 ut
3542 4581 3589 4637 is

1995 4666 2090 4736 qui
2118 4664 2391 4720 commisit
2417 4678 2447 4718 a
2476 4663 2675 4720 Christi
2703 4665 2867 4721 etiam
2890 4679 3116 4737 corpore
3143 4678 3441 4740 separetur,
3478 4685 3589 4729 non

1998 4765 2109 4813 tam
2130 4757 2511 4813 consideranda
2535 4767 2616 4813 est
2636 4772 2891 4815 mensura
2908 4760 3162 4831 temporis
3182 4770 3341 4833 quam
3364 4744 3586 4820 doloris.

1999 4847 2108 4903 Cor
2130 4849 2273 4904 enim
2301 4850 2587 4905 contritum
2625 4849 3042 4906 et-humiliatum
3074 4851 3215 4908 Deus
3249 4868 3354 4908 non
3386 4856 3591 4925 spernit

2002 4936 2176 5012 (Prol.
2224 4956 2276 5008 ι,
2310 4941 2422 5012 l9).
2475 4941 2677 4998 Verum
2704 4942 2826 5013 quia
2852 4941 3168 5013 plerumque
3192 4942 3350 5000 dolor
3371 4939 3591 5003 alterius

2003 5032 2179 5088 cordis
2202 5033 2441 5088 occultus
2469 5043 2551 5090 est
2578 5034 2755 5098 alteri,
2785 5049 2960 5104 neque
2982 5034 3039 5088 in
3066 5034 3295 5091 aliorum
3340 5039 3590 5095 notitiam

1971 5140 2101 5201 aper
2124 5125 2285 5226 verba
2312 5124 2397 5181 vel
2436 5140 2783 5198 quaecumque
2819 5125 2922 5180 alia
2968 5126 3118 5200 signa
3145 5130 3421 5200 procedit;
3467 5147 3591 5189 cum

1974 5322 1979 5325 '
2065 5261 2088 5356 ί
2110 5261 2253 5356 Ellam

2110 5298 2531 5325 -υ--ονν-ννπσνπυ
2559 5298 2726 5333 ’σξη-³
2741 5298 2851 5335 7"."
2896 5298 3145 5329 ""7""

2068 5320 2091 5419 :

2003 5446 2102 5501 ὠ
2275 5421 2327 5438 συν
2347 5421 2440 5437 om
2462 5421 2553 5438 ηυντ
2565 5421 2628 5438 ον·
2653 5421 2711 5437 ⁸..
2750 5421 2880 5450 αισα,
2922 5421 2977 5440 κ’
3017 5421 3111 5440 Iw
3130 5421 3331 5440 ηυνιυιιον
3352 5424 3366 5440 ο

2104 5485 2121 5500 9

2065 5485 2251 5576 1"aditi,
2271 5516 2464 5576 sanctus
2498 5509 2755 5576 apostolus.
2794 5511 2887 5562 Sed
2925 5520 3031 5576 uss.
3054 5512 3219 5576 aptius
3246 5509 3309 5561 ad
3337 5523 3448 5563 rem
3483 5524 3579 5566 em

2005 5570 2644 5639 enyibasi_:eonﬁrmandam,_
2657 5578 2816 5625 tantus
2831 5570 3087 5639 apostolus.

2008 5710 2041 5753 ι
2057 5626 2162 5750 ἐξ
2173 5635 2335 5696 editis,
2350 5626 2432 5685 ubi
2453 5636 2547 5687 tale
2571 5626 2752 5689 crimen
2775 5626 3078 5692 conum
3094 5639 3183 5691 est.
3201 5634 3374 5701 tua.
3391 5633 3587 5693 «tum
