  <div class='ocr_page' id='page_1' title='image "/cluster/home/n/w/nwhite01/storage/ocr_20150623/40/hvd.32044096580626/139.png"; bbox 0 0 4124 6206; ppageno 0'>
   <div class='ocr_carea' id='block_1_1' title="bbox 519 229 627 289">
    <p class='ocr_par' dir='ltr' id='par_1_1' title="bbox 519 229 627 289">
     <span class='ocr_line' id='line_1_1' title="bbox 519 229 627 289; baseline -0.019 0"><span class='ocrx_word' id='word_1_1' title='bbox 519 229 627 289; x_wconf 74' lang='lat'><strong>263</strong></span> 
     </span>
    </p>
   </div>
   <div class='ocr_carea' id='block_1_2' title="bbox 525 331 2083 405">
    <p class='ocr_par' dir='ltr' id='par_1_2' title="bbox 525 331 2083 405">
     <span class='ocr_line' id='line_1_2' title="bbox 525 331 2083 405; baseline -0.018 -1"><span class='ocrx_word' id='word_1_2' title='bbox 525 349 594 405; x_wconf 81' lang='lat' dir='ltr'><strong>sit</strong></span> <span class='ocrx_word' id='word_1_3' title='bbox 621 358 799 402; x_wconf 90' lang='lat' dir='ltr'><strong>coram</strong></span> <span class='ocrx_word' id='word_1_4' title='bbox 835 337 927 397; x_wconf 84' lang='lat' dir='ltr'><strong>illo</strong></span> <span class='ocrx_word' id='word_1_5' title='bbox 954 341 1037 395; x_wconf 90' lang='lat' dir='ltr'><strong>cui</strong></span> <span class='ocrx_word' id='word_1_6' title='bbox 1071 339 1279 403; x_wconf 87' lang='lat' dir='ltr'><strong>dicitur,</strong></span> <span class='ocrx_word' id='word_1_7' title='bbox 1320 334 1542 390; x_wconf 76' lang='lat' dir='ltr'><strong>Gemitus</strong></span> <span class='ocrx_word' id='word_1_8' title='bbox 1579 347 1717 385; x_wconf 87' lang='lat' dir='ltr'><strong>meus</strong></span> <span class='ocrx_word' id='word_1_9' title='bbox 1746 338 1847 382; x_wconf 90' lang='lat' dir='ltr'><strong>ate</strong></span> <span class='ocrx_word' id='word_1_10' title='bbox 1884 342 1984 381; x_wconf 87' lang='lat' dir='ltr'><strong>non</strong></span> <span class='ocrx_word' id='word_1_11' title='bbox 2009 331 2083 378; x_wconf 91' lang='lat' dir='ltr'><strong>est</strong></span> 
     </span>
    </p>
   </div>
   <div class='ocr_carea' id='block_1_3' title="bbox 526 420 2097 503">
    <p class='ocr_par' dir='ltr' id='par_1_3' title="bbox 526 420 2097 503">
     <span class='ocr_line' id='line_1_3' title="bbox 526 420 2097 503; baseline -0.018 -7"><span class='ocrx_word' id='word_1_12' title='bbox 526 437 848 496; x_wconf 83' lang='lat' dir='ltr'><strong>absconditus</strong></span> <span class='ocrx_word' id='word_1_13' title='bbox 886 433 1054 503; x_wconf 87' lang='lat' dir='ltr'><strong>(Psal.</strong></span> <span class='ocrx_word' id='word_1_14' title='bbox 1100 445 1305 494; x_wconf 78' lang='lat' dir='ltr'><strong>xxxvn,</strong></span> <span class='ocrx_word' id='word_1_15' title='bbox 1342 429 1474 496; x_wconf 88' lang='lat' dir='ltr'><strong>I0):</strong></span> <span class='ocrx_word' id='word_1_16' title='bbox 1521 433 1665 480; x_wconf 90' lang='lat' dir='ltr'><strong>recte</strong></span> <span class='ocrx_word' id='word_1_17' title='bbox 1705 420 2097 478; x_wconf 88' lang='lat' dir='ltr'><strong>constituuntur</strong></span> 
     </span>
    </p>
   </div>
   <div class='ocr_carea' id='block_1_4' title="bbox 528 512 2100 599">
    <p class='ocr_par' dir='ltr' id='par_1_4' title="bbox 528 512 2100 599">
     <span class='ocr_line' id='line_1_4' title="bbox 528 512 2100 599; baseline -0.017 -10"><span class='ocrx_word' id='word_1_18' title='bbox 528 535 596 589; x_wconf 86' lang='lat' dir='ltr'><strong>ab</strong></span> <span class='ocrx_word' id='word_1_19' title='bbox 630 533 693 586; x_wconf 90' lang='lat' dir='ltr'><strong>iis</strong></span> <span class='ocrx_word' id='word_1_20' title='bbox 737 529 824 599; x_wconf 87' lang='lat' dir='ltr'><strong>qui</strong></span> <span class='ocrx_word' id='word_1_21' title='bbox 865 523 1114 581; x_wconf 83' lang='lat' dir='ltr'><strong>Ecclesiis</strong></span> <span class='ocrx_word' id='word_1_22' title='bbox 1146 525 1160 554; x_wconf 74' lang='grc'>⁸</span> <span class='ocrx_word' id='word_1_23' title='bbox 1205 530 1439 592; x_wconf 76' lang='lat' dir='ltr'><strong>prmsnnt</strong></span> <span class='ocrx_word' id='word_1_24' title='bbox 1465 527 1703 587; x_wconf 86' lang='lat' dir='ltr'><strong>tempora</strong></span> <span class='ocrx_word' id='word_1_25' title='bbox 1746 512 2100 584; x_wconf 54' lang='lat' dir='ltr'><strong>paenitentia,</strong></span> 
     </span>
    </p>
   </div>
   <div class='ocr_carea' id='block_1_5' title="bbox 526 602 2101 678">
    <p class='ocr_par' dir='ltr' id='par_1_5' title="bbox 526 602 2101 678">
     <span class='ocr_line' id='line_1_5' title="bbox 526 602 2101 678; baseline -0.015 0"><span class='ocrx_word' id='word_1_26' title='bbox 526 634 589 678; x_wconf 85' lang='lat' dir='ltr'><strong>ut</strong></span> <span class='ocrx_word' id='word_1_27' title='bbox 624 623 715 675; x_wconf 84' lang='lat' dir='ltr'><strong>ﬁat</strong></span> <span class='ocrx_word' id='word_1_28' title='bbox 740 618 870 674; x_wconf 87' lang='lat' dir='ltr'><strong>satis</strong></span> <span class='ocrx_word' id='word_1_29' title='bbox 896 617 1053 671; x_wconf 87' lang='lat' dir='ltr'><strong>etiam</strong></span> <span class='ocrx_word' id='word_1_30' title='bbox 1085 613 1356 672; x_wconf 61' lang='lat' dir='ltr'><strong>Ecclesiae.</strong></span> <span class='ocrx_word' id='word_1_31' title='bbox 1386 612 1569 673; x_wconf 83' lang='lat' dir='ltr'><strong>in-qua</strong></span> <span class='ocrx_word' id='word_1_32' title='bbox 1597 607 1940 662; x_wconf 88' lang='lat' dir='ltr'><strong>remittuntur</strong></span> <span class='ocrx_word' id='word_1_33' title='bbox 1986 602 2101 671; x_wconf 91' lang='lat' dir='ltr'><strong>ipsa</strong></span> 
     </span>
    </p>
   </div>
   <div class='ocr_carea' id='block_1_6' title="bbox 530 693 2104 781">
    <p class='ocr_par' dir='ltr' id='par_1_6' title="bbox 530 693 2104 781">
     <span class='ocr_line' id='line_1_6' title="bbox 530 693 2104 781; baseline -0.013 -15"><span class='ocrx_word' id='word_1_34' title='bbox 530 721 776 781; x_wconf 85' lang='lat' dir='ltr'><strong>peccata;</strong></span> <span class='ocrx_word' id='word_1_35' title='bbox 831 716 977 762; x_wconf 77' lang='lat' dir='ltr'><strong>extra</strong></span> <span class='ocrx_word' id='word_1_36' title='bbox 1012 720 1130 760; x_wconf 87' lang='lat' dir='ltr'><strong>eam</strong></span> <span class='ocrx_word' id='word_1_37' title='bbox 1178 702 1371 773; x_wconf 85' lang='lat' dir='ltr'><strong>quippe</strong></span> <span class='ocrx_word' id='word_1_38' title='bbox 1413 714 1520 755; x_wconf 90' lang='lat' dir='ltr'><strong>non</strong></span> <span class='ocrx_word' id='word_1_39' title='bbox 1565 699 1928 754; x_wconf 87' lang='lat' dir='ltr'><strong>remittuntur.</strong></span> <span class='ocrx_word' id='word_1_40' title='bbox 1986 693 2104 761; x_wconf 88' lang='lat' dir='ltr'><strong>Ipsa</strong></span> 
     </span>
    </p>
   </div>
   <div class='ocr_carea' id='block_1_7' title="bbox 529 784 2109 873">
    <p class='ocr_par' dir='ltr' id='par_1_7' title="bbox 529 784 2109 873">
     <span class='ocr_line' id='line_1_7' title="bbox 529 784 2109 873; baseline -0.013 -15"><span class='ocrx_word' id='word_1_41' title='bbox 529 817 758 873; x_wconf 80' lang='lat' dir='ltr'><strong>namque</strong></span> <span class='ocrx_word' id='word_1_42' title='bbox 814 799 1026 870; x_wconf 84' lang='lat' dir='ltr'><strong>proprie</strong></span> <span class='ocrx_word' id='word_1_43' title='bbox 1066 797 1318 867; x_wconf 76' lang='lat' dir='ltr'><strong>Spiritum</strong></span> <span class='ocrx_word' id='word_1_44' title='bbox 1372 801 1613 848; x_wconf 89' lang='lat' dir='ltr'><strong>sanctum</strong></span> <span class='ocrx_word' id='word_1_45' title='bbox 1666 791 1854 861; x_wconf 86' lang='lat' dir='ltr'><strong>pignus</strong></span> <span class='ocrx_word' id='word_1_46' title='bbox 1905 784 2109 854; x_wconf 86' lang='lat' dir='ltr'><strong>accepit</strong></span> 
     </span>
    </p>
   </div>
   <div class='ocr_carea' id='block_1_8' title="bbox 533 881 2109 967">
    <p class='ocr_par' dir='ltr' id='par_1_8' title="bbox 533 881 2109 967">
     <span class='ocr_line' id='line_1_8' title="bbox 533 881 2109 967; baseline -0.014 -16"><span class='ocrx_word' id='word_1_47' title='bbox 533 896 597 967; x_wconf 93' lang='lat' dir='ltr'><strong>(II</strong></span> <span class='ocrx_word' id='word_1_48' title='bbox 617 895 732 950; x_wconf 89' lang='lat' dir='ltr'><strong>Cor.</strong></span> <span class='ocrx_word' id='word_1_49' title='bbox 752 910 789 961; x_wconf 89' lang='lat' dir='ltr'><strong>I,</strong></span> <span class='ocrx_word' id='word_1_50' title='bbox 806 892 923 963; x_wconf 71' lang='lat'><strong>22),</strong></span> <span class='ocrx_word' id='word_1_51' title='bbox 938 892 1052 946; x_wconf 84' lang='lat' dir='ltr'><strong>sine</strong></span> <span class='ocrx_word' id='word_1_52' title='bbox 1070 903 1174 961; x_wconf 91' lang='lat' dir='ltr'><strong>quo</strong></span> <span class='ocrx_word' id='word_1_53' title='bbox 1185 904 1291 944; x_wconf 92' lang='lat' dir='ltr'><strong>non</strong></span> <span class='ocrx_word' id='word_1_54' title='bbox 1308 887 1645 943; x_wconf 89' lang='lat' dir='ltr'><strong>remittuntur</strong></span> <span class='ocrx_word' id='word_1_55' title='bbox 1663 883 1769 938; x_wconf 88' lang='lat' dir='ltr'><strong>ulla</strong></span> <span class='ocrx_word' id='word_1_56' title='bbox 1788 888 2020 951; x_wconf 85' lang='lat' dir='ltr'><strong>peccata,</strong></span> <span class='ocrx_word' id='word_1_57' title='bbox 2036 881 2109 931; x_wconf 86' lang='lat' dir='ltr'><strong>ita</strong></span> 
     </span>
    </p>
   </div>
   <div class='ocr_carea' id='block_1_9' title="bbox 528 976 2105 1056">
    <p class='ocr_par' dir='ltr' id='par_1_9' title="bbox 528 976 2105 1056">
     <span class='ocr_line' id='line_1_9' title="bbox 528 976 2105 1056; baseline -0.013 -14"><span class='ocrx_word' id='word_1_58' title='bbox 528 997 589 1042; x_wconf 90' lang='lat' dir='ltr'><strong>ut</strong></span> <span class='ocrx_word' id='word_1_59' title='bbox 615 986 807 1056; x_wconf 86' lang='lat' dir='ltr'><strong>quibus</strong></span> <span class='ocrx_word' id='word_1_60' title='bbox 833 984 1188 1045; x_wconf 89' lang='lat' dir='ltr'><strong>remittuntur,</strong></span> <span class='ocrx_word' id='word_1_61' title='bbox 1218 985 1614 1048; x_wconf 90' lang='lat' dir='ltr'><strong>consequantur</strong></span> <span class='ocrx_word' id='word_1_62' title='bbox 1640 976 1800 1030; x_wconf 90' lang='lat' dir='ltr'><strong>vitam</strong></span> <span class='ocrx_word' id='word_1_63' title='bbox 1830 981 2105 1027; x_wconf 68' lang='lat' dir='ltr'><strong>aeternam.</strong></span> 
     </span>
    </p>
   </div>
   <div class='ocr_carea' id='block_1_10' title="bbox 601 1063 2111 1143">
    <p class='ocr_par' dir='ltr' id='par_1_10' title="bbox 601 1063 2111 1143">
     <span class='ocr_line' id='line_1_10' title="bbox 601 1063 2111 1143; baseline -0.014 -10"><span class='ocrx_word' id='word_1_64' title='bbox 601 1076 827 1133; x_wconf 80' lang='lat' dir='ltr'><strong>CAPUT</strong></span> <span class='ocrx_word' id='word_1_65' title='bbox 850 1073 1034 1130; x_wconf 78' lang='lat' dir='ltr'><strong>LXVI.</strong></span> <span class='ocrx_word' id='word_1_66' title='bbox 1073 1101 1144 1143; x_wconf 69' lang='grc' dir='ltr'><strong>-τ</strong></span> <span class='ocrx_word' id='word_1_67' title='bbox 1177 1070 1424 1125; x_wconf 82' lang='lat' dir='ltr'><strong>Remissio</strong></span> <span class='ocrx_word' id='word_1_68' title='bbox 1450 1077 1768 1139; x_wconf 85' lang='lat' dir='ltr'><strong>peccatorum</strong></span> <span class='ocrx_word' id='word_1_69' title='bbox 1809 1063 1867 1133; x_wconf 84' lang='lat' dir='ltr'><strong>ﬁt</strong></span> <span class='ocrx_word' id='word_1_70' title='bbox 1907 1068 2111 1131; x_wconf 77' lang='lat' dir='ltr'><strong>propter</strong></span> 
     </span>
    </p>
   </div>
   <div class='ocr_carea' id='block_1_11' title="bbox 532 1149 2112 1239">
    <p class='ocr_par' dir='ltr' id='par_1_11' title="bbox 532 1149 2112 1239">
     <span class='ocr_line' id='line_1_11' title="bbox 532 1149 2112 1239; baseline -0.012 -17"><span class='ocrx_word' id='word_1_71' title='bbox 532 1174 759 1239; x_wconf 79' lang='lat' dir='ltr'><strong>futurum</strong></span> <span class='ocrx_word' id='word_1_72' title='bbox 776 1166 1046 1236; x_wconf 82' lang='lat' dir='ltr'><strong>judicium.</strong></span> <span class='ocrx_word' id='word_1_73' title='bbox 1098 1162 1260 1233; x_wconf 84' lang='lat' dir='ltr'><strong>Magis</strong></span> <span class='ocrx_word' id='word_1_74' title='bbox 1286 1159 1426 1216; x_wconf 89' lang='lat' dir='ltr'><strong>enim</strong></span> <span class='ocrx_word' id='word_1_75' title='bbox 1465 1164 1680 1230; x_wconf 75' lang='lat' dir='ltr'><strong>propter</strong></span> <span class='ocrx_word' id='word_1_76' title='bbox 1719 1154 1947 1210; x_wconf 88' lang='lat' dir='ltr'><strong>futurum</strong></span> <span class='ocrx_word' id='word_1_77' title='bbox 1971 1149 2112 1221; x_wconf 87' lang='lat' dir='ltr'><strong>judi-</strong></span> 
     </span>
    </p>
   </div>
   <div class='ocr_carea' id='block_1_12' title="bbox 533 1239 2111 1323">
    <p class='ocr_par' dir='ltr' id='par_1_12' title="bbox 533 1239 2111 1323">
     <span class='ocr_line' id='line_1_12' title="bbox 533 1239 2111 1323; baseline -0.013 -10"><span class='ocrx_word' id='word_1_78' title='bbox 533 1260 675 1314; x_wconf 85' lang='lat' dir='ltr'><strong>cium</strong></span> <span class='ocrx_word' id='word_1_79' title='bbox 718 1257 777 1311; x_wconf 87' lang='lat' dir='ltr'><strong>lit</strong></span> <span class='ocrx_word' id='word_1_80' title='bbox 825 1255 1070 1311; x_wconf 83' lang='lat' dir='ltr'><strong>remissio</strong></span> <span class='ocrx_word' id='word_1_81' title='bbox 1118 1259 1474 1323; x_wconf 76' lang='lat' dir='ltr'><strong>peccatorum.</strong></span> <span class='ocrx_word' id='word_1_82' title='bbox 1532 1248 1589 1302; x_wconf 87' lang='lat' dir='ltr'><strong>In</strong></span> <span class='ocrx_word' id='word_1_83' title='bbox 1633 1245 1734 1301; x_wconf 91' lang='lat' dir='ltr'><strong>hac</strong></span> <span class='ocrx_word' id='word_1_84' title='bbox 1774 1253 1951 1298; x_wconf 91' lang='lat' dir='ltr'><strong>autem</strong></span> <span class='ocrx_word' id='word_1_85' title='bbox 2003 1239 2111 1294; x_wconf 85' lang='lat' dir='ltr'><strong>vita</strong></span> 
     </span>
    </p>
   </div>
   <div class='ocr_carea' id='block_1_13' title="bbox 530 1333 2111 1420">
    <p class='ocr_par' dir='ltr' id='par_1_13' title="bbox 530 1333 2111 1420">
     <span class='ocr_line' id='line_1_13' title="bbox 530 1333 2111 1420; baseline -0.015 -15"><span class='ocrx_word' id='word_1_86' title='bbox 530 1365 702 1420; x_wconf 86' lang='lat' dir='ltr'><strong>usque</strong></span> <span class='ocrx_word' id='word_1_87' title='bbox 746 1347 879 1402; x_wconf 88' lang='lat' dir='ltr'><strong>adeo</strong></span> <span class='ocrx_word' id='word_1_88' title='bbox 913 1346 1050 1401; x_wconf 88' lang='lat' dir='ltr'><strong>valet</strong></span> <span class='ocrx_word' id='word_1_89' title='bbox 1089 1342 1228 1413; x_wconf 92' lang='lat' dir='ltr'><strong>quod</strong></span> <span class='ocrx_word' id='word_1_90' title='bbox 1275 1341 1529 1410; x_wconf 88' lang='lat' dir='ltr'><strong>scriptum</strong></span> <span class='ocrx_word' id='word_1_91' title='bbox 1574 1346 1678 1403; x_wconf 91' lang='lat' dir='ltr'><strong>est,</strong></span> <span class='ocrx_word' id='word_1_92' title='bbox 1726 1333 1889 1389; x_wconf 78' lang='lat' dir='ltr'><strong>Grave</strong></span> <span class='ocrx_word' id='word_1_93' title='bbox 1922 1333 2111 1402; x_wconf 68' lang='lat' dir='ltr'><strong>iugum</strong></span> 
     </span>
    </p>
   </div>
   <div class='ocr_carea' id='block_1_14' title="bbox 534 1424 2103 1510">
    <p class='ocr_par' dir='ltr' id='par_1_14' title="bbox 534 1424 2103 1510">
     <span class='ocr_line' id='line_1_14' title="bbox 534 1424 2103 1510; baseline -0.014 -16"><span class='ocrx_word' id='word_1_94' title='bbox 534 1455 686 1510; x_wconf 87' lang='lat' dir='ltr'><strong>super</strong></span> <span class='ocrx_word' id='word_1_95' title='bbox 713 1438 845 1508; x_wconf 78' lang='lat' dir='ltr'><strong>filios</strong></span> <span class='ocrx_word' id='word_1_96' title='bbox 873 1436 1052 1499; x_wconf 82' lang='lat' dir='ltr'><strong>Adam,</strong></span> <span class='ocrx_word' id='word_1_97' title='bbox 1084 1451 1115 1487; x_wconf 93' lang='lat' dir='ltr'><strong>a</strong></span> <span class='ocrx_word' id='word_1_98' title='bbox 1143 1433 1225 1486; x_wconf 90' lang='lat' dir='ltr'><strong>die</strong></span> <span class='ocrx_word' id='word_1_99' title='bbox 1249 1431 1409 1485; x_wconf 69' lang='lat' dir='ltr'><strong>exitus</strong></span> <span class='ocrx_word' id='word_1_100' title='bbox 1433 1430 1495 1483; x_wconf 92' lang='lat' dir='ltr'><strong>de</strong></span> <span class='ocrx_word' id='word_1_101' title='bbox 1522 1437 1696 1482; x_wconf 80' lang='lat' dir='ltr'><strong>ventre</strong></span> <span class='ocrx_word' id='word_1_102' title='bbox 1725 1424 1902 1479; x_wconf 88' lang='lat' dir='ltr'><strong>matris</strong></span> <span class='ocrx_word' id='word_1_103' title='bbox 1930 1436 2103 1476; x_wconf 89' lang='lat' dir='ltr'><strong>eorum</strong></span> 
     </span>
    </p>
   </div>
   <div class='ocr_carea' id='block_1_15' title="bbox 535 1512 2109 1600">
    <p class='ocr_par' dir='ltr' id='par_1_15' title="bbox 535 1512 2109 1600">
     <span class='ocr_line' id='line_1_15' title="bbox 535 1512 2109 1600; baseline -0.013 -15"><span class='ocrx_word' id='word_1_104' title='bbox 535 1546 693 1600; x_wconf 84' lang='lat' dir='ltr'><strong>usque</strong></span> <span class='ocrx_word' id='word_1_105' title='bbox 714 1530 770 1583; x_wconf 89' lang='lat' dir='ltr'><strong>in</strong></span> <span class='ocrx_word' id='word_1_106' title='bbox 795 1527 929 1582; x_wconf 88' lang='lat' dir='ltr'><strong>diem</strong></span> <span class='ocrx_word' id='word_1_107' title='bbox 956 1525 1226 1596; x_wconf 69' lang='lat' dir='ltr'><strong>sepultura:</strong></span> <span class='ocrx_word' id='word_1_108' title='bbox 1248 1522 1301 1576; x_wconf 91' lang='lat' dir='ltr'><strong>in</strong></span> <span class='ocrx_word' id='word_1_109' title='bbox 1323 1530 1534 1574; x_wconf 81' lang='lat' dir='ltr'><strong>matrem</strong></span> <span class='ocrx_word' id='word_1_110' title='bbox 1556 1518 1778 1572; x_wconf 87' lang='lat' dir='ltr'><strong>omnium</strong></span> <span class='ocrx_word' id='word_1_111' title='bbox 1807 1512 1993 1586; x_wconf 86' lang='lat' dir='ltr'><strong>(Eccli.</strong></span> <span class='ocrx_word' id='word_1_112' title='bbox 2020 1526 2109 1577; x_wconf 75' lang='lat' dir='ltr'><strong>XL,</strong></span> 
     </span>
    </p>
   </div>
   <div class='ocr_carea' id='block_1_16' title="bbox 535 1610 2111 1691">
    <p class='ocr_par' dir='ltr' id='par_1_16' title="bbox 535 1610 2111 1691">
     <span class='ocr_line' id='line_1_16' title="bbox 535 1610 2111 1691; baseline -0.011 -15"><span class='ocrx_word' id='word_1_113' title='bbox 535 1620 634 1691; x_wconf 73' lang='lat' dir='ltr'><strong>l);</strong></span> <span class='ocrx_word' id='word_1_114' title='bbox 680 1629 738 1675; x_wconf 92' lang='lat' dir='ltr'><strong>ut</strong></span> <span class='ocrx_word' id='word_1_115' title='bbox 778 1619 935 1674; x_wconf 88' lang='lat' dir='ltr'><strong>etiam</strong></span> <span class='ocrx_word' id='word_1_116' title='bbox 964 1616 1218 1686; x_wconf 87' lang='lat' dir='ltr'><strong>parvulos</strong></span> <span class='ocrx_word' id='word_1_117' title='bbox 1245 1612 1515 1668; x_wconf 84' lang='lat' dir='ltr'><strong>videamus</strong></span> <span class='ocrx_word' id='word_1_118' title='bbox 1554 1619 1675 1680; x_wconf 90' lang='lat' dir='ltr'><strong>post</strong></span> <span class='ocrx_word' id='word_1_119' title='bbox 1712 1610 1980 1663; x_wconf 89' lang='lat' dir='ltr'><strong>lavacrum</strong></span> <span class='ocrx_word' id='word_1_120' title='bbox 2023 1620 2111 1659; x_wconf 86' lang='lat' dir='ltr'><strong>re-</strong></span> 
     </span>
    </p>
   </div>
   <div class='ocr_carea' id='block_1_17' title="bbox 534 1696 2107 1780">
    <p class='ocr_par' dir='ltr' id='par_1_17' title="bbox 534 1696 2107 1780">
     <span class='ocr_line' id='line_1_17' title="bbox 534 1696 2107 1780; baseline -0.011 -14"><span class='ocrx_word' id='word_1_121' title='bbox 534 1709 891 1780; x_wconf 75' lang='lat' dir='ltr'><strong>generationis</strong></span> <span class='ocrx_word' id='word_1_122' title='bbox 907 1708 1236 1763; x_wconf 89' lang='lat' dir='ltr'><strong>diversorum</strong></span> <span class='ocrx_word' id='word_1_123' title='bbox 1257 1703 1516 1758; x_wconf 92' lang='lat' dir='ltr'><strong>malorum</strong></span> <span class='ocrx_word' id='word_1_124' title='bbox 1538 1698 1828 1755; x_wconf 84' lang='lat' dir='ltr'><strong>afﬂictione</strong></span> <span class='ocrx_word' id='word_1_125' title='bbox 1850 1696 2107 1753; x_wconf 90' lang='lat' dir='ltr'><strong>cruciari:</strong></span> 
     </span>
    </p>
   </div>
   <div class='ocr_carea' id='block_1_18' title="bbox 536 1787 2112 1870">
    <p class='ocr_par' dir='ltr' id='par_1_18' title="bbox 536 1787 2112 1870">
     <span class='ocr_line' id='line_1_18' title="bbox 536 1787 2112 1870; baseline -0.011 -14"><span class='ocrx_word' id='word_1_126' title='bbox 536 1810 595 1856; x_wconf 91' lang='lat' dir='ltr'><strong>ut</strong></span> <span class='ocrx_word' id='word_1_127' title='bbox 623 1800 994 1870; x_wconf 79' lang='lat' dir='ltr'><strong>intelligamus,</strong></span> <span class='ocrx_word' id='word_1_128' title='bbox 1023 1804 1189 1852; x_wconf 80' lang='lat' dir='ltr'><strong>totum</strong></span> <span class='ocrx_word' id='word_1_129' title='bbox 1215 1793 1356 1864; x_wconf 90' lang='lat' dir='ltr'><strong>quod</strong></span> <span class='ocrx_word' id='word_1_130' title='bbox 1379 1790 1701 1848; x_wconf 83' lang='lat' dir='ltr'><strong>salutaribus</strong></span> <span class='ocrx_word' id='word_1_131' title='bbox 1724 1789 1897 1857; x_wconf 83' lang='lat' dir='ltr'><strong>agitur</strong></span> <span class='ocrx_word' id='word_1_132' title='bbox 1923 1787 2112 1841; x_wconf 83' lang='lat' dir='ltr'><strong>Sacra-</strong></span> 
     </span>
    </p>
   </div>
   <div class='ocr_carea' id='block_1_19' title="bbox 536 1882 2111 1960">
    <p class='ocr_par' dir='ltr' id='par_1_19' title="bbox 536 1882 2111 1960">
     <span class='ocr_line' id='line_1_19' title="bbox 536 1882 2111 1960; baseline -0.011 -13"><span class='ocrx_word' id='word_1_133' title='bbox 536 1893 752 1957; x_wconf 87' lang='lat' dir='ltr'><strong>mentis,</strong></span> <span class='ocrx_word' id='word_1_134' title='bbox 793 1890 961 1960; x_wconf 91' lang='lat' dir='ltr'><strong>magis</strong></span> <span class='ocrx_word' id='word_1_135' title='bbox 988 1889 1055 1943; x_wconf 93' lang='lat' dir='ltr'><strong>ad</strong></span> <span class='ocrx_word' id='word_1_136' title='bbox 1083 1902 1231 1956; x_wconf 86' lang='lat' dir='ltr'><strong>spem</strong></span> <span class='ocrx_word' id='word_1_137' title='bbox 1257 1893 1599 1941; x_wconf 89' lang='lat' dir='ltr'><strong>venturorum</strong></span> <span class='ocrx_word' id='word_1_138' title='bbox 1634 1882 1919 1942; x_wconf 89' lang='lat' dir='ltr'><strong>honorum,</strong></span> <span class='ocrx_word' id='word_1_139' title='bbox 1950 1891 2111 1947; x_wconf 90' lang='lat' dir='ltr'><strong>quam</strong></span> 
     </span>
    </p>
   </div>
   <div class='ocr_carea' id='block_1_20' title="bbox 535 1968 2107 2048">
    <p class='ocr_par' dir='ltr' id='par_1_20' title="bbox 535 1968 2107 2048">
     <span class='ocr_line' id='line_1_20' title="bbox 535 1968 2107 2048; baseline -0.013 -8"><span class='ocrx_word' id='word_1_140' title='bbox 535 1984 604 2040; x_wconf 85' lang='lat' dir='ltr'><strong>ad</strong></span> <span class='ocrx_word' id='word_1_141' title='bbox 629 1983 978 2039; x_wconf 85' lang='lat' dir='ltr'><strong>retentionem</strong></span> <span class='ocrx_word' id='word_1_142' title='bbox 997 1980 1079 2035; x_wconf 85' lang='lat' dir='ltr'><strong>vel</strong></span> <span class='ocrx_word' id='word_1_143' title='bbox 1100 1977 1435 2048; x_wconf 85' lang='lat' dir='ltr'><strong>adeptionem</strong></span> <span class='ocrx_word' id='word_1_144' title='bbox 1458 1972 1797 2045; x_wconf 63' lang='lat' dir='ltr'><strong>praesentium</strong></span> <span class='ocrx_word' id='word_1_145' title='bbox 1818 1968 2107 2040; x_wconf 78' lang='lat' dir='ltr'><strong>pertinere.</strong></span> 
     </span>
    </p>
   </div>
   <div class='ocr_carea' id='block_1_21' title="bbox 535 2057 2112 2137">
    <p class='ocr_par' dir='ltr' id='par_1_21' title="bbox 535 2057 2112 2137">
     <span class='ocr_line' id='line_1_21' title="bbox 535 2057 2112 2137; baseline -0.012 -6"><span class='ocrx_word' id='word_1_146' title='bbox 535 2075 697 2131; x_wconf 76' lang='lat' dir='ltr'><strong>Multa</strong></span> <span class='ocrx_word' id='word_1_147' title='bbox 738 2073 898 2129; x_wconf 88' lang='lat' dir='ltr'><strong>etiam</strong></span> <span class='ocrx_word' id='word_1_148' title='bbox 927 2072 1011 2127; x_wconf 87' lang='lat' dir='ltr'><strong>hic</strong></span> <span class='ocrx_word' id='word_1_149' title='bbox 1031 2069 1275 2125; x_wconf 89' lang='lat' dir='ltr'><strong>videntur</strong></span> <span class='ocrx_word' id='word_1_150' title='bbox 1316 2065 1516 2137; x_wconf 77' lang='lat' dir='ltr'><strong>ignosci</strong></span> <span class='ocrx_word' id='word_1_151' title='bbox 1560 2073 1615 2118; x_wconf 89' lang='lat' dir='ltr'><strong>et</strong></span> <span class='ocrx_word' id='word_1_152' title='bbox 1655 2060 1812 2116; x_wconf 92' lang='lat' dir='ltr'><strong>nullis</strong></span> <span class='ocrx_word' id='word_1_153' title='bbox 1834 2057 2112 2129; x_wconf 85' lang='lat' dir='ltr'><strong>suppliciis</strong></span> 
     </span>
    </p>
   </div>
   <div class='ocr_carea' id='block_1_22' title="bbox 535 2152 2109 2230">
    <p class='ocr_par' dir='ltr' id='par_1_22' title="bbox 535 2152 2109 2230">
     <span class='ocr_line' id='line_1_22' title="bbox 535 2152 2109 2230; baseline -0.014 -8"><span class='ocrx_word' id='word_1_154' title='bbox 535 2167 792 2224; x_wconf 88' lang='lat' dir='ltr'><strong>vindicari</strong></span> <span class='ocrx_word' id='word_1_155' title='bbox 816 2181 830 2230; x_wconf 92' lang='lat'><strong>;</strong></span> <span class='ocrx_word' id='word_1_156' title='bbox 857 2163 951 2219; x_wconf 91' lang='lat' dir='ltr'><strong>sed</strong></span> <span class='ocrx_word' id='word_1_157' title='bbox 972 2176 1153 2218; x_wconf 93' lang='lat' dir='ltr'><strong>eorum</strong></span> <span class='ocrx_word' id='word_1_158' title='bbox 1178 2174 1348 2230; x_wconf 65' lang='lat' dir='ltr'><strong>postne</strong></span> <span class='ocrx_word' id='word_1_159' title='bbox 1374 2162 1713 2212; x_wconf 87' lang='lat' dir='ltr'><strong>reservantur</strong></span> <span class='ocrx_word' id='word_1_160' title='bbox 1733 2152 1785 2205; x_wconf 90' lang='lat' dir='ltr'><strong>in</strong></span> <span class='ocrx_word' id='word_1_161' title='bbox 1814 2160 2109 2221; x_wconf 88' lang='lat' dir='ltr'><strong>posterum.</strong></span> 
     </span>
    </p>
   </div>
   <div class='ocr_carea' id='block_1_23' title="bbox 534 2241 2105 2330">
    <p class='ocr_par' dir='ltr' id='par_1_23' title="bbox 534 2241 2105 2330">
     <span class='ocr_line' id='line_1_23' title="bbox 534 2241 2105 2330; baseline -0.014 -14"><span class='ocrx_word' id='word_1_162' title='bbox 534 2259 718 2330; x_wconf 85' lang='lat' dir='ltr'><strong>Neque</strong></span> <span class='ocrx_word' id='word_1_163' title='bbox 755 2257 896 2314; x_wconf 88' lang='lat' dir='ltr'><strong>enim</strong></span> <span class='ocrx_word' id='word_1_164' title='bbox 922 2255 1116 2311; x_wconf 83' lang='lat' dir='ltr'><strong>frustra</strong></span> <span class='ocrx_word' id='word_1_165' title='bbox 1160 2252 1249 2308; x_wconf 90' lang='lat' dir='ltr'><strong>ille</strong></span> <span class='ocrx_word' id='word_1_166' title='bbox 1278 2249 1490 2321; x_wconf 87' lang='lat' dir='ltr'><strong>proprie</strong></span> <span class='ocrx_word' id='word_1_167' title='bbox 1529 2246 1721 2301; x_wconf 89' lang='lat' dir='ltr'><strong>dicitur</strong></span> <span class='ocrx_word' id='word_1_168' title='bbox 1757 2243 1873 2298; x_wconf 89' lang='lat' dir='ltr'><strong>dies</strong></span> <span class='ocrx_word' id='word_1_169' title='bbox 1896 2241 2105 2312; x_wconf 90' lang='lat' dir='ltr'><strong>judicii,</strong></span> 
     </span>
    </p>
   </div>
   <div class='ocr_carea' id='block_1_24' title="bbox 536 2342 2105 2421">
    <p class='ocr_par' dir='ltr' id='par_1_24' title="bbox 536 2342 2105 2421">
     <span class='ocr_line' id='line_1_24' title="bbox 536 2342 2105 2421; baseline -0.012 -14"><span class='ocrx_word' id='word_1_170' title='bbox 536 2350 746 2421; x_wconf 82' lang='lat' dir='ltr'><strong>quando</strong></span> <span class='ocrx_word' id='word_1_171' title='bbox 766 2357 1017 2404; x_wconf 90' lang='lat' dir='ltr'><strong>venturus</strong></span> <span class='ocrx_word' id='word_1_172' title='bbox 1036 2354 1120 2402; x_wconf 90' lang='lat' dir='ltr'><strong>est</strong></span> <span class='ocrx_word' id='word_1_173' title='bbox 1133 2343 1293 2414; x_wconf 86' lang='lat' dir='ltr'><strong>judex</strong></span> <span class='ocrx_word' id='word_1_174' title='bbox 1312 2342 1551 2396; x_wconf 89' lang='lat' dir='ltr'><strong>vivorum</strong></span> <span class='ocrx_word' id='word_1_175' title='bbox 1574 2346 1733 2408; x_wconf 92' lang='lat' dir='ltr'><strong>atque</strong></span> <span class='ocrx_word' id='word_1_176' title='bbox 1754 2342 2105 2389; x_wconf 90' lang='lat' dir='ltr'><strong>mortuorum.</strong></span> 
     </span>
    </p>
   </div>
   <div class='ocr_carea' id='block_1_25' title="bbox 534 2424 2105 2498">
    <p class='ocr_par' dir='ltr' id='par_1_25' title="bbox 534 2424 2105 2498">
     <span class='ocr_line' id='line_1_25' title="bbox 534 2424 2105 2498; baseline -0.011 -2"><span class='ocrx_word' id='word_1_177' title='bbox 534 2441 685 2496; x_wconf 86' lang='lat' dir='ltr'><strong>Sicut</strong></span> <span class='ocrx_word' id='word_1_178' title='bbox 706 2455 738 2495; x_wconf 94' lang='lat' dir='ltr'><strong>e</strong></span> <span class='ocrx_word' id='word_1_179' title='bbox 761 2437 1026 2495; x_wconf 89' lang='lat' dir='ltr'><strong>contrario</strong></span> <span class='ocrx_word' id='word_1_180' title='bbox 1058 2433 1392 2490; x_wconf 83' lang='lat' dir='ltr'><strong>vindicantur</strong></span> <span class='ocrx_word' id='word_1_181' title='bbox 1429 2430 1516 2485; x_wconf 93' lang='lat' dir='ltr'><strong>hic</strong></span> <span class='ocrx_word' id='word_1_182' title='bbox 1540 2430 1736 2498; x_wconf 89' lang='lat' dir='ltr'><strong>aliqua,</strong></span> <span class='ocrx_word' id='word_1_183' title='bbox 1767 2435 1823 2482; x_wconf 90' lang='lat' dir='ltr'><strong>et</strong></span> <span class='ocrx_word' id='word_1_184' title='bbox 1850 2435 2027 2481; x_wconf 85' lang='lat' dir='ltr'><strong>tamen</strong></span> <span class='ocrx_word' id='word_1_185' title='bbox 2059 2424 2105 2479; x_wconf 90' lang='lat' dir='ltr'><strong>si</strong></span> 
     </span>
    </p>
   </div>
   <div class='ocr_carea' id='block_1_26' title="bbox 533 2517 2106 2598">
    <p class='ocr_par' dir='ltr' id='par_1_26' title="bbox 533 2517 2106 2598">
     <span class='ocr_line' id='line_1_26' title="bbox 533 2517 2106 2598; baseline -0.011 -12"><span class='ocrx_word' id='word_1_186' title='bbox 533 2531 898 2594; x_wconf 84' lang='lat' dir='ltr'><strong>remittuntur,</strong></span> <span class='ocrx_word' id='word_1_187' title='bbox 929 2525 1172 2598; x_wconf 86' lang='lat' dir='ltr'><strong>profecto</strong></span> <span class='ocrx_word' id='word_1_188' title='bbox 1193 2525 1246 2578; x_wconf 91' lang='lat' dir='ltr'><strong>in</strong></span> <span class='ocrx_word' id='word_1_189' title='bbox 1267 2521 1444 2577; x_wconf 90' lang='lat' dir='ltr'><strong>futuro</strong></span> <span class='ocrx_word' id='word_1_190' title='bbox 1463 2519 1660 2576; x_wconf 62' lang='lat' dir='ltr'><strong>saecqu</strong></span> <span class='ocrx_word' id='word_1_191' title='bbox 1685 2532 1789 2573; x_wconf 93' lang='lat' dir='ltr'><strong>non</strong></span> <span class='ocrx_word' id='word_1_192' title='bbox 1817 2517 2106 2572; x_wconf 90' lang='lat' dir='ltr'><strong>nocebunt.</strong></span> 
     </span>
    </p>
   </div>
   <div class='ocr_carea' id='block_1_27' title="bbox 532 2609 2110 2690">
    <p class='ocr_par' dir='ltr' id='par_1_27' title="bbox 532 2609 2110 2690">
     <span class='ocr_line' id='line_1_27' title="bbox 532 2609 2110 2690; baseline -0.01 -14"><span class='ocrx_word' id='word_1_193' title='bbox 532 2620 819 2690; x_wconf 82' lang='lat' dir='ltr'><strong>Propterea</strong></span> <span class='ocrx_word' id='word_1_194' title='bbox 862 2617 930 2673; x_wconf 88' lang='lat' dir='ltr'><strong>de</strong></span> <span class='ocrx_word' id='word_1_195' title='bbox 967 2614 1278 2686; x_wconf 85' lang='lat' dir='ltr'><strong>quihusdam</strong></span> <span class='ocrx_word' id='word_1_196' title='bbox 1323 2610 1703 2682; x_wconf 88' lang='lat' dir='ltr'><strong>temporalibus</strong></span> <span class='ocrx_word' id='word_1_197' title='bbox 1748 2609 1941 2678; x_wconf 66' lang='lat' dir='ltr'><strong>pinnis,</strong></span> <span class='ocrx_word' id='word_1_198' title='bbox 1990 2620 2110 2676; x_wconf 63' lang='lat' dir='ltr'><strong>quas</strong></span> 
     </span>
    </p>
   </div>
   <div class='ocr_carea' id='block_1_28' title="bbox 532 2704 2108 2779">
    <p class='ocr_par' dir='ltr' id='par_1_28' title="bbox 532 2704 2108 2779">
     <span class='ocr_line' id='line_1_28' title="bbox 532 2704 2108 2779; baseline -0.007 -13"><span class='ocrx_word' id='word_1_199' title='bbox 532 2712 592 2768; x_wconf 87' lang='lat' dir='ltr'><strong>in</strong></span> <span class='ocrx_word' id='word_1_200' title='bbox 618 2711 716 2765; x_wconf 91' lang='lat' dir='ltr'><strong>hac</strong></span> <span class='ocrx_word' id='word_1_201' title='bbox 740 2709 845 2764; x_wconf 86' lang='lat' dir='ltr'><strong>vita</strong></span> <span class='ocrx_word' id='word_1_202' title='bbox 890 2706 1227 2779; x_wconf 85' lang='lat' dir='ltr'><strong>peccantibus</strong></span> <span class='ocrx_word' id='word_1_203' title='bbox 1256 2706 1573 2775; x_wconf 89' lang='lat' dir='ltr'><strong>irrogantur,</strong></span> <span class='ocrx_word' id='word_1_204' title='bbox 1601 2704 1682 2758; x_wconf 91' lang='lat' dir='ltr'><strong>eis</strong></span> <span class='ocrx_word' id='word_1_205' title='bbox 1720 2717 1944 2772; x_wconf 89' lang='lat' dir='ltr'><strong>quorum</strong></span> <span class='ocrx_word' id='word_1_206' title='bbox 1980 2714 2108 2770; x_wconf 84' lang='lat' dir='ltr'><strong>pec-</strong></span> 
     </span>
    </p>
   </div>
   <div class='ocr_carea' id='block_1_29' title="bbox 533 2792 2104 2864">
    <p class='ocr_par' dir='ltr' id='par_1_29' title="bbox 533 2792 2104 2864">
     <span class='ocr_line' id='line_1_29' title="bbox 533 2792 2104 2864; baseline -0.008 -7"><span class='ocrx_word' id='word_1_207' title='bbox 533 2808 655 2857; x_wconf 84' lang='lat' dir='ltr'><strong>cata</strong></span> <span class='ocrx_word' id='word_1_208' title='bbox 673 2799 938 2864; x_wconf 88' lang='lat' dir='ltr'><strong>delentur,</strong></span> <span class='ocrx_word' id='word_1_209' title='bbox 962 2813 1029 2852; x_wconf 91' lang='lat' dir='ltr'><strong>ne</strong></span> <span class='ocrx_word' id='word_1_210' title='bbox 1048 2803 1385 2852; x_wconf 87' lang='lat' dir='ltr'><strong>reserventur</strong></span> <span class='ocrx_word' id='word_1_211' title='bbox 1405 2796 1457 2849; x_wconf 92' lang='lat' dir='ltr'><strong>in</strong></span> <span class='ocrx_word' id='word_1_212' title='bbox 1479 2794 1662 2861; x_wconf 85' lang='lat' dir='ltr'><strong>linem,</strong></span> <span class='ocrx_word' id='word_1_213' title='bbox 1684 2792 1759 2847; x_wconf 90' lang='lat' dir='ltr'><strong>ait</strong></span> <span class='ocrx_word' id='word_1_214' title='bbox 1779 2792 2069 2862; x_wconf 88' lang='lat' dir='ltr'><strong>Apostolus</strong></span> <span class='ocrx_word' id='word_1_215' title='bbox 2089 2808 2104 2845; x_wconf 86' lang='lat'><strong>:</strong></span> 
     </span>
    </p>
   </div>
   <div class='ocr_carea' id='block_1_30' title="bbox 534 2882 2112 2961">
    <p class='ocr_par' dir='ltr' id='par_1_30' title="bbox 534 2882 2112 2961">
     <span class='ocr_line' id='line_1_30' title="bbox 534 2882 2112 2961; baseline -0.007 -15"><span class='ocrx_word' id='word_1_216' title='bbox 534 2890 599 2947; x_wconf 80' lang='lat' dir='ltr'><strong>Si</strong></span> <span class='ocrx_word' id='word_1_217' title='bbox 623 2889 753 2945; x_wconf 86' lang='lat' dir='ltr'><strong>enim</strong></span> <span class='ocrx_word' id='word_1_218' title='bbox 792 2905 884 2943; x_wconf 90' lang='lat' dir='ltr'><strong>nos</strong></span> <span class='ocrx_word' id='word_1_219' title='bbox 916 2888 1051 2959; x_wconf 89' lang='lat' dir='ltr'><strong>ipsos</strong></span> <span class='ocrx_word' id='word_1_220' title='bbox 1080 2888 1444 2961; x_wconf 84' lang='lat' dir='ltr'><strong>judicaremus,</strong></span> <span class='ocrx_word' id='word_1_221' title='bbox 1471 2902 1502 2938; x_wconf 92' lang='lat' dir='ltr'><strong>a</strong></span> <span class='ocrx_word' id='word_1_222' title='bbox 1526 2883 1745 2939; x_wconf 89' lang='lat' dir='ltr'><strong>Domino</strong></span> <span class='ocrx_word' id='word_1_223' title='bbox 1772 2898 1873 2936; x_wconf 88' lang='lat' dir='ltr'><strong>non</strong></span> <span class='ocrx_word' id='word_1_224' title='bbox 1903 2882 2112 2953; x_wconf 82' lang='lat' dir='ltr'><strong>judica-</strong></span> 
     </span>
    </p>
   </div>
   <div class='ocr_carea' id='block_1_31' title="bbox 533 2974 2104 3050">
    <p class='ocr_par' dir='ltr' id='par_1_31' title="bbox 533 2974 2104 3050">
     <span class='ocr_line' id='line_1_31' title="bbox 533 2974 2104 3050; baseline -0.007 -13"><span class='ocrx_word' id='word_1_225' title='bbox 533 2999 702 3038; x_wconf 78' lang='lat' dir='ltr'><strong>remur</strong></span> <span class='ocrx_word' id='word_1_226' title='bbox 723 2997 743 3038; x_wconf 90' lang='lat'><strong><em>:</em></strong></span> <span class='ocrx_word' id='word_1_227' title='bbox 769 2997 884 3037; x_wconf 87' lang='lat' dir='ltr'><strong>cum</strong></span> <span class='ocrx_word' id='word_1_228' title='bbox 918 2979 1211 3050; x_wconf 85' lang='lat' dir='ltr'><strong>judicamur</strong></span> <span class='ocrx_word' id='word_1_229' title='bbox 1257 2987 1425 3032; x_wconf 78' lang='lat' dir='ltr'><strong>autent</strong></span> <span class='ocrx_word' id='word_1_230' title='bbox 1452 2994 1485 3030; x_wconf 95' lang='lat' dir='ltr'><strong>a</strong></span> <span class='ocrx_word' id='word_1_231' title='bbox 1520 2975 1741 3030; x_wconf 86' lang='lat' dir='ltr'><strong>Domino</strong></span> <span class='ocrx_word' id='word_1_232' title='bbox 1784 2974 2104 3042; x_wconf 77' lang='lat' dir='ltr'><strong>corripiatur,</strong></span> 
     </span>
    </p>
   </div>
   <div class='ocr_carea' id='block_1_32' title="bbox 533 3064 1979 3138">
    <p class='ocr_par' dir='ltr' id='par_1_32' title="bbox 533 3064 1979 3138">
     <span class='ocr_line' id='line_1_32' title="bbox 533 3064 1979 3138; baseline -0.007 -10"><span class='ocrx_word' id='word_1_233' title='bbox 533 3089 598 3128; x_wconf 86' lang='lat' dir='ltr'><strong>ne</strong></span> <span class='ocrx_word' id='word_1_234' title='bbox 624 3089 739 3128; x_wconf 87' lang='lat' dir='ltr'><strong>cum</strong></span> <span class='ocrx_word' id='word_1_235' title='bbox 767 3072 860 3126; x_wconf 83' lang='lat' dir='ltr'><strong>hoc</strong></span> <span class='ocrx_word' id='word_1_236' title='bbox 887 3071 1076 3125; x_wconf 87' lang='lat' dir='ltr'><strong>mundo</strong></span> <span class='ocrx_word' id='word_1_237' title='bbox 1096 3070 1391 3125; x_wconf 82' lang='lat' dir='ltr'><strong>damnentur</strong></span> <span class='ocrx_word' id='word_1_238' title='bbox 1414 3067 1459 3138; x_wconf 89' lang='grc'><strong>(1</strong></span> <span class='ocrx_word' id='word_1_239' title='bbox 1478 3065 1595 3123; x_wconf 89' lang='lat' dir='ltr'><strong>Cor.</strong></span> <span class='ocrx_word' id='word_1_240' title='bbox 1628 3067 1787 3131; x_wconf 74' lang='lat' dir='ltr'><strong>x1,51</strong></span> <span class='ocrx_word' id='word_1_241' title='bbox 1805 3075 1853 3121; x_wconf 91' lang='lat' dir='ltr'><strong>et</strong></span> <span class='ocrx_word' id='word_1_242' title='bbox 1868 3064 1979 3133; x_wconf 65' lang='grc' dir='ltr'><strong>δὲ).</strong></span> 
     </span>
    </p>
   </div>
   <div class='ocr_carea' id='block_1_33' title="bbox 602 3158 2110 3227">
    <p class='ocr_par' dir='ltr' id='par_1_33' title="bbox 602 3158 2110 3227">
     <span class='ocr_line' id='line_1_33' title="bbox 602 3158 2110 3227; baseline -0.007 -8"><span class='ocrx_word' id='word_1_243' title='bbox 602 3161 829 3219; x_wconf 82' lang='lat' dir='ltr'><strong>CAPUT</strong></span> <span class='ocrx_word' id='word_1_244' title='bbox 874 3160 1080 3218; x_wconf 74' lang='lat' dir='ltr'><strong>LXVII.</strong></span> <span class='ocrx_word' id='word_1_245' title='bbox 1124 3190 1196 3202; x_wconf 92' lang='lat'><em>-</em></span> <span class='ocrx_word' id='word_1_246' title='bbox 1238 3162 1325 3215; x_wconf 78' lang='grc'><strong>18.</strong></span> <span class='ocrx_word' id='word_1_247' title='bbox 1372 3158 1690 3227; x_wconf 81' lang='lat' dir='ltr'><strong>Refelluntur</strong></span> <span class='ocrx_word' id='word_1_248' title='bbox 1733 3159 1819 3227; x_wconf 91' lang='lat' dir='ltr'><strong>qui</strong></span> <span class='ocrx_word' id='word_1_249' title='bbox 1871 3158 2110 3227; x_wconf 83' lang='lat' dir='ltr'><strong>putabant</strong></span> 
     </span>
    </p>
   </div>
   <div class='ocr_carea' id='block_1_34' title="bbox 532 3248 2108 3327">
    <p class='ocr_par' dir='ltr' id='par_1_34' title="bbox 532 3248 2108 3327">
     <span class='ocr_line' id='line_1_34' title="bbox 532 3248 2108 3327; baseline -0.008 -15"><span class='ocrx_word' id='word_1_250' title='bbox 532 3255 707 3327; x_wconf 78' lang='lat' dir='ltr'><strong>ﬁdeles</strong></span> <span class='ocrx_word' id='word_1_251' title='bbox 776 3269 970 3319; x_wconf 88' lang='lat' dir='ltr'><strong>omnes,</strong></span> <span class='ocrx_word' id='word_1_252' title='bbox 1012 3250 1371 3322; x_wconf 75' lang='lat' dir='ltr'><strong>quantumlibet</strong></span> <span class='ocrx_word' id='word_1_253' title='bbox 1425 3251 1661 3303; x_wconf 80' lang='lat' dir='ltr'><strong>scelerate</strong></span> <span class='ocrx_word' id='word_1_254' title='bbox 1700 3249 1957 3312; x_wconf 72' lang='lat' dir='ltr'><strong>vixissent,</strong></span> <span class='ocrx_word' id='word_1_255' title='bbox 2000 3248 2108 3301; x_wconf 86' lang='lat' dir='ltr'><strong>sal-</strong></span> 
     </span>
    </p>
   </div>
   <div class='ocr_carea' id='block_1_35' title="bbox 534 3336 2108 3415">
    <p class='ocr_par' dir='ltr' id='par_1_35' title="bbox 534 3336 2108 3415">
     <span class='ocr_line' id='line_1_35' title="bbox 534 3336 2108 3415; baseline -0.007 -14"><span class='ocrx_word' id='word_1_256' title='bbox 534 3347 726 3401; x_wconf 74' lang='lat' dir='ltr'><strong>uandos</strong></span> <span class='ocrx_word' id='word_1_257' title='bbox 753 3360 841 3414; x_wconf 89' lang='lat' dir='ltr'><strong>per</strong></span> <span class='ocrx_word' id='word_1_258' title='bbox 866 3345 1052 3415; x_wconf 85' lang='lat' dir='ltr'><strong>ignem.</strong></span> <span class='ocrx_word' id='word_1_259' title='bbox 1071 3340 1372 3396; x_wconf 86' lang='lat' dir='ltr'><strong>Creduutur</strong></span> <span class='ocrx_word' id='word_1_260' title='bbox 1397 3346 1572 3393; x_wconf 88' lang='lat' dir='ltr'><strong>autem</strong></span> <span class='ocrx_word' id='word_1_261' title='bbox 1600 3353 1631 3392; x_wconf 93' lang='lat' dir='ltr'><strong>a</strong></span> <span class='ocrx_word' id='word_1_262' title='bbox 1659 3336 1968 3406; x_wconf 85' lang='lat' dir='ltr'><strong>quibusdam</strong></span> <span class='ocrx_word' id='word_1_263' title='bbox 1989 3338 2011 3367; x_wconf 82' lang='grc'>²</span> <span class='ocrx_word' id='word_1_264' title='bbox 2033 3336 2108 3409; x_wconf 90' lang='lat' dir='ltr'><strong>(a)</strong></span> 
     </span>
    </p>
   </div>
   <div class='ocr_carea' id='block_1_36' title="bbox 534 3429 2109 3502">
    <p class='ocr_par' dir='ltr' id='par_1_36' title="bbox 534 3429 2109 3502">
     <span class='ocr_line' id='line_1_36' title="bbox 534 3429 2109 3502; baseline -0.004 -12"><span class='ocrx_word' id='word_1_265' title='bbox 534 3435 696 3490; x_wconf 87' lang='lat' dir='ltr'><strong>etiam</strong></span> <span class='ocrx_word' id='word_1_266' title='bbox 736 3434 773 3488; x_wconf 92' lang='lat' dir='ltr'><strong>ii</strong></span> <span class='ocrx_word' id='word_1_267' title='bbox 813 3433 903 3502; x_wconf 91' lang='lat' dir='ltr'><strong>qui</strong></span> <span class='ocrx_word' id='word_1_268' title='bbox 943 3446 1135 3486; x_wconf 87' lang='lat' dir='ltr'><strong>nomen</strong></span> <span class='ocrx_word' id='word_1_269' title='bbox 1172 3429 1367 3485; x_wconf 90' lang='lat' dir='ltr'><strong>Christi</strong></span> <span class='ocrx_word' id='word_1_270' title='bbox 1396 3444 1500 3484; x_wconf 92' lang='lat' dir='ltr'><strong>non</strong></span> <span class='ocrx_word' id='word_1_271' title='bbox 1542 3429 1865 3499; x_wconf 87' lang='lat' dir='ltr'><strong>relinquunt,</strong></span> <span class='ocrx_word' id='word_1_272' title='bbox 1904 3437 1959 3484; x_wconf 91' lang='lat' dir='ltr'><strong>et</strong></span> <span class='ocrx_word' id='word_1_273' title='bbox 1991 3429 2109 3499; x_wconf 86' lang='lat' dir='ltr'><strong>ejus</strong></span> 
     </span>
    </p>
   </div>
   <div class='ocr_carea' id='block_1_37' title="bbox 533 3523 2109 3592">
    <p class='ocr_par' dir='ltr' id='par_1_37' title="bbox 533 3523 2109 3592">
     <span class='ocr_line' id='line_1_37' title="bbox 533 3523 2109 3592; baseline -0.002 -10"><span class='ocrx_word' id='word_1_274' title='bbox 533 3525 747 3582; x_wconf 84' lang='lat' dir='ltr'><strong>lavacro</strong></span> <span class='ocrx_word' id='word_1_275' title='bbox 770 3525 825 3580; x_wconf 93' lang='lat' dir='ltr'><strong>in</strong></span> <span class='ocrx_word' id='word_1_276' title='bbox 851 3524 1087 3579; x_wconf 86' lang='lat' dir='ltr'><strong>Ecclesia</strong></span> <span class='ocrx_word' id='word_1_277' title='bbox 1111 3523 1464 3592; x_wconf 87' lang='lat' dir='ltr'><strong>baptizantur,</strong></span> <span class='ocrx_word' id='word_1_278' title='bbox 1494 3538 1593 3578; x_wconf 90' lang='lat' dir='ltr'><strong>nec</strong></span> <span class='ocrx_word' id='word_1_279' title='bbox 1619 3523 1686 3578; x_wconf 91' lang='lat' dir='ltr'><strong>ab</strong></span> <span class='ocrx_word' id='word_1_280' title='bbox 1714 3538 1778 3579; x_wconf 90' lang='lat' dir='ltr'><strong>ea</strong></span> <span class='ocrx_word' id='word_1_281' title='bbox 1808 3524 1915 3578; x_wconf 89' lang='lat' dir='ltr'><strong>ullo</strong></span> <span class='ocrx_word' id='word_1_282' title='bbox 1962 3523 2109 3580; x_wconf 90' lang='lat' dir='ltr'><strong>schi-</strong></span> 
     </span>
    </p>
   </div>
   <div class='ocr_carea' id='block_1_38' title="bbox 533 3615 2109 3686">
    <p class='ocr_par' dir='ltr' id='par_1_38' title="bbox 533 3615 2109 3686">
     <span class='ocr_line' id='line_1_38' title="bbox 533 3615 2109 3686; baseline 0 -13"><span class='ocrx_word' id='word_1_283' title='bbox 533 3626 707 3673; x_wconf 87' lang='lat' dir='ltr'><strong>smate</strong></span> <span class='ocrx_word' id='word_1_284' title='bbox 751 3617 836 3674; x_wconf 88' lang='lat' dir='ltr'><strong>vel</strong></span> <span class='ocrx_word' id='word_1_285' title='bbox 879 3616 1067 3671; x_wconf 65' lang='lat' dir='ltr'><strong>hmresi</strong></span> <span class='ocrx_word' id='word_1_286' title='bbox 1093 3615 1468 3686; x_wconf 68' lang='lat' dir='ltr'><strong>pmidunlur,</strong></span> <span class='ocrx_word' id='word_1_287' title='bbox 1512 3616 1565 3670; x_wconf 92' lang='lat' dir='ltr'><strong>in</strong></span> <span class='ocrx_word' id='word_1_288' title='bbox 1605 3616 1950 3685; x_wconf 85' lang='lat' dir='ltr'><strong>quantislibet</strong></span> <span class='ocrx_word' id='word_1_289' title='bbox 1990 3632 2109 3673; x_wconf 89' lang='lat' dir='ltr'><strong>sce-</strong></span> 
     </span>
    </p>
   </div>
   <div class='ocr_carea' id='block_1_39' title="bbox 533 3707 2105 3779">
    <p class='ocr_par' dir='ltr' id='par_1_39' title="bbox 533 3707 2105 3779">
     <span class='ocr_line' id='line_1_39' title="bbox 533 3707 2105 3779; baseline -0.001 -12"><span class='ocrx_word' id='word_1_290' title='bbox 533 3709 735 3767; x_wconf 88' lang='lat' dir='ltr'><strong>leribus</strong></span> <span class='ocrx_word' id='word_1_291' title='bbox 789 3711 986 3777; x_wconf 82' lang='lat' dir='ltr'><strong>vivant,</strong></span> <span class='ocrx_word' id='word_1_292' title='bbox 1041 3724 1160 3779; x_wconf 83' lang='lat' dir='ltr'><strong>qua:</strong></span> <span class='ocrx_word' id='word_1_293' title='bbox 1210 3723 1310 3764; x_wconf 91' lang='lat' dir='ltr'><strong>nec</strong></span> <span class='ocrx_word' id='word_1_294' title='bbox 1358 3707 1562 3763; x_wconf 87' lang='lat' dir='ltr'><strong>diluant</strong></span> <span class='ocrx_word' id='word_1_295' title='bbox 1616 3710 1944 3778; x_wconf 69' lang='lat' dir='ltr'><strong>paenitendo,</strong></span> <span class='ocrx_word' id='word_1_296' title='bbox 2005 3725 2105 3765; x_wconf 90' lang='lat' dir='ltr'><strong>nec</strong></span> 
     </span>
    </p>
   </div>
   <div class='ocr_carea' id='block_1_40' title="bbox 535 3798 2109 3872">
    <p class='ocr_par' dir='ltr' id='par_1_40' title="bbox 535 3798 2109 3872">
     <span class='ocr_line' id='line_1_40' title="bbox 535 3798 2109 3872; baseline -0.002 -15"><span class='ocrx_word' id='word_1_297' title='bbox 535 3800 893 3872; x_wconf 84' lang='lat' dir='ltr'><strong>eleemosynis</strong></span> <span class='ocrx_word' id='word_1_298' title='bbox 918 3799 1197 3864; x_wconf 82' lang='lat' dir='ltr'><strong>redimam,</strong></span> <span class='ocrx_word' id='word_1_299' title='bbox 1221 3798 1313 3853; x_wconf 87' lang='lat' dir='ltr'><strong>sed</strong></span> <span class='ocrx_word' id='word_1_300' title='bbox 1338 3800 1391 3853; x_wconf 91' lang='lat' dir='ltr'><strong>in</strong></span> <span class='ocrx_word' id='word_1_301' title='bbox 1419 3799 1500 3855; x_wconf 85' lang='lat' dir='ltr'><strong>eis</strong></span> <span class='ocrx_word' id='word_1_302' title='bbox 1524 3813 1690 3869; x_wconf 88' lang='lat' dir='ltr'><strong>usque</strong></span> <span class='ocrx_word' id='word_1_303' title='bbox 1719 3798 1785 3853; x_wconf 90' lang='lat' dir='ltr'><strong>ad</strong></span> <span class='ocrx_word' id='word_1_304' title='bbox 1812 3799 1964 3869; x_wconf 83' lang='lat' dir='ltr'><strong>hujus</strong></span> <span class='ocrx_word' id='word_1_305' title='bbox 1987 3800 2109 3854; x_wconf 83' lang='lat' dir='ltr'><strong>vitae</strong></span> 
     </span>
    </p>
   </div>
   <div class='ocr_carea' id='block_1_41' title="bbox 534 3891 2106 3963">
    <p class='ocr_par' dir='ltr' id='par_1_41' title="bbox 534 3891 2106 3963">
     <span class='ocr_line' id='line_1_41' title="bbox 534 3891 2106 3963; baseline -0.002 -14"><span class='ocrx_word' id='word_1_306' title='bbox 534 3895 776 3949; x_wconf 89' lang='lat' dir='ltr'><strong>ultimum</strong></span> <span class='ocrx_word' id='word_1_307' title='bbox 800 3893 941 3949; x_wconf 89' lang='lat' dir='ltr'><strong>diem</strong></span> <span class='ocrx_word' id='word_1_308' title='bbox 965 3891 1383 3963; x_wconf 86' lang='lat' dir='ltr'><strong>pertinacissime</strong></span> <span class='ocrx_word' id='word_1_309' title='bbox 1410 3902 1771 3961; x_wconf 86' lang='lat' dir='ltr'><strong>perseverent,</strong></span> <span class='ocrx_word' id='word_1_310' title='bbox 1795 3892 1926 3948; x_wconf 89' lang='lat' dir='ltr'><strong>salvi</strong></span> <span class='ocrx_word' id='word_1_311' title='bbox 1946 3892 2106 3947; x_wconf 88' lang='lat' dir='ltr'><strong>futuri</strong></span> 
     </span>
    </p>
   </div>
   <div class='ocr_carea' id='block_1_42' title="bbox 534 3969 2104 4054">
    <p class='ocr_par' dir='ltr' id='par_1_42' title="bbox 534 3969 2104 4054">
     <span class='ocr_line' id='line_1_42' title="bbox 534 3969 2104 4054; baseline -0.002 -15"><span class='ocrx_word' id='word_1_312' title='bbox 534 4000 631 4054; x_wconf 89' lang='lat' dir='ltr'><strong>per</strong></span> <span class='ocrx_word' id='word_1_313' title='bbox 657 3969 865 4054; x_wconf 85' lang='lat' dir='ltr'><strong>ignem;</strong></span> <span class='ocrx_word' id='word_1_314' title='bbox 894 3983 1016 4039; x_wconf 90' lang='lat' dir='ltr'><strong>licet</strong></span> <span class='ocrx_word' id='word_1_315' title='bbox 1044 3997 1139 4053; x_wconf 91' lang='lat' dir='ltr'><strong>pro</strong></span> <span class='ocrx_word' id='word_1_316' title='bbox 1162 3982 1522 4053; x_wconf 83' lang='lat' dir='ltr'><strong>magnitudine</strong></span> <span class='ocrx_word' id='word_1_317' title='bbox 1551 3983 1844 4038; x_wconf 83' lang='lat' dir='ltr'><strong>facinorum</strong></span> <span class='ocrx_word' id='word_1_318' title='bbox 1874 3982 2104 4053; x_wconf 80' lang='lat' dir='ltr'><strong>ﬂagitio-</strong></span> 
     </span>
    </p>
   </div>
   <div class='ocr_carea' id='block_1_43' title="bbox 536 4074 2099 4145">
    <p class='ocr_par' dir='ltr' id='par_1_43' title="bbox 536 4074 2099 4145">
     <span class='ocr_line' id='line_1_43' title="bbox 536 4074 2099 4145; baseline 0.001 -17"><span class='ocrx_word' id='word_1_319' title='bbox 536 4090 760 4144; x_wconf 89' lang='lat' dir='ltr'><strong>rumque</strong></span> <span class='ocrx_word' id='word_1_320' title='bbox 796 4074 1059 4137; x_wconf 87' lang='lat' dir='ltr'><strong>diuturno,</strong></span> <span class='ocrx_word' id='word_1_321' title='bbox 1112 4088 1216 4127; x_wconf 93' lang='lat' dir='ltr'><strong>non</strong></span> <span class='ocrx_word' id='word_1_322' title='bbox 1259 4083 1432 4128; x_wconf 90' lang='lat' dir='ltr'><strong>tamen</strong></span> <span class='ocrx_word' id='word_1_323' title='bbox 1476 4082 1680 4130; x_wconf 67' lang='lat' dir='ltr'><strong>aeterno</strong></span> <span class='ocrx_word' id='word_1_324' title='bbox 1706 4076 1826 4145; x_wconf 85' lang='lat' dir='ltr'><strong>igne</strong></span> <span class='ocrx_word' id='word_1_325' title='bbox 1858 4076 2028 4145; x_wconf 87' lang='lat' dir='ltr'><strong>puniri</strong></span> <span class='ocrx_word' id='word_1_326' title='bbox 2055 4074 2099 4129; x_wconf 86' lang='grc'><strong>³.</strong></span> 
     </span>
    </p>
   </div>
   <div class='ocr_carea' id='block_1_44' title="bbox 535 4165 2108 4236">
    <p class='ocr_par' dir='ltr' id='par_1_44' title="bbox 535 4165 2108 4236">
     <span class='ocr_line' id='line_1_44' title="bbox 535 4165 2108 4236; baseline -0.002 -12"><span class='ocrx_word' id='word_1_327' title='bbox 535 4166 640 4224; x_wconf 86' lang='lat' dir='ltr'><strong>Sed</strong></span> <span class='ocrx_word' id='word_1_328' title='bbox 665 4167 752 4236; x_wconf 92' lang='lat' dir='ltr'><strong>qui</strong></span> <span class='ocrx_word' id='word_1_329' title='bbox 773 4165 875 4221; x_wconf 91' lang='lat' dir='ltr'><strong>hoc</strong></span> <span class='ocrx_word' id='word_1_330' title='bbox 898 4165 1140 4230; x_wconf 85' lang='lat' dir='ltr'><strong>credunt,</strong></span> <span class='ocrx_word' id='word_1_331' title='bbox 1167 4174 1220 4220; x_wconf 91' lang='lat' dir='ltr'><strong>et</strong></span> <span class='ocrx_word' id='word_1_332' title='bbox 1248 4175 1421 4221; x_wconf 88' lang='lat' dir='ltr'><strong>tamen</strong></span> <span class='ocrx_word' id='word_1_333' title='bbox 1442 4167 1685 4222; x_wconf 86' lang='lat' dir='ltr'><strong>catholici</strong></span> <span class='ocrx_word' id='word_1_334' title='bbox 1710 4177 1851 4229; x_wconf 89' lang='lat' dir='ltr'><strong>sunt,</strong></span> <span class='ocrx_word' id='word_1_335' title='bbox 1877 4167 2108 4221; x_wconf 89' lang='lat' dir='ltr'><strong>lmmaua</strong></span> 
     </span>
    </p>
   </div>
   <div class='ocr_carea' id='block_1_45' title="bbox 535 4259 2110 4329">
    <p class='ocr_par' dir='ltr' id='par_1_45' title="bbox 535 4259 2110 4329">
     <span class='ocr_line' id='line_1_45' title="bbox 535 4259 2110 4329; baseline 0.003 -17"><span class='ocrx_word' id='word_1_336' title='bbox 535 4259 763 4329; x_wconf 89' lang='lat' dir='ltr'><strong>quadam</strong></span> <span class='ocrx_word' id='word_1_337' title='bbox 791 4259 1150 4316; x_wconf 88' lang='lat' dir='ltr'><strong>benevolentia</strong></span> <span class='ocrx_word' id='word_1_338' title='bbox 1183 4260 1308 4314; x_wconf 89' lang='lat' dir='ltr'><strong>mihi</strong></span> <span class='ocrx_word' id='word_1_339' title='bbox 1339 4261 1446 4315; x_wconf 91' lang='lat' dir='ltr'><strong>falli</strong></span> <span class='ocrx_word' id='word_1_340' title='bbox 1486 4260 1728 4316; x_wconf 89' lang='lat' dir='ltr'><strong>videntur</strong></span> <span class='ocrx_word' id='word_1_341' title='bbox 1756 4279 1768 4314; x_wconf 87' lang='lat'><strong>:</strong></span> <span class='ocrx_word' id='word_1_342' title='bbox 1800 4276 1919 4315; x_wconf 87' lang='lat' dir='ltr'><strong>nam</strong></span> <span class='ocrx_word' id='word_1_343' title='bbox 1966 4260 2110 4316; x_wconf 87' lang='lat' dir='ltr'><strong>Scri-</strong></span> 
     </span>
    </p>
   </div>
   <div class='ocr_carea' id='block_1_46' title="bbox 538 4350 2105 4423">
    <p class='ocr_par' dir='ltr' id='par_1_46' title="bbox 538 4350 2105 4423">
     <span class='ocr_line' id='line_1_46' title="bbox 538 4350 2105 4423; baseline -0.001 -17"><span class='ocrx_word' id='word_1_344' title='bbox 538 4361 692 4421; x_wconf 90' lang='lat' dir='ltr'><strong>ptura</strong></span> <span class='ocrx_word' id='word_1_345' title='bbox 721 4351 895 4406; x_wconf 85' lang='lat' dir='ltr'><strong>divina</strong></span> <span class='ocrx_word' id='word_1_346' title='bbox 921 4350 1063 4406; x_wconf 86' lang='lat' dir='ltr'><strong>aliud</strong></span> <span class='ocrx_word' id='word_1_347' title='bbox 1092 4352 1328 4407; x_wconf 89' lang='lat' dir='ltr'><strong>consulta</strong></span> <span class='ocrx_word' id='word_1_348' title='bbox 1356 4351 1657 4423; x_wconf 87' lang='lat' dir='ltr'><strong>respondet.</strong></span> <span class='ocrx_word' id='word_1_349' title='bbox 1693 4351 1907 4406; x_wconf 88' lang='lat' dir='ltr'><strong>Librum</strong></span> <span class='ocrx_word' id='word_1_350' title='bbox 1928 4360 2105 4407; x_wconf 88' lang='lat' dir='ltr'><strong>autem</strong></span> 
     </span>
    </p>
   </div>
   <div class='ocr_carea' id='block_1_47' title="bbox 532 4441 2107 4512">
    <p class='ocr_par' dir='ltr' id='par_1_47' title="bbox 532 4441 2107 4512">
     <span class='ocr_line' id='line_1_47' title="bbox 532 4441 2107 4512; baseline -0.001 -14"><span class='ocrx_word' id='word_1_351' title='bbox 532 4442 603 4498; x_wconf 89' lang='lat' dir='ltr'><strong>de</strong></span> <span class='ocrx_word' id='word_1_352' title='bbox 627 4442 724 4496; x_wconf 87' lang='lat' dir='ltr'><strong>hac</strong></span> <span class='ocrx_word' id='word_1_353' title='bbox 770 4442 1060 4512; x_wconf 76' lang='lat' dir='ltr'><strong>qtunstione</strong></span> <span class='ocrx_word' id='word_1_354' title='bbox 1107 4443 1419 4511; x_wconf 85' lang='lat' dir='ltr'><strong>conscripsi,</strong></span> <span class='ocrx_word' id='word_1_355' title='bbox 1467 4442 1617 4511; x_wconf 85' lang='lat' dir='ltr'><strong>cujus</strong></span> <span class='ocrx_word' id='word_1_356' title='bbox 1666 4442 1847 4496; x_wconf 90' lang='lat' dir='ltr'><strong>titulus</strong></span> <span class='ocrx_word' id='word_1_357' title='bbox 1888 4452 1991 4508; x_wconf 90' lang='lat' dir='ltr'><strong>est,</strong></span> <span class='ocrx_word' id='word_1_358' title='bbox 2040 4441 2107 4497; x_wconf 89' lang='lat' dir='ltr'><strong>de</strong></span> 
     </span>
    </p>
   </div>
   <div class='ocr_carea' id='block_1_48' title="bbox 536 4533 2103 4605">
    <p class='ocr_par' dir='ltr' id='par_1_48' title="bbox 536 4533 2103 4605">
     <span class='ocr_line' id='line_1_48' title="bbox 536 4533 2103 4605; baseline 0.004 -19"><span class='ocrx_word' id='word_1_359' title='bbox 536 4533 663 4588; x_wconf 84' lang='lat' dir='ltr'><strong>Fide</strong></span> <span class='ocrx_word' id='word_1_360' title='bbox 680 4542 743 4605; x_wconf 19' lang='lat' dir='ltr'><strong>vet</strong></span> <span class='ocrx_word' id='word_1_361' title='bbox 771 4535 1067 4604; x_wconf 82' lang='lat' dir='ltr'><strong>Operihus;</strong></span> <span class='ocrx_word' id='word_1_362' title='bbox 1100 4534 1187 4589; x_wconf 93' lang='lat' dir='ltr'><strong>ubi</strong></span> <span class='ocrx_word' id='word_1_363' title='bbox 1215 4534 1504 4591; x_wconf 87' lang='lat' dir='ltr'><strong>secundum</strong></span> <span class='ocrx_word' id='word_1_364' title='bbox 1542 4534 1844 4605; x_wconf 87' lang='lat' dir='ltr'><strong>Scripturas</strong></span> <span class='ocrx_word' id='word_1_365' title='bbox 1873 4545 2103 4603; x_wconf 78' lang='lat' dir='ltr'><strong>sanctas,</strong></span> 
     </span>
    </p>
   </div>
   <div class='ocr_carea' id='block_1_49' title="bbox 533 4625 2103 4696">
    <p class='ocr_par' dir='ltr' id='par_1_49' title="bbox 533 4625 2103 4696">
     <span class='ocr_line' id='line_1_49' title="bbox 533 4625 2103 4696; baseline -0.001 -15"><span class='ocrx_word' id='word_1_366' title='bbox 533 4635 791 4696; x_wconf 89' lang='lat' dir='ltr'><strong>quantum</strong></span> <span class='ocrx_word' id='word_1_367' title='bbox 844 4627 951 4682; x_wconf 90' lang='lat' dir='ltr'><strong>Deo</strong></span> <span class='ocrx_word' id='word_1_368' title='bbox 1001 4625 1284 4695; x_wconf 87' lang='lat' dir='ltr'><strong>adjuvantc</strong></span> <span class='ocrx_word' id='word_1_369' title='bbox 1340 4627 1505 4696; x_wconf 87' lang='lat' dir='ltr'><strong>potui,</strong></span> <span class='ocrx_word' id='word_1_370' title='bbox 1556 4626 1935 4693; x_wconf 87' lang='lat' dir='ltr'><strong>demonstravi,</strong></span> <span class='ocrx_word' id='word_1_371' title='bbox 1986 4643 2103 4682; x_wconf 90' lang='lat' dir='ltr'><strong>eam</strong></span> 
     </span>
    </p>
   </div>
   <div class='ocr_carea' id='block_1_50' title="bbox 534 4715 2106 4787">
    <p class='ocr_par' dir='ltr' id='par_1_50' title="bbox 534 4715 2106 4787">
     <span class='ocr_line' id='line_1_50' title="bbox 534 4715 2106 4787; baseline 0.004 -19"><span class='ocrx_word' id='word_1_372' title='bbox 534 4715 693 4771; x_wconf 81' lang='lat' dir='ltr'><strong>ﬁdem</strong></span> <span class='ocrx_word' id='word_1_373' title='bbox 734 4716 909 4771; x_wconf 88' lang='lat' dir='ltr'><strong>salvos</strong></span> <span class='ocrx_word' id='word_1_374' title='bbox 943 4715 1135 4780; x_wconf 89' lang='lat' dir='ltr'><strong>facere,</strong></span> <span class='ocrx_word' id='word_1_375' title='bbox 1180 4730 1336 4787; x_wconf 88' lang='lat' dir='ltr'><strong>quam</strong></span> <span class='ocrx_word' id='word_1_376' title='bbox 1365 4716 1494 4770; x_wconf 87' lang='lat' dir='ltr'><strong>satis</strong></span> <span class='ocrx_word' id='word_1_377' title='bbox 1543 4717 1816 4772; x_wconf 83' lang='lat' dir='ltr'><strong>evidenter</strong></span> <span class='ocrx_word' id='word_1_378' title='bbox 1844 4718 2106 4787; x_wconf 84' lang='lat' dir='ltr'><strong>expressit</strong></span> 
     </span>
    </p>
   </div>
   <div class='ocr_carea' id='block_1_51' title="bbox 533 4807 2108 4882">
    <p class='ocr_par' dir='ltr' id='par_1_51' title="bbox 533 4807 2108 4882">
     <span class='ocr_line' id='line_1_51' title="bbox 533 4807 2108 4882; baseline 0.003 -20"><span class='ocrx_word' id='word_1_379' title='bbox 533 4808 727 4863; x_wconf 84' lang='lat' dir='ltr'><strong>Paulus</strong></span> <span class='ocrx_word' id='word_1_380' title='bbox 756 4809 1045 4878; x_wconf 87' lang='lat' dir='ltr'><strong>apostolus,</strong></span> <span class='ocrx_word' id='word_1_381' title='bbox 1076 4808 1257 4864; x_wconf 89' lang='lat' dir='ltr'><strong>dicens</strong></span> <span class='ocrx_word' id='word_1_382' title='bbox 1286 4826 1298 4862; x_wconf 92' lang='lat'><strong>:</strong></span> <span class='ocrx_word' id='word_1_383' title='bbox 1329 4807 1394 4861; x_wconf 89' lang='lat' dir='ltr'><strong>In</strong></span> <span class='ocrx_word' id='word_1_384' title='bbox 1421 4807 1618 4864; x_wconf 82' lang='lat' dir='ltr'><strong>Christo</strong></span> <span class='ocrx_word' id='word_1_385' title='bbox 1641 4812 1773 4863; x_wconf 88' lang='lat' dir='ltr'><strong>enim</strong></span> <span class='ocrx_word' id='word_1_386' title='bbox 1802 4811 1928 4865; x_wconf 77' lang='lat' dir='ltr'><strong>Iesu</strong></span> <span class='ocrx_word' id='word_1_387' title='bbox 1950 4827 2108 4882; x_wconf 85' lang='lat' dir='ltr'><strong>neque</strong></span> 
     </span>
    </p>
   </div>
   <div class='ocr_carea' id='block_1_52' title="bbox 532 4897 2105 4970">
    <p class='ocr_par' dir='ltr' id='par_1_52' title="bbox 532 4897 2105 4970">
     <span class='ocr_line' id='line_1_52' title="bbox 532 4897 2105 4970; baseline 0.004 -19"><span class='ocrx_word' id='word_1_388' title='bbox 532 4899 843 4952; x_wconf 87' lang='lat' dir='ltr'><strong>circumcisio</strong></span> <span class='ocrx_word' id='word_1_389' title='bbox 866 4898 1138 4970; x_wconf 85' lang='lat' dir='ltr'><strong>quidquam</strong></span> <span class='ocrx_word' id='word_1_390' title='bbox 1156 4897 1305 4965; x_wconf 79' lang='lat' dir='ltr'><strong>ualet,</strong></span> <span class='ocrx_word' id='word_1_391' title='bbox 1336 4915 1491 4968; x_wconf 87' lang='lat' dir='ltr'><strong>neque</strong></span> <span class='ocrx_word' id='word_1_392' title='bbox 1513 4901 1834 4970; x_wconf 81' lang='lat' dir='ltr'><strong>prteputium,</strong></span> <span class='ocrx_word' id='word_1_393' title='bbox 1862 4903 1951 4956; x_wconf 89' lang='lat' dir='ltr'><strong>sed</strong></span> <span class='ocrx_word' id='word_1_394' title='bbox 1977 4903 2105 4970; x_wconf 77' lang='lat' dir='ltr'><strong>ﬁdes</strong></span> 
     </span>
    </p>
   </div>
   <div class='ocr_carea' id='block_1_53' title="bbox 597 5008 1397 5071">
    <p class='ocr_par' dir='ltr' id='par_1_53' title="bbox 597 5008 1397 5071">
     <span class='ocr_line' id='line_1_53' title="bbox 597 5008 1397 5071; baseline 0.003 -14"><span class='ocrx_word' id='word_1_395' title='bbox 597 5011 615 5071; x_wconf 49' lang='grc' dir='ltr'>ἦ</span> <span class='ocrx_word' id='word_1_396' title='bbox 640 5010 712 5059; x_wconf 82' lang='lat' dir='ltr'><strong>sic</strong></span> <span class='ocrx_word' id='word_1_397' title='bbox 730 5017 836 5060; x_wconf 78' lang='lat' dir='ltr'><strong>Mss.</strong></span> <span class='ocrx_word' id='word_1_398' title='bbox 858 5010 975 5060; x_wconf 82' lang='lat' dir='ltr'><strong>Editi</strong></span> <span class='ocrx_word' id='word_1_399' title='bbox 994 5023 1131 5071; x_wconf 90' lang='lat' dir='ltr'><strong>vero,</strong></span> <span class='ocrx_word' id='word_1_400' title='bbox 1156 5008 1397 5061; x_wconf 64' lang='lat' dir='ltr'><strong>Ecclesiae.</strong></span> 
     </span>
    </p>
   </div>
   <div class='ocr_carea' id='block_1_54' title="bbox 599 5070 1839 5136">
    <p class='ocr_par' dir='ltr' id='par_1_54' title="bbox 599 5070 1839 5136">
     <span class='ocr_line' id='line_1_54' title="bbox 599 5070 1839 5136; baseline 0.003 -18"><span class='ocrx_word' id='word_1_401' title='bbox 599 5070 621 5136; x_wconf 64' lang='grc' dir='ltr'><em>ξ</em></span> <span class='ocrx_word' id='word_1_402' title='bbox 642 5075 771 5127; x_wconf 71' lang='lat' dir='ltr'><strong>Mss,</strong></span> <span class='ocrx_word' id='word_1_403' title='bbox 789 5071 1050 5136; x_wconf 69' lang='lat' dir='ltr'><strong>creduntur</strong></span> <span class='ocrx_word' id='word_1_404' title='bbox 1071 5085 1104 5120; x_wconf 92' lang='lat' dir='ltr'><strong>a</strong></span> <span class='ocrx_word' id='word_1_405' title='bbox 1118 5070 1428 5136; x_wconf 78' lang='lat' dir='ltr'><strong>quibusdam,</strong></span> <span class='ocrx_word' id='word_1_406' title='bbox 1452 5073 1646 5136; x_wconf 88' lang='lat' dir='ltr'><strong>omisso,</strong></span> <span class='ocrx_word' id='word_1_407' title='bbox 1667 5080 1839 5126; x_wconf 87' lang='lat' dir='ltr'><strong>autem.</strong></span> 
     </span>
    </p>
   </div>
   <div class='ocr_carea' id='block_1_55' title="bbox 568 5129 2107 5203">
    <p class='ocr_par' dir='ltr' id='par_1_55' title="bbox 568 5129 2107 5203">
     <span class='ocr_line' id='line_1_55' title="bbox 568 5129 2107 5203; baseline 0.006 -25"><span class='ocrx_word' id='word_1_408' title='bbox 568 5130 616 5203; x_wconf 68' lang='lat'><strong>__&#39;_</strong></span> <span class='ocrx_word' id='word_1_409' title='bbox 637 5129 854 5203; x_wconf 73' lang='lat' dir='ltr'><strong>Nonnulli</strong></span> <span class='ocrx_word' id='word_1_410' title='bbox 891 5131 1085 5203; x_wconf 75' lang='lat' dir='ltr'><strong>codices</strong></span> <span class='ocrx_word' id='word_1_411' title='bbox 1100 5171 1115 5196; x_wconf 92' lang='lat'><strong>,</strong></span> <span class='ocrx_word' id='word_1_412' title='bbox 1137 5129 1377 5197; x_wconf 87' lang='lat' dir='ltr'><strong>&#39;punituri.</strong></span> <span class='ocrx_word' id='word_1_413' title='bbox 1415 5129 1584 5185; x_wconf 56' lang='lat' dir='ltr'><strong>&#39;Fortc‘</strong></span> <span class='ocrx_word' id='word_1_414' title='bbox 1607 5129 1940 5200; x_wconf 78' lang='lat' dir='ltr'><strong>reponendum</strong></span> <span class='ocrx_word' id='word_1_415' title='bbox 1961 5174 1975 5200; x_wconf 91' lang='lat'><strong>,</strong></span> <span class='ocrx_word' id='word_1_416' title='bbox 2020 5150 2107 5203; x_wconf 86' lang='lat' dir='ltr'><strong>pu-</strong></span> 
     </span>
    </p>
   </div>
   <div class='ocr_carea' id='block_1_56' title="bbox 526 5190 1036 5255">
    <p class='ocr_par' dir='ltr' id='par_1_56' title="bbox 526 5190 1036 5255">
     <span class='ocr_line' id='line_1_56' title="bbox 526 5190 1036 5255; baseline 0.004 -14"><span class='ocrx_word' id='word_1_417' title='bbox 526 5190 648 5255; x_wconf 82' lang='lat' dir='ltr'><strong>niti;</strong></span> <span class='ocrx_word' id='word_1_418' title='bbox 671 5190 768 5251; x_wconf 85' lang='lat' dir='ltr'><strong>vel,</strong></span> <span class='ocrx_word' id='word_1_419' title='bbox 792 5191 1036 5255; x_wconf 80' lang='lat' dir='ltr'><strong>puniendi.</strong></span> 
     </span>
    </p>
   </div>
   <div class='ocr_carea' id='block_1_57' title="bbox 590 5253 2110 5327">
    <p class='ocr_par' dir='ltr' id='par_1_57' title="bbox 590 5253 2110 5327">
     <span class='ocr_line' id='line_1_57' title="bbox 590 5253 2110 5327; baseline 0.006 -26"><span class='ocrx_word' id='word_1_420' title='bbox 590 5253 663 5314; x_wconf 90' lang='lat' dir='ltr'><strong>(a)</strong></span> <span class='ocrx_word' id='word_1_421' title='bbox 688 5253 886 5327; x_wconf 64' lang='lat' dir='ltr'><strong>Istorum</strong></span> <span class='ocrx_word' id='word_1_422' title='bbox 909 5255 1102 5327; x_wconf 60' lang='lat' dir='ltr'><strong>noqiini,</strong></span> <span class='ocrx_word' id='word_1_423' title='bbox 1125 5269 1256 5327; x_wconf 39' lang='lat' dir='ltr'><strong>quos.</strong></span> <span class='ocrx_word' id='word_1_424' title='bbox 1267 5255 1520 5327; x_wconf 74' lang='lat' dir='ltr'><strong>aliquoties</strong></span> <span class='ocrx_word' id='word_1_425' title='bbox 1528 5260 1869 5327; x_wconf 80' lang='lat' dir='ltr'><strong>__reprehendi_t</strong></span> <span class='ocrx_word' id='word_1_426' title='bbox 1890 5263 2110 5327; x_wconf 48' lang='lat' dir='ltr'><strong>Augusti:-</strong></span> 
     </span>
    </p>
   </div>
   <div class='ocr_carea' id='block_1_58' title="bbox 526 5314 2099 5428">
    <p class='ocr_par' dir='ltr' id='par_1_58' title="bbox 526 5314 2099 5428">
     <span class='ocr_line' id='line_1_58' title="bbox 527 5314 2099 5381; baseline 0.006 -19"><span class='ocrx_word' id='word_1_427' title='bbox 527 5328 638 5373; x_wconf 87' lang='lat' dir='ltr'><strong>nus,</strong></span> <span class='ocrx_word' id='word_1_428' title='bbox 662 5314 757 5363; x_wconf 89' lang='lat' dir='ltr'><strong>nod</strong></span> <span class='ocrx_word' id='word_1_429' title='bbox 779 5320 963 5365; x_wconf 85' lang='lat' dir='ltr'><strong>tantum</strong></span> <span class='ocrx_word' id='word_1_430' title='bbox 985 5314 1109 5366; x_wconf 87' lang='lat' dir='ltr'><strong>libro</strong></span> <span class='ocrx_word' id='word_1_431' title='bbox 1129 5314 1193 5367; x_wconf 89' lang='lat' dir='ltr'><strong>de</strong></span> <span class='ocrx_word' id='word_1_432' title='bbox 1214 5318 1323 5367; x_wconf 74' lang='lat' dir='ltr'><strong>Fide</strong></span> <span class='ocrx_word' id='word_1_433' title='bbox 1338 5314 1649 5381; x_wconf 76' lang='lat' dir='ltr'><strong>étOperibns,</strong></span> <span class='ocrx_word' id='word_1_434' title='bbox 1671 5321 1759 5370; x_wconf 91' lang='lat' dir='ltr'><strong>sed</strong></span> <span class='ocrx_word' id='word_1_435' title='bbox 1783 5323 1929 5371; x_wconf 86' lang='lat' dir='ltr'><strong>etiam</strong></span> <span class='ocrx_word' id='word_1_436' title='bbox 1948 5314 2033 5372; x_wconf 75' lang='lat' dir='ltr'><strong>lib.</strong></span> <span class='ocrx_word' id='word_1_437' title='bbox 2047 5322 2099 5373; x_wconf 80' lang='lat' dir='ltr'><strong>2i</strong></span> 
     </span>
     <span class='ocr_line' id='line_1_59' title="bbox 526 5375 2099 5428; baseline 0.001 -2"><span class='ocrx_word' id='word_1_438' title='bbox 526 5375 807 5426; x_wconf 86' lang='lat' dir='ltr'><strong>deCivitate</strong></span> <span class='ocrx_word' id='word_1_439' title='bbox 826 5377 926 5428; x_wconf 82' lang='lat' dir='ltr'><strong>Dei.</strong></span> <span class='ocrx_word' id='word_1_440' title='bbox 959 5390 1063 5428; x_wconf 87' lang='lat' dir='ltr'><strong>can.</strong></span> <span class='ocrx_word' id='word_1_441' title='bbox 1087 5380 1163 5428; x_wconf 82' lang='grc'><strong>17.</strong></span> <span class='ocrx_word' id='word_1_442' title='bbox 1200 5386 1251 5428; x_wconf 91' lang='lat' dir='ltr'><strong>et</strong></span> <span class='ocrx_word' id='word_1_443' title='bbox 1283 5381 1619 5428; x_wconf 80' lang='lat' dir='ltr'><strong>sequentibus.</strong></span> <span class='ocrx_word' id='word_1_444' title='bbox 1654 5382 2099 5428; x_wconf 73' lang='lat' dir='ltr'><strong>mnercitsemner.</strong></span> 
     </span>
    </p>
   </div>
   <div class='ocr_carea' id='block_1_59' title="bbox 527 5386 2106 5512">
    <p class='ocr_par' dir='ltr' id='par_1_59' title="bbox 527 5386 2106 5512">
     <span class='ocr_line' id='line_1_60' title="bbox 527 5386 2105 5486; baseline 0.005 -60"><span class='ocrx_word' id='word_1_445' title='bbox 527 5386 807 5426; x_wconf 80' lang='lat' dir='ltr'><strong>aecmtate</strong></span> <span class='ocrx_word' id='word_1_446' title='bbox 826 5386 926 5435; x_wconf 82' lang='lat' dir='ltr'><strong>Dei,</strong></span> <span class='ocrx_word' id='word_1_447' title='bbox 959 5390 1063 5451; x_wconf 80' lang='lat' dir='ltr'><strong>cap.</strong></span> <span class='ocrx_word' id='word_1_448' title='bbox 1087 5386 1163 5437; x_wconf 75' lang='lat' dir='ltr'><strong>t7,</strong></span> <span class='ocrx_word' id='word_1_449' title='bbox 1200 5386 1251 5451; x_wconf 79' lang='lat' dir='ltr'><strong>et</strong></span> <span class='ocrx_word' id='word_1_450' title='bbox 1283 5386 1638 5486; x_wconf 74' lang='lat' dir='ltr'><strong>sequentibus,_</strong></span> <span class='ocrx_word' id='word_1_451' title='bbox 1654 5386 1873 5443; x_wconf 81' lang='lat' dir='ltr'><strong>pepercit</strong></span> <span class='ocrx_word' id='word_1_452' title='bbox 1889 5396 2105 5446; x_wconf 89' lang='lat' dir='ltr'><strong>semper.</strong></span> 
     </span>
     <span class='ocr_line' id='line_1_61' title="bbox 527 5442 2106 5512; baseline 0.007 -28"><span class='ocrx_word' id='word_1_453' title='bbox 661 5450 779 5512; x_wconf 75' lang='lat' dir='ltr'><strong>vero</strong></span> <span class='ocrx_word' id='word_1_454' title='bbox 799 5452 919 5512; x_wconf 77' lang='lat' dir='ltr'><strong>cum_</strong></span> <span class='ocrx_word' id='word_1_455' title='bbox 931 5444 1184 5512; x_wconf 71' lang='lat' dir='ltr'><strong>scriberet,</strong></span> <span class='ocrx_word' id='word_1_456' title='bbox 1211 5447 1362 5512; x_wconf 70' lang='lat' dir='ltr'><strong>intem</strong></span> <span class='ocrx_word' id='word_1_457' title='bbox 1381 5454 1475 5512; x_wconf 59' lang='lat' dir='ltr'><strong>isse</strong></span> <span class='ocrx_word' id='word_1_458' title='bbox 1501 5455 1573 5512; x_wconf 38' lang='lat' dir='ltr'><strong>in.</strong></span> <span class='ocrx_word' id='word_1_459' title='bbox 1588 5451 1925 5512; x_wconf 75' lang='lat' dir='ltr'><strong>Hieronymum</strong></span> <span class='ocrx_word' id='word_1_460' title='bbox 1947 5445 2106 5495; x_wconf 86' lang='lat' dir='ltr'><strong>credi-</strong></span> 
     </span>
    </p>
   </div>
   <div class='ocr_carea' id='block_1_60' title="bbox 525 5501 2107 5574">
    <p class='ocr_par' dir='ltr' id='par_1_60' title="bbox 525 5501 2107 5574">
     <span class='ocr_line' id='line_1_62' title="bbox 525 5501 2107 5574; baseline 0.005 -28"><span class='ocrx_word' id='word_1_461' title='bbox 525 5503 867 5574; x_wconf 55' lang='lat' dir='ltr'><strong>tur-animone</strong></span> <span class='ocrx_word' id='word_1_462' title='bbox 882 5501 1194 5574; x_wconf 41' lang='lat' dir='ltr'><strong>.Garneriojg</strong></span> <span class='ocrx_word' id='word_1_463' title='bbox 1208 5502 1480 5574; x_wconf 75' lang='lat' dir='ltr'><strong>Appendice</strong></span> <span class='ocrx_word' id='word_1_464' title='bbox 1504 5505 1669 5574; x_wconf 71' lang='lat' dir='ltr'><strong>prima,</strong></span> <span class='ocrx_word' id='word_1_465' title='bbox 1691 5501 1978 5574; x_wconf 58' lang='lat' dir='ltr'><strong>adpriorem</strong></span> <span class='ocrx_word' id='word_1_466' title='bbox 2001 5521 2107 5574; x_wconf 74' lang='lat' dir='ltr'><strong>par-</strong></span> 
     </span>
    </p>
   </div>
   <div class='ocr_carea' id='block_1_61' title="bbox 525 5562 2105 5626">
    <p class='ocr_par' dir='ltr' id='par_1_61' title="bbox 525 5562 2105 5626">
     <span class='ocr_line' id='line_1_63' title="bbox 525 5562 2105 5626; baseline 0.009 -20"><span class='ocrx_word' id='word_1_467' title='bbox 525 5563 629 5626; x_wconf 89' lang='lat' dir='ltr'><strong>_tem</strong></span> <span class='ocrx_word' id='word_1_468' title='bbox 651 5563 938 5626; x_wconf 62' lang='lat' dir='ltr'><strong>mercatoris,</strong></span> <span class='ocrx_word' id='word_1_469' title='bbox 962 5574 1071 5623; x_wconf 88' lang='lat' dir='ltr'><strong>pag.</strong></span> <span class='ocrx_word' id='word_1_470' title='bbox 1106 5562 1214 5626; x_wconf 65' lang='lat'><strong>117.</strong></span> <span class='ocrx_word' id='word_1_471' title='bbox 1243 5562 1359 5612; x_wconf 81' lang='lat' dir='ltr'><strong>vide</strong></span> <span class='ocrx_word' id='word_1_472' title='bbox 1393 5562 1539 5626; x_wconf 87' lang='lat' dir='ltr'><strong>supra</strong></span> <span class='ocrx_word' id='word_1_473' title='bbox 1566 5562 1943 5617; x_wconf 78' lang='lat' dir='ltr'><strong>Admonitionem</strong></span> <span class='ocrx_word' id='word_1_474' title='bbox 1963 5562 2015 5619; x_wconf 80' lang='lat' dir='ltr'><strong>ili</strong></span> <span class='ocrx_word' id='word_1_475' title='bbox 2046 5566 2105 5621; x_wconf 82' lang='lat' dir='ltr'><strong>Ii-</strong></span> 
     </span>
    </p>
   </div>
   <div class='ocr_carea' id='block_1_62' title="bbox 523 5617 1222 5685">
    <p class='ocr_par' dir='ltr' id='par_1_62' title="bbox 523 5617 1222 5685">
     <span class='ocr_line' id='line_1_64' title="bbox 523 5617 1222 5685; baseline 0.003 -14"><span class='ocrx_word' id='word_1_476' title='bbox 523 5617 668 5671; x_wconf 77' lang='lat' dir='ltr'><strong>hrum</strong></span> <span class='ocrx_word' id='word_1_477' title='bbox 685 5620 753 5677; x_wconf 81' lang='lat' dir='ltr'><strong>de</strong></span> <span class='ocrx_word' id='word_1_478' title='bbox 767 5622 879 5672; x_wconf 72' lang='lat' dir='ltr'><strong>Fide</strong></span> <span class='ocrx_word' id='word_1_479' title='bbox 900 5617 1222 5685; x_wconf 77' lang='lat' dir='ltr'><strong>et</strong></span> 
     </span>
    </p>
   </div>
   <div class='ocr_carea' id='block_1_63' title="bbox 1018 202 3258 287">
    <p class='ocr_par' dir='ltr' id='par_1_63' title="bbox 1018 202 3258 287">
     <span class='ocr_line' id='line_1_65' title="bbox 1018 202 3258 287; baseline -0.006 -8"><span class='ocrx_word' id='word_1_480' title='bbox 1018 214 1471 287; x_wconf 62' lang='lat' dir='ltr'><strong>ENCHIRIDION,</strong></span> <span class='ocrx_word' id='word_1_481' title='bbox 1512 210 1665 275; x_wconf 76' lang='lat' dir='ltr'><strong>SIVE</strong></span> <span class='ocrx_word' id='word_1_482' title='bbox 1701 210 1791 271; x_wconf 85' lang='lat' dir='ltr'><strong>DE</strong></span> <span class='ocrx_word' id='word_1_483' title='bbox 1828 202 2013 279; x_wconf 75' lang='lat' dir='ltr'><strong>FIDE,</strong></span> <span class='ocrx_word' id='word_1_484' title='bbox 2055 205 2183 265; x_wconf 82' lang='lat' dir='ltr'><strong>SPE</strong></span> <span class='ocrx_word' id='word_1_485' title='bbox 2209 204 2302 263; x_wconf 85' lang='lat' dir='ltr'><strong>ET</strong></span> <span class='ocrx_word' id='word_1_486' title='bbox 2337 205 2756 276; x_wconf 79' lang='lat' dir='ltr'><strong>CHARITATE,</strong></span> <span class='ocrx_word' id='word_1_487' title='bbox 2788 209 2843 265; x_wconf 79' lang='lat' dir='ltr'><strong>S.</strong></span> <span class='ocrx_word' id='word_1_488' title='bbox 2887 206 3258 267; x_wconf 79' lang='lat' dir='ltr'><strong>AUGUSTINI</strong></span> 
     </span>
    </p>
   </div>
   <div class='ocr_carea' id='block_1_64' title="bbox 3662 212 3771 270">
    <p class='ocr_par' dir='ltr' id='par_1_64' title="bbox 3662 212 3771 270">
     <span class='ocr_line' id='line_1_66' title="bbox 3662 212 3771 270; baseline 0.018 -2"><span class='ocrx_word' id='word_1_489' title='bbox 3662 212 3771 270; x_wconf 61' lang='grc' dir='ltr'><strong>εει</strong></span> 
     </span>
    </p>
   </div>
   <div class='ocr_carea' id='block_1_65' title="bbox 2209 322 3782 397">
    <p class='ocr_par' dir='ltr' id='par_1_65' title="bbox 2209 322 3782 397">
     <span class='ocr_line' id='line_1_67' title="bbox 2209 322 3782 397; baseline 0.007 -22"><span class='ocrx_word' id='word_1_490' title='bbox 2209 337 2321 392; x_wconf 79' lang='lat' dir='ltr'><strong>qua:</strong></span> <span class='ocrx_word' id='word_1_491' title='bbox 2353 339 2440 392; x_wconf 87' lang='lat' dir='ltr'><strong>per</strong></span> <span class='ocrx_word' id='word_1_492' title='bbox 2476 322 2793 377; x_wconf 82' lang='lat' dir='ltr'><strong>dilectionem</strong></span> <span class='ocrx_word' id='word_1_493' title='bbox 2831 335 3067 393; x_wconf 88' lang='lat' dir='ltr'><strong>operatur</strong></span> <span class='ocrx_word' id='word_1_494' title='bbox 3094 325 3288 397; x_wconf 82' lang='lat' dir='ltr'><strong>(Galat.</strong></span> <span class='ocrx_word' id='word_1_495' title='bbox 3323 342 3375 387; x_wconf 89' lang='lat' dir='ltr'><strong>v,</strong></span> <span class='ocrx_word' id='word_1_496' title='bbox 3401 328 3475 391; x_wconf 86' lang='lat'><strong>6).</strong></span> <span class='ocrx_word' id='word_1_497' title='bbox 3522 327 3579 384; x_wconf 96' lang='lat' dir='ltr'><strong>Si</strong></span> <span class='ocrx_word' id='word_1_498' title='bbox 3608 341 3782 386; x_wconf 88' lang='lat' dir='ltr'><strong>autem</strong></span> 
     </span>
    </p>
   </div>
   <div class='ocr_carea' id='block_1_66' title="bbox 2208 415 3781 487">
    <p class='ocr_par' dir='ltr' id='par_1_66' title="bbox 2208 415 3781 487">
     <span class='ocr_line' id='line_1_68' title="bbox 2208 415 3781 487; baseline 0.006 -19"><span class='ocrx_word' id='word_1_499' title='bbox 2208 415 2345 470; x_wconf 87' lang='lat' dir='ltr'><strong>male</strong></span> <span class='ocrx_word' id='word_1_500' title='bbox 2370 424 2425 469; x_wconf 91' lang='lat' dir='ltr'><strong>et</strong></span> <span class='ocrx_word' id='word_1_501' title='bbox 2465 430 2568 469; x_wconf 86' lang='lat' dir='ltr'><strong>non</strong></span> <span class='ocrx_word' id='word_1_502' title='bbox 2598 417 2734 471; x_wconf 87' lang='lat' dir='ltr'><strong>bene</strong></span> <span class='ocrx_word' id='word_1_503' title='bbox 2761 429 3028 486; x_wconf 82' lang='lat' dir='ltr'><strong>operatur,</strong></span> <span class='ocrx_word' id='word_1_504' title='bbox 3061 422 3240 487; x_wconf 81' lang='lat' dir='ltr'><strong>procul</strong></span> <span class='ocrx_word' id='word_1_505' title='bbox 3271 421 3447 476; x_wconf 82' lang='lat' dir='ltr'><strong>dubio.</strong></span> <span class='ocrx_word' id='word_1_506' title='bbox 3491 424 3781 477; x_wconf 84' lang='lat' dir='ltr'><strong>secundum</strong></span> 
     </span>
    </p>
   </div>
   <div class='ocr_carea' id='block_1_67' title="bbox 2209 506 3776 577">
    <p class='ocr_par' dir='ltr' id='par_1_67' title="bbox 2209 506 3776 577">
     <span class='ocr_line' id='line_1_69' title="bbox 2209 506 3776 577; baseline 0.007 -20"><span class='ocrx_word' id='word_1_507' title='bbox 2209 506 2503 574; x_wconf 88' lang='lat' dir='ltr'><strong>apostolum</strong></span> <span class='ocrx_word' id='word_1_508' title='bbox 2549 506 2821 569; x_wconf 75' lang='lat' dir='ltr'><strong>Iacobum,</strong></span> <span class='ocrx_word' id='word_1_509' title='bbox 2881 519 3077 562; x_wconf 89' lang='lat' dir='ltr'><strong>mortua</strong></span> <span class='ocrx_word' id='word_1_510' title='bbox 3124 520 3195 563; x_wconf 84' lang='lat' dir='ltr'><strong>est</strong></span> <span class='ocrx_word' id='word_1_511' title='bbox 3238 512 3287 562; x_wconf 88' lang='lat' dir='ltr'><strong>in</strong></span> <span class='ocrx_word' id='word_1_512' title='bbox 3340 524 3604 577; x_wconf 58' lang='lat' dir='ltr'><strong>semetipsa</strong></span> <span class='ocrx_word' id='word_1_513' title='bbox 3677 516 3776 577; x_wconf 70' lang='lat' dir='ltr'><strong>Qui</strong></span> 
     </span>
    </p>
   </div>
   <div class='ocr_carea' id='block_1_68' title="bbox 2211 599 3785 673">
    <p class='ocr_par' dir='ltr' id='par_1_68' title="bbox 2211 599 3785 673">
     <span class='ocr_line' id='line_1_70' title="bbox 2211 599 3785 673; baseline 0.004 -22"><span class='ocrx_word' id='word_1_514' title='bbox 2211 613 2393 652; x_wconf 86' lang='lat' dir='ltr'><strong>rursus</strong></span> <span class='ocrx_word' id='word_1_515' title='bbox 2418 599 2490 652; x_wconf 87' lang='lat' dir='ltr'><strong>ait</strong></span> <span class='ocrx_word' id='word_1_516' title='bbox 2516 616 2526 651; x_wconf 93' lang='lat'><strong>:</strong></span> <span class='ocrx_word' id='word_1_517' title='bbox 2559 599 2617 653; x_wconf 88' lang='lat' dir='ltr'><strong>Si</strong></span> <span class='ocrx_word' id='word_1_518' title='bbox 2648 600 2797 666; x_wconf 74' lang='lat' dir='ltr'><strong>[idem</strong></span> <span class='ocrx_word' id='word_1_519' title='bbox 2819 601 2955 655; x_wconf 83' lang='lat' dir='ltr'><strong>dicat</strong></span> <span class='ocrx_word' id='word_1_520' title='bbox 2983 618 3036 655; x_wconf 88' lang='lat' dir='ltr'><strong>se</strong></span> <span class='ocrx_word' id='word_1_521' title='bbox 3058 604 3170 670; x_wconf 84' lang='lat' dir='ltr'><strong>quis</strong></span> <span class='ocrx_word' id='word_1_522' title='bbox 3201 602 3399 663; x_wconf 59' lang='lat' dir='ltr'><strong>lubere,</strong></span> <span class='ocrx_word' id='word_1_523' title='bbox 3432 620 3582 673; x_wconf 82' lang='lat' dir='ltr'><strong>opem</strong></span> <span class='ocrx_word' id='word_1_524' title='bbox 3620 620 3785 660; x_wconf 45' lang='lat' dir='ltr'><strong>“mum</strong></span> 
     </span>
    </p>
   </div>
   <div class='ocr_carea' id='block_1_69' title="bbox 2212 688 3787 766">
    <p class='ocr_par' dir='ltr' id='par_1_69' title="bbox 2212 688 3787 766">
     <span class='ocr_line' id='line_1_71' title="bbox 2212 688 3787 766; baseline 0.006 -25"><span class='ocrx_word' id='word_1_525' title='bbox 2212 703 2313 741; x_wconf 88' lang='lat' dir='ltr'><strong>non</strong></span> <span class='ocrx_word' id='word_1_526' title='bbox 2341 688 2538 755; x_wconf 80' lang='lat' dir='ltr'><strong>habeat,</strong></span> <span class='ocrx_word' id='word_1_527' title='bbox 2572 694 2812 760; x_wconf 85' lang='lat' dir='ltr'><strong>numquid</strong></span> <span class='ocrx_word' id='word_1_528' title='bbox 2838 693 3019 761; x_wconf 88' lang='lat' dir='ltr'><strong>poterit</strong></span> <span class='ocrx_word' id='word_1_529' title='bbox 3059 693 3185 759; x_wconf 78' lang='lat' dir='ltr'><strong>ﬁdes</strong></span> <span class='ocrx_word' id='word_1_530' title='bbox 3209 696 3405 749; x_wconf 78' lang='lat' dir='ltr'><strong>aalvare</strong></span> <span class='ocrx_word' id='word_1_531' title='bbox 3433 711 3544 748; x_wconf 79' lang='lat' dir='ltr'><strong>eum</strong></span> <span class='ocrx_word' id='word_1_532' title='bbox 3583 697 3787 766; x_wconf 80' lang='lat' dir='ltr'><strong>(Jacobi</strong></span> 
     </span>
    </p>
   </div>
   <div class='ocr_carea' id='block_1_70' title="bbox 2210 779 3790 860">
    <p class='ocr_par' dir='ltr' id='par_1_70' title="bbox 2210 779 3790 860">
     <span class='ocr_line' id='line_1_72' title="bbox 2210 779 3790 860; baseline 0.008 -27"><span class='ocrx_word' id='word_1_533' title='bbox 2210 794 2270 843; x_wconf 85' lang='grc' dir='ltr'><strong>ιι,</strong></span> <span class='ocrx_word' id='word_1_534' title='bbox 2297 780 2383 846; x_wconf 80' lang='lat' dir='ltr'><strong>l7,</strong></span> <span class='ocrx_word' id='word_1_535' title='bbox 2416 779 2548 850; x_wconf 65' lang='lat' dir='ltr'><strong>It)?</strong></span> <span class='ocrx_word' id='word_1_536' title='bbox 2597 783 2765 837; x_wconf 91' lang='lat' dir='ltr'><strong>Porro</strong></span> <span class='ocrx_word' id='word_1_537' title='bbox 2790 793 2967 839; x_wconf 85' lang='lat' dir='ltr'><strong>autem</strong></span> <span class='ocrx_word' id='word_1_538' title='bbox 2994 786 3037 839; x_wconf 94' lang='lat' dir='ltr'><strong>si</strong></span> <span class='ocrx_word' id='word_1_539' title='bbox 3069 786 3229 840; x_wconf 89' lang='lat' dir='ltr'><strong>homo</strong></span> <span class='ocrx_word' id='word_1_540' title='bbox 3259 788 3547 843; x_wconf 84' lang='lat' dir='ltr'><strong>sceleratus</strong></span> <span class='ocrx_word' id='word_1_541' title='bbox 3573 800 3790 860; x_wconf 85' lang='lat' dir='ltr'><strong>propter</strong></span> 
     </span>
    </p>
   </div>
   <div class='ocr_carea' id='block_1_71' title="bbox 2214 870 3786 951">
    <p class='ocr_par' dir='ltr' id='par_1_71' title="bbox 2214 870 3786 951">
     <span class='ocr_line' id='line_1_73' title="bbox 2214 870 3786 951; baseline 0.007 -27"><span class='ocrx_word' id='word_1_542' title='bbox 2214 870 2373 926; x_wconf 83' lang='lat' dir='ltr'><strong>ﬁdem</strong></span> <span class='ocrx_word' id='word_1_543' title='bbox 2394 873 2562 927; x_wconf 88' lang='lat' dir='ltr'><strong>solam</strong></span> <span class='ocrx_word' id='word_1_544' title='bbox 2589 890 2683 942; x_wconf 86' lang='lat' dir='ltr'><strong>per</strong></span> <span class='ocrx_word' id='word_1_545' title='bbox 2708 875 2879 945; x_wconf 83' lang='lat' dir='ltr'><strong>ignem</strong></span> <span class='ocrx_word' id='word_1_546' title='bbox 2906 878 3212 941; x_wconf 87' lang='lat' dir='ltr'><strong>salvabitur.</strong></span> <span class='ocrx_word' id='word_1_547' title='bbox 3235 888 3291 933; x_wconf 92' lang='lat' dir='ltr'><strong>et</strong></span> <span class='ocrx_word' id='word_1_548' title='bbox 3317 879 3392 934; x_wconf 89' lang='lat' dir='ltr'><strong>sic</strong></span> <span class='ocrx_word' id='word_1_549' title='bbox 3411 894 3491 935; x_wconf 79' lang='lat' dir='ltr'><strong>est</strong></span> <span class='ocrx_word' id='word_1_550' title='bbox 3517 883 3786 951; x_wconf 88' lang='lat' dir='ltr'><strong>accipien-</strong></span> 
     </span>
    </p>
   </div>
   <div class='ocr_carea' id='block_1_72' title="bbox 2214 961 3787 1040">
    <p class='ocr_par' dir='ltr' id='par_1_72' title="bbox 2214 961 3787 1040">
     <span class='ocr_line' id='line_1_74' title="bbox 2214 961 3787 1040; baseline 0.006 -24"><span class='ocrx_word' id='word_1_551' title='bbox 2214 961 2338 1016; x_wconf 91' lang='lat' dir='ltr'><strong>dum</strong></span> <span class='ocrx_word' id='word_1_552' title='bbox 2380 963 2520 1033; x_wconf 90' lang='lat' dir='ltr'><strong>quod</strong></span> <span class='ocrx_word' id='word_1_553' title='bbox 2563 965 2636 1019; x_wconf 88' lang='lat' dir='ltr'><strong>ait</strong></span> <span class='ocrx_word' id='word_1_554' title='bbox 2664 964 2849 1021; x_wconf 87' lang='lat' dir='ltr'><strong>beatus</strong></span> <span class='ocrx_word' id='word_1_555' title='bbox 2879 966 3091 1034; x_wconf 87' lang='lat' dir='ltr'><strong>Paulus,</strong></span> <span class='ocrx_word' id='word_1_556' title='bbox 3122 967 3248 1038; x_wconf 85' lang='lat' dir='ltr'><strong>Ipse</strong></span> <span class='ocrx_word' id='word_1_557' title='bbox 3282 981 3452 1024; x_wconf 84' lang='lat' dir='ltr'><strong>autem</strong></span> <span class='ocrx_word' id='word_1_558' title='bbox 3475 972 3645 1025; x_wconf 70' lang='lat' dir='ltr'><strong>ulnus</strong></span> <span class='ocrx_word' id='word_1_559' title='bbox 3673 974 3787 1040; x_wconf 86' lang='lat' dir='ltr'><strong>erit,</strong></span> 
     </span>
    </p>
   </div>
   <div class='ocr_carea' id='block_1_73' title="bbox 2214 1052 3791 1128">
    <p class='ocr_par' dir='ltr' id='par_1_73' title="bbox 2214 1052 3791 1128">
     <span class='ocr_line' id='line_1_75' title="bbox 2214 1052 3791 1128; baseline 0.01 -24"><span class='ocrx_word' id='word_1_560' title='bbox 2214 1052 2285 1105; x_wconf 89' lang='lat' dir='ltr'><strong>sic</strong></span> <span class='ocrx_word' id='word_1_561' title='bbox 2311 1061 2476 1107; x_wconf 88' lang='lat' dir='ltr'><strong>tamen</strong></span> <span class='ocrx_word' id='word_1_562' title='bbox 2503 1056 2649 1121; x_wconf 84' lang='lat' dir='ltr'><strong>quasi</strong></span> <span class='ocrx_word' id='word_1_563' title='bbox 2674 1072 2764 1126; x_wconf 89' lang='lat' dir='ltr'><strong>per</strong></span> <span class='ocrx_word' id='word_1_564' title='bbox 2789 1057 2989 1127; x_wconf 85' lang='lat' dir='ltr'><strong>ignem;</strong></span> <span class='ocrx_word' id='word_1_565' title='bbox 3038 1060 3234 1127; x_wconf 86' lang='lat' dir='ltr'><strong>poterit</strong></span> <span class='ocrx_word' id='word_1_566' title='bbox 3273 1075 3400 1128; x_wconf 87' lang='lat' dir='ltr'><strong>ergo</strong></span> <span class='ocrx_word' id='word_1_567' title='bbox 3429 1062 3636 1117; x_wconf 86' lang='lat' dir='ltr'><strong>salvare</strong></span> <span class='ocrx_word' id='word_1_568' title='bbox 3673 1063 3791 1119; x_wconf 88' lang='lat' dir='ltr'><strong>sine</strong></span> 
     </span>
    </p>
   </div>
   <div class='ocr_carea' id='block_1_74' title="bbox 2214 1145 3792 1223">
    <p class='ocr_par' dir='ltr' id='par_1_74' title="bbox 2214 1145 3792 1223">
     <span class='ocr_line' id='line_1_76' title="bbox 2214 1145 3792 1223; baseline 0.006 -25"><span class='ocrx_word' id='word_1_569' title='bbox 2214 1145 2463 1214; x_wconf 87' lang='lat' dir='ltr'><strong>operibus</strong></span> <span class='ocrx_word' id='word_1_570' title='bbox 2500 1146 2651 1212; x_wconf 82' lang='lat' dir='ltr'><strong>fides,</strong></span> <span class='ocrx_word' id='word_1_571' title='bbox 2681 1157 2738 1203; x_wconf 92' lang='lat' dir='ltr'><strong>et</strong></span> <span class='ocrx_word' id='word_1_572' title='bbox 2765 1148 2953 1204; x_wconf 89' lang='lat' dir='ltr'><strong>falsum</strong></span> <span class='ocrx_word' id='word_1_573' title='bbox 2982 1150 3085 1205; x_wconf 89' lang='lat' dir='ltr'><strong>erit</strong></span> <span class='ocrx_word' id='word_1_574' title='bbox 3121 1152 3261 1220; x_wconf 89' lang='lat' dir='ltr'><strong>quod</strong></span> <span class='ocrx_word' id='word_1_575' title='bbox 3290 1151 3422 1207; x_wconf 81' lang='lat' dir='ltr'><strong>dixit</strong></span> <span class='ocrx_word' id='word_1_576' title='bbox 3450 1153 3565 1223; x_wconf 87' lang='lat' dir='ltr'><strong>ejus</strong></span> <span class='ocrx_word' id='word_1_577' title='bbox 3587 1169 3792 1223; x_wconf 76' lang='lat' dir='ltr'><strong>conpo-</strong></span> 
     </span>
    </p>
   </div>
   <div class='ocr_carea' id='block_1_75' title="bbox 2214 1234 3795 1316">
    <p class='ocr_par' dir='ltr' id='par_1_75' title="bbox 2214 1234 3795 1316">
     <span class='ocr_line' id='line_1_77' title="bbox 2214 1234 3795 1316; baseline 0.009 -28"><span class='ocrx_word' id='word_1_578' title='bbox 2214 1234 2384 1290; x_wconf 87' lang='lat' dir='ltr'><strong>stolus</strong></span> <span class='ocrx_word' id='word_1_579' title='bbox 2410 1235 2640 1292; x_wconf 74' lang='lat' dir='ltr'><strong>Iacobus</strong></span> <span class='ocrx_word' id='word_1_580' title='bbox 2670 1257 2684 1293; x_wconf 91' lang='lat'><strong>:</strong></span> <span class='ocrx_word' id='word_1_581' title='bbox 2713 1237 2905 1295; x_wconf 89' lang='lat' dir='ltr'><strong>falsum</strong></span> <span class='ocrx_word' id='word_1_582' title='bbox 2942 1241 3043 1295; x_wconf 91' lang='lat' dir='ltr'><strong>erit</strong></span> <span class='ocrx_word' id='word_1_583' title='bbox 3083 1250 3139 1297; x_wconf 91' lang='lat' dir='ltr'><strong>et</strong></span> <span class='ocrx_word' id='word_1_584' title='bbox 3165 1242 3295 1297; x_wconf 90' lang='lat' dir='ltr'><strong>illud</strong></span> <span class='ocrx_word' id='word_1_585' title='bbox 3321 1243 3463 1312; x_wconf 87' lang='lat' dir='ltr'><strong>quod</strong></span> <span class='ocrx_word' id='word_1_586' title='bbox 3508 1244 3646 1300; x_wconf 90' lang='lat' dir='ltr'><strong>idem</strong></span> <span class='ocrx_word' id='word_1_587' title='bbox 3681 1248 3795 1316; x_wconf 90' lang='lat' dir='ltr'><strong>ipse</strong></span> 
     </span>
    </p>
   </div>
   <div class='ocr_carea' id='block_1_76' title="bbox 2215 1325 3796 1409">
    <p class='ocr_par' dir='ltr' id='par_1_76' title="bbox 2215 1325 3796 1409">
     <span class='ocr_line' id='line_1_78' title="bbox 2215 1325 3796 1409; baseline 0.008 -28"><span class='ocrx_word' id='word_1_588' title='bbox 2215 1325 2409 1382; x_wconf 85' lang='lat' dir='ltr'><strong>Paulus</strong></span> <span class='ocrx_word' id='word_1_589' title='bbox 2458 1328 2609 1397; x_wconf 80' lang='lat' dir='ltr'><strong>dixit,</strong></span> <span class='ocrx_word' id='word_1_590' title='bbox 2670 1330 2863 1398; x_wconf 85' lang='lat' dir='ltr'><strong>Nolite,</strong></span> <span class='ocrx_word' id='word_1_591' title='bbox 2914 1335 3101 1404; x_wconf 91' lang='lat' dir='ltr'><strong>inquit,</strong></span> <span class='ocrx_word' id='word_1_592' title='bbox 3158 1352 3367 1401; x_wconf 85' lang='lat' dir='ltr'><strong>errare;</strong></span> <span class='ocrx_word' id='word_1_593' title='bbox 3429 1354 3588 1407; x_wconf 84' lang='lat' dir='ltr'><strong>neque</strong></span> <span class='ocrx_word' id='word_1_594' title='bbox 3633 1339 3796 1409; x_wconf 78' lang='lat' dir='ltr'><strong>forni-</strong></span> 
     </span>
    </p>
   </div>
   <div class='ocr_carea' id='block_1_77' title="bbox 2215 1422 3784 1499">
    <p class='ocr_par' dir='ltr' id='par_1_77' title="bbox 2215 1422 3784 1499">
     <span class='ocr_line' id='line_1_79' title="bbox 2215 1422 3784 1499; baseline 0.009 -29"><span class='ocrx_word' id='word_1_595' title='bbox 2215 1427 2426 1483; x_wconf 88' lang='lat' dir='ltr'><strong>catores,</strong></span> <span class='ocrx_word' id='word_1_596' title='bbox 2454 1436 2610 1490; x_wconf 88' lang='lat' dir='ltr'><strong>neque</strong></span> <span class='ocrx_word' id='word_1_597' title='bbox 2645 1422 2795 1477; x_wconf 85' lang='lat' dir='ltr'><strong>idolis</strong></span> <span class='ocrx_word' id='word_1_598' title='bbox 2834 1425 3116 1490; x_wconf 83' lang='lat' dir='ltr'><strong>servientes,</strong></span> <span class='ocrx_word' id='word_1_599' title='bbox 3154 1443 3313 1495; x_wconf 85' lang='lat' dir='ltr'><strong>neque</strong></span> <span class='ocrx_word' id='word_1_600' title='bbox 3357 1429 3596 1495; x_wconf 86' lang='lat' dir='ltr'><strong>adulteri,</strong></span> <span class='ocrx_word' id='word_1_601' title='bbox 3625 1432 3784 1499; x_wconf 81' lang='lat' dir='ltr'><strong>neque</strong></span> 
     </span>
    </p>
   </div>
   <div class='ocr_carea' id='block_1_78' title="bbox 2214 1511 3787 1593">
    <p class='ocr_par' dir='ltr' id='par_1_78' title="bbox 2214 1511 3787 1593">
     <span class='ocr_line' id='line_1_80' title="bbox 2214 1511 3787 1593; baseline 0.01 -30"><span class='ocrx_word' id='word_1_602' title='bbox 2214 1511 2411 1577; x_wconf 87' lang='lat' dir='ltr'><strong>molles,</strong></span> <span class='ocrx_word' id='word_1_603' title='bbox 2456 1529 2615 1584; x_wconf 85' lang='lat' dir='ltr'><strong>neque</strong></span> <span class='ocrx_word' id='word_1_604' title='bbox 2646 1517 2985 1570; x_wconf 85' lang='lat' dir='ltr'><strong>masculorum</strong></span> <span class='ocrx_word' id='word_1_605' title='bbox 3022 1519 3382 1585; x_wconf 84' lang='lat' dir='ltr'><strong>concubitores,</strong></span> <span class='ocrx_word' id='word_1_606' title='bbox 3428 1538 3587 1591; x_wconf 79' lang='lat' dir='ltr'><strong>neque</strong></span> <span class='ocrx_word' id='word_1_607' title='bbox 3628 1527 3787 1593; x_wconf 81' lang='lat' dir='ltr'><strong>fures,</strong></span> 
     </span>
    </p>
   </div>
   <div class='ocr_carea' id='block_1_79' title="bbox 2215 1606 3793 1686">
    <p class='ocr_par' dir='ltr' id='par_1_79' title="bbox 2215 1606 3793 1686">
     <span class='ocr_line' id='line_1_81' title="bbox 2215 1606 3793 1686; baseline 0.01 -31"><span class='ocrx_word' id='word_1_608' title='bbox 2215 1619 2370 1669; x_wconf 86' lang='lat' dir='ltr'><strong>neque</strong></span> <span class='ocrx_word' id='word_1_609' title='bbox 2393 1606 2553 1666; x_wconf 82' lang='lat' dir='ltr'><strong>avari.</strong></span> <span class='ocrx_word' id='word_1_610' title='bbox 2596 1623 2753 1672; x_wconf 86' lang='lat' dir='ltr'><strong>neque</strong></span> <span class='ocrx_word' id='word_1_611' title='bbox 2787 1609 2987 1676; x_wconf 85' lang='lat' dir='ltr'><strong>ebriosi,</strong></span> <span class='ocrx_word' id='word_1_612' title='bbox 3016 1626 3174 1680; x_wconf 77' lang='lat' dir='ltr'><strong>neque</strong></span> <span class='ocrx_word' id='word_1_613' title='bbox 3212 1613 3461 1678; x_wconf 83' lang='lat' dir='ltr'><strong>maledici,</strong></span> <span class='ocrx_word' id='word_1_614' title='bbox 3506 1632 3667 1686; x_wconf 89' lang='lat' dir='ltr'><strong>neque</strong></span> <span class='ocrx_word' id='word_1_615' title='bbox 3702 1632 3793 1670; x_wconf 86' lang='lat' dir='ltr'><strong>ra-</strong></span> 
     </span>
    </p>
   </div>
   <div class='ocr_carea' id='block_1_80' title="bbox 2217 1696 3789 1778">
    <p class='ocr_par' dir='ltr' id='par_1_80' title="bbox 2217 1696 3789 1778">
     <span class='ocr_line' id='line_1_82' title="bbox 2217 1696 3789 1778; baseline 0.011 -31"><span class='ocrx_word' id='word_1_616' title='bbox 2217 1710 2363 1762; x_wconf 89' lang='lat' dir='ltr'><strong>paces</strong></span> <span class='ocrx_word' id='word_1_617' title='bbox 2388 1711 2596 1765; x_wconf 86' lang='lat' dir='ltr'><strong>regnum</strong></span> <span class='ocrx_word' id='word_1_618' title='bbox 2631 1696 2731 1752; x_wconf 87' lang='lat' dir='ltr'><strong>Dei</strong></span> <span class='ocrx_word' id='word_1_619' title='bbox 2756 1700 3075 1768; x_wconf 83' lang='lat' dir='ltr'><strong>possidebunt</strong></span> <span class='ocrx_word' id='word_1_620' title='bbox 3119 1702 3164 1771; x_wconf 90' lang='lat' dir='ltr'><strong>(l</strong></span> <span class='ocrx_word' id='word_1_621' title='bbox 3208 1702 3326 1757; x_wconf 83' lang='lat' dir='ltr'><strong>Cor.</strong></span> <span class='ocrx_word' id='word_1_622' title='bbox 3371 1721 3444 1771; x_wconf 82' lang='lat' dir='ltr'><strong>vi,</strong></span> <span class='ocrx_word' id='word_1_623' title='bbox 3490 1706 3686 1778; x_wconf 72' lang='lat'><strong>9,10).</strong></span> <span class='ocrx_word' id='word_1_624' title='bbox 3733 1709 3789 1764; x_wconf 89' lang='lat' dir='ltr'><strong>Si</strong></span> 
     </span>
    </p>
   </div>
   <div class='ocr_carea' id='block_1_81' title="bbox 2215 1786 3796 1866">
    <p class='ocr_par' dir='ltr' id='par_1_81' title="bbox 2215 1786 3796 1866">
     <span class='ocr_line' id='line_1_83' title="bbox 2215 1786 3796 1866; baseline 0.011 -26"><span class='ocrx_word' id='word_1_625' title='bbox 2215 1786 2355 1841; x_wconf 88' lang='lat' dir='ltr'><strong>enim</strong></span> <span class='ocrx_word' id='word_1_626' title='bbox 2386 1789 2543 1843; x_wconf 90' lang='lat' dir='ltr'><strong>etiam</strong></span> <span class='ocrx_word' id='word_1_627' title='bbox 2572 1789 2625 1843; x_wconf 92' lang='lat' dir='ltr'><strong>in</strong></span> <span class='ocrx_word' id='word_1_628' title='bbox 2669 1790 2784 1846; x_wconf 87' lang='lat' dir='ltr'><strong>istis</strong></span> <span class='ocrx_word' id='word_1_629' title='bbox 2808 1805 3207 1862; x_wconf 87' lang='lat' dir='ltr'><strong>perseverantes</strong></span> <span class='ocrx_word' id='word_1_630' title='bbox 3234 1797 3564 1866; x_wconf 79' lang='lat' dir='ltr'><strong>criminibus,</strong></span> <span class='ocrx_word' id='word_1_631' title='bbox 3610 1811 3796 1857; x_wconf 82' lang='lat' dir='ltr'><strong>tamen</strong></span> 
     </span>
    </p>
   </div>
   <div class='ocr_carea' id='block_1_82' title="bbox 2215 1880 3795 1963">
    <p class='ocr_par' dir='ltr' id='par_1_82' title="bbox 2215 1880 3795 1963">
     <span class='ocr_line' id='line_1_84' title="bbox 2215 1880 3795 1963; baseline 0.01 -31"><span class='ocrx_word' id='word_1_632' title='bbox 2215 1887 2432 1948; x_wconf 88' lang='lat' dir='ltr'><strong>propter</strong></span> <span class='ocrx_word' id='word_1_633' title='bbox 2459 1880 2618 1935; x_wconf 84' lang='lat' dir='ltr'><strong>fidem</strong></span> <span class='ocrx_word' id='word_1_634' title='bbox 2644 1880 2843 1938; x_wconf 87' lang='lat' dir='ltr'><strong>Christi</strong></span> <span class='ocrx_word' id='word_1_635' title='bbox 2870 1884 3005 1939; x_wconf 91' lang='lat' dir='ltr'><strong>salvi</strong></span> <span class='ocrx_word' id='word_1_636' title='bbox 3044 1895 3219 1954; x_wconf 87' lang='lat' dir='ltr'><strong>erunt,</strong></span> <span class='ocrx_word' id='word_1_637' title='bbox 3245 1888 3516 1957; x_wconf 88' lang='lat' dir='ltr'><strong>quomodo</strong></span> <span class='ocrx_word' id='word_1_638' title='bbox 3543 1891 3595 1944; x_wconf 91' lang='lat' dir='ltr'><strong>in</strong></span> <span class='ocrx_word' id='word_1_639' title='bbox 3627 1906 3795 1963; x_wconf 86' lang='lat' dir='ltr'><strong>regno</strong></span> 
     </span>
    </p>
   </div>
   <div class='ocr_carea' id='block_1_83' title="bbox 2215 1971 2661 2027">
    <p class='ocr_par' dir='ltr' id='par_1_83' title="bbox 2215 1971 2661 2027">
     <span class='ocr_line' id='line_1_85' title="bbox 2215 1971 2661 2027; baseline 0.002 -1"><span class='ocrx_word' id='word_1_640' title='bbox 2215 1971 2311 2026; x_wconf 83' lang='lat' dir='ltr'><strong>Dei</strong></span> <span class='ocrx_word' id='word_1_641' title='bbox 2335 1986 2439 2026; x_wconf 92' lang='lat' dir='ltr'><strong>non</strong></span> <span class='ocrx_word' id='word_1_642' title='bbox 2469 1976 2661 2027; x_wconf 74' lang='lat' dir='ltr'><strong>erunt?</strong></span> 
     </span>
    </p>
   </div>
   <div class='ocr_carea' id='block_1_84' title="bbox 2283 2061 3798 2145">
    <p class='ocr_par' dir='ltr' id='par_1_84' title="bbox 2283 2061 3798 2145">
     <span class='ocr_line' id='line_1_86' title="bbox 2283 2061 3798 2145; baseline 0.009 -29"><span class='ocrx_word' id='word_1_643' title='bbox 2283 2061 2510 2118; x_wconf 80' lang='lat' dir='ltr'><strong>CAPUT</strong></span> <span class='ocrx_word' id='word_1_644' title='bbox 2550 2063 2777 2120; x_wconf 83' lang='lat' dir='ltr'><strong>LXVIII.</strong></span> <span class='ocrx_word' id='word_1_645' title='bbox 2799 2095 2872 2106; x_wconf 91' lang='lat'><em>-</em></span> <span class='ocrx_word' id='word_1_646' title='bbox 2896 2065 3062 2121; x_wconf 85' lang='lat' dir='ltr'><strong>Locus</strong></span> <span class='ocrx_word' id='word_1_647' title='bbox 3082 2068 3310 2138; x_wconf 85' lang='lat' dir='ltr'><strong>Apostoli</strong></span> <span class='ocrx_word' id='word_1_648' title='bbox 3343 2070 3408 2125; x_wconf 90' lang='lat' dir='ltr'><strong>de</strong></span> <span class='ocrx_word' id='word_1_649' title='bbox 3431 2073 3684 2129; x_wconf 82' lang='lat' dir='ltr'><strong>salvandis</strong></span> <span class='ocrx_word' id='word_1_650' title='bbox 3703 2091 3798 2145; x_wconf 86' lang='lat' dir='ltr'><strong>per</strong></span> 
     </span>
    </p>
   </div>
   <div class='ocr_carea' id='block_1_85' title="bbox 2214 2153 3796 2235">
    <p class='ocr_par' dir='ltr' id='par_1_85' title="bbox 2214 2153 3796 2235">
     <span class='ocr_line' id='line_1_87' title="bbox 2214 2153 3796 2235; baseline 0.009 -30"><span class='ocrx_word' id='word_1_651' title='bbox 2214 2153 2381 2223; x_wconf 87' lang='lat' dir='ltr'><strong>ignem</strong></span> <span class='ocrx_word' id='word_1_652' title='bbox 2416 2163 2473 2207; x_wconf 87' lang='lat' dir='ltr'><strong>ut</strong></span> <span class='ocrx_word' id='word_1_653' title='bbox 2507 2154 2881 2226; x_wconf 87' lang='lat' dir='ltr'><strong>intelligendus.</strong></span> <span class='ocrx_word' id='word_1_654' title='bbox 2912 2155 3057 2228; x_wconf 85' lang='lat' dir='ltr'><strong>Ignis</strong></span> <span class='ocrx_word' id='word_1_655' title='bbox 3084 2160 3290 2228; x_wconf 88' lang='lat' dir='ltr'><strong>quidant</strong></span> <span class='ocrx_word' id='word_1_656' title='bbox 3322 2161 3376 2215; x_wconf 90' lang='lat' dir='ltr'><strong>in</strong></span> <span class='ocrx_word' id='word_1_657' title='bbox 3410 2163 3505 2216; x_wconf 75' lang='lat' dir='ltr'><strong>hac</strong></span> <span class='ocrx_word' id='word_1_658' title='bbox 3541 2165 3674 2233; x_wconf 83' lang='lat' dir='ltr'><strong>vita,</strong></span> <span class='ocrx_word' id='word_1_659' title='bbox 3704 2181 3796 2235; x_wconf 84' lang='lat' dir='ltr'><strong>per</strong></span> 
     </span>
    </p>
   </div>
   <div class='ocr_carea' id='block_1_86' title="bbox 2214 2246 3796 2325">
    <p class='ocr_par' dir='ltr' id='par_1_86' title="bbox 2214 2246 3796 2325">
     <span class='ocr_line' id='line_1_88' title="bbox 2214 2246 3796 2325; baseline 0.009 -28"><span class='ocrx_word' id='word_1_660' title='bbox 2214 2261 2361 2315; x_wconf 87' lang='lat' dir='ltr'><strong>quem</strong></span> <span class='ocrx_word' id='word_1_661' title='bbox 2395 2246 2654 2300; x_wconf 81' lang='lat' dir='ltr'><strong>salvantur</strong></span> <span class='ocrx_word' id='word_1_662' title='bbox 2688 2247 2997 2316; x_wconf 66' lang='lat' dir='ltr'><strong>aediﬁcantes</strong></span> <span class='ocrx_word' id='word_1_663' title='bbox 3038 2250 3197 2321; x_wconf 87' lang='lat' dir='ltr'><strong>ligna.</strong></span> <span class='ocrx_word' id='word_1_664' title='bbox 3229 2251 3333 2307; x_wconf 89' lang='lat' dir='ltr'><strong>Sed</strong></span> <span class='ocrx_word' id='word_1_665' title='bbox 3358 2254 3481 2322; x_wconf 87' lang='lat' dir='ltr'><strong>quia</strong></span> <span class='ocrx_word' id='word_1_666' title='bbox 3518 2255 3633 2310; x_wconf 65' lang='lat' dir='ltr'><strong>hec</strong></span> <span class='ocrx_word' id='word_1_667' title='bbox 3657 2271 3796 2325; x_wconf 87' lang='lat' dir='ltr'><strong>apo-</strong></span> 
     </span>
    </p>
   </div>
   <div class='ocr_carea' id='block_1_87' title="bbox 2214 2334 3792 2408">
    <p class='ocr_par' dir='ltr' id='par_1_87' title="bbox 2214 2334 3792 2408">
     <span class='ocr_line' id='line_1_89' title="bbox 2214 2334 3792 2408; baseline 0.008 -18"><span class='ocrx_word' id='word_1_668' title='bbox 2214 2334 2399 2391; x_wconf 82' lang='lat' dir='ltr'><strong>stolica</strong></span> <span class='ocrx_word' id='word_1_669' title='bbox 2430 2334 2859 2393; x_wconf 89' lang='lat' dir='ltr'><strong>manifestissima</strong></span> <span class='ocrx_word' id='word_1_670' title='bbox 2888 2348 2944 2394; x_wconf 92' lang='lat' dir='ltr'><strong>et</strong></span> <span class='ocrx_word' id='word_1_671' title='bbox 2970 2342 3305 2408; x_wconf 89' lang='lat' dir='ltr'><strong>apertissima</strong></span> <span class='ocrx_word' id='word_1_672' title='bbox 3335 2343 3634 2399; x_wconf 88' lang='lat' dir='ltr'><strong>testimonia</strong></span> <span class='ocrx_word' id='word_1_673' title='bbox 3660 2345 3792 2402; x_wconf 84' lang='lat' dir='ltr'><strong>falsa</strong></span> 
     </span>
    </p>
   </div>
   <div class='ocr_carea' id='block_1_88' title="bbox 2214 2428 3792 2500">
    <p class='ocr_par' dir='ltr' id='par_1_88' title="bbox 2214 2428 3792 2500">
     <span class='ocr_line' id='line_1_90' title="bbox 2214 2428 3792 2500; baseline 0.01 -21"><span class='ocrx_word' id='word_1_674' title='bbox 2214 2440 2333 2480; x_wconf 89' lang='lat' dir='ltr'><strong>esse</strong></span> <span class='ocrx_word' id='word_1_675' title='bbox 2370 2441 2476 2482; x_wconf 91' lang='lat' dir='ltr'><strong>non</strong></span> <span class='ocrx_word' id='word_1_676' title='bbox 2502 2436 2760 2496; x_wconf 87' lang='lat' dir='ltr'><strong>possunt;</strong></span> <span class='ocrx_word' id='word_1_677' title='bbox 2787 2428 2916 2485; x_wconf 91' lang='lat' dir='ltr'><strong>illud</strong></span> <span class='ocrx_word' id='word_1_678' title='bbox 2942 2431 3087 2500; x_wconf 91' lang='lat' dir='ltr'><strong>quod</strong></span> <span class='ocrx_word' id='word_1_679' title='bbox 3124 2432 3354 2489; x_wconf 89' lang='lat' dir='ltr'><strong>obscure</strong></span> <span class='ocrx_word' id='word_1_680' title='bbox 3378 2434 3580 2491; x_wconf 88' lang='lat' dir='ltr'><strong>dictum</strong></span> <span class='ocrx_word' id='word_1_681' title='bbox 3612 2448 3696 2493; x_wconf 88' lang='lat' dir='ltr'><strong>est</strong></span> <span class='ocrx_word' id='word_1_682' title='bbox 3722 2438 3792 2496; x_wconf 89' lang='lat' dir='ltr'><strong>de</strong></span> 
     </span>
    </p>
   </div>
   <div class='ocr_carea' id='block_1_89' title="bbox 2204 2517 3794 2598">
    <p class='ocr_par' dir='ltr' id='par_1_89' title="bbox 2204 2517 3794 2598">
     <span class='ocr_line' id='line_1_91' title="bbox 2204 2517 3794 2598; baseline 0.009 -27"><span class='ocrx_word' id='word_1_683' title='bbox 2204 2517 2278 2572; x_wconf 90' lang='lat' dir='ltr'><strong>iis</strong></span> <span class='ocrx_word' id='word_1_684' title='bbox 2302 2519 2391 2587; x_wconf 92' lang='lat' dir='ltr'><strong>qui</strong></span> <span class='ocrx_word' id='word_1_685' title='bbox 2426 2519 2851 2588; x_wconf 83' lang='lat' dir='ltr'><strong>superaediﬁcant</strong></span> <span class='ocrx_word' id='word_1_686' title='bbox 2878 2537 3041 2591; x_wconf 90' lang='lat' dir='ltr'><strong>super</strong></span> <span class='ocrx_word' id='word_1_687' title='bbox 3079 2525 3508 2594; x_wconf 85' lang='lat' dir='ltr'><strong>fundamentum,</strong></span> <span class='ocrx_word' id='word_1_688' title='bbox 3538 2529 3679 2598; x_wconf 88' lang='lat' dir='ltr'><strong>quod</strong></span> <span class='ocrx_word' id='word_1_689' title='bbox 3708 2537 3794 2586; x_wconf 87' lang='lat' dir='ltr'><strong>est</strong></span> 
     </span>
    </p>
   </div>
   <div class='ocr_carea' id='block_1_90' title="bbox 2175 2608 3790 2696">
    <p class='ocr_par' dir='ltr' id='par_1_90' title="bbox 2175 2608 3790 2696">
     <span class='ocr_line' id='line_1_92' title="bbox 2175 2608 3790 2696; baseline 0.01 -34"><span class='ocrx_word' id='word_1_690' title='bbox 2175 2692 2181 2696; x_wconf 7' lang='grc' dir='ltr'><em>ἓ</em></span> <span class='ocrx_word' id='word_1_691' title='bbox 2212 2608 2490 2677; x_wconf 88' lang='lat' dir='ltr'><strong>Christus,</strong></span> <span class='ocrx_word' id='word_1_692' title='bbox 2533 2628 2638 2666; x_wconf 89' lang='lat' dir='ltr'><strong>non</strong></span> <span class='ocrx_word' id='word_1_693' title='bbox 2664 2627 2873 2679; x_wconf 89' lang='lat' dir='ltr'><strong>aurum,</strong></span> <span class='ocrx_word' id='word_1_694' title='bbox 2903 2626 3211 2686; x_wconf 89' lang='lat' dir='ltr'><strong>argentum,</strong></span> <span class='ocrx_word' id='word_1_695' title='bbox 3258 2619 3460 2688; x_wconf 86' lang='lat' dir='ltr'><strong>lapides</strong></span> <span class='ocrx_word' id='word_1_696' title='bbox 3505 2621 3790 2690; x_wconf 88' lang='lat' dir='ltr'><strong>pretiosos,</strong></span> 
     </span>
    </p>
   </div>
   <div class='ocr_carea' id='block_1_91' title="bbox 2212 2700 3794 2779">
    <p class='ocr_par' dir='ltr' id='par_1_91' title="bbox 2212 2700 3794 2779">
     <span class='ocr_line' id='line_1_93' title="bbox 2212 2700 3794 2779; baseline 0.007 -22"><span class='ocrx_word' id='word_1_697' title='bbox 2212 2700 2307 2757; x_wconf 87' lang='lat' dir='ltr'><strong>sed</strong></span> <span class='ocrx_word' id='word_1_698' title='bbox 2342 2701 2479 2771; x_wconf 89' lang='lat' dir='ltr'><strong>ligna</strong></span> <span class='ocrx_word' id='word_1_699' title='bbox 2504 2743 2519 2769; x_wconf 89' lang='lat'><strong>,</strong></span> <span class='ocrx_word' id='word_1_700' title='bbox 2551 2701 2730 2758; x_wconf 90' lang='lat' dir='ltr'><strong>fenum</strong></span> <span class='ocrx_word' id='word_1_701' title='bbox 2751 2746 2766 2771; x_wconf 94' lang='lat'><strong>,</strong></span> <span class='ocrx_word' id='word_1_702' title='bbox 2796 2706 3042 2775; x_wconf 89' lang='lat' dir='ltr'><strong>stipulam</strong></span> <span class='ocrx_word' id='word_1_703' title='bbox 3075 2707 3166 2779; x_wconf 87' lang='lat' dir='ltr'><strong>(de</strong></span> <span class='ocrx_word' id='word_1_704' title='bbox 3192 2708 3274 2762; x_wconf 89' lang='lat' dir='ltr'><strong>his</strong></span> <span class='ocrx_word' id='word_1_705' title='bbox 3305 2710 3446 2764; x_wconf 90' lang='lat' dir='ltr'><strong>enim</strong></span> <span class='ocrx_word' id='word_1_706' title='bbox 3476 2710 3676 2767; x_wconf 89' lang='lat' dir='ltr'><strong>dictum</strong></span> <span class='ocrx_word' id='word_1_707' title='bbox 3707 2720 3794 2769; x_wconf 84' lang='lat' dir='ltr'><strong>est</strong></span> 
     </span>
    </p>
   </div>
   <div class='ocr_carea' id='block_1_92' title="bbox 2212 2793 3793 2869">
    <p class='ocr_par' dir='ltr' id='par_1_92' title="bbox 2212 2793 3793 2869">
     <span class='ocr_line' id='line_1_94' title="bbox 2212 2793 3793 2869; baseline 0.009 -23"><span class='ocrx_word' id='word_1_708' title='bbox 2212 2793 2353 2862; x_wconf 93' lang='lat' dir='ltr'><strong>quod</strong></span> <span class='ocrx_word' id='word_1_709' title='bbox 2398 2808 2493 2863; x_wconf 89' lang='lat' dir='ltr'><strong>per</strong></span> <span class='ocrx_word' id='word_1_710' title='bbox 2540 2795 2715 2865; x_wconf 87' lang='lat' dir='ltr'><strong>ignem</strong></span> <span class='ocrx_word' id='word_1_711' title='bbox 2760 2797 2893 2852; x_wconf 89' lang='lat' dir='ltr'><strong>salvi</strong></span> <span class='ocrx_word' id='word_1_712' title='bbox 2934 2808 3125 2867; x_wconf 89' lang='lat' dir='ltr'><strong>erunt,</strong></span> <span class='ocrx_word' id='word_1_713' title='bbox 3167 2802 3417 2869; x_wconf 89' lang='lat' dir='ltr'><strong>quoniam</strong></span> <span class='ocrx_word' id='word_1_714' title='bbox 3459 2801 3793 2861; x_wconf 81' lang='lat' dir='ltr'><strong>fundamenti</strong></span> 
     </span>
    </p>
   </div>
   <div class='ocr_carea' id='block_1_93' title="bbox 2211 2886 3793 2964">
    <p class='ocr_par' dir='ltr' id='par_1_93' title="bbox 2211 2886 3793 2964">
     <span class='ocr_line' id='line_1_95' title="bbox 2211 2886 3793 2964; baseline 0.01 -25"><span class='ocrx_word' id='word_1_715' title='bbox 2211 2886 2405 2940; x_wconf 89' lang='lat' dir='ltr'><strong>merito</strong></span> <span class='ocrx_word' id='word_1_716' title='bbox 2428 2900 2534 2941; x_wconf 92' lang='lat' dir='ltr'><strong>non</strong></span> <span class='ocrx_word' id='word_1_717' title='bbox 2565 2888 2871 2960; x_wconf 90' lang='lat' dir='ltr'><strong>peribunt),</strong></span> <span class='ocrx_word' id='word_1_718' title='bbox 2902 2892 2980 2946; x_wconf 89' lang='lat' dir='ltr'><strong>sic</strong></span> <span class='ocrx_word' id='word_1_719' title='bbox 3009 2891 3408 2964; x_wconf 85' lang='lat' dir='ltr'><strong>intelligendum</strong></span> <span class='ocrx_word' id='word_1_720' title='bbox 3450 2905 3565 2962; x_wconf 87' lang='lat' dir='ltr'><strong>est,</strong></span> <span class='ocrx_word' id='word_1_721' title='bbox 3612 2908 3671 2952; x_wconf 93' lang='lat' dir='ltr'><strong>ut</strong></span> <span class='ocrx_word' id='word_1_722' title='bbox 3705 2897 3793 2955; x_wconf 88' lang='lat' dir='ltr'><strong>his</strong></span> 
     </span>
    </p>
   </div>
   <div class='ocr_carea' id='block_1_94' title="bbox 2212 2976 3793 3059">
    <p class='ocr_par' dir='ltr' id='par_1_94' title="bbox 2212 2976 3793 3059">
     <span class='ocr_line' id='line_1_96' title="bbox 2212 2976 3793 3059; baseline 0.011 -29"><span class='ocrx_word' id='word_1_723' title='bbox 2212 2976 2506 3034; x_wconf 88' lang='lat' dir='ltr'><strong>manifestis</strong></span> <span class='ocrx_word' id='word_1_724' title='bbox 2548 2994 2655 3036; x_wconf 91' lang='lat' dir='ltr'><strong>non</strong></span> <span class='ocrx_word' id='word_1_725' title='bbox 2718 2982 3015 3038; x_wconf 85' lang='lat' dir='ltr'><strong>inveniatur</strong></span> <span class='ocrx_word' id='word_1_726' title='bbox 3058 2998 3179 3040; x_wconf 90' lang='lat' dir='ltr'><strong>esse</strong></span> <span class='ocrx_word' id='word_1_727' title='bbox 3232 2988 3574 3043; x_wconf 89' lang='lat' dir='ltr'><strong>contrarium.</strong></span> <span class='ocrx_word' id='word_1_728' title='bbox 3624 2988 3793 3059; x_wconf 77' lang='lat' dir='ltr'><strong>Ligna</strong></span> 
     </span>
    </p>
   </div>
   <div class='ocr_carea' id='block_1_95' title="bbox 2212 3069 3792 3151">
    <p class='ocr_par' dir='ltr' id='par_1_95' title="bbox 2212 3069 3792 3151">
     <span class='ocr_line' id='line_1_97' title="bbox 2212 3069 3792 3151; baseline 0.009 -29"><span class='ocrx_word' id='word_1_729' title='bbox 2212 3069 2408 3139; x_wconf 89' lang='lat' dir='ltr'><strong>quippe</strong></span> <span class='ocrx_word' id='word_1_730' title='bbox 2449 3079 2504 3125; x_wconf 91' lang='lat' dir='ltr'><strong>et</strong></span> <span class='ocrx_word' id='word_1_731' title='bbox 2543 3069 2725 3127; x_wconf 90' lang='lat' dir='ltr'><strong>fenum</strong></span> <span class='ocrx_word' id='word_1_732' title='bbox 2765 3082 2820 3128; x_wconf 91' lang='lat' dir='ltr'><strong>et</strong></span> <span class='ocrx_word' id='word_1_733' title='bbox 2854 3073 3045 3144; x_wconf 89' lang='lat' dir='ltr'><strong>stipula</strong></span> <span class='ocrx_word' id='word_1_734' title='bbox 3075 3090 3183 3130; x_wconf 91' lang='lat' dir='ltr'><strong>non</strong></span> <span class='ocrx_word' id='word_1_735' title='bbox 3221 3077 3449 3134; x_wconf 90' lang='lat' dir='ltr'><strong>absurde</strong></span> <span class='ocrx_word' id='word_1_736' title='bbox 3471 3080 3641 3151; x_wconf 87' lang='lat' dir='ltr'><strong>accipi</strong></span> <span class='ocrx_word' id='word_1_737' title='bbox 3664 3078 3792 3151; x_wconf 82' lang='lat' dir='ltr'><strong>pos-</strong></span> 
     </span>
    </p>
   </div>
   <div class='ocr_carea' id='block_1_96' title="bbox 2212 3150 3789 3236">
    <p class='ocr_par' dir='ltr' id='par_1_96' title="bbox 2212 3150 3789 3236">
     <span class='ocr_line' id='line_1_98' title="bbox 2212 3150 3789 3236; baseline 0.01 -23"><span class='ocrx_word' id='word_1_738' title='bbox 2212 3169 2340 3214; x_wconf 89' lang='lat' dir='ltr'><strong>sunt</strong></span> <span class='ocrx_word' id='word_1_739' title='bbox 2360 3176 2538 3216; x_wconf 89' lang='lat' dir='ltr'><strong>rerum</strong></span> <span class='ocrx_word' id='word_1_740' title='bbox 2564 3164 2892 3219; x_wconf 72' lang='lat' dir='ltr'><strong>saecularium</strong></span> <span class='ocrx_word' id='word_1_741' title='bbox 2908 3204 2923 3228; x_wconf 87' lang='lat'><strong>,</strong></span> <span class='ocrx_word' id='word_1_742' title='bbox 2950 3166 3192 3236; x_wconf 86' lang='lat' dir='ltr'><strong>quamvis</strong></span> <span class='ocrx_word' id='word_1_743' title='bbox 3218 3167 3360 3223; x_wconf 90' lang='lat' dir='ltr'><strong>licite</strong></span> <span class='ocrx_word' id='word_1_744' title='bbox 3378 3150 3750 3226; x_wconf 81' lang='lat' dir='ltr'><strong>concessarum</strong></span> <span class='ocrx_word' id='word_1_745' title='bbox 3771 3211 3789 3236; x_wconf 88' lang='lat'><strong>,</strong></span> 
     </span>
    </p>
   </div>
   <div class='ocr_carea' id='block_1_97' title="bbox 2214 3250 3791 3321">
    <p class='ocr_par' dir='ltr' id='par_1_97' title="bbox 2214 3250 3791 3321">
     <span class='ocr_line' id='line_1_99' title="bbox 2214 3250 3791 3321; baseline 0.009 -18"><span class='ocrx_word' id='word_1_746' title='bbox 2214 3250 2347 3306; x_wconf 90' lang='lat' dir='ltr'><strong>tales</strong></span> <span class='ocrx_word' id='word_1_747' title='bbox 2374 3253 2691 3321; x_wconf 88' lang='lat' dir='ltr'><strong>cupiditates</strong></span> <span class='ocrx_word' id='word_1_748' title='bbox 2718 3293 2734 3320; x_wconf 96' lang='lat'><strong>,</strong></span> <span class='ocrx_word' id='word_1_749' title='bbox 2776 3263 2834 3308; x_wconf 93' lang='lat' dir='ltr'><strong>ut</strong></span> <span class='ocrx_word' id='word_1_750' title='bbox 2876 3255 3045 3309; x_wconf 89' lang='lat' dir='ltr'><strong>amitti</strong></span> <span class='ocrx_word' id='word_1_751' title='bbox 3075 3255 3192 3311; x_wconf 90' lang='lat' dir='ltr'><strong>sine</strong></span> <span class='ocrx_word' id='word_1_752' title='bbox 3238 3259 3400 3313; x_wconf 91' lang='lat' dir='ltr'><strong>animi</strong></span> <span class='ocrx_word' id='word_1_753' title='bbox 3448 3258 3634 3316; x_wconf 89' lang='lat' dir='ltr'><strong>dolore</strong></span> <span class='ocrx_word' id='word_1_754' title='bbox 3682 3276 3791 3317; x_wconf 90' lang='lat' dir='ltr'><strong>non</strong></span> 
     </span>
    </p>
   </div>
   <div class='ocr_carea' id='block_1_98' title="bbox 2213 3343 3792 3414">
    <p class='ocr_par' dir='ltr' id='par_1_98' title="bbox 2213 3343 3792 3414">
     <span class='ocr_line' id='line_1_100' title="bbox 2213 3343 3792 3414; baseline 0.007 -17"><span class='ocrx_word' id='word_1_755' title='bbox 2213 3343 2436 3411; x_wconf 88' lang='lat' dir='ltr'><strong>possint.</strong></span> <span class='ocrx_word' id='word_1_756' title='bbox 2490 3343 2617 3397; x_wconf 90' lang='lat' dir='ltr'><strong>Cum</strong></span> <span class='ocrx_word' id='word_1_757' title='bbox 2647 3353 2824 3397; x_wconf 88' lang='lat' dir='ltr'><strong>autem</strong></span> <span class='ocrx_word' id='word_1_758' title='bbox 2854 3344 2954 3398; x_wconf 87' lang='lat' dir='ltr'><strong>iste</strong></span> <span class='ocrx_word' id='word_1_759' title='bbox 2986 3344 3140 3399; x_wconf 90' lang='lat' dir='ltr'><strong>dolor</strong></span> <span class='ocrx_word' id='word_1_760' title='bbox 3182 3348 3318 3414; x_wconf 89' lang='lat' dir='ltr'><strong>urit,</strong></span> <span class='ocrx_word' id='word_1_761' title='bbox 3351 3349 3398 3403; x_wconf 89' lang='lat' dir='ltr'><strong>si</strong></span> <span class='ocrx_word' id='word_1_762' title='bbox 3445 3348 3691 3407; x_wconf 88' lang='lat' dir='ltr'><strong>Christus</strong></span> <span class='ocrx_word' id='word_1_763' title='bbox 3735 3352 3792 3409; x_wconf 88' lang='lat' dir='ltr'><strong>in</strong></span> 
     </span>
    </p>
   </div>
   <div class='ocr_carea' id='block_1_99' title="bbox 2212 3433 3793 3508">
    <p class='ocr_par' dir='ltr' id='par_1_99' title="bbox 2212 3433 3793 3508">
     <span class='ocr_line' id='line_1_101' title="bbox 2212 3433 3793 3508; baseline 0.007 -20"><span class='ocrx_word' id='word_1_764' title='bbox 2212 3434 2373 3489; x_wconf 91' lang='lat' dir='ltr'><strong>corde</strong></span> <span class='ocrx_word' id='word_1_765' title='bbox 2395 3433 2720 3489; x_wconf 88' lang='lat' dir='ltr'><strong>fundamenti</strong></span> <span class='ocrx_word' id='word_1_766' title='bbox 2746 3434 2906 3491; x_wconf 89' lang='lat' dir='ltr'><strong>habet</strong></span> <span class='ocrx_word' id='word_1_767' title='bbox 2931 3435 3135 3503; x_wconf 89' lang='lat' dir='ltr'><strong>locum,</strong></span> <span class='ocrx_word' id='word_1_768' title='bbox 3164 3438 3218 3493; x_wconf 90' lang='lat' dir='ltr'><strong>id</strong></span> <span class='ocrx_word' id='word_1_769' title='bbox 3244 3448 3358 3508; x_wconf 88' lang='lat' dir='ltr'><strong>est,</strong></span> <span class='ocrx_word' id='word_1_770' title='bbox 3390 3450 3449 3497; x_wconf 91' lang='lat' dir='ltr'><strong>ut</strong></span> <span class='ocrx_word' id='word_1_771' title='bbox 3469 3442 3519 3497; x_wconf 88' lang='lat' dir='ltr'><strong>ei</strong></span> <span class='ocrx_word' id='word_1_772' title='bbox 3545 3443 3677 3498; x_wconf 88' lang='lat' dir='ltr'><strong>nihil</strong></span> <span class='ocrx_word' id='word_1_773' title='bbox 3696 3459 3793 3499; x_wconf 82' lang='lat' dir='ltr'><strong>an-</strong></span> 
     </span>
    </p>
   </div>
   <div class='ocr_carea' id='block_1_100' title="bbox 2214 3525 3791 3599">
    <p class='ocr_par' dir='ltr' id='par_1_100' title="bbox 2214 3525 3791 3599">
     <span class='ocr_line' id='line_1_102' title="bbox 2214 3525 3791 3599; baseline 0.008 -21"><span class='ocrx_word' id='word_1_774' title='bbox 2214 3533 2513 3593; x_wconf 88' lang='lat' dir='ltr'><strong>teponatur,</strong></span> <span class='ocrx_word' id='word_1_775' title='bbox 2535 3533 2589 3579; x_wconf 87' lang='lat' dir='ltr'><strong>et</strong></span> <span class='ocrx_word' id='word_1_776' title='bbox 2616 3525 2764 3580; x_wconf 88' lang='lat' dir='ltr'><strong>malit</strong></span> <span class='ocrx_word' id='word_1_777' title='bbox 2784 3527 2944 3582; x_wconf 88' lang='lat' dir='ltr'><strong>homo</strong></span> <span class='ocrx_word' id='word_1_778' title='bbox 2970 3528 3061 3597; x_wconf 91' lang='lat' dir='ltr'><strong>qui</strong></span> <span class='ocrx_word' id='word_1_779' title='bbox 3083 3528 3172 3583; x_wconf 89' lang='lat' dir='ltr'><strong>tali</strong></span> <span class='ocrx_word' id='word_1_780' title='bbox 3196 3529 3380 3586; x_wconf 89' lang='lat' dir='ltr'><strong>dolore</strong></span> <span class='ocrx_word' id='word_1_781' title='bbox 3403 3534 3597 3599; x_wconf 88' lang='lat' dir='ltr'><strong>uritur,</strong></span> <span class='ocrx_word' id='word_1_782' title='bbox 3630 3535 3791 3592; x_wconf 86' lang='lat' dir='ltr'><strong>rebus</strong></span> 
     </span>
    </p>
   </div>
   <div class='ocr_carea' id='block_1_101' title="bbox 2211 3615 3791 3696">
    <p class='ocr_par' dir='ltr' id='par_1_101' title="bbox 2211 3615 3791 3696">
     <span class='ocr_line' id='line_1_103' title="bbox 2211 3615 3791 3696; baseline 0.009 -28"><span class='ocrx_word' id='word_1_783' title='bbox 2211 3630 2342 3685; x_wconf 90' lang='lat' dir='ltr'><strong>quas</strong></span> <span class='ocrx_word' id='word_1_784' title='bbox 2376 3615 2448 3670; x_wconf 90' lang='lat' dir='ltr'><strong>ita</strong></span> <span class='ocrx_word' id='word_1_785' title='bbox 2472 3615 2644 3687; x_wconf 88' lang='lat' dir='ltr'><strong>diligit</strong></span> <span class='ocrx_word' id='word_1_786' title='bbox 2672 3619 2838 3688; x_wconf 88' lang='lat' dir='ltr'><strong>magis</strong></span> <span class='ocrx_word' id='word_1_787' title='bbox 2858 3633 3040 3675; x_wconf 89' lang='lat' dir='ltr'><strong>carere</strong></span> <span class='ocrx_word' id='word_1_788' title='bbox 3069 3635 3230 3689; x_wconf 85' lang='lat' dir='ltr'><strong>quam</strong></span> <span class='ocrx_word' id='word_1_789' title='bbox 3245 3621 3475 3690; x_wconf 87' lang='lat' dir='ltr'><strong>Christo;</strong></span> <span class='ocrx_word' id='word_1_790' title='bbox 3503 3639 3597 3694; x_wconf 89' lang='lat' dir='ltr'><strong>per</strong></span> <span class='ocrx_word' id='word_1_791' title='bbox 3614 3626 3791 3696; x_wconf 83' lang='lat' dir='ltr'><strong>ignem</strong></span> 
     </span>
    </p>
   </div>
   <div class='ocr_carea' id='block_1_102' title="bbox 2212 3704 3791 3785">
    <p class='ocr_par' dir='ltr' id='par_1_102' title="bbox 2212 3704 3791 3785">
     <span class='ocr_line' id='line_1_104' title="bbox 2212 3704 3791 3785; baseline 0.009 -27"><span class='ocrx_word' id='word_1_792' title='bbox 2212 3704 2272 3759; x_wconf 87' lang='lat' dir='ltr'><strong>fit</strong></span> <span class='ocrx_word' id='word_1_793' title='bbox 2300 3705 2496 3761; x_wconf 87' lang='lat' dir='ltr'><strong>salvus.</strong></span> <span class='ocrx_word' id='word_1_794' title='bbox 2529 3706 2586 3762; x_wconf 93' lang='lat' dir='ltr'><strong>Si</strong></span> <span class='ocrx_word' id='word_1_795' title='bbox 2609 3717 2786 3763; x_wconf 89' lang='lat' dir='ltr'><strong>autem</strong></span> <span class='ocrx_word' id='word_1_796' title='bbox 2810 3725 2900 3765; x_wconf 90' lang='lat' dir='ltr'><strong>res</strong></span> <span class='ocrx_word' id='word_1_797' title='bbox 2935 3709 3236 3780; x_wconf 91' lang='lat' dir='ltr'><strong>hujusmodi</strong></span> <span class='ocrx_word' id='word_1_798' title='bbox 3265 3716 3580 3785; x_wconf 87' lang='lat' dir='ltr'><strong>temporales</strong></span> <span class='ocrx_word' id='word_1_799' title='bbox 3602 3731 3666 3772; x_wconf 90' lang='lat' dir='ltr'><strong>ac</strong></span> <span class='ocrx_word' id='word_1_800' title='bbox 3689 3732 3791 3773; x_wconf 69' lang='lat' dir='ltr'><strong>ste-</strong></span> 
     </span>
    </p>
   </div>
   <div class='ocr_carea' id='block_1_103' title="bbox 2211 3797 3790 3877">
    <p class='ocr_par' dir='ltr' id='par_1_103' title="bbox 2211 3797 3790 3877">
     <span class='ocr_line' id='line_1_105' title="bbox 2211 3797 3790 3877; baseline 0.008 -26"><span class='ocrx_word' id='word_1_801' title='bbox 2211 3797 2418 3854; x_wconf 84' lang='lat' dir='ltr'><strong>culares</strong></span> <span class='ocrx_word' id='word_1_802' title='bbox 2463 3808 2699 3870; x_wconf 87' lang='lat' dir='ltr'><strong>tempore</strong></span> <span class='ocrx_word' id='word_1_803' title='bbox 2758 3803 3063 3857; x_wconf 88' lang='lat' dir='ltr'><strong>tentationis</strong></span> <span class='ocrx_word' id='word_1_804' title='bbox 3107 3805 3357 3860; x_wconf 89' lang='lat' dir='ltr'><strong>maluerit</strong></span> <span class='ocrx_word' id='word_1_805' title='bbox 3407 3815 3589 3862; x_wconf 86' lang='lat' dir='ltr'><strong>tenere</strong></span> <span class='ocrx_word' id='word_1_806' title='bbox 3628 3823 3790 3877; x_wconf 87' lang='lat' dir='ltr'><strong>quam</strong></span> 
     </span>
    </p>
   </div>
   <div class='ocr_carea' id='block_1_104' title="bbox 2211 3886 3792 3964">
    <p class='ocr_par' dir='ltr' id='par_1_104' title="bbox 2211 3886 3792 3964">
     <span class='ocr_line' id='line_1_106' title="bbox 2211 3886 3792 3964; baseline 0.006 -23"><span class='ocrx_word' id='word_1_807' title='bbox 2211 3886 2510 3954; x_wconf 81' lang='lat' dir='ltr'><strong>Christum,</strong></span> <span class='ocrx_word' id='word_1_808' title='bbox 2542 3904 2663 3944; x_wconf 90' lang='lat' dir='ltr'><strong>eum</strong></span> <span class='ocrx_word' id='word_1_809' title='bbox 2693 3890 2746 3944; x_wconf 91' lang='lat' dir='ltr'><strong>in</strong></span> <span class='ocrx_word' id='word_1_810' title='bbox 2779 3890 3125 3947; x_wconf 86' lang='lat' dir='ltr'><strong>fundamento</strong></span> <span class='ocrx_word' id='word_1_811' title='bbox 3153 3908 3260 3947; x_wconf 91' lang='lat' dir='ltr'><strong>non</strong></span> <span class='ocrx_word' id='word_1_812' title='bbox 3288 3894 3501 3959; x_wconf 86' lang='lat' dir='ltr'><strong>habuit;</strong></span> <span class='ocrx_word' id='word_1_813' title='bbox 3527 3896 3649 3964; x_wconf 90' lang='lat' dir='ltr'><strong>quia</strong></span> <span class='ocrx_word' id='word_1_814' title='bbox 3676 3896 3792 3951; x_wconf 67' lang='lat' dir='ltr'><strong>haec</strong></span> 
     </span>
    </p>
   </div>
   <div class='ocr_carea' id='block_1_105' title="bbox 2212 3978 3788 4053">
    <p class='ocr_par' dir='ltr' id='par_1_105' title="bbox 2212 3978 3788 4053">
     <span class='ocr_line' id='line_1_107' title="bbox 2212 3978 3788 4053; baseline 0.006 -22"><span class='ocrx_word' id='word_1_815' title='bbox 2212 3978 2391 4047; x_wconf 91' lang='lat' dir='ltr'><strong>priore</strong></span> <span class='ocrx_word' id='word_1_816' title='bbox 2420 3978 2535 4033; x_wconf 88' lang='lat' dir='ltr'><strong>loco</strong></span> <span class='ocrx_word' id='word_1_817' title='bbox 2557 3980 2769 4049; x_wconf 87' lang='lat' dir='ltr'><strong>habuit,</strong></span> <span class='ocrx_word' id='word_1_818' title='bbox 2802 3996 2921 4035; x_wconf 91' lang='lat' dir='ltr'><strong>cum</strong></span> <span class='ocrx_word' id='word_1_819' title='bbox 2962 3982 3015 4036; x_wconf 90' lang='lat' dir='ltr'><strong>in</strong></span> <span class='ocrx_word' id='word_1_820' title='bbox 3043 3982 3266 4039; x_wconf 81' lang='lat' dir='ltr'><strong>aedilicio</strong></span> <span class='ocrx_word' id='word_1_821' title='bbox 3294 3984 3441 4053; x_wconf 90' lang='lat' dir='ltr'><strong>prius</strong></span> <span class='ocrx_word' id='word_1_822' title='bbox 3466 4000 3570 4040; x_wconf 93' lang='lat' dir='ltr'><strong>non</strong></span> <span class='ocrx_word' id='word_1_823' title='bbox 3597 3987 3666 4040; x_wconf 90' lang='lat' dir='ltr'><strong>sit</strong></span> <span class='ocrx_word' id='word_1_824' title='bbox 3686 3986 3788 4041; x_wconf 86' lang='lat' dir='ltr'><strong>ali-</strong></span> 
     </span>
    </p>
   </div>
   <div class='ocr_carea' id='block_1_106' title="bbox 2213 4069 3791 4144">
    <p class='ocr_par' dir='ltr' id='par_1_106' title="bbox 2213 4069 3791 4144">
     <span class='ocr_line' id='line_1_108' title="bbox 2213 4069 3791 4144; baseline 0.005 -21"><span class='ocrx_word' id='word_1_825' title='bbox 2213 4070 2340 4140; x_wconf 88' lang='lat' dir='ltr'><strong>quid</strong></span> <span class='ocrx_word' id='word_1_826' title='bbox 2378 4069 2738 4127; x_wconf 88' lang='lat' dir='ltr'><strong>fundamento.</strong></span> <span class='ocrx_word' id='word_1_827' title='bbox 2762 4071 2902 4141; x_wconf 83' lang='lat' dir='ltr'><strong>Ignis</strong></span> <span class='ocrx_word' id='word_1_828' title='bbox 2922 4073 3062 4127; x_wconf 90' lang='lat' dir='ltr'><strong>enim</strong></span> <span class='ocrx_word' id='word_1_829' title='bbox 3086 4114 3101 4138; x_wconf 90' lang='lat'><strong>,</strong></span> <span class='ocrx_word' id='word_1_830' title='bbox 3130 4073 3196 4128; x_wconf 91' lang='lat' dir='ltr'><strong>de</strong></span> <span class='ocrx_word' id='word_1_831' title='bbox 3222 4089 3328 4144; x_wconf 91' lang='lat' dir='ltr'><strong>quo</strong></span> <span class='ocrx_word' id='word_1_832' title='bbox 3366 4090 3432 4130; x_wconf 93' lang='lat' dir='ltr'><strong>eo</strong></span> <span class='ocrx_word' id='word_1_833' title='bbox 3456 4076 3575 4131; x_wconf 87' lang='lat' dir='ltr'><strong>loco</strong></span> <span class='ocrx_word' id='word_1_834' title='bbox 3598 4084 3681 4132; x_wconf 87' lang='lat' dir='ltr'><strong>est</strong></span> <span class='ocrx_word' id='word_1_835' title='bbox 3707 4077 3791 4131; x_wconf 89' lang='lat' dir='ltr'><strong>Io-</strong></span> 
     </span>
    </p>
   </div>
   <div class='ocr_carea' id='block_1_107' title="bbox 2212 4163 3794 4237">
    <p class='ocr_par' dir='ltr' id='par_1_107' title="bbox 2212 4163 3794 4237">
     <span class='ocr_line' id='line_1_109' title="bbox 2212 4163 3794 4237; baseline 0.005 -24"><span class='ocrx_word' id='word_1_836' title='bbox 2212 4170 2364 4216; x_wconf 86' lang='lat' dir='ltr'><strong>cutus</strong></span> <span class='ocrx_word' id='word_1_837' title='bbox 2393 4163 2712 4232; x_wconf 87' lang='lat' dir='ltr'><strong>Apostolus,</strong></span> <span class='ocrx_word' id='word_1_838' title='bbox 2744 4163 2865 4218; x_wconf 85' lang='lat' dir='ltr'><strong>talis</strong></span> <span class='ocrx_word' id='word_1_839' title='bbox 2893 4163 3050 4219; x_wconf 83' lang='lat' dir='ltr'><strong>debet</strong></span> <span class='ocrx_word' id='word_1_840' title='bbox 3093 4165 3352 4234; x_wconf 87' lang='lat' dir='ltr'><strong>intelligi,</strong></span> <span class='ocrx_word' id='word_1_841' title='bbox 3396 4176 3454 4221; x_wconf 91' lang='lat' dir='ltr'><strong>ut</strong></span> <span class='ocrx_word' id='word_1_842' title='bbox 3497 4168 3655 4222; x_wconf 87' lang='lat' dir='ltr'><strong>ambo</strong></span> <span class='ocrx_word' id='word_1_843' title='bbox 3696 4183 3794 4237; x_wconf 85' lang='lat' dir='ltr'><strong>per</strong></span> 
     </span>
    </p>
   </div>
   <div class='ocr_carea' id='block_1_108' title="bbox 2212 4255 3791 4330">
    <p class='ocr_par' dir='ltr' id='par_1_108' title="bbox 2212 4255 3791 4330">
     <span class='ocr_line' id='line_1_110' title="bbox 2212 4255 3791 4330; baseline 0.007 -25"><span class='ocrx_word' id='word_1_844' title='bbox 2212 4268 2332 4306; x_wconf 91' lang='lat' dir='ltr'><strong>eum</strong></span> <span class='ocrx_word' id='word_1_845' title='bbox 2366 4263 2666 4320; x_wconf 86' lang='lat' dir='ltr'><strong>transeant;</strong></span> <span class='ocrx_word' id='word_1_846' title='bbox 2713 4255 2764 4309; x_wconf 91' lang='lat' dir='ltr'><strong>id</strong></span> <span class='ocrx_word' id='word_1_847' title='bbox 2790 4265 2903 4323; x_wconf 88' lang='lat' dir='ltr'><strong>est,</strong></span> <span class='ocrx_word' id='word_1_848' title='bbox 2934 4267 2987 4310; x_wconf 89' lang='lat' dir='ltr'><strong>et</strong></span> <span class='ocrx_word' id='word_1_849' title='bbox 3014 4258 3102 4326; x_wconf 88' lang='lat' dir='ltr'><strong>qui</strong></span> <span class='ocrx_word' id='word_1_850' title='bbox 3125 4258 3341 4327; x_wconf 79' lang='lat' dir='ltr'><strong>cedi/icat</strong></span> <span class='ocrx_word' id='word_1_851' title='bbox 3367 4275 3518 4329; x_wconf 81' lang='lat' dir='ltr'><strong>super</strong></span> <span class='ocrx_word' id='word_1_852' title='bbox 3544 4260 3637 4314; x_wconf 84' lang='lat' dir='ltr'><strong>hoc</strong></span> <span class='ocrx_word' id='word_1_853' title='bbox 3666 4264 3791 4330; x_wconf 83' lang='lat' dir='ltr'><strong>[un-</strong></span> 
     </span>
    </p>
   </div>
   <div class='ocr_carea' id='block_1_109' title="bbox 2212 4345 3791 4423">
    <p class='ocr_par' dir='ltr' id='par_1_109' title="bbox 2212 4345 3791 4423">
     <span class='ocr_line' id='line_1_111' title="bbox 2212 4345 3791 4423; baseline 0.008 -27"><span class='ocrx_word' id='word_1_854' title='bbox 2212 4345 2527 4422; x_wconf 77' lang='lat' dir='ltr'><strong>dantentum,</strong></span> <span class='ocrx_word' id='word_1_855' title='bbox 2558 4363 2739 4401; x_wconf 86' lang='lat' dir='ltr'><strong>aurum</strong></span> <span class='ocrx_word' id='word_1_856' title='bbox 2758 4388 2772 4412; x_wconf 95' lang='lat'><strong>,</strong></span> <span class='ocrx_word' id='word_1_857' title='bbox 2798 4359 3089 4418; x_wconf 85' lang='lat' dir='ltr'><strong>argentum,</strong></span> <span class='ocrx_word' id='word_1_858' title='bbox 3116 4350 3309 4417; x_wconf 79' lang='lat' dir='ltr'><strong>lapides</strong></span> <span class='ocrx_word' id='word_1_859' title='bbox 3337 4350 3596 4418; x_wconf 84' lang='lat' dir='ltr'><strong>pretiosos,</strong></span> <span class='ocrx_word' id='word_1_860' title='bbox 3621 4362 3674 4406; x_wconf 89' lang='lat' dir='ltr'><strong>et</strong></span> <span class='ocrx_word' id='word_1_861' title='bbox 3700 4355 3791 4423; x_wconf 88' lang='lat' dir='ltr'><strong>qui</strong></span> 
     </span>
    </p>
   </div>
   <div class='ocr_carea' id='block_1_110' title="bbox 2211 4435 3790 4507">
    <p class='ocr_par' dir='ltr' id='par_1_110' title="bbox 2211 4435 3790 4507">
     <span class='ocr_line' id='line_1_112' title="bbox 2211 4435 3790 4507; baseline 0.006 -19"><span class='ocrx_word' id='word_1_862' title='bbox 2211 4435 2429 4503; x_wconf 63' lang='lat' dir='ltr'><strong>aediﬁcat</strong></span> <span class='ocrx_word' id='word_1_863' title='bbox 2449 4436 2605 4506; x_wconf 87' lang='lat' dir='ltr'><strong>ligna,</strong></span> <span class='ocrx_word' id='word_1_864' title='bbox 2635 4439 2805 4507; x_wconf 81' lang='lat' dir='ltr'><strong>fenum</strong></span> <span class='ocrx_word' id='word_1_865' title='bbox 2826 4450 2869 4491; x_wconf 86' lang='lat' dir='ltr'><strong>et</strong></span> <span class='ocrx_word' id='word_1_866' title='bbox 2894 4439 3152 4507; x_wconf 82' lang='lat' dir='ltr'><strong>stipulam.</strong></span> <span class='ocrx_word' id='word_1_867' title='bbox 3180 4440 3311 4493; x_wconf 88' lang='lat' dir='ltr'><strong>Cum</strong></span> <span class='ocrx_word' id='word_1_868' title='bbox 3332 4439 3472 4492; x_wconf 85' lang='lat' dir='ltr'><strong>enim</strong></span> <span class='ocrx_word' id='word_1_869' title='bbox 3496 4439 3597 4494; x_wconf 89' lang='lat' dir='ltr'><strong>hoc</strong></span> <span class='ocrx_word' id='word_1_870' title='bbox 3625 4441 3790 4497; x_wconf 80' lang='lat' dir='ltr'><strong>dixis-</strong></span> 
     </span>
    </p>
   </div>
   <div class='ocr_carea' id='block_1_111' title="bbox 2212 4526 3790 4603">
    <p class='ocr_par' dir='ltr' id='par_1_111' title="bbox 2212 4526 3790 4603">
     <span class='ocr_line' id='line_1_113' title="bbox 2212 4526 3790 4603; baseline 0.006 -24"><span class='ocrx_word' id='word_1_871' title='bbox 2212 4534 2323 4591; x_wconf 84' lang='lat' dir='ltr'><strong>set,</strong></span> <span class='ocrx_word' id='word_1_872' title='bbox 2350 4526 2588 4595; x_wconf 77' lang='lat' dir='ltr'><strong>adjunxit</strong></span> <span class='ocrx_word' id='word_1_873' title='bbox 2612 4546 2624 4580; x_wconf 92' lang='lat'><strong>:</strong></span> <span class='ocrx_word' id='word_1_874' title='bbox 2658 4528 3058 4599; x_wconf 86' lang='lat' dir='ltr'><strong>Uniuscujusque</strong></span> <span class='ocrx_word' id='word_1_875' title='bbox 3082 4546 3206 4598; x_wconf 87' lang='lat' dir='ltr'><strong>opus</strong></span> <span class='ocrx_word' id='word_1_876' title='bbox 3224 4528 3372 4599; x_wconf 86' lang='lat' dir='ltr'><strong>quale</strong></span> <span class='ocrx_word' id='word_1_877' title='bbox 3390 4532 3485 4599; x_wconf 84' lang='lat' dir='ltr'><strong>sit,</strong></span> <span class='ocrx_word' id='word_1_878' title='bbox 3509 4533 3640 4603; x_wconf 88' lang='lat' dir='ltr'><strong>ignis</strong></span> <span class='ocrx_word' id='word_1_879' title='bbox 3670 4552 3790 4603; x_wconf 86' lang='lat' dir='ltr'><strong>pro-</strong></span> 
     </span>
    </p>
   </div>
   <div class='ocr_carea' id='block_1_112' title="bbox 2214 4617 3787 4696">
    <p class='ocr_par' dir='ltr' id='par_1_112' title="bbox 2214 4617 3787 4696">
     <span class='ocr_line' id='line_1_114' title="bbox 2214 4617 3787 4696; baseline 0.006 -25"><span class='ocrx_word' id='word_1_880' title='bbox 2214 4617 2362 4672; x_wconf 85' lang='lat' dir='ltr'><strong>babit.</strong></span> <span class='ocrx_word' id='word_1_881' title='bbox 2389 4619 2451 4673; x_wconf 88' lang='lat' dir='ltr'><strong>Si</strong></span> <span class='ocrx_word' id='word_1_882' title='bbox 2475 4622 2619 4690; x_wconf 87' lang='lat' dir='ltr'><strong>cujus</strong></span> <span class='ocrx_word' id='word_1_883' title='bbox 2639 4637 2763 4689; x_wconf 85' lang='lat' dir='ltr'><strong>opus</strong></span> <span class='ocrx_word' id='word_1_884' title='bbox 2792 4623 3147 4691; x_wconf 85' lang='lat' dir='ltr'><strong>permanserit,</strong></span> <span class='ocrx_word' id='word_1_885' title='bbox 3168 4624 3302 4693; x_wconf 88' lang='lat' dir='ltr'><strong>quod</strong></span> <span class='ocrx_word' id='word_1_886' title='bbox 3328 4626 3745 4694; x_wconf 69' lang='lat' dir='ltr'><strong>superaediﬁcavit</strong></span> <span class='ocrx_word' id='word_1_887' title='bbox 3767 4669 3787 4696; x_wconf 86' lang='lat'><strong>,</strong></span> 
     </span>
    </p>
   </div>
   <div class='ocr_carea' id='block_1_113' title="bbox 2213 4712 3786 4788">
    <p class='ocr_par' dir='ltr' id='par_1_113' title="bbox 2213 4712 3786 4788">
     <span class='ocr_line' id='line_1_115' title="bbox 2213 4712 3786 4788; baseline 0.006 -25"><span class='ocrx_word' id='word_1_888' title='bbox 2213 4712 2484 4765; x_wconf 86' lang='lat' dir='ltr'><strong>mercedem</strong></span> <span class='ocrx_word' id='word_1_889' title='bbox 2509 4713 2738 4782; x_wconf 84' lang='lat' dir='ltr'><strong>accipiet.</strong></span> <span class='ocrx_word' id='word_1_890' title='bbox 2772 4714 2832 4767; x_wconf 86' lang='lat' dir='ltr'><strong>Si</strong></span> <span class='ocrx_word' id='word_1_891' title='bbox 2858 4716 3000 4784; x_wconf 86' lang='lat' dir='ltr'><strong>cujus</strong></span> <span class='ocrx_word' id='word_1_892' title='bbox 3019 4732 3144 4783; x_wconf 89' lang='lat' dir='ltr'><strong>opus</strong></span> <span class='ocrx_word' id='word_1_893' title='bbox 3169 4725 3337 4770; x_wconf 87' lang='lat' dir='ltr'><strong>autent</strong></span> <span class='ocrx_word' id='word_1_894' title='bbox 3362 4728 3592 4772; x_wconf 77' lang='lat' dir='ltr'><strong>exustum</strong></span> <span class='ocrx_word' id='word_1_895' title='bbox 3614 4718 3786 4788; x_wconf 75' lang='lat' dir='ltr'><strong>fuerit,</strong></span> 
     </span>
    </p>
   </div>
   <div class='ocr_carea' id='block_1_114' title="bbox 2213 4803 3790 4875">
    <p class='ocr_par' dir='ltr' id='par_1_114' title="bbox 2213 4803 3790 4875">
     <span class='ocr_line' id='line_1_116' title="bbox 2213 4803 3790 4875; baseline 0.006 -20"><span class='ocrx_word' id='word_1_896' title='bbox 2213 4803 2453 4855; x_wconf 84' lang='lat' dir='ltr'><strong>damnum</strong></span> <span class='ocrx_word' id='word_1_897' title='bbox 2479 4804 2697 4871; x_wconf 86' lang='lat' dir='ltr'><strong>patietur</strong></span> <span class='ocrx_word' id='word_1_898' title='bbox 2740 4820 2758 4856; x_wconf 88' lang='lat'><strong><em>:</em></strong></span> <span class='ocrx_word' id='word_1_899' title='bbox 2801 4805 2910 4874; x_wconf 87' lang='lat' dir='ltr'><strong>ipse</strong></span> <span class='ocrx_word' id='word_1_900' title='bbox 2954 4816 3117 4858; x_wconf 82' lang='lat' dir='ltr'><strong>autem</strong></span> <span class='ocrx_word' id='word_1_901' title='bbox 3144 4807 3309 4862; x_wconf 90' lang='lat' dir='ltr'><strong>salvus</strong></span> <span class='ocrx_word' id='word_1_902' title='bbox 3356 4809 3486 4875; x_wconf 83' lang='lat' dir='ltr'><strong>erit,</strong></span> <span class='ocrx_word' id='word_1_903' title='bbox 3516 4810 3589 4863; x_wconf 88' lang='lat' dir='ltr'><strong>sic</strong></span> <span class='ocrx_word' id='word_1_904' title='bbox 3625 4818 3790 4865; x_wconf 79' lang='lat' dir='ltr'><strong>tamen</strong></span> 
     </span>
    </p>
   </div>
   <div class='ocr_carea' id='block_1_115' title="bbox 2212 4892 3792 4969">
    <p class='ocr_par' dir='ltr' id='par_1_115' title="bbox 2212 4892 3792 4969">
     <span class='ocr_line' id='line_1_117' title="bbox 2212 4892 3792 4969; baseline 0.007 -25"><span class='ocrx_word' id='word_1_905' title='bbox 2212 4894 2357 4959; x_wconf 89' lang='lat' dir='ltr'><strong>quasi</strong></span> <span class='ocrx_word' id='word_1_906' title='bbox 2395 4909 2482 4959; x_wconf 82' lang='lat' dir='ltr'><strong>per</strong></span> <span class='ocrx_word' id='word_1_907' title='bbox 2508 4893 2672 4960; x_wconf 80' lang='lat' dir='ltr'><strong>ignem</strong></span> <span class='ocrx_word' id='word_1_908' title='bbox 2706 4892 2812 4965; x_wconf 91' lang='lat' dir='ltr'><strong>(Id.</strong></span> <span class='ocrx_word' id='word_1_909' title='bbox 2846 4912 2901 4950; x_wconf 82' lang='grc' dir='ltr'><strong>ιιι</strong></span> <span class='ocrx_word' id='word_1_910' title='bbox 2925 4936 2940 4960; x_wconf 92' lang='grc'><strong><em>,</em></strong></span> <span class='ocrx_word' id='word_1_911' title='bbox 2974 4896 3175 4969; x_wconf 71' lang='lat'><strong>11-15).</strong></span> <span class='ocrx_word' id='word_1_912' title='bbox 3206 4897 3320 4953; x_wconf 89' lang='lat' dir='ltr'><strong>Non</strong></span> <span class='ocrx_word' id='word_1_913' title='bbox 3348 4914 3476 4969; x_wconf 90' lang='lat' dir='ltr'><strong>ergo</strong></span> <span class='ocrx_word' id='word_1_914' title='bbox 3515 4901 3668 4953; x_wconf 89' lang='lat' dir='ltr'><strong>unius</strong></span> <span class='ocrx_word' id='word_1_915' title='bbox 3695 4915 3792 4955; x_wconf 88' lang='lat' dir='ltr'><strong>eo-</strong></span> 
     </span>
    </p>
   </div>
   <div class='ocr_carea' id='block_1_116' title="bbox 2212 4983 3787 5059">
    <p class='ocr_par' dir='ltr' id='par_1_116' title="bbox 2212 4983 3787 5059">
     <span class='ocr_line' id='line_1_118' title="bbox 2212 4983 3787 5059; baseline 0.006 -23"><span class='ocrx_word' id='word_1_916' title='bbox 2212 4998 2352 5050; x_wconf 91' lang='lat' dir='ltr'><strong>rum,</strong></span> <span class='ocrx_word' id='word_1_917' title='bbox 2374 4983 2469 5038; x_wconf 86' lang='lat' dir='ltr'><strong>sed</strong></span> <span class='ocrx_word' id='word_1_918' title='bbox 2497 4985 2771 5055; x_wconf 87' lang='lat' dir='ltr'><strong>utriusque</strong></span> <span class='ocrx_word' id='word_1_919' title='bbox 2790 5003 2921 5056; x_wconf 91' lang='lat' dir='ltr'><strong>opus</strong></span> <span class='ocrx_word' id='word_1_920' title='bbox 2952 4990 3087 5059; x_wconf 89' lang='lat' dir='ltr'><strong>ignis</strong></span> <span class='ocrx_word' id='word_1_921' title='bbox 3119 4989 3374 5058; x_wconf 86' lang='lat' dir='ltr'><strong>probabit.</strong></span> <span class='ocrx_word' id='word_1_922' title='bbox 3406 4990 3498 5044; x_wconf 85' lang='lat' dir='ltr'><strong>Est</strong></span> <span class='ocrx_word' id='word_1_923' title='bbox 3527 4991 3740 5058; x_wconf 90' lang='lat' dir='ltr'><strong>quidam</strong></span> <span class='ocrx_word' id='word_1_924' title='bbox 3770 4995 3787 5023; x_wconf 85' lang='grc'>¹</span> 
     </span>
    </p>
   </div>
   <div class='ocr_carea' id='block_1_117' title="bbox 2212 5074 3792 5148">
    <p class='ocr_par' dir='ltr' id='par_1_117' title="bbox 2212 5074 3792 5148">
     <span class='ocr_line' id='line_1_119' title="bbox 2212 5074 3792 5148; baseline 0.006 -20"><span class='ocrx_word' id='word_1_925' title='bbox 2212 5074 2349 5145; x_wconf 86' lang='lat' dir='ltr'><strong>ignis</strong></span> <span class='ocrx_word' id='word_1_926' title='bbox 2389 5076 2608 5131; x_wconf 87' lang='lat' dir='ltr'><strong>tentatio</strong></span> <span class='ocrx_word' id='word_1_927' title='bbox 2640 5078 3025 5143; x_wconf 88' lang='lat' dir='ltr'><strong>tribulationis,</strong></span> <span class='ocrx_word' id='word_1_928' title='bbox 3070 5080 3136 5134; x_wconf 92' lang='lat' dir='ltr'><strong>de</strong></span> <span class='ocrx_word' id='word_1_929' title='bbox 3173 5095 3278 5148; x_wconf 92' lang='lat' dir='ltr'><strong>quo</strong></span> <span class='ocrx_word' id='word_1_930' title='bbox 3315 5090 3497 5148; x_wconf 87' lang='lat' dir='ltr'><strong>aperte</strong></span> <span class='ocrx_word' id='word_1_931' title='bbox 3539 5082 3642 5135; x_wconf 88' lang='lat' dir='ltr'><strong>alio</strong></span> <span class='ocrx_word' id='word_1_932' title='bbox 3671 5082 3792 5139; x_wconf 86' lang='lat' dir='ltr'><strong>loco</strong></span> 
     </span>
    </p>
   </div>
   <div class='ocr_carea' id='block_1_118' title="bbox 2213 5167 3792 5239">
    <p class='ocr_par' dir='ltr' id='par_1_118' title="bbox 2213 5167 3792 5239">
     <span class='ocr_line' id='line_1_120' title="bbox 2213 5167 3792 5239; baseline 0.004 -16"><span class='ocrx_word' id='word_1_933' title='bbox 2213 5167 2466 5237; x_wconf 82' lang='lat' dir='ltr'><strong>scriptum</strong></span> <span class='ocrx_word' id='word_1_934' title='bbox 2492 5177 2574 5223; x_wconf 86' lang='lat' dir='ltr'><strong>est</strong></span> <span class='ocrx_word' id='word_1_935' title='bbox 2605 5186 2618 5221; x_wconf 87' lang='lat'><strong>:</strong></span> <span class='ocrx_word' id='word_1_936' title='bbox 2660 5167 2792 5223; x_wconf 86' lang='lat' dir='ltr'><strong>Vasa</strong></span> <span class='ocrx_word' id='word_1_937' title='bbox 2834 5170 2977 5239; x_wconf 82' lang='lat' dir='ltr'><strong>ﬁguli</strong></span> <span class='ocrx_word' id='word_1_938' title='bbox 3015 5169 3190 5239; x_wconf 83' lang='lat' dir='ltr'><strong>probat</strong></span> <span class='ocrx_word' id='word_1_939' title='bbox 3230 5172 3414 5238; x_wconf 76' lang='lat' dir='ltr'><strong>fornax</strong></span> <span class='ocrx_word' id='word_1_940' title='bbox 3435 5211 3451 5235; x_wconf 89' lang='lat'><strong>,</strong></span> <span class='ocrx_word' id='word_1_941' title='bbox 3483 5182 3531 5225; x_wconf 88' lang='lat' dir='ltr'><strong>et</strong></span> <span class='ocrx_word' id='word_1_942' title='bbox 3563 5170 3792 5229; x_wconf 80' lang='lat' dir='ltr'><strong>homines</strong></span> 
     </span>
    </p>
   </div>
   <div class='ocr_carea' id='block_1_119' title="bbox 2207 5258 3792 5334">
    <p class='ocr_par' dir='ltr' id='par_1_119' title="bbox 2207 5258 3792 5334">
     <span class='ocr_line' id='line_1_121' title="bbox 2207 5258 3792 5334; baseline 0.006 -24"><span class='ocrx_word' id='word_1_943' title='bbox 2207 5258 2372 5327; x_wconf 84' lang='lat' dir='ltr'><strong>justas</strong></span> <span class='ocrx_word' id='word_1_944' title='bbox 2402 5261 2606 5313; x_wconf 88' lang='lat' dir='ltr'><strong>tentatio</strong></span> <span class='ocrx_word' id='word_1_945' title='bbox 2634 5259 2966 5313; x_wconf 76' lang='lat' dir='ltr'><strong>tribulationis</strong></span> <span class='ocrx_word' id='word_1_946' title='bbox 2994 5258 3179 5327; x_wconf 80' lang='lat' dir='ltr'><strong>(Eccli.</strong></span> <span class='ocrx_word' id='word_1_947' title='bbox 3206 5274 3380 5322; x_wconf 79' lang='lat' dir='ltr'><strong>xxvu,</strong></span> <span class='ocrx_word' id='word_1_948' title='bbox 3414 5259 3490 5330; x_wconf 88' lang='lat'><strong>6).</strong></span> <span class='ocrx_word' id='word_1_949' title='bbox 3521 5260 3625 5316; x_wconf 89' lang='lat' dir='ltr'><strong>Iste</strong></span> <span class='ocrx_word' id='word_1_950' title='bbox 3646 5261 3792 5334; x_wconf 87' lang='lat' dir='ltr'><strong>ignis</strong></span> 
     </span>
    </p>
   </div>
   <div class='ocr_carea' id='block_1_120' title="bbox 2214 5347 3791 5419">
    <p class='ocr_par' dir='ltr' id='par_1_120' title="bbox 2214 5347 3791 5419">
     <span class='ocr_line' id='line_1_122' title="bbox 2214 5347 3791 5419; baseline 0.001 -17"><span class='ocrx_word' id='word_1_951' title='bbox 2214 5347 2268 5402; x_wconf 91' lang='lat' dir='ltr'><strong>in</strong></span> <span class='ocrx_word' id='word_1_952' title='bbox 2289 5347 2388 5402; x_wconf 80' lang='lat' dir='ltr'><strong>hac</strong></span> <span class='ocrx_word' id='word_1_953' title='bbox 2414 5350 2623 5404; x_wconf 90' lang='lat' dir='ltr'><strong>interim</strong></span> <span class='ocrx_word' id='word_1_954' title='bbox 2653 5351 2753 5404; x_wconf 87' lang='lat' dir='ltr'><strong>vita</strong></span> <span class='ocrx_word' id='word_1_955' title='bbox 2774 5348 2897 5405; x_wconf 87' lang='lat' dir='ltr'><strong>facit</strong></span> <span class='ocrx_word' id='word_1_956' title='bbox 2923 5349 3060 5417; x_wconf 91' lang='lat' dir='ltr'><strong>quod</strong></span> <span class='ocrx_word' id='word_1_957' title='bbox 3090 5349 3375 5419; x_wconf 78' lang='lat' dir='ltr'><strong>Apostolus</strong></span> <span class='ocrx_word' id='word_1_958' title='bbox 3399 5350 3553 5419; x_wconf 79' lang='lat' dir='ltr'><strong>dixit,</strong></span> <span class='ocrx_word' id='word_1_959' title='bbox 3581 5352 3627 5408; x_wconf 90' lang='lat' dir='ltr'><strong>si</strong></span> <span class='ocrx_word' id='word_1_960' title='bbox 3645 5350 3791 5408; x_wconf 83' lang='lat' dir='ltr'><strong>acci-</strong></span> 
     </span>
    </p>
   </div>
   <div class='ocr_carea' id='block_1_121' title="bbox 2213 5438 3795 5514">
    <p class='ocr_par' dir='ltr' id='par_1_121' title="bbox 2213 5438 3795 5514">
     <span class='ocr_line' id='line_1_123' title="bbox 2213 5438 3795 5514; baseline 0.003 -20"><span class='ocrx_word' id='word_1_961' title='bbox 2213 5438 2302 5494; x_wconf 87' lang='lat' dir='ltr'><strong>dat</strong></span> <span class='ocrx_word' id='word_1_962' title='bbox 2326 5440 2346 5470; x_wconf 86' lang='grc'>¹</span> <span class='ocrx_word' id='word_1_963' title='bbox 2375 5439 2579 5494; x_wconf 87' lang='lat' dir='ltr'><strong>duobus</strong></span> <span class='ocrx_word' id='word_1_964' title='bbox 2611 5440 2850 5493; x_wconf 83' lang='lat' dir='ltr'><strong>ﬁdelibus</strong></span> <span class='ocrx_word' id='word_1_965' title='bbox 2870 5482 2883 5503; x_wconf 88' lang='lat'><strong>,</strong></span> <span class='ocrx_word' id='word_1_966' title='bbox 2914 5440 3003 5493; x_wconf 88' lang='lat' dir='ltr'><strong>uni</strong></span> <span class='ocrx_word' id='word_1_967' title='bbox 3034 5440 3235 5496; x_wconf 85' lang='lat' dir='ltr'><strong>scilicet</strong></span> <span class='ocrx_word' id='word_1_968' title='bbox 3264 5443 3515 5513; x_wconf 83' lang='lat' dir='ltr'><strong>cogitanti</strong></span> <span class='ocrx_word' id='word_1_969' title='bbox 3548 5458 3669 5514; x_wconf 70' lang='lat' dir='ltr'><strong>qua:</strong></span> <span class='ocrx_word' id='word_1_970' title='bbox 3696 5443 3795 5499; x_wconf 84' lang='lat' dir='ltr'><strong>Dei</strong></span> 
     </span>
    </p>
   </div>
   <div class='ocr_carea' id='block_1_122' title="bbox 2276 5570 3060 5633">
    <p class='ocr_par' dir='ltr' id='par_1_122' title="bbox 2276 5570 3060 5633">
     <span class='ocr_line' id='line_1_124' title="bbox 2276 5570 3060 5633; baseline 0.001 -13"><span class='ocrx_word' id='word_1_971' title='bbox 2276 5574 2293 5604; x_wconf 76' lang='grc' dir='ltr'>ί</span> <span class='ocrx_word' id='word_1_972' title='bbox 2319 5573 2391 5622; x_wconf 88' lang='lat' dir='ltr'><strong>sic</strong></span> <span class='ocrx_word' id='word_1_973' title='bbox 2418 5577 2526 5621; x_wconf 76' lang='lat' dir='ltr'><strong>Mss.</strong></span> <span class='ocrx_word' id='word_1_974' title='bbox 2549 5570 2667 5619; x_wconf 73' lang='grc' dir='ltr'><strong>Εὐίῑί</strong></span> <span class='ocrx_word' id='word_1_975' title='bbox 2692 5583 2824 5631; x_wconf 91' lang='lat' dir='ltr'><strong>vero,</strong></span> <span class='ocrx_word' id='word_1_976' title='bbox 2849 5571 3060 5633; x_wconf 82' lang='lat' dir='ltr'><strong>quidem.</strong></span> 
     </span>
    </p>
   </div>
   <div class='ocr_carea' id='block_1_123' title="bbox 2273 5633 3458 5707">
    <p class='ocr_par' dir='ltr' id='par_1_123' title="bbox 2273 5633 3458 5707">
     <span class='ocr_line' id='line_1_125' title="bbox 2273 5633 3458 5707; baseline 0.006 -23"><span class='ocrx_word' id='word_1_977' title='bbox 2273 5635 2297 5666; x_wconf 68' lang='grc'>³</span> <span class='ocrx_word' id='word_1_978' title='bbox 2319 5639 2426 5684; x_wconf 78' lang='grc' dir='ltr'><strong>ιον.</strong></span> <span class='ocrx_word' id='word_1_979' title='bbox 2454 5639 2506 5683; x_wconf 86' lang='lat' dir='ltr'><strong>et</strong></span> <span class='ocrx_word' id='word_1_980' title='bbox 2522 5640 2652 5695; x_wconf 65' lang='grc' dir='ltr'><strong>Ατιιη</strong></span> <span class='ocrx_word' id='word_1_981' title='bbox 2671 5633 2885 5707; x_wconf 83' lang='lat' dir='ltr'><strong>accedat.</strong></span> <span class='ocrx_word' id='word_1_982' title='bbox 2912 5634 2998 5684; x_wconf 75' lang='lat' dir='ltr'><strong>alii</strong></span> <span class='ocrx_word' id='word_1_983' title='bbox 3018 5635 3227 5703; x_wconf 85' lang='lat' dir='ltr'><strong>codices,</strong></span> <span class='ocrx_word' id='word_1_984' title='bbox 3249 5634 3458 5691; x_wconf 81' lang='lat' dir='ltr'><strong>accidat.</strong></span> 
     </span>
    </p>
   </div>
  </div>
