4124 6206
332 283 438 343 265

332 410 475 465 sunt,
498 401 770 472 quomodo
793 402 1004 472 placeat
1024 402 1139 459 Deo
1158 445 1173 470 ,
1204 402 1307 460 hoc
1331 414 1432 473 est,
1456 407 1738 465 aedificanti
1768 426 1929 481 super

332 494 601 550 Christum
628 494 1037 551 fundamentum
1066 498 1106 563 ί,
1137 512 1349 566 aurum,
1377 511 1656 570 argentum
1675 543 1689 568 ,
1723 502 1927 572 lapides

332 587 616 656 pretiosos;
645 586 801 641 alteri
827 595 1006 642 autem
1032 588 1286 658 cogitanti
1310 605 1372 644 ea
1403 606 1521 661 qua:
1549 600 1674 647 sunt
1700 594 1921 661 mundi,

331 677 600 747 quomodo
626 678 836 747 placeat
864 678 1017 733 uxori
1050 676 1096 752 (Ι
1121 679 1240 735 Cor.
1265 696 1371 748 vn,
1404 682 1473 736 32
1493 725 1509 752 ,
1540 683 1632 753 55)
1653 727 1668 751 ,
1715 685 1769 739 id
1809 696 1924 755 est,

329 767 615 823 aedificanti
659 784 821 839 super
848 768 993 825 idem
1040 768 1445 828 fundamentum
1483 774 1624 846 ligna
1649 817 1665 844 ,
1702 776 1882 833 fenum
1906 822 1922 849 ,

329 860 576 929 stipulam
608 879 621 914 :
652 860 792 915 illius
818 861 961 916 enim
988 876 1123 931 opus
1152 878 1259 921 non
1283 866 1551 934 exuritur,
1579 870 1702 939 quia
1727 886 1832 926 non
1861 886 1924 927 ea

328 950 514 1004 dilexit
541 965 770 1021 quortm
800 951 1095 1009 amissione
1133 955 1432 1024 crucietur;
1464 960 1705 1016 exuritur
1744 969 1923 1019 autem

303 1032 486 1135 ihujus
506 1081 520 1105 ,
554 1042 804 1112 quoniam
843 1042 961 1098 sine
986 1043 1174 1100 dolore
1216 1061 1323 1102 non
1361 1057 1629 1118 pereunt,
1657 1067 1777 1122 qua:
1800 1067 1924 1110 cum

306 1134 512 1199 gamore
559 1147 808 1202 possessa
852 1142 994 1189 sunt.
1022 1134 1129 1191 Sed
1157 1137 1407 1207 quoniam
1450 1139 1705 1197 alterutra
1740 1144 1925 1199 condi-

329 1224 472 1279 tione
500 1226 773 1295 proposita
792 1267 808 1293 ,
839 1227 920 1282 eis
944 1229 1121 1299 potius
1144 1244 1331 1288 carere
1360 1232 1542 1289 mallet
1568 1249 1725 1305 quam
1766 1236 1920 1292 Chri-

326 1324 443 1381 sto,
494 1330 598 1371 nec
644 1316 836 1373 timore
878 1319 1163 1375 amittendi
1209 1320 1332 1377 talia
1383 1322 1587 1380 deserit
1611 1324 1918 1396 Christum,

325 1410 568 1477 quamvis
596 1407 776 1465 doleat
794 1425 917 1466 cum
944 1413 1161 1479 amittit,
1186 1414 1357 1469 salvus
1380 1423 1455 1471 est
1475 1416 1721 1488 quidem,
1750 1420 1823 1474 sic
1843 1428 1923 1475 ta-

326 1518 439 1555 men
481 1502 627 1571 quasi
668 1520 759 1574 per
798 1506 967 1576 ignem
994 1521 1013 1560 :
1037 1507 1162 1577 quia
1200 1506 1308 1564 urit
1347 1523 1470 1565 eum
1517 1527 1698 1568 rerum
1726 1514 1916 1584 dolor,

325 1606 458 1662 quas
488 1593 784 1662 dilexerat,
815 1596 1172 1664 amissarum;
1198 1599 1295 1655 sed
1322 1615 1430 1657 non
1459 1602 1719 1660 subvertit
1745 1622 1920 1677 neque

323 1686 594 1740 consumit
626 1685 959 1745 fundamenti
985 1689 1274 1748 stabilitate
1314 1700 1475 1765 atque
1515 1694 1919 1768 incorruptione

322 1779 609 1833 munitum.

393 1868 623 1926 CAPUT
661 1868 848 1926 LXIX.
872 1901 944 1913 —
967 1871 1117 1944 Ignis
1152 1874 1306 1929 etiam
1342 1877 1671 1948 purgatorius
1707 1880 1915 1950 quidam

323 1970 436 2033 post
460 1961 593 2016 hanc
611 1962 788 2018 vitam.
817 1962 948 2019 Tale
988 1963 1190 2035 aliquid
1218 1965 1382 2021 etiam
1419 1975 1543 2038 post
1580 1969 1717 2025 hanc
1752 1971 1917 2027 vitam

322 2052 438 2108 fieri
454 2093 470 2119 ,
501 2053 815 2109 incredibile
838 2069 943 2109 non
965 2063 1048 2111 est
1068 2097 1085 2124 ,
1110 2063 1166 2112 et
1187 2065 1366 2113 utrum
1391 2057 1464 2113 ita
1489 2058 1592 2127 sit,
1620 2060 1789 2130 quaeri
1816 2075 1913 2131 po-

322 2153 425 2200 test
452 2164 467 2198 :
495 2155 552 2201 et
574 2154 666 2200 aut
691 2146 936 2213 inveniri,
965 2156 1057 2203 aut
1074 2147 1245 2206 latere
1262 2190 1278 2217 ,
1302 2150 1588 2206 nonnullos
1613 2150 1798 2208 fideles
1820 2168 1918 2223 per

229 2238 236 2265 ί
322 2238 501 2308 ignem
528 2238 815 2309 quemdam
838 2241 1222 2311 purgatorium,
1245 2249 1447 2312 quanto
1472 2243 1643 2314 magis
1671 2244 1916 2301 minusve

320 2328 462 2384 bona
480 2331 753 2400 pereuntia
777 2331 1097 2400 dilexerunt,
1120 2340 1269 2388 tanto
1294 2334 1496 2389 tardius
1513 2334 1776 2407 citiusque
1799 2336 1911 2392 sal-

321 2422 472 2486 vari;
505 2436 611 2476 non
642 2430 819 2479 tamen
851 2423 983 2479 tales
1013 2423 1080 2479 de
1117 2424 1310 2495 quibus
1351 2424 1550 2481 dictum
1599 2436 1682 2482 est
1704 2468 1720 2495 ,
1770 2428 1913 2498 quod

320 2531 534 2585 regnum
558 2514 655 2569 Dei
678 2532 781 2569 non
816 2514 1171 2585 possidebunt,
1204 2517 1307 2572 nisi
1331 2519 1712 2574 convenienter
1739 2521 1915 2591 pani-

321 2605 557 2660 tentibus
599 2606 788 2661 eadem
837 2607 1059 2662 crimina
1106 2607 1467 2664 remittantur.
1521 2609 1914 2668 Convenienter

319 2703 498 2750 autem
527 2695 637 2750 dixi
656 2739 671 2763 ,
705 2706 762 2752 ut
788 2697 999 2752 steriles
1027 2698 1079 2752 in
1107 2698 1464 2771 eleemosynis
1491 2715 1598 2761 non
1624 2701 1762 2769 sint,
1789 2702 1911 2773 qui-

319 2784 421 2849 bus
458 2795 663 2841 tantum
705 2787 888 2842 tribuit
915 2787 1189 2858 Scriptura
1229 2789 1407 2844 divina
1431 2832 1447 2858 ,
1491 2800 1553 2846 ut
1578 2806 1761 2847 earum
1792 2800 1913 2847 tan-

319 2879 599 2934 tummodo
620 2880 848 2935 fructum
886 2896 945 2936 se
968 2880 1351 2950 imputaturum
1380 2883 1698 2953 prmnuntiet
1724 2884 1911 2941 Domi-

320 2985 423 3025 nus
446 2971 651 3026 dextris
671 3012 686 3035 ,
720 2980 775 3027 et.
812 2987 997 3027 carum
1026 2972 1397 3028 tantummodo
1422 2974 1757 3030 sterilitatem
1786 2974 1912 3031 sini-

320 3062 466 3129 stris;
489 3060 703 3131 quando
729 3062 813 3117 his
841 3062 1079 3117 dicturus
1107 3070 1209 3129 est,
1251 3062 1445 3129 Venite,
1468 3063 1712 3119 benedicti
1736 3063 1913 3122 Patris

320 3153 438 3219 mei,
465 3154 707 3224 percipite
728 3170 937 3224 regnum
960 3170 978 3208 :
1005 3154 1107 3210 illis
1129 3162 1305 3210 autem
1329 3197 1343 3223 ,
1377 3153 1458 3211 Ite
1481 3156 1533 3211 in
1571 3157 1741 3227 ignem
1764 3167 1913 3213 teter-

320 3260 441 3297 num
466 3246 487 3276 ²
524 3242 731 3315 (Matth.
764 3261 889 3307 xxv.
915 3246 984 3300 54
1002 3288 1017 3309 ,
1041 3245 1160 3317 41).

388 3335 618 3392 CAPUT
655 3334 818 3389 LXX.
844 3365 912 3377 ~—-
943 3337 1031 3392 l9.
1076 3337 1299 3391 Crimina
1332 3337 1659 3410 eleemosynis
1684 3355 1787 3394 non
1824 3357 1908 3397 re-

320 3428 477 3491 dimi,
509 3428 606 3481 nisi
636 3428 735 3481 vita
762 3437 1001 3483 mutetur.
1030 3428 1169 3485 Sane
1196 3429 1490 3485 cavendum
1532 3424 1724 3487 estne
1760 3431 1910 3503 quis-

318 3535 475 3590 quam
499 3520 771 3575 existimct
791 3520 1001 3576 infanda
1030 3522 1116 3575 illa
1137 3521 1382 3588 crimina,
1407 3523 1583 3593 qualia
1609 3526 1701 3595 qui
1722 3534 1901 3595 agunt,

317 3627 545 3684 regnum
575 3613 667 3667 Dei
694 3629 800 3667 non
839 3613 1223 3682 possidebunt,
1252 3614 1489 3684 quotidie
1518 3617 1905 3686 perpetranda,

317 3714 371 3761 et
393 3706 755 3776 eleemosynis
781 3705 1017 3775 quotidie
1041 3706 1371 3763 redimenda.
1417 3707 1472 3763 In
1500 3709 1690 3764 melius
1711 3710 1909 3781 quippe

317 3806 400 3852 est
416 3798 525 3852 vita
546 3797 820 3862 mutanda,
842 3806 895 3852 et
921 3813 1018 3868 per
1042 3800 1414 3873 eleemosynas
1436 3800 1504 3857 de
1524 3802 1757 3871 peccatis
1773 3818 1910 3873 pra:-

319 3891 491 3946 teritis
519 3900 603 3946 est
630 3890 997 3962 propitiandus
1034 3892 1209 3960 Deus;
1250 3908 1356 3948 non
1394 3893 1463 3949 ad
1504 3893 1607 3950 hoc
1645 3895 1908 3952 emendus

317 3983 548 4053 quodam
576 3983 772 4050 modo,
811 3980 868 4037 tit
902 3999 963 4039 ea
990 3998 1205 4055 semper
1230 3985 1389 4041 liceat
1421 3986 1637 4056 impune
1661 3988 1908 4042 commit-

317 4083 453 4128 tere.
485 4071 689 4127 Nemini
716 4075 860 4128 enim
884 4074 1020 4128 dedit
1056 4076 1394 4130 laxamentum
1435 4076 1676 4146 peccandi
1715 4076 1905 4147 (Eccli.

314 4180 415 4230 xv,
439 4163 535 4235 2|)
562 4183 574 4216 ε
596 4166 834 4235 quamvis
856 4166 1161 4221 miserando
1186 4166 1358 4223 deleat
1376 4166 1487 4238 jam
1504 4167 1642 4223 facta
1666 4177 1903 4239 peccata,

317 4257 363 4311 si
383 4273 493 4311 non
518 4257 806 4312 satisfactio
835 4272 1069 4327 congrua
1099 4258 1413 4330 negligatur.

385 4347 616 4404 CAPUT
653 4348 845 4404 LXXI.
882 4347 1124 4404 Oratione
1157 4349 1430 4405 Dominica
1477 4350 1678 4421 expiari
1719 4352 1905 4406 leviora

318 4448 541 4511 peccata.
590 4439 666 4494 De
713 4439 1032 4509 quotidianis
1072 4448 1252 4496 autem
1298 4441 1549 4498 brevibus
1594 4442 1906 4513 levibusque

318 4532 568 4603 peccatis,
590 4532 707 4586 sine
727 4531 920 4603 quibus
944 4530 1059 4587 haec
1078 4532 1186 4587 vita
1214 4547 1321 4588 non
1348 4532 1576 4599 ducitur,
1600 4534 1905 4604 quotidiana

317 4622 554 4677 ﬁdelium
605 4623 777 4676 oratio
829 4621 1107 4677 satisfecit.
1160 4622 1360 4677 Eorum
1400 4635 1483 4679 est
1519 4625 1659 4679 enim
1689 4624 1902 4690 dicere,

317 4713 473 4768 Pater
492 4722 663 4769 noster
688 4715 775 4783 qui
793 4730 843 4768 es
863 4715 917 4767 in
937 4714 1076 4769 satis
1097 4753 1114 4781 ,
1138 4714 1228 4785 qui
1250 4714 1361 4784 jam
1389 4715 1529 4769 Patri
1562 4716 1653 4769 tali
1681 4728 1904 4784 regene-

314 4805 414 4858 rati
440 4811 651 4859 suntex
680 4819 817 4875 aqua
844 4813 897 4859 et
922 4803 1127 4874 Spiritu
1151 4804 1174 4836 ⁸
1198 4803 1378 4875 (Joan.
1404 4822 1481 4873 Ill,
1505 4806 1583 4876 5).
1615 4806 1763 4861 Delet
1784 4821 1905 4860 om-

315 4894 443 4948 nino
467 4894 585 4950 haec
611 4895 783 4950 oratio
826 4895 1048 4949 minima
1071 4904 1127 4950 et
1151 4896 1456 4966 quotidiana
1482 4907 1718 4967 peccata.
1753 4896 1907 4951 Delet

314 4994 367 5041 et
411 4987 502 5042 illa
532 5001 564 5041 a
597 4986 793 5057 quibus
820 4986 931 5041 vita
970 4986 1206 5043 ﬁdelium
1245 4989 1403 5043 etiam
1433 4990 1690 5044 scelerate
1714 4998 1861 5059 gesta
1885 5030 1902 5058 ,

314 5080 407 5136 sed
432 5079 745 5151 paenitendo
766 5080 818 5133 in
841 5079 1033 5135 melius
1060 5088 1260 5135 mutata
1288 5079 1510 5134 discedit
1536 5097 1552 5133 :
1578 5080 1624 5134 si
1651 5080 1905 5149 quemad-

312 5174 531 5231 modum
557 5175 823 5229 veraciter
852 5173 1076 5241 dicitur,
1104 5170 1315 5227 Dimitte
1336 5172 1478 5224 nobis
1505 5170 1671 5225 debita
1697 5180 1868 5225 nostra
1886 5213 1900 5238 ,

314 5267 564 5337 quoniam
608 5280 717 5319 non
747 5264 941 5319 desunt
968 5252 1086 5335 qua:
1115 5263 1486 5327 dimittantur;
1528 5261 1600 5315 ita
1643 5261 1905 5318 veraciter

377 5384 395 5449 ξ
429 5379 630 5440 ουίάδω
651 5386 946 5449 δ¹⁵β·τ,⁸²φθ¹’
962 5374 1568 5449 σιπίξιίῖωξξὲςππενξιωηκ.
1672 5448 1677 5449 ,
1722 5433 1757 5449 .,

376 5446 396 5475 ι
410 5413 1612 5510 ἰιῇ
1636 5433 1900 5510 maledicti,

308 5516 361 5555 sn
402 5498 853 5567 ignetti'tzteriuan.
902 5498 1082 5562 Voces,
1127 5498 1254 5563 Dei,
1294 5507 1378 5561 et,
1423 5498 1695 5558 maledicti,
1730 5498 1909 5549 absunt

308 5578 341 5615 ³
362 5572 549 5678 l'lsst-zuiti
572 5626 655 5676 hic
677 5632 729 5676 et
760 5624 906 5676 simili
942 5623 1051 5676 loco
1069 5623 1212 5685 infra,
1232 5637 1339 5689 cap.
1362 5624 1455 5684 75,
1481 5622 1677 5689 addunt,
1695 5625 1859 5689 sancto
1885 5632 1906 5672 :

308 5701 421 5751 qua
440 5701 536 5739 vox
560 5701 587 5736 a
609 5694 721 5751 uss.
746 5689 892 5737 abest
911 5695 965 5738 et
982 5698 1014 5737 a
1236 5682 1379 5737 testu
1400 5682 1644 5751 evangelii
1679 5682 1905 5744 Joannis,
2010 5688 2099 5751 ρεζ

304 5749 413 5813 (2p.
437 5751 487 5811 5,
509 5751 561 5814 γ.
586 5752 637 5810 5,
661 5750 713 5798 in
732 5761 883 5813 quem
903 5749 1202 5812 respiciebat
1222 5749 1530 5812 augustinus.

637 5832 864 5894 Sauc'r.
896 5834 1178 5894 Δηοῦς-ι’.
1215 5832 1324 5891 VI.

1771 297 1972 355 LIBER
2010 301 2211 364 UNUS.

2037 414 2274 483 dicatur,
2327 421 2471 475 Sicut
2517 434 2561 477 et
2609 443 2698 481 nos
2742 429 3039 486 dimittimus
3086 434 3392 494 debitoribus
3432 448 3619 501 nostris

2033 527 2243 596 (Matth.
2273 547 2346 598 vn,
2382 532 2435 601 9,
2469 535 2558 609 12)
2591 555 2603 591 :
2629 538 2681 592 id
2711 550 2811 608 est,
2840 542 2885 597 si
2919 544 2934 574 ί
2957 542 3049 598 fiat
3073 546 3214 616 quod
3239 548 3462 619 dicitur;
3488 555 3613 624 quia

2032 630 2086 676 et
2114 623 2226 693 ipsa
2249 627 2585 703 elecmosyna
2615 643 2725 701 est,
2765 637 2976 693 veniam
3000 643 3202 711 petenti
3236 642 3439 702 homini
3461 649 3617 721 igno-

2031 726 2199 771 scere.

2102 806 2328 866 CAPUT
2364 812 2573 869 LXXII.
2614 847 2686 857 --
2722 818 3173 895 Eleemosynarum
3208 844 3394 898 genera
3431 834 3613 888 multa.

2028 897 2107 953 Ac
2134 915 2229 969 per
2272 903 2375 959 hoc
2416 906 2483 961 ad
2529 910 2708 965 omnia
2753 928 2872 982 qua:
2903 913 3017 969 utili
3048 897 3410 976 misericordia
3439 922 3613 994 fiunt,

2028 991 2165 1048 valet
2195 996 2336 1064 quod
2379 997 2635 1056 Dominus
2662 1002 2771 1070 ait,
2811 1003 2946 1060 Date
2977 1007 3376 1082 elemosynam,
3410 1023 3460 1069 et
3499 991 3615 1072 ecce

2028 1085 2200 1139 omnia
2242 1088 2432 1142 munda
2470 1100 2586 1145 sunt
2627 1094 2764 1149 vobis
2811 1094 2963 1168 (Luc.
3008 1102 3249 1174 351,11).
3280 1103 3396 1160 Non
3438 1109 3613 1165 solum

2026 1188 2153 1244 ergo
2181 1178 2201 1208 ²
2224 1180 2311 1247 qui
2341 1180 2431 1236 dat
2449 1185 2707 1241 esurienti
2731 1188 2907 1244 cibum
2926 1231 2941 1255 ,
2977 1170 3180 1258 ,θηῑί
3209 1170 3398 1266 potum
3419 1240 3433 1265 ,
3466 1201 3612 1258 nudo

2025 1268 2401 1357 vestimentum
2423 1315 2436 1339 ,
2469 1278 2825 1346 peregrinanti
2872 1279 3157 1351 hospitium
3179 1326 3194 1352 ,
3223 1285 3439 1357 fugienti
3488 1291 3611 1346 lati-

2023 1353 2242 1425 bulum,
2282 1371 2482 1431 acgroto
2508 1366 2592 1420 vel
2630 1367 2835 1423 incluso
2861 1371 3246 1441 visitationem,
3283 1353 3496 1449 captivo
3526 1396 3611 1436 re-

2022 1445 2381 1519 demptionem
2407 1494 2419 1517 ,
2472 1454 2632 1510 debili
2676 1458 3098 1528 subvectionem,
3142 1480 3285 1521 caeco
3327 1445 3607 1526 deductio—

2024 1552 2171 1604 nem,
2212 1541 2351 1597 tristi
2376 1547 2826 1617 consolationem,
2859 1567 2967 1608 non
3013 1570 3145 1610 sano
3183 1558 3477 1628 medelam,
3522 1579 3609 1618 er-

2022 1630 2161 1685 ranti
2189 1632 2362 1702 viam,
2394 1636 2710 1695 deliberanti
2737 1644 3047 1713 consilium,
3080 1655 3134 1702 et
3171 1651 3312 1718 quod
3351 1654 3543 1723 cuique
3584 1653 3607 1686 ⁸

2021 1724 2380 1779 necessarium
2408 1737 2491 1782 est
2529 1728 2823 1801 indigenti;
2872 1750 3059 1790 verum
3088 1738 3250 1793 etiam
3277 1742 3367 1811 qui
3395 1741 3487 1797 dat
3511 1759 3604 1800 ve-

2020 1810 2162 1866 niam
2183 1816 2444 1884 peccanti,
2463 1819 2859 1894 eleemosynam
2878 1824 2996 1892 dat;
3022 1836 3076 1881 et
3103 1829 3194 1897 qui
3211 1810 3462 1887 emendat
3484 1849 3605 1890 ver-

2019 1899 2149 1958 bere
2172 1904 2228 1959 in
2248 1921 2407 1976 quem
2436 1917 2670 1978 potestas
2690 1912 2864 1979 datur,
2891 1916 2977 1971 vel
3002 1928 3214 1974 coercet
3240 1920 3414 1991 aliqua
3441 1923 3604 1980 disci-

2020 1992 2164 2062 plina
2180 2036 2196 2062 ,
2224 2004 2279 2051 et
2303 2007 2479 2054 tamen
2509 2012 2785 2071 peccatum
2811 2005 2928 2074 ejus
2949 2048 2964 2069 .
2996 2022 3102 2077 quo
3120 2010 3188 2064 ab
3218 2009 3311 2065 illo
3339 2013 3495 2069 laesus
3515 2025 3605 2070 aut

2018 2082 2252 2141 oﬂ'ensus
2276 2094 2377 2155 est,
2410 2089 2629 2146 dimittit
2652 2107 2717 2148 ex
2747 2096 2930 2163 corde,
2960 2099 3042 2153 vel
3066 2109 3184 2154 orat
3211 2110 3267 2155 ut
3290 2102 3339 2156 ei
3363 2102 3603 2159 dimitta-

2020 2186 2134 2247 tur,
2165 2195 2270 2236 nou
2300 2183 2473 2239 solum
2498 2186 2552 2239 in
2577 2201 2644 2242 eo
2667 2188 2807 2258 quod
2833 2189 3052 2246 dimittit
3075 2201 3234 2263 atque
3260 2205 3400 2263 orat,
3421 2213 3606 2254 verum

2018 2271 2178 2327 etiam
2206 2274 2258 2328 in
2288 2289 2354 2331 eo
2372 2276 2512 2346 quod
2533 2280 2773 2349 corripit,
2793 2289 2849 2335 ct
2866 2282 3041 2354 aliqua
3069 2284 3431 2342 cmendatoria
3446 2303 3606 2358 poena

2016 2362 2231 2433 plectit,
2261 2368 2656 2441 eleemosynam
2702 2372 2823 2439 dat;
2868 2375 2990 2444 quia
3021 2376 3436 2434 misericordiam
3468 2396 3607 2451 prte-

2016 2462 2140 2510 stat.
2170 2458 2329 2514 Multa
2358 2462 2502 2516 enim
2532 2463 2668 2518 bona
2696 2474 3016 2534 praestantur
3044 2468 3243 2537 invitis,
3271 2473 3484 2542 quando
3511 2489 3606 2531 eo-

2014 2564 2134 2605 rum
2161 2553 2460 2609 consulitur
2485 2555 2730 2623 utilitati,
2760 2572 2865 2612 non
2892 2560 3148 2615 voluntati
3177 2578 3193 2617 :
3223 2563 3346 2632 quia
3371 2564 3473 2636 ipsi
3500 2567 3604 2621 sibi

2014 2640 2354 2699 inveniuntur
2377 2660 2498 2702 esse
2516 2647 2738 2714 inimici,
2779 2649 2937 2704 amici
2957 2665 3085 2706 vero
3113 2666 3296 2707 eorum
3325 2656 3502 2723 potius
3525 2656 3605 2712 illi

2012 2746 2147 2801 quos
2192 2733 2434 2790 inimicos
2461 2744 2679 2805 putant;
2710 2746 2764 2792 et
2806 2738 3034 2794 reddunt
3069 2742 3300 2797 errando
3342 2745 3478 2798 mala
3507 2762 3605 2816 pro

2013 2821 2191 2891 bonis,
2220 2839 2341 2881 cum
2365 2827 2590 2884 reddere
2619 2830 2757 2884 mala
2783 2828 3103 2887 christianos
3130 2848 3237 2889 non
3275 2834 3467 2893 debeat
3497 2854 3600 2895 nec

2014 2930 2113 2986 pro
2135 2919 2309 2975 malis.
2340 2921 2498 2976 Multa
2527 2923 2703 2993 itaque
2726 2938 2919 2993 genera
2945 2936 3070 2980 sunt
3100 2927 3558 3001 eleemosynarum
3583 2975 3600 3001 ,

2012 3022 2133 3078 quae
2156 3024 2278 3065 cum
2322 3010 2579 3079 facimus,
2608 3014 2920 3084 adjuvantur
2945 3024 2999 3070 ut
3042 3016 3378 3075 dimittantur
3420 3031 3603 3082 nostra

2012 3110 2250 3170 peccata.

2083 3193 2309 3252 CAPUT
2348 3197 2583 3252 LXXIII.
2618 3227 2691 3238 —
2728 3197 3078 3269 Eleemosynat
3102 3216 3261 3272 genus
3288 3203 3597 3273 maximum,

2012 3300 2220 3357 parcere
2240 3286 2478 3340 inimicis.
2496 3285 2603 3343 Sed
2627 3301 2689 3343 ea
2720 3285 2851 3347 nihil
2879 3296 2964 3344 est
2990 3288 3192 3357 majus,
3215 3304 3320 3360 qua
3346 3305 3411 3347 ex
3440 3294 3601 3349 corde

2011 3376 2346 3444 dimittimus,
2362 3379 2504 3450 quod
2532 3380 2582 3433 in
2611 3395 2709 3435 nos
2734 3380 2960 3451 quisque
2979 3382 3237 3451 peccavit.
3258 3382 3431 3440 Minus
3455 3388 3600 3441 enim

2010 3484 2262 3541 magnum
2287 3479 2371 3525 est
2389 3487 2513 3542 erga
2531 3485 2655 3527 eum
2681 3487 2802 3529 esse
2826 3472 3168 3540 benevolum,
3189 3475 3304 3531 sive
3324 3477 3484 3532 etiam
3507 3477 3599 3534 be-

2012 3562 2262 3631 neficum,
2280 3563 2369 3634 qui
2401 3564 2494 3619 tibi
2525 3564 2647 3619 mali
2672 3564 2801 3619 nihil
2825 3562 3056 3621 fecerit:
3084 3564 3215 3623 illud
3241 3567 3408 3623 multo
3432 3583 3596 3639 gran-

2011 3654 2129 3712 dius
2150 3665 2204 3711 et
2230 3655 2767 3726 magnificentissimae
2792 3655 3046 3711 bonitatis
3071 3666 3185 3724 est,
3206 3666 3264 3712 ut
3292 3667 3436 3714 tuum
3461 3675 3597 3730 quo-

2010 3763 2114 3818 que
2138 3736 2408 3803 inimicum
2436 3747 2644 3817 diligas,
2671 3754 2726 3801 et
2745 3746 2794 3800 ei
2822 3745 2913 3815 qui
2942 3746 3036 3800 tibi
3062 3746 3265 3802 malum
3292 3749 3440 3815 vult,
3469 3760 3523 3802 et
3551 3752 3598 3804 si

2010 3847 2188 3909 potest
2202 3839 2342 3903 facit,
2361 3846 2415 3892 tu
2430 3838 2628 3893 bonum
2653 3850 2867 3905 semper
2886 3835 3038 3899 velis,
3052 3834 3323 3904 faciasque
3337 3853 3456 3892 cum
3474 3854 3598 3906 pos-

2009 3932 2083 3986 sis
2102 3929 2143 3994 ⁸,
2167 3930 2387 3983 audiens
2405 3928 2672 3983 dicentem
2694 3926 2882 3991 Deum,
2904 3924 3114 3995 Diligite
3133 3925 3360 3980 inimicos
3382 3937 3593 3996 uestros,

2009 4020 2130 4075 bene
2150 4020 2298 4084 facite
2311 4020 2383 4074 eis
2400 4018 2488 4082 qui
2506 4032 2592 4072 vos
2611 4016 2823 4071 oderunt
2834 4055 2849 4080 ,
2863 4024 2912 4070 et
2925 4023 3067 4069 orate
3081 4030 3174 4085 pro
3191 4014 3263 4069 eis
3272 4016 3358 4085 qui
3372 4032 3458 4072 vos
3473 4034 3588 4087 per-

2008 4122 2282 4182 sequuntur
2320 4110 2529 4182 (Matth.
2559 4124 2624 4177 v,
2664 4107 2779 4179 4-4).
2822 4084 3611 4211 quoniam‘peri‘ectorum‘

2009 4216 2133 4262 sunt
2152 4206 2254 4261 ista
2280 4205 2511 4259 filiorum
2534 4201 2660 4269 Dei,
2688 4214 2796 4272 quo
2820 4198 3039 4270 quidem
3066 4215 3127 4256 se
3145 4199 3303 4257 debet
3326 4203 3502 4257 omnis
3529 4198 3615 4257 ﬁ-‘.

2009 4297 2145 4353 dclis
2168 4294 2459 4353 extendere
2480 4334 2497 4361 ,
2523 4301 2580 4349 et
2605 4292 2896 4348 humanum
2933 4291 3169 4347 animum
3197 4290 3265 4345 ad
3297 4292 3436 4347 hunc
3462 4293 3594 4350 affe-

2008 4399 2151 4445 Ctum
2167 4429 2183 4456 ,
2214 4386 2418 4443 orando
2459 4386 2624 4441 Deum
2645 4426 2661 4453 ,
2687 4398 2978 4455 secumque
3004 4382 3211 4453 agendo
3236 4383 3595 4455 luctandoque

2009 4481 2299 4552 perducere
2318 4497 2334 4534 :
2358 4488 2533 4534 tamen
2553 4478 2676 4549 quia
2690 4474 2795 4532 hoc
2818 4486 2924 4531 tam
2942 4490 3190 4545 magnum
3210 4475 3407 4530 b0num
3435 4486 3593 4534 tanta:

2008 4569 2362 4629 multitudinis
2404 4583 2511 4623 non
2555 4575 2676 4630 est,
2724 4573 2973 4636 quantam
3003 4565 3271 4619 credimus
3314 4566 3592 4631 exaudiri,

2008 4681 2130 4722 cum
2158 4667 2210 4717 in
2247 4662 2488 4717 oratione
2512 4659 2709 4713 dicitur
2730 4698 2745 4723 ,
2780 4656 2989 4709 Dimitte
3016 4656 3158 4711 nobis
3183 4656 3348 4709 debita
3376 4666 3551 4711 nostra
3574 4699 3592 4727 ,

2008 4759 2134 4812 sicut
2162 4763 2210 4810 et
2234 4769 2324 4808 nos
2344 4750 2640 4805 dimittimus
2661 4745 2964 4802 debitoribus
2989 4748 3192 4811 nostris;
3219 4747 3402 4816 procul
3426 4747 3590 4805 dubio

2008 4847 2170 4903 verba
2194 4843 2500 4917 sponsionis
2530 4840 2687 4909 hujus
2717 4837 3034 4907 implentur,
3075 4837 3122 4892 si
3147 4836 3310 4891 homo
3330 4836 3422 4907 qui
3445 4852 3588 4891 non-

2008 4940 2137 4994 dum
2165 4936 2240 4993 ita
2266 4933 2490 5007 profecit
2511 4974 2528 5001 ,
2553 4938 2611 4987 ut
2641 4929 2751 5001 jam
2779 4929 2801 4961 ⁸
2827 4928 3012 4998 diligat
3058 4927 3328 4981 inimicum
3351 4967 3367 4992 ,
3406 4934 3591 4985 tamen

2010 5028 2223 5100 quando
2247 5032 2462 5097 rogatur
2487 5024 2555 5079 ab
2583 5021 2796 5077 homine
2822 5018 2914 5088 qui
2938 5016 3176 5087 peccavit
3199 5017 3254 5071 in
3282 5032 3428 5086 eum,
3456 5027 3514 5074 ut
3538 5021 3590 5076 ei

2073 5185 2091 5216 ί
2127 5183 2292 5242 Abest,
2310 5179 2373 5241 si,
2395 5191 2425 5229 a
2577 5183 2631 5227 et
2649 5176 2711 5225 ab
2734 5181 2831 5242 sm.
2857 5179 3074 5242 Er.ADan.

2069 5248 2091 5278 ⁸
2123 5250 2193 5293 tta
2208 5233 2315 5292 Mss.
2343 5233 2395 5290 ἐι
2417 5240 2552 5299 editi,
2574 5249 2669 5286 non
2690 5233 2844 5286 solum
2864 5240 3040 5285 autem.

2072 5306 2094 5340 ⁸
2124 5305 2295 5368 Plures
2314 5311 2440 5360 Mss-9
3286 5362 3297 5368 _
3478 5355 3508 5368 ..

2055 5365 2310 5428 suetique
2325 5356 2452 5423 tussi.
2466 5356 2592 5428 irqu
2603 5356 2768 5428 possis-
2786 5364 2991 5428 Μφςίῐιιεξ
3004 5362 3380 5428 prosequuntur,
3391 5356 3593 5428 αιιιξξεηε

2009 5418 2247 5483 dicetne";
2268 5418 2451 5484 Deum;
2472 5418 2572 5483 vel,
2597 5418 2796 5471 audiens
2828 5418 3285 5487 dicente'mHJesum,
3308 5428 3419 5480 quae
3441 5418 3591 5487 etiam

2008 5479 2156 5543 lectio
2180 5495 2257 5539 est
2274 5495 2375 5536 Am.
2397 5479 2472 5534 Er.
2488 5479 2602 5533 Dan.
2621 5494 2812 5550 necnon
2830 5482 2863 5530 5
2882 5488 3037 5541 Sent.,
3051 5479 3262 5550 dist._30,
3278 5479 3496 5550 munitio
3518 5490 3596 5550 so-

2010 5539 2171 5605 lati—tit
2188 5557 2298 5599 nov.
2320 5555 2373 5598 et
2391 5555 2499 5596 sm.
2524 5552 2633 5607 post
2655 5545 2823 5607 verba,
2848 5555 2958 5592 cum
2973 5539 3142 5607 ροδεξε,
3164 5540 3271 5589 [me
3291 5539 3548 5607 εωῃίοίυηι
3572 5552 3586 5607 ξ

2012 5602 2149 5667 titius
2166 5622 2346 5673 memor
2369 5602 2599 5672 exempli,
2632 5602 2715 5673 qui
2731 5602 2786 5655 in
2805 5602 3592 5673 cruce-pendensgrqstdsexorat

2097 5663 2887 5731 Wmewma
2906 5663 3106 5715 dicens:
3133 5663 3344 5726 Ditigite.
3371 5667 3465 5711 etc.

2079 5739 2097 5769 ί
2132 5743 2234 5791 Duo
2253 5747 2285 5785 e
2299 5727 2538 5784 Vaticanis
2547 5727 2688 5791 iss,
2704 5733 2757 5779 ut
2769 5727 2930 5778 etiam.

2822 5810 3083 5883 {NeufJ

3516 330 3620 389 266
3715 352 3719 356 '
