4124 6206
523 277 628 339 267

531 399 796 463 dimittat,
829 399 1041 452 dimittit
1085 415 1146 450 ex
1175 397 1332 451 corde
1374 416 1385 450 :
1419 396 1539 464 quia
1569 396 1727 449 etiam
1761 395 1861 448 sibi
1905 392 2110 462 roganti

531 494 712 561 utique
741 492 842 544 vnit
871 491 1082 549 dimitti,
1113 505 1230 542 cum
1253 497 1369 541 Ol‘ul
1394 497 1446 542 et
1469 488 1625 549 dicit,
1669 486 1815 541 Sicut
1844 495 1889 538 et
1921 499 2014 574 nos
2041 483 2112 537 di-

531 586 772 638 mittimus
800 582 1099 635 debitoribus
1127 581 1345 644 nostris;
1373 581 1422 632 id
1445 587 1527 632 est
1550 619 1564 645 ,
1595 579 1682 632 Sic
1701 577 1912 632 dimitte
1932 575 2106 631 debita

533 685 711 730 nostra
760 673 1063 741 rogantibus
1085 671 1268 737 nobis,
1297 671 1432 723 sicut
1469 677 1522 724 et
1552 684 1649 722 nos
1673 669 1990 723 dimittimus
2020 681 2110 722 ro-

531 767 774 836 gantibus
793 764 1124 818 debitoribus
1150 763 1366 816 nostris.

598 855 824 911 CAPUT
867 853 1095 909 LXXIV.
1121 883 1192 893 —-
1216 853 1432 907 Peccata
1470 869 1570 906 non
1599 853 1866 906 dimittenti
1896 867 1996 906 non
2025 849 2124 932 άιτ

531 949 792 1001 mittuntur
817 957 847 999 a
876 947 1000 1000 Dio.
1021 944 1135 1001 iam
1162 959 1285 999 vero
1307 946 1395 1016 qui
1417 959 1561 1011 eum,
1592 945 1643 999 in
1667 960 1824 1014 quem
1851 945 2107 1014 peccavit,

532 1041 801 1095 hominem
827 1047 994 1107 rogat,
1021 1039 1070 1112 si
1071 1047 1310 1112 ⁸,υρίερειιο
1339 1047 1436 1091 suo
1467 1046 1706 1093 movetur
1725 1046 1780 1091 ut
1804 1046 1972 1107 roget,
2003 1051 2107 1091 non

531 1143 612 1187 est
650 1133 822 1186 adhuc
857 1111 1192 1201 deputaiidus
1222 1132 1498 1197 inimicus,
1549 1142 1602 1184 ut
1641 1143 1762 1185 cum
1794 1125 2013 1200 diligere
2041 1130 2111 1185 sit

528 1225 775 1289 dii'licile,
805 1225 940 1279 sicut
975 1224 1187 1278 dil‘iicile
1221 1233 1334 1277 erat
1373 1224 1584 1292 quando
1617 1222 1916 1277 inimicitias
1950 1234 2109 1276 exer-

529 1319 698 1371 cebat.
731 1316 978 1385 Quisquis
1021 1323 1194 1368 autem
1241 1315 1446 1384 roganti
1490 1323 1542 1368 et
1585 1316 1781 1383 peccati
1823 1314 1904 1368 sui
1935 1313 2107 1382 ptem-

529 1409 658 1463 tenti
689 1423 795 1462 non
821 1421 886 1461 ex
912 1407 1073 1461 corde
1111 1407 1364 1472 dimittit,
1412 1405 1557 1460 nullo
1598 1406 1758 1460 modo
1787 1406 2051 1460 existimet
2077 1417 2107 1459 tt

527 1500 753 1554 Domino
781 1513 873 1553 sua
899 1507 1110 1566 peccata
1141 1498 1359 1561 dimitti;
1394 1499 1640 1567 quoniam
1679 1498 1890 1552 mentiri
1911 1498 2108 1552 veritas

527 1609 633 1647 non
680 1599 873 1662 potest.
924 1593 1092 1656 Quem
1133 1606 1260 1644 vero
1292 1592 1450 1644 lateat
1496 1591 1761 1660 Evangelii
1809 1590 2107 1646 auditorem

525 1686 638 1740 sive
669 1685 920 1739 lectorem
947 1726 960 1749 ,
1000 1685 1119 1752 quis
1143 1683 1372 1745 dixerit,
1408 1681 1518 1751 Ego
1550 1695 1661 1736 sum
1692 1683 1884 1762 veritas
1927 1681 2103 1753 (Joan.

523 1793 633 1842 xw,
658 1776 755 1847 6)?
780 1775 879 1843 Qui
906 1789 1024 1827 cum
1052 1774 1319 1827 docuisset
1343 1775 1656 1836 orationem,
1689 1773 1822 1827 hanc
1847 1774 1897 1827 in
1920 1788 1982 1826 ea
2007 1787 2106 1842 po-

523 1869 679 1922 sitam
709 1867 1022 1922 sententiam
1046 1867 1389 1919 vehementer
1415 1866 1841 1929 cennnendavit,
1875 1863 2058 1919 dicens
2088 1880 2104 1919 :

525 1955 583 2014 Si
614 1959 742 2011 enim
765 1956 1053 2010 dimiseritis
1072 1956 1351 2008 hominibus
1371 1961 1572 2024 peccata
1599 1956 1791 2019 eorum,
1824 1956 2037 2007 dimittet
2059 1955 2104 2008 et

521 2051 656 2105 vobis
682 2047 837 2103 Pater
861 2059 1015 2101 vester
1049 2047 1260 2100 ccclesiis
1293 2057 1492 2114 peccata
1520 2053 1696 2099 restra.
1733 2045 1792 2100 Si
1816 2047 1981 2098 autem
2004 2047 2103 2100 non

522 2143 804 2197 dimiseritis
833 2140 1113 2194 hominibus
1133 2183 1146 2203 ,
1173 2156 1260 2192 nec
1287 2137 1440 2203 Pater
1462 2148 1619 2191 vester
1649 2139 1859 2191 dimittet
1900 2147 2103 2207 peccata

521 2243 683 2288 vestra
705 2232 920 2303 (Matth.
943 2248 1018 2297 γι,
1044 2232 1129 2297 Μ,
1168 2230 1274 2301 i5).
1300 2231 1374 2283 Ad
1404 2241 1506 2283 tam
1537 2245 1780 2299 magnum
1811 2231 2101 2284 tonitruum

519 2325 608 2394 qui
641 2340 744 2379 non
770 2323 1171 2392 expergiscitur,
1205 2338 1307 2375 non
1340 2323 1553 2386 dormit,
1591 2322 1683 2375 sed
1710 2330 1948 2375 mortuus
1970 2319 2051 2376 est
2083 2338 2099 2376 :

518 2423 570 2470 et
603 2425 775 2469 tamen
805 2423 995 2483 potens
1026 2422 1105 2467 est
1132 2413 1219 2466 ille
1249 2413 1407 2466 etiam
1446 2424 1683 2467 mortuos
1709 2415 1990 2468 suscitare.

586 2505 808 2560 CAPUT
846 2503 1055 2559 LXXV.
1083 2533 1152 2543 —
1172 2504 1260 2558 20.
1295 2504 1626 2572 Eieemosyna
1648 2506 1910 2558 sceleratos
1947 2515 1994 2559 et
2015 2507 2098 2560 iii-

515 2595 687 2663 fideies
725 2610 824 2648 non
851 2593 1060 2646 mundat
1081 2633 1094 2657 ,
1137 2595 1232 2645 nisi
1261 2602 1529 2645 mutentur.
1562 2593 1701 2647 Sane
1745 2595 1830 2662 qui
1859 2596 2097 2648 scelera-

514 2685 717 2738 tiSsime
762 2686 976 2748 vivunt,
1031 2699 1128 2738 nec
1157 2693 1345 2736 curant
1399 2684 1554 2736 talem
1602 2685 1760 2736 vitam
1817 2693 2097 2754 maresque

513 2774 780 2844 corrigere
801 2819 814 2839 ,
844 2785 898 2829 et
928 2776 1063 2827 inter
1094 2775 1204 2842 ipsa
1251 2775 1479 2826 facinora
1515 2781 1570 2828 et
1609 2774 1801 2844 ﬂagitia
1834 2787 1926 2828 sua
1955 2776 2098 2831 alce-

512 2878 764 2936 mosynas
793 2866 1130 2935 frequentare
1159 2879 1261 2918 non
1306 2876 1544 2930 cessant,
1597 2866 1792 2919 frustra
1833 2866 1952 2920 ideo
1993 2867 2096 2921 sibi

510 2958 887 3022 blandiuntur,
933 2959 1183 3026 quoniam
1219 2958 1471 3010 Dominus
1513 2959 1617 3020 ait,
1655 2958 1784 3012 Date
1827 2960 2096 3030 eleemwy-

509 3067 655 3114 nam,
681 3060 724 3101 et
747 3065 860 3102 ecce
884 3049 1051 3101 omnia
1074 3049 1258 3100 munda
1283 3058 1397 3099 sunt
1433 3051 1583 3101 vobis.
1623 3049 1730 3122 Hoc
1761 3051 1902 3104 enim
1934 3060 2093 3119 quam

508 3142 615 3194 late
639 3147 844 3210 pateat,
872 3151 975 3194 non
1005 3139 1321 3209 intelligunt.
1347 3140 1452 3194 Sed
1481 3150 1536 3193 ut
1564 3139 1891 3209 intelligant,
1924 3143 2094 3197 atten-

505 3227 633 3285 dant
663 3232 854 3300 quibus
882 3230 1094 3284 dixerit.
1121 3231 1322 3298 Nempc
1349 3232 1397 3283 in
1434 3233 1720 3301 Evangelio
1744 3233 1818 3286 sic
1838 3236 2092 3304 scriptum

505 3331 588 3376 est
619 3338 630 3374 :
659 3319 786 3376 Cum
827 3321 1130 3390 loqueretur,
1172 3323 1360 3387 regerit
1402 3323 1542 3373 illum
1567 3325 1770 3391 quidam
1803 3323 2093 3379 Pharisa’us

506 3421 558 3464 ut
591 3413 854 3480 pranderet
884 3411 1023 3480 apud
1060 3424 1142 3471 se;
1167 3418 1212 3463 et
1244 3411 1495 3479 ingressus
1525 3415 1765 3464 recubuit.
1798 3413 2093 3470 Pharistvus

504 3513 670 3556 autem
697 3506 839 3568 cmpit
867 3503 1002 3555 intra
1021 3517 1072 3556 se
1099 3513 1332 3572 reputans
1362 3505 1546 3567 dicere,
1573 3521 1725 3573 quare
1752 3521 1850 3559 non
1867 3508 2095 3576 baptiza-

506 3607 584 3650 tus
629 3603 750 3649 esset
796 3606 910 3648 ante
952 3597 1239 3665 prandium.
1294 3595 1356 3647 Et
1397 3598 1467 3649 ait
1511 3596 1758 3651 Dominus
1799 3600 1864 3651 ad
1901 3601 2087 3656 illum:

505 3687 658 3741 Nunc
681 3701 768 3741 vos
787 3730 799 3751 ,
825 3685 1078 3740 Pharisaei
1099 3731 1110 3751 ,
1141 3687 1274 3756 quod
1302 3687 1488 3758 deforis
1518 3699 1587 3741 est
1618 3689 1788 3744 colicis
1825 3699 1871 3744 et
1900 3695 2086 3758 catini,

503 3780 780 3844 mundatis;
798 3780 931 3850 quod
962 3790 1126 3832 autem
1150 3781 1284 3831 intus
1315 3790 1383 3832 est
1406 3791 1649 3847 vestrum,
1681 3779 1978 3851 plenunt'est
2007 3802 2091 3840 ra-

502 3872 620 3940 pina
645 3880 690 3923 et
712 3872 985 3940 iniquitate.
1015 3869 1193 3934 Stulti,
1222 3885 1385 3922 nonne
1405 3872 1488 3939 qui
1513 3875 1628 3940 fecit
1660 3873 1710 3924 id
1739 3876 1873 3942 quod
1901 3877 2089 3944 deforis

501 3972 573 4016 est
594 4004 608 4028 ,
643 3964 790 4016 etiant
820 3964 871 4014 id
899 3963 1031 4031 quod
1058 3963 1192 4014 intus
1232 3971 1301 4014 est
1331 3963 1444 4032 fecit
1485 3965 1542 4016 ‘1’
1580 3961 1928 4020 Verumtamen
1955 3969 2090 4037 quod

500 4065 751 4124 superest,
784 4056 898 4106 date
924 4057 1285 4124 etcentosymun
1308 4099 1319 4119 ,
1352 4065 1397 4109 et
1426 4073 1534 4109 ecce
1563 4061 1728 4110 omnia
1753 4062 1945 4120 munda
1970 4074 2086 4117 sunt

461 4160 474 4169 ί
499 4147 634 4200 vobis
662 4146 809 4218 (Luc.
844 4163 895 4199 χι
918 4189 930 4208 ,
960 4147 1116 4200 57-.“
1155 4149 1192 4217 ).
1223 4148 1366 4203 Itane
1390 4150 1488 4201 hor
1522 4150 1837 4206 intellecturi
1863 4170 2080 4221 sumus,

423 4249 444 4264 ³
500 4244 556 4288 ut
594 4235 874 4288 Pinu'ismis
916 4251 1016 4287 non
1067 4237 1381 4291 habentibus
1426 4239 1580 4291 iidem
1609 4241 1839 4308 Christi,
1874 4247 2083 4299 etiamsi

499 4345 602 4382 non
633 4330 680 4380 in
703 4345 819 4380 eum
845 4328 1194 4389 crediderint,
1225 4343 1323 4385 nec
1353 4334 1519 4384 renati
1543 4333 1735 4387 l'ncrint
1766 4350 1830 4388 ex
1866 4349 2000 4406 aqua
2029 4348 2084 4393 et

498 4418 731 4486 Spiritu,
770 4419 961 4470 munda
1007 4422 1110 4472 sint
1137 4422 1346 4482 omnia,
1384 4432 1580 4475 tantum
1627 4425 1671 4478 si
1717 4426 2084 4498 eli-ctuosynas

495 4510 740 4564 dederint
765 4553 777 4575 ,
809 4512 944 4563 sicut
986 4512 1065 4564 isti
1095 4529 1182 4564 t-as
1209 4513 1409 4566 dandas
1438 4516 1666 4582 putant?
1695 4532 1812 4570 cmn
1843 4520 1950 4572 sint
1978 4522 2080 4574 im«

498 4603 674 4654 mnudi
705 4616 890 4654 omnes
919 4619 1048 4670 quos
1086 4619 1189 4655 non
1224 4605 1440 4658 nnnniat
1470 4603 1596 4658 iides
1626 4607 1819 4662 Christi
1845 4653 1857 4674 ,
1891 4611 1956 4665 de
1979 4627 2080 4682 qua

492 4696 747 4761 scriptum
778 4705 886 4755 est,
920 4697 1170 4748 .TJanduns
1193 4699 1292 4763 [ide
1318 4701 1470 4750 corda
1493 4717 1664 4753 eorum
1695 4702 1828 4772 (Act.
1853 4719 1950 4768 xv,
1984 4706 2076 4778 9);

491 4793 543 4837 ct
571 4785 710 4838 dicat
742 4787 1042 4852 Aposmlns,
1070 4786 1354 4839 immundis
1387 4801 1552 4841 autem
1577 4801 1620 4843 et
1642 4794 1928 4860 inﬁdelibus
1950 4797 2079 4850 nihil

491 4891 558 4930 cst
588 4880 861 4941 mundum,
893 4883 978 4931 sed
1011 4881 1203 4948 polluta
1231 4891 1345 4931 sunt
1389 4897 1559 4934 eorum
1603 4896 1648 4937 et
1695 4903 1830 4938 mens
1875 4900 1918 4941 et
1965 4903 2079 4942 con-

489 4974 693 5023 scientia
730 4973 856 5040 (Tit.
900 4991 947 5039 ι,
985 4973 1091 5041 i3).
1133 4974 1408 5039 Quomodo
1435 4990 1561 5045 ergo
1593 4977 1873 5032 Pharisaris
1901 4983 2076 5036 omnia

493 5062 686 5114 munda
711 5073 886 5116 essent
907 5106 920 5128 ,
951 5065 991 5115 si
1017 5065 1385 5135 cieenmsynas
1404 5108 1418 5132 ,
1443 5068 1631 5122 darent
1665 5078 1718 5124 et
1768 5072 1950 5126 fideles
1971 5089 2077 5129 non

489 5153 708 5204 essent?
740 5153 842 5204 Aut
881 5154 1148 5220 t|llOlIi0titi
1192 5155 1371 5210 iideles
1401 5169 1578 5211 essent
1600 5199 1612 5222 ,
1657 5160 1698 5212 si
1729 5161 1780 5215 in
1809 5161 2074 5218 Christum

487 5246 705 5298 credere
754 5255 908 5312 atque
957 5246 1010 5298 in
1061 5247 1174 5312 ejus
1215 5251 1419 5301 renasci
1450 5252 1616 5319 gratia
1647 5254 1979 5308 noluissent?
2011 5257 2077 5312 Et

487 5344 662 5389 tamen
687 5351 870 5390 verum
902 5352 983 5391 est
1005 5338 1143 5404 quod
1175 5338 1485 5408 audierunt,
1516 5342 1646 5396 Date
1671 5344 2036 5416 eleemosynam
2055 5391 2068 5415 ,

485 5436 531 5479 et
557 5444 667 5480 ecce
694 5429 860 5480 omnia
889 5431 1075 5481 manda
1102 5440 1217 5482 sunt
1245 5431 1398 5484 vobis.

547 5542 563 5617 ξ
601 5544 682 5591 Hic
704 5545 950 5617 apudltov.
982 5544 1226 5617 additum:
1260 5545 1422 5617 fidere
1449 5555 1499 5602 ut
1529 5551 1674 5604 etiam
1705 5554 1758 5604 id
1787 5557 1916 5617 quod
1945 5557 2071 5607 intus

485 5606 554 5682 est
576 5604 804 5682 uiuit/tum
827 5604 911 5668 fiat
936 5620 952 5655 :
978 5609 1105 5682 quod
1129 5611 1191 5656 ab
1218 5609 1360 5657 editis
1385 5618 1577 5682 Am._Er.
1608 5624 1720 5664 Itan.
1743 5604 2069 5682 _e,t'plerisque

482 5668 837 5772 gtgmtioribus
881 5668 1007 5717 itss.‘
1030 5670 1187 5731 abest,
1222 5681 1410 5722 necnon
1454 5678 1515 5724 ab
1548 5668 2067 5740 I-Lvangeiiodue-elei;

1025 279 1476 346 ancunnmon,
1518 278 1672 334 SIVE
1705 277 1795 332 DE
1845 273 2037 336 FIDE,
2081 249 2208 327 srii
2249 253 2335 325 ET
2374 273 2790 346 camaram,
2832 274 2887 330 s.
2930 275 3300 334 AUGUSTINI

3696 271 3808 344 268

2292 381 2517 447 CAPUT
2548 381 2779 447 LXXVI.
2805 425 2872 433 ——
2895 391 3071 448 Prima
3102 393 3413 467 eleemosyna
3433 442 3445 465 ,
3487 400 3672 457 anima!
3700 411 3810 459 sate

2218 483 2439 537 misereri
2464 491 2509 537 et
2533 495 2664 538 recte
2687 486 2864 538 vivere.
2907 481 3005 551 Qui
3046 488 3188 540 enim
3214 489 3228 518 ¹
3263 486 3372 543 vult
3410 492 3652 550 ordinate
3677 495 3809 553 dare

2217 573 2615 645 eleemosynam
2637 618 2649 639 ,
2683 591 2711 629 a
2738 589 2797 631 se
2829 577 2942 646 ipso
2982 573 3138 632 debet
3169 579 3400 649 incipere
3421 625 3434 647 ,
3467 599 3520 637 et
3546 601 3661 640 eam
3705 589 3807 644 sibi

2218 665 2444 734 primum
2485 665 2632 720 dare.
2665 665 2760 721 Est
2784 667 2925 721 enim
2965 668 3301 740 ciecmosyna
3330 687 3462 739 Opus
3500 675 3805 731 misericor-

2216 757 2351 823 dire;
2397 759 2780 828 verissimeque
2810 757 3010 814 dictum
3057 771 3170 824 est,
3221 757 3457 817 Miserere
3496 767 3681 820 animm
3711 779 3808 824 tua:

2219 848 2425 919 placens
2452 847 2560 903 Deo
2590 843 2783 918 (Eccli.
2814 863 2914 905 xxx
2941 894 2954 917 ,
3001 849 3113 924 24).
3166 851 3390 924 Propter
3423 857 3521 911 hoc
3570 861 3804 913 renasci-

2217 935 2354 1005 mur,
2381 933 2436 995 ut
2463 933 2571 996 Deo
2599 941 2920 1011 placeamus,
2945 945 3028 998 cui
3055 945 3246 1000 merito
3268 945 3514 1016 diSpiiCCl
3544 953 3682 1021 quod
3712 967 3807 1006 na-

2217 1027 2414 1088 scehdo
2432 1029 2809 1118 contraximus.
2832 1024 2954 1088 ilaac
2979 1047 3060 1089 est
3077 1037 3243 1105 prima
3267 1040 3626 1112 elccmosyna,
3647 1057 3806 1111 quam

2217 1121 2370 1175 nobis
2390 1119 2635 1177 dedimus
2657 1166 2670 1184 ,
2699 1121 2948 1192 quoniam
2977 1125 3073 1180 nos
3112 1127 3257 1196 ipsos
3289 1130 3510 1186 miseros
3532 1133 3550 1162 ³
3583 1149 3677 1202 per
3708 1134 3808 1187 mi-

2216 1210 2444 1266 serantis
2465 1206 2559 1266 ne
2591 1211 3011 1268 misericordiam
3053 1218 3426 1285 rcquisivimns
3447 1262 3460 1286 ,
3483 1221 3683 1290 justum
3719 1222 3809 1292 ju-

2215 1297 2412 1359 dicium
2441 1307 2557 1375 ejus
2595 1301 2932 1370 cohibentes,
2966 1323 3069 1377 quo
3096 1309 3273 1365 miseri
3303 1309 3473 1366 eil‘eeti
3501 1325 3704 1382 sumus,
3733 1317 3804 1372 de

2215 1395 2320 1466 qud
2359 1393 2490 1451 dicit
2517 1389 2800 1467 ApOSiolus
2822 1440 2834 1461 ,
2865 1393 3124 1452 Jitdt’ciunt
3155 1397 3354 1469 quidem
3384 1410 3444 1456 ea:
3472 1419 3570 1457 uno
3600 1401 3652 1458 in
3678 1422 3807 1460 con-

2214 1481 2582 1540 detitttatidiieiti
2613 1502 2632 1540 :
2657 1489 2712 1542 et
2747 1493 2950 1558 magnae
2989 1486 3230 1543 citaritati
3277 1492 3392 1560 ejus
3421 1492 3617 1562 gratias
3645 1511 3808 1564 agen-

2217 1581 2327 1640 tes,
2359 1571 2427 1630 de
2450 1575 2553 1643 dita
2583 1575 2721 1631 idem
2750 1577 2862 1647 ipse
2893 1576 3016 1632 dicit
3042 1579 3225 1648 gratim
3267 1582 3613 1649 prtediezttor,
3649 1586 3806 1639 Com-

2214 1666 2417 1720 mendat
2445 1674 2611 1722 autem
2637 1671 2784 1723 suam
2803 1666 3119 1724 dilectionem
3146 1671 3284 1726 opus
3309 1675 3360 1726 in
3384 1673 3546 1740 nobis,
3565 1679 3806 1746 quoniam

2212 1775 2326 1812 cum
2353 1760 2518 1813 adhuc
2545 1772 2827 1831 peccatores
2852 1780 3088 1829 essemus,
3118 1764 3347 1819 Christus
3378 1785 3468 1835 pro
3499 1768 3638 1822 nobis
3664 1773 3807 1823 mor-

2211 1847 2328 1904 tuus
2369 1861 2440 1904 est
2471 1848 2646 1922 (nam.
2694 1851 2757 1916 γε
2791 1847 2854 1906 iii
2876 1894 2888 1917 ,
2921 1850 2952 1906 8
2973 1893 2987 1917 ,
3017 1836 3108 1923 9);
3145 1865 3198 1908 nt
3238 1866 3290 1908 et
3318 1869 3414 1909 nos
3447 1857 3703 1913 veraciter
3733 1861 3803 1918 de

2213 1937 2393 1993 iiostra
2436 1937 2650 1994 miseriti
2672 1938 2972 2009 iudicantes
2994 1985 3007 2006 ,
3037 1947 3090 1996 et
3111 1943 3278 1998 D‘eu'm
3311 1945 3570 2002 chariiate
3592 1949 3612 1980 ³
3643 1967 3802 2020 quain

2210 2024 2426 2084 dunavlt
2458 2028 2572 2100 ipse
2599 2027 2915 2110 diligentes,
2951 2034 3035 2102 pie
3064 2036 3312 2106 reethhe
3343 2039 3604 2096 vivamus.
3649 2042 3803 2110 Quod

2204 2117 2464 2187 judicium
2487 2127 2541 2174 et
2567 2107 2877 2176 cbaiitateni
2904 2123 2996 2179 Dei
3021 2135 3140 2179 cum
3167 2127 3420 2183 Pharisaei
3442 2107 3796 2203 prmterirent,

2209 2207 2548 2265 decimabadt
2594 2217 2768 2268 tamen
2801 2219 3017 2283 propter
3055 2217 3424 2291 eleeinosynas
3467 2235 3599 2293 quas
3640 2228 3804 2284 faciei

2209 2303 2335 2358 bant
2360 2306 2519 2359 etiam
2541 2311 2763 2376 quicque
2791 2307 3144 2365 minutissima
3168 2313 3430 2370 fructuum
3458 2333 3673 2374 suorum
3703 2337 3714 2374 :
3743 2333 3800 2378 et

2207 2393 2328 2448 ideo
2354 2409 2458 2450 non
2479 2396 2676 2450 dabant
2697 2398 3065 2471 eieem‘osynas
3095 2418 3122 2454 a
3155 2416 3211 2457 se
3236 2402 3567 2475 incipientes,
3588 2411 3800 2467 secunt-

2206 2497 2309 2556 que
2331 2487 2476 2556 prius
2500 2490 2918 2545 misericordiam
2945 2491 3202 2550 facientes
3225 2495 3266 2549 ⁸.
3294 2498 3517 2568 Propter
3537 2517 3692 2572 quem
3718 2503 3800 2559 di-

2203 2577 2448 2635 lectionis
2478 2579 2718 2637 ordinem
2747 2584 2944 2640 dictum
2974 2591 3055 2641 est
3075 2629 3089 2654 ,
3120 2587 3315 2661 Diliges
3340 2595 3626 2663 proximum
3655 2607 3798 2653 tuum

2204 2679 2441 2743 tanquam
2469 2681 2515 2727 te
2540 2673 2706 2744 ipsum
2730 2674 2875 2747 (Luc.
2908 2693 2940 2732 x
2963 2723 2976 2744 ,
3007 2677 3119 2752 27).
3149 2682 3278 2736 Cum
3310 2701 3438 2755 ergo
3467 2688 3798 2759 increpasset

2203 2773 2296 2816 eos
2323 2763 2460 2834 quod
2503 2763 2798 2822 forinsecus
2824 2781 2882 2824 se
2911 2769 3157 2826 iavabant
3177 2815 3190 2839 ,
3223 2774 3364 2831 intus
3391 2785 3567 2835 autem
3607 2784 3794 2852 rapina

2201 2857 2254 2906 et
2282 2854 2556 2924 iniquitate
2585 2857 2726 2926 pleni
2755 2869 2907 2914 erant
2927 2905 2940 2926 ,
2970 2862 3267 2920 admonens
3295 2868 3517 2936 quadam
3553 2873 3795 2929 eleemo-

2201 2949 2331 3016 Sytia
2356 2943 2411 3012 ⁸,
2445 2951 2602 3016 quam
2643 2946 2745 3004 sibi
2777 2951 2936 3007 homo
2964 2953 3119 3010 debet
3168 2959 3412 3026 primitus
3442 2962 3568 3018 dare
3588 3007 3600 3030 ,
3651 2966 3794 3021 inte-

2201 3035 2342 3092 riora
2370 3039 2612 3095 mandari
2643 3057 2659 3095 :
2702 3039 3083 3114 Verumtamen,
3131 3047 3335 3120 inquit,
3369 3055 3502 3120 quod
3525 3063 3790 3128 superest,

2202 3129 2320 3185 date
2364 3129 2766 3205 eieemosynam,
2797 3145 2843 3190 et
2887 3154 2998 3193 ecce
3042 3141 3212 3193 omnia
3241 3143 3431 3197 munda
3472 3155 3585 3199 sunt
3633 3149 3788 3206 vobis.

2202 3230 2403 3314 Deinde
2434 3239 2489 3285 ut
2527 3233 2834 3288 ostenderet
2860 3234 2984 3302 quid
3010 3235 3408 3305 admonuisset,
3451 3248 3506 3295 et
3533 3242 3658 3311 quid
3691 3244 3792 3314 ipsi

2200 3307 2376 3377 facere
2416 3335 2519 3377 non
2550 3323 2798 3378 curarent
2818 3363 2833 3389 ,
2866 3338 2935 3380 ne
2957 3325 3104 3379 illum
3136 3335 3385 3395 putarent
3426 3307 3611 3387 eorum
3640 3307 3787 3392 eice-

2201 3415 2452 3483 i’n‘osynas
2492 3413 2738 3482 ignorare
2769 3427 2784 3467 :
2817 3413 2926 3469 Sed
2953 3430 3027 3469 var
3067 3414 3238 3485 vobis,
3269 3417 3437 3488 inquit
3463 3418 3746 3480 Pharismis
3772 3445 3787 3481 :

2198 3497 2446 3572 tanquam
2477 3499 2712 3572 diceret,
2762 3503 2877 3578 Ego
2916 3507 3129 3578 quidem
3169 3516 3471 3569 connnonui
3519 3531 3613 3573 vos
3643 3520 3787 3575 elec-

2196 3595 2472 3667 tttosynam
2503 3593 2731 3652 dandam
2751 3639 2766 3664 ,
2815 3611 2912 3670 per
2933 3611 3089 3672 Quam
3119 3603 3271 3661 vobis
3315 3609 3509 3663 munda
3543 3612 3648 3666 sint
3674 3627 3789 3667 om-

2195 3686 2317 3750 nia;
2351 3683 2458 3741 Sed
2501 3701 2576 3743 ra:
2603 3689 2740 3743 vobis
2765 3691 2852 3761 qni
2897 3691 3158 3748 decimatis
3186 3703 3403 3750 meritam
3448 3708 3493 3752 et
3535 3712 3698 3755 ratam
3741 3712 3791 3758 et

2195 3777 2342 3829 omni:
2371 3774 2483 3832 olus
2500 3789 2522 3845 ;
2553 3778 2648 3833 has
2689 3781 2830 3834 enim
2861 3781 2984 3836 novi
3028 3784 3396 3858 elecmosynas
3427 3800 3631 3846 vestras
3652 3835 3665 3859 ,
3717 3807 3786 3850 ne

2193 3861 2259 3921 de
2287 3863 2392 3923 illis
2419 3873 2504 3923 ine
2533 3883 2673 3926 nunc
2694 3888 2788 3926 vos
2811 3873 3149 3932 admonuisse
3173 3877 3501 3950 arbitremini
3532 3900 3545 3935 :
3577 3891 3622 3936 et
3643 3897 3782 3954 pm!-

2193 3959 2351 4013 teritis
2368 3955 2622 4031 judicium
2646 3972 2692 4016 et
2712 3964 3004 4019 charitatem
3031 3965 3125 4020 Dei
3138 3986 3155 4032 ;
3178 3983 3276 4039 qua
3301 3967 3639 4045 eieemosyna
3661 3985 3787 4044 pos-

2193 4054 2321 4107 setis
2351 4055 2418 4108 ab
2447 4055 2593 4109 omni
2623 4055 3024 4127 inquinamento
3056 4061 3289 4116 interiori
3323 4063 3585 4132 mandari,
3608 4077 3663 4121 ut
3690 4083 3784 4123 vo-

2193 4137 2273 4198 bis
2297 4145 2490 4201 mnnda
2511 4153 2692 4203 essent
2713 4159 2764 4203 et
2789 4166 3011 4221 corpora
3035 4169 3150 4223 quae
3173 4155 3358 4210 lavatis
3379 4175 3390 4210 :
3413 4158 3514 4213 hoc
3537 4155 3616 4213 est
3642 4162 3784 4216 enim

2191 4239 2393 4300 omnia,
2426 4247 2480 4291 et
2518 4239 2770 4294 interiora
2817 4242 3020 4297 scilicet
3049 4251 3101 4299 et
3142 4248 3439 4312 exteriora;
3487 4245 3622 4303 sicut
3651 4241 3784 4308 alibi

2191 4317 2401 4395 legitur,
2427 4318 2669 4382 Mandata
2685 4346 2798 4398 qua:
2819 4332 2953 4385 intus
2970 4345 3102 4400 sunt,
3125 4346 3168 4389 et
3189 4353 3302 4406 qtae
3316 4339 3438 4408 foris
3455 4348 3572 4391 sunt
3595 4343 3786 4396 munda

2189 4428 2334 4471 erunt
2355 4409 2567 4486 (Matth.
2587 4435 2735 4487 uti],
2753 4420 2866 4494 26).
2887 4421 2989 4478 Sed
3012 4441 3076 4478 ne
3100 4426 3226 4480 istas
3255 4427 3645 4501 eleemosynas,
3665 4449 3786 4504 qttae

2189 4509 2323 4562 ﬁunt
2343 4507 2407 4563 de
2430 4509 2684 4565 fructibus
2707 4521 2880 4577 terrm,
2908 4515 3178 4584 respuisse
3201 4513 3469 4573 videretur
3494 4537 3506 4573 :
3532 4515 3680 4590 Haec,
3701 4526 3786 4579 in-

2189 4600 2319 4670 quit,
2342 4603 2557 4672 Oportuit
2575 4607 2759 4673 facere,
2779 4603 2830 4656 id
2853 4615 2952 4669 est,
2969 4605 3225 4674 judicium
3244 4617 3296 4662 et
3317 4605 3634 4667 charitatem
3662 4614 3778 4677 lici;

2187 4700 2231 4743 et
2257 4691 2348 4744 illa
2375 4707 2475 4745 non
2504 4694 2729 4747 omittere
2755 4691 2906 4763 (an.
2941 4711 3016 4764 xt,
3048 4693 3160 4767 η),
3191 4697 3243 4754 id
3273 4708 3373 4767 est,
3404 4700 3776 4775 eieemosynas

2186 4781 2450 4837 fructuum
2477 4795 2828 4840 tcrrenorum.

2254 4871 2479 4929 CAPUT
2511 4873 2768 4932 LXXVII.
2792 4912 2859 4921 —-
2883 4879 3136 4951 Iniquitas
3161 4884 3434 4941 deserenda
3452 4931 3464 4951 ,
3502 4898 3551 4940 ut
3582 4891 3775 4958 prosint

2184 4965 2527 5035 eieemosynaz.
2559 4966 2673 5021 Non
2702 4984 2829 5039 ergo
2859 4987 2915 5026 se
2944 4972 3145 5038 fallant,
3172 4977 3259 5044 qui
3289 4992 3382 5045 per
3407 4978 3776 5050 eleeniosynas

2183 5055 2444 5126 quaslibet
2473 5057 2797 5128 largissimas
2824 5063 3090 5119 fructuum
3118 5081 3336 5120 suorum
3361 5067 3444 5120 vel
3476 5068 3782 5138 cuiuscum-

2182 5161 2287 5216 que
2319 5149 2576 5217 pccnnia‘,
2605 5152 2968 5221 impunitatem
2997 5171 3054 5209 se
3080 5167 3258 5209 emere
3286 5155 3589 5214 existimant
3621 5164 3671 5216 in
3701 5165 3776 5218 fa-

2245 5261 2260 5326 ξ
2298 5260 2369 5308 Sic
2390 5267 2497 5310 Mss.
2525 5259 2642 5312 Editi
2667 5279 2802 5326 vero,
2828 5266 2911 5326 qui
2927 5273 3102 5315 autem.

2242 5321 2262 5387 ξ
2297 5329 2416 5387 Tres
2438 5331 2562 5381 Mss,
2583 5338 2666 5387 nos
2688 5321 2814 5387 ipsos
2836 5321 3007 5376 inm-ito
3029 5327 3244 5378 miseros.

2243 5382 2264 5449 ξ’
2297 5383 2433 5442 Editi,
2458 5394 2503 5434 et
2533 5386 2618 5435 Dei
2641 5382 2936 5437 charitatem.
2963 5390 3263 5449 mstigantur
3282 5406 3343 5441 ex
3373 5402 3478 5443 Mss.

2240 5443 2262 5474 ⁸
2297 5453 2396 5492 Am.
2424 5449 2495 5492 ter.
2523 5454 2630 5496 [ον.
2661 5457 2782 5508 post,
2804 5449 3052 5510 facientes.
3076 5443 3273 5510 addunt,
3299 5454 3420 5506 sicut
3450 5455 3530 5507 isti
3551 5473 3632 5507 eas
3657 5462 3777 5512 (Irm-

2177 5503 2270 5612 ἷίίὶζ
2292 5513 2473 5568 putant.
2497 5503 2784 5558 Verba'sunt
2801 5503 2863 5558 ex
2887 5512 3140 5573 snperiore
3165 5527 3235 5575 ειη
3257 5503 3321 5564 ile
3347 5503 3773 5572 ntaleliuetraiis-

2196 5579 2222 5612 a
2278 5602 2290 5612 .

2196 5573 2290 5615 ata.

2239 5630 2263 5700 εξ
2286 5638 2384 5703 ain.
2403 5635 2601 5703 EraLolv.
2615 5636 2668 5679 et
2683 5640 2814 5703 Arn“
2828 5634 3089 5703 admonens
3111 5637 3372 5703 quamdam
3383 5638 3732 5703 eleemosyrwm
3753 5657 3771 5693 :

2177 5695 2225 5736 et
2254 5692 2371 5738 intra
2390 5699 2511 5752 post,
2537 5695 2681 5751 dare,
2712 5694 2973 5757 habebant,
2995 5703 3040 5748 et
3059 5692 3289 5751 meum
3320 5692 3775 5752 mundareﬁ‘mens

2173 5751 2345 5800 dantur
2380 5753 2455 5800 hic
2480 5767 2542 5800 ex
2571 5763 2673 5800 Mss.

2207 5760 2345 5801 Itililll‘
2380 5760 2455 5803 hic
2480 5767 2542 5803 CX
2571 5763 2673 5804 MSS.
