4124 6206
301 444 543 500 cinorum
581 439 913 496 immanitate
952 452 1015 494 ac
1041 436 1357 509 ﬂagitiorum
1400 439 1629 508 nequitia
1679 454 1887 508 perina-

299 530 462 591 h'endi
488 551 503 588 :
537 547 642 587 non
670 531 843 588 Solum
871 531 1012 584 enim
1041 529 1154 585 lucc
1180 529 1397 598 faciunt,
1427 531 1520 584 sed
1547 531 1616 584 ita
1639 529 1884 598 diligunt,

301 634 359 681 ut
385 623 439 680 in
468 624 547 679 eis
586 638 802 692 semper
829 629 1043 693 optent,
1089 631 1289 675 tantum
1325 622 1368 674 si
1397 621 1602 692 possint
1633 622 1848 690 impune
1872 663 1886 684 ,

303 717 522 774 versari.
550 715 650 783 Qui
667 725 833 768 autem
853 713 1016 785 diligit
1037 715 1368 783 iniquitatem,
1389 714 1495 767 odit
1511 715 1731 766 animam
1749 731 1891 767 suam

302 807 473 886 (Psal.
511 827 539 863 ιι
562 851 576 875 ,
607 811 698 880 6);
731 818 784 862 et
812 809 898 876 qui
942 807 1054 861 odit
1097 809 1326 861 animam
1360 822 1507 860 suam
1530 847 1545 872 ,
1596 822 1697 860 non
1729 815 1809 859 cst
1839 807 1888 859 in

301 918 422 960 eam
451 901 792 965 misericors,
822 897 914 954 sed
942 895 1173 953 crudelis
1207 914 1220 949 :
1253 897 1521 968 diligendo
1551 912 1667 951 eam
1696 898 1893 966 quippe

300 993 594 1051 Secundum
614 991 888 1055 smculum,
907 989 1017 1044 odit
1039 1006 1158 1044 eam
1181 989 1470 1043 secundum
1489 989 1674 1042 Deum.
1694 987 1746 1042 Si
1766 1003 1893 1057 ergo

300 1081 464 1139 Vellet
480 1084 529 1138 ei
549 1082 672 1136 dare
689 1081 1105 1151 eleemosynam,
1123 1095 1216 1150 per
1234 1096 1392 1150 quam
1412 1080 1484 1133 illi
1502 1090 1681 1134 essent
1697 1079 1891 1133 munda

301 1176 479 1230 omnia
501 1217 516 1239 ,
545 1172 747 1229 odisset
776 1190 890 1227 eam
919 1172 1210 1227 secundum
1240 1173 1491 1226 saeculum
1514 1214 1527 1237 ,
1558 1184 1610 1225 et
1653 1171 1892 1241 diligeret

301 1267 595 1321 secundum
620 1264 806 1318 Deum.
836 1261 1003 1317 Nemo
1022 1275 1199 1318 autem
1224 1263 1314 1317 dat
1339 1263 1733 1333 eleemosynam
1761 1276 1893 1330 qua-

303 1357 542 1412 Iemlibet
565 1398 577 1420 ,
603 1353 704 1409 nisi
741 1353 876 1408 unde
899 1351 990 1408 det
1013 1354 1080 1408 ab
1109 1355 1198 1409 illo
1228 1355 1452 1425 accipiat
1479 1355 1566 1425 qui
1596 1370 1700 1408 non
1731 1361 1886 1423 eget:

305 1449 427 1504 ideo
452 1449 649 1503 dictum
679 1458 780 1511 est,
810 1444 1160 1501 Misericordia
1188 1448 1297 1516 ejus
1323 1448 1588 1515 prteveniet
1611 1463 1688 1500 me
1719 1444 1886 1516 (Psal.

303 1557 427 1596 Lvnt
448 1583 462 1605 ,
488 1539 600 1611 Η).

373 1631 602 1688 CAPUT
634 1621 912 1686 LXXVIII.
936 1661 1008 1672 —
1027 1629 1115 1684 21.
1140 1628 1356 1685 Peccata
1374 1631 1604 1700 quautam
1628 1639 1762 1694 sunt,
1781 1645 1894 1700 qua:

304 1730 527 1780 humano
560 1723 757 1795 judicio
790 1741 886 1777 non
916 1741 1020 1777 esse
1062 1734 1377 1793 putarentur.
1423 1722 1552 1789 Qua:
1581 1722 1688 1776 sint
1717 1731 1893 1777 autem

305 1819 441 1874 levia
460 1860 475 1886 ,
503 1834 620 1888 quae
658 1817 834 1886 gravia
866 1828 1079 1885 peccata
1101 1857 1115 1882 ,
1161 1832 1265 1870 non
1298 1816 1529 1870 humano
1552 1856 1565 1879 ,
1593 1816 1686 1870 sed
1713 1815 1893 1870 divino

304 1921 430 1965 sunt
456 1905 724 1981 pensanda
747 1903 1226 1978 jndicio.\"idemus
1254 1908 1394 1962 enim
1409 1908 1649 1977 qumdam
1677 1907 1745 1962 ab
1763 1908 1894 1976 ipsis

307 2017 522 2072 quoque
561 2000 830 2069 Apostolis
878 1999 1201 2070 ignoscendo
1234 1999 1394 2056 fuisse
1431 2000 1895 2069 concessazquale

308 2089 434 2147 illud
456 2099 540 2146 est
559 2091 699 2161 quod
724 2089 1040 2145 venerabilis
1064 2093 1079 2121 ¹
1106 2090 1303 2144 Paulus
1329 2089 1641 2159 conjugibus
1665 2089 1757 2155 ait,
1782 2089 1897 2144 No-

307 2186 392 2238 lite
429 2183 674 2252 fraudare
703 2183 910 2235 invicem
932 2223 946 2247 ,
979 2182 1074 2234 nisi
1114 2198 1175 2235 ea:
1203 2198 1450 2235 consensu
1489 2185 1556 2234 ad
1582 2191 1777 2250 tempus
1796 2222 1810 2247 ,
1842 2191 1897 2236 ut

308 2273 490 2328 vacetis
517 2272 770 2335 orationi;
814 2281 860 2325 et
887 2271 1066 2325 iterum
1097 2274 1163 2323 ad
1193 2272 1413 2341 idipsum
1451 2282 1605 2326 estote
1625 2273 1645 2302 ²
1665 2314 1680 2338 ,
1711 2287 1771 2326 ne
1810 2288 1897 2326 vos

309 2373 458 2419 tentet
478 2374 683 2418 satanas
706 2373 910 2434 prapter
929 2363 1343 2416 incontinentiam
1363 2372 1578 2417 vestram
1602 2363 1780 2432 :qund
1803 2379 1899 2432 pu-

311 2458 411 2512 tari
443 2468 624 2526 posset
650 2470 753 2508 non
794 2469 914 2509 esse
945 2464 1216 2523 peccatum
1240 2495 1253 2519 ,
1297 2453 1507 2508 misceri
1536 2453 1740 2509 scilicet
1767 2469 1898 2508 con-

305 2547 414 2619 jugi
447 2564 554 2601 non
583 2547 808 2600 ﬁliorum
841 2544 1294 2615 procreandorum
1324 2559 1504 2609 causa,
1532 2544 1672 2614 quod
1699 2545 1897 2600 bonum

311 2650 391 2696 est
421 2641 654 2710 nuptiale
676 2682 690 2705 ,
724 2639 815 2693 sed
845 2635 1072 2693 carnalis
1109 2639 1268 2692 etiam
1297 2638 1580 2707 voluptatis
1605 2654 1618 2702 ;
1652 2649 1707 2691 ut
1736 2637 1900 2692 fornio

311 2733 568 2796 cationis,
599 2732 710 2785 sive
737 2729 979 2784 adulterii
1004 2771 1018 2794 ,
1049 2731 1159 2784 sive
1197 2729 1508 2800 cujusquam
1550 2730 1772 2785 alterius
1801 2731 1902 2785 im-

312 2822 586 2880 munditia:
615 2821 945 2877 nmrtiferum
975 2823 1210 2888 malum,
1258 2821 1400 2890 quod
1432 2827 1584 2892 turpe
1623 2833 1702 2877 est
1739 2824 1900 2877 etiam

311 2917 490 2971 dicere
509 2955 527 2981 ,
555 2931 659 2985 quo
691 2924 863 2984 potest
895 2924 1129 2968 tentante
1156 2923 1338 2967 satana
1360 2905 1524 2970 libido
1550 2914 1857 2985 pertrahere
1881 2955 1898 2984 ,

313 3006 756 3061 incontinentiam
777 3005 974 3060 devitet
999 3005 1302 3060 infirmitas.
1327 3006 1679 3076 Possetergo,
1700 3018 1750 3060 ut
1769 3006 1900 3074 dixi,

314 3096 418 3153 hoc
457 3099 628 3168 putari
658 3113 760 3152 non
790 3112 910 3152 esse
936 3107 1211 3167 peccatum
1233 3139 1247 3162 ,
1275 3097 1378 3151 nisi
1420 3097 1713 3152 addidisset
1745 3116 1756 3150 :
1792 3097 1904 3152 lloc

318 3199 481 3242 autem
509 3189 620 3243 dico
645 3189 920 3242 secundum
948 3190 1139 3242 veniam
1162 3230 1176 3256 ,
1205 3206 1305 3242 non
1329 3189 1603 3243 secundum
1637 3189 1908 3260 imperium.

317 3279 361 3351 (l
387 3280 505 3334 Cor.
539 3295 631 3344 vn,
662 3279 713 3344 5,
748 3277 825 3348 6).
857 3278 986 3345 Quis
1019 3290 1198 3333 autem
1220 3279 1331 3349 jam
1357 3295 1477 3334 esse
1504 3290 1778 3349 peccatum
1807 3297 1903 3337 ne-

316 3383 402 3445 get
421 3416 436 3441 ,
463 3389 586 3429 cum
627 3370 740 3426 dari
769 3373 975 3428 veniam
1002 3371 1316 3427 facientibus
1351 3374 1642 3442 apostolica
1670 3373 1898 3428 auctori-

319 3473 425 3521 tate
443 3507 460 3534 ,
492 3462 722 3519 fateatur
744 3459 803 3516 ’?
831 3461 959 3518 Tale
982 3461 1230 3533 quiddam
1258 3473 1340 3517 est
1361 3504 1375 3529 ,
1421 3463 1510 3516 ubi
1537 3462 1666 3517 dicit
1699 3480 1712 3514 :
1744 3449 1907 3517 Audet

315 3559 578 3628 quisquam
600 3563 818 3610 vestrum
839 3555 1077 3609 adversus
1101 3557 1316 3608 alterum
1341 3556 1595 3624 negotium
1618 3555 1806 3608 habens
1817 3556 1909 3624 ju-

317 3651 476 3704 dicari
500 3649 642 3720 apud
658 3649 872 3718 iniquos,
894 3657 938 3701 et
964 3664 1064 3700 non
1090 3646 1229 3717 apud
1245 3646 1474 3700 sanctos?
1494 3647 1559 3700 Et
1574 3647 1732 3717 paulo
1753 3656 1871 3716 post
1891 3665 1904 3700 :

318 3744 602 3800 Secularia
643 3743 798 3814 igitur
831 3740 1030 3810 judicia
1058 3740 1102 3794 si
1128 3739 1400 3794 habueritis
1420 3779 1435 3807 ,
1479 3740 1685 3807 inquit,
1715 3755 1798 3792 eos
1824 3739 1912 3810 qui

320 3833 714 3906 contemptibiles
740 3846 854 3887 sunt
882 3833 935 3885 in
961 3829 1190 3886 Ecclesia
1212 3873 1226 3898 ,
1253 3829 1346 3884 hos
1371 3829 1612 3883 collocate
1634 3827 1674 3881 ⁵⁵.
1701 3829 1782 3882 Ad
1827 3846 1911 3884 re-

321 3929 590 3983 verentiam
607 3923 747 3978 vobis
776 3924 887 3977 dico
911 3939 929 3977 .'
951 3923 1021 3976 sic
1049 3939 1148 3976 non
1176 3931 1247 3975 est
1274 3922 1402 3975 inter
1428 3936 1514 3974 vos
1542 3919 1807 3992 quisquam
1830 3936 1915 3972 sa-

322 4023 462 4094 piens
489 4019 575 4090 qui
602 4018 759 4088 possit
786 4016 915 4068 inter
940 4018 1147 4085 fratrem
1173 4030 1318 4067 suum
1334 4009 1572 4083 judicare
1590 4011 1615 4063 ?
1645 4010 1732 4063 sed
1758 4012 1915 4080 frater

322 4127 433 4165 cum
457 4115 614 4180 fratre
629 4108 915 4180 judicatur,
946 4114 990 4158 et
1015 4106 1107 4157 hoc
1134 4103 1270 4173 apud
1296 4103 1526 4172 inﬁdeles
1548 4103 1566 4154 Ι
1593 4100 1723 4154 Nam
1751 4109 1805 4154 et
1829 4097 1914 4154 hic

325 4209 506 4272 posset
531 4193 977 4269 putarijudicium
1007 4195 1202 4250 habere
1231 4193 1487 4248 adversus
1514 4192 1774 4256 alterum,
1808 4207 1915 4245 non

329 4309 444 4350 esse
481 4303 756 4363 peccatum
781 4333 794 4355 ,
825 4289 919 4345 sed
960 4285 1325 4343 tantummodo
1353 4283 1405 4340 id
1444 4295 1589 4340 extra
1623 4283 1917 4339 Ecclesiam

329 4389 462 4443 velle
496 4385 725 4456 judicari
747 4426 760 4448 ,
795 4383 895 4438 nisi
937 4393 1146 4438 secutus
1177 4381 1489 4450 adjungeret
1521 4397 1534 4432 :
1564 4376 1686 4432 Jam
1715 4378 1919 4447 quidem

331 4481 531 4534 omnino
544 4479 782 4532 delictum
805 4486 897 4541 est,
917 4476 1032 4546 quia
1051 4473 1248 4547 judicia
1265 4473 1454 4526 habetis
1468 4473 1718 4526 vobiscum
1739 4468 1780 4540 (I
1797 4469 1914 4524 Cor.

332 4587 418 4640 vt,
452 4569 597 4642 1-7).
624 4570 690 4626 Et
714 4585 785 4625 nc
809 4570 1086 4640 quisquam
1117 4567 1219 4622 hoc
1246 4567 1315 4620 ita
1350 4571 1664 4626 excusaret,
1694 4574 1750 4616 ut
1772 4561 1920 4616 dice-

393 4752 410 4783 ι
444 4757 568 4806 Vox,
594 4742 894 4809 venerabilis,
912 4743 1242 4809 deestjuuno
1266 4747 1502 4809 tantum-e
1525 4739 1761 4788 Vaticanis
1776 4747 1886 4809 _\_tss.

391 4815 411 4845 ³
445 4799 567 4860 Editi
584 4845 600 4871 ,
626 4809 690 4871 ad
713 4799 1209 4871 ipsamreeertimini.
1253 4812 1308 4853 At
1339 4803 1579 4871 plerique
1600 4799 1925 4871 ac_meliores

331 4882 459 4932 33s.,
483 4871 547 4932 ad
570 4863 784 4932 idipsum
809 4866 934 4932 (vel,
959 4866 1022 4916 ad
1033 4865 1216 4932 ipsum)
1226 4863 1399 4932 estote.
1427 4863 1550 4912 Hanc
1567 4863 1828 4932 lectionem
1845 4875 1925 4932 se-

330 4936 412 4999 qui
433 4923 560 4999 solet
588 4923 944 4993 Augustin‘usin
961 4923 1167 4990 EpiStola
1190 4923 1298 4999 “29:2,
1324 4928 1623 4999 in'Sermone
1756 4958 1770 4981 ,
1797 4938 1845 4970 ιι.
1870 4923 1918 4999 5,

332 4985 379 5046 iii
405 4997 487 5045 lib.
523 4997 557 5044 5
591 4985 758 5043 contra
803 4985 1025 5040 Faustum
1045 5025 1058 5047 ,
1084 5003 1188 5050 cap.
1214 4991 1244 5036 9
1263 4985 1576 5047 {eademque
1601 4985 1756 5050 lectio
1799 4985 1924 5046 apud

331 5061 604 5120 origenem,
619 5055 830 5104 adhibita
855 5054 944 5120 iuit
963 5049 1228 5120 iuliomilia
1250 5051 1299 5098 in
1320 5049 1798 5120 numcios'vigesima
1822 5055 1924 5120 ter-

332 5107 440 5168 tia?
471 5119 610 5180 quasi
633 5112 1088 5180 proutmercltesthe,
1115 5110 1500 5180 legerentolnn,
1518 5107 1746 5180 ῃὶιιιῖλζζιρ.
1763 5109 1924 5180 tantine

332 5169 555 5242 ejusdem
593 5169 1029 5242 sententia-3,1000,
1052 5169 1471 5230 iiwontinentiam;
1496 5169 1712 5219 nonnulli
1733 5171 1926 5218 codices

332 5237 513 5300 leniat,
535 5237 968 5300 intemperantiam.

395 5290 422 5334 ³⁷
450 5290 699 5358 ιιιύιιὶιὶδζ
723 5298 985 5363 apostolica
1018 5296 1278 5363 auctoritas
1310 5294 1624 5363 fatt’iitttr._At
1643 5294 1690 5363 in
1714 5290 1926 5363 melioris

333 5374 459 5415 uase
481 5371 577 5412 uss
599 5397 614 5418 ,
647 5355 907 5425 (mostolica
946 5359 1228 5425 auctoritate
1248 5355 1451 5425 fateatur
1476 5367 1492 5404 .'
1517 5355 1566 5425 id
1598 5361 1691 5425 est,
1717 5356 1784 5425 ab
1808 5362 1927 5425 Λρος

332 5414 457 5476 stola
490 5414 611 5474 dari
633 5414 822 5472 veniam
841 5421 1148 5488 ,__secundum
1182 5414 1465 5488 illt'idpaulo
1488 5424 1603 5465 ante
1635 5414 1925 5474 dicttun,’ab

332 5489 450 5552 ipsis
472 5499 660 5549 quoque
721 5482 913 5548 postolis
933 5481 1222 5545 ignoscendo
1243 5481 1388 5544 fuisse
1411 5491 1647 5529 concessa.

400 5552 418 5581 δ
450 5550 567 5597 Etliti
591 5546 788 5597 addunt.
815 5545 880 5593 ad
893 5544 1233 5597 iudicandum.
1259 5543 1348 5592 Sed
1372 5544 1462 5592 hoc
1487 5554 1578 5589 nec
1603 5549 1705 5590 MSS.
1725 5539 1908 5587 habent

400 5557 418 5581 δ
450 5557 567 5597 κίιιιι
591 5557 788 5604 acuunt,
815 5557 879 5593 aa
890 5557 1233 5607 Juaicanaum.
1259 5557 1348 5592 seu
1374 5557 1462 5592 nec
1487 5557 1578 5589 nec
1727 5557 1923 5599 navent,

329 5625 427 5661 nec
467 5617 636 5659 textus
671 5621 864 5669 graecus
912 5605 1136 5668 Apostoli.
1175 5614 1375 5670 Rursum
1405 5603 1927 5670 intra“consentientes

397 5687 492 5721 πίω
511 5663 718 5721 veteres
735 5670 930 5717 Codices
947 5663 1215 5730 sequimur
1229 5703 1254 5730 ,Α
1271 5667 1452 5716 relictis
1477 5666 1619 5730 editis
1638 5699 1650 5720 ,
1677 5663 1757 5725 qui
1797 5663 1927 5730 lere-

487 5732 614 5799 inter
634 5731 841 5799 fratrem
854 5737 907 5799 et
929 5725 1386 5792 fratremjudicarc,
1413 5725 1496 5777 sed
1521 5726 1671 5786 frater
1693 5737 1803 5772 cum
1826 5725 1928 5782 fra-

330 5802 407 5845 tre
419 5793 614 5856 judicia
634 5791 899 5842 contendit.

1733 327 1931 383 LIBER
1972 327 2168 386 UNUS.

3469 332 3580 396 ςπο

2001 448 2081 493 ret
2101 438 2301 507 justum
2342 452 2400 493 se
2430 436 2626 493 habere
2667 437 2972 508 negotium,
3018 438 3116 496 sed
3157 439 3486 511 iniquitatem
3515 461 3576 502 se

1998 532 2137 598 pati,
2171 546 2325 600 quam
2375 531 2530 584 vellet
2559 545 2586 583 a
2618 544 2677 584 se
2713 530 2954 599 judicum
2980 533 3240 587 sententia
3272 537 3576 604 removeri;

1994 625 2246 676 continuo
2274 622 2461 676 talibus
2486 623 2890 692 cogitationibus
2921 624 3006 677 vel
3033 625 3464 684 excusationibus
3485 641 3582 684 oc-

1995 716 2188 779 currit,
2223 724 2380 783 atque
2422 715 2496 768 ait
2527 730 2540 765 :
2579 713 2747 778 Quare
2774 732 2872 768 non
2916 716 3076 786 magis
3102 716 3416 784 iniquitatem
3440 721 3580 790 pati-

1995 805 2153 858 mini?
2181 822 2335 875 quare
2362 822 2458 857 non
2486 805 2649 875 potius
2673 805 3021 874 fraudamini?
3043 805 3106 864 Ut
3136 807 3202 862 ad
3235 807 3361 866 illud
3385 809 3578 868 redea-

1999 903 2115 958 tur,
2146 896 2287 965 quod
2314 896 2566 950 Dominus
2596 897 2702 961 ait,
2737 895 2798 950 Si
2822 896 2934 966 quis
2958 897 3168 951 voluerit
3191 899 3412 956 tunicam
3438 909 3580 956 tuam

1998 987 2170 1041 tollere
2189 1028 2202 1052 ,
2234 997 2280 1041 et
2301 987 2498 1058 judicio
2526 997 2686 1040 tecum
2713 989 3009 1043 contendere
3027 1031 3044 1057 ,
3077 990 3270 1044 dimitte
3294 992 3372 1046 illi
3390 1001 3440 1048 et
3461 993 3582 1063 pal-

1999 1076 2122 1132 lium
2148 1077 2358 1151 (Matth.
2388 1094 2453 1142 v,
2485 1079 2611 1149 40);
2639 1089 2693 1134 et
2719 1080 2826 1135 alio
2853 1081 3004 1148 loco,
3033 1081 3133 1148 Qui
3159 1084 3453 1150 abstulerit,
3495 1087 3581 1141 in-

1997 1171 2142 1239 quit,
2175 1180 2293 1234 tua,
2339 1171 2444 1224 noli
2470 1182 2690 1241 repetere
2722 1172 2868 1244 (Luc.
2900 1165 2996 1240 vr,
3027 1175 3140 1245 30).
3174 1176 3451 1234 Prohibuit
3478 1179 3584 1234 ita-

1997 1276 2100 1330 que
2131 1275 2255 1315 suos
2294 1261 2360 1316 de
2401 1263 2746 1318 saecularibus
2777 1265 2935 1318 rebus
2965 1281 3083 1320 eum
3114 1267 3230 1322 aliis
3274 1268 3581 1326 hominibus

1997 1350 2195 1406 habere
2210 1352 2467 1421 judicium
2495 1370 2510 1408 :
2537 1369 2600 1408 ex
2621 1370 2723 1423 qua
2745 1355 2988 1410 doctrina
3010 1359 3296 1425 Apostolus
3315 1359 3444 1416 dicit
3462 1376 3585 1417 esse

1996 1442 2268 1497 delictum.
2298 1444 2494 1499 Tamen
2522 1461 2642 1502 cum
2664 1448 2790 1502 smit
2815 1448 2868 1502 in
2890 1449 3126 1504 Ecclesia
3156 1450 3280 1505 talia
3304 1451 3500 1520 judicia
3523 1452 3586 1508 ﬁ-

1997 1535 2098 1587 niri
2129 1535 2269 1590 inter
2295 1536 2485 1590 fratres
2511 1537 2763 1593 fratribus
2792 1538 3186 1609 judicantibus,
3213 1551 3364 1598 extra
3391 1543 3584 1600 Eccle-

1998 1625 2133 1679 siam
2155 1641 2280 1682 vero
2310 1627 2619 1683 terribiliter
2638 1638 2811 1695 vetat;
2835 1631 3174 1690 manifestum
3205 1643 3285 1688 est
3309 1634 3468 1690 etiam
3495 1634 3585 1690 hic

1997 1718 2124 1792 quid
2163 1719 2454 1774 secundum
2484 1721 2691 1777 veniam
2731 1723 3053 1780 concedatur
3083 1724 3326 1780 inﬁrmis.
3359 1726 3587 1796 Propter

2000 1811 2116 1865 haec
2143 1821 2302 1881 atque
2330 1813 2633 1882 hnjusmodi
2681 1828 2896 1883 peccata
2918 1857 2930 1880 ,
2965 1828 3018 1872 et
3045 1819 3145 1872 alia
3167 1859 3180 1881 ,
3225 1819 3348 1874 licet
3375 1821 3438 1874 iis
3478 1821 3582 1876 mi-

2001 1916 2130 1955 nora
2153 1941 2168 1966 ,
2197 1918 2314 1971 quin
2357 1903 2491 1957 ﬁunt
2514 1904 2800 1959 verborum
2833 1917 2885 1960 et
2927 1908 3306 1977 cogitationum
3330 1910 3586 1966 uﬂ'ensio-

2000 1991 2178 2056 nibus,
2211 1993 2452 2061 apostolo
2480 1993 2679 2049 Jacobo
2707 1996 2995 2051 conﬁtente
3019 2013 3082 2053 ac
3109 1999 3342 2066 dicente,
3366 1999 3434 2054 In
3455 2003 3589 2056 mul-

2001 2085 2065 2138 tis
2102 2085 2234 2138 enim
2260 2084 2565 2152 offendimus
2607 2105 2778 2142 omnes
2808 2088 3008 2159 (Jacobi
3039 2108 3132 2159 ιιι,
3160 2093 3252 2164 2);
3294 2103 3504 2164 oportet
3533 2103 3593 2151 ut

2001 2175 2238 2244 quotidie
2261 2176 2554 2248 crebroque
2579 2193 2794 2235 oremus
2819 2182 3122 2252 Dominum,
3144 2195 3302 2255 atque
3325 2187 3586 2255 dicamus,

2002 2267 2213 2322 Dimitte
2255 2268 2396 2324 nobis
2424 2271 2587 2325 debita
2614 2285 2824 2339 nostra;
2852 2290 2953 2330 nec
2981 2277 3031 2330 in
3061 2292 3126 2330 eo
3169 2279 3308 2346 quod
3353 2281 3594 2350 sequitur

2003 2360 2327 2414 mentiamur
2345 2403 2359 2427 ,
2389 2363 2518 2414 sicut
2552 2373 2598 2416 et
2628 2380 2718 2418 uos
2744 2365 3041 2420 dimittimus
3067 2368 3371 2424 debitoribus
3409 2374 3594 2428 nostris

2006 2449 2216 2521 (Matth.
2252 2469 2298 2505 Vl
2320 2494 2334 2514 ,
2365 2452 2476 2523 12).

2075 2541 2300 2598 CAPUT
2333 2544 2570 2600 LXXIX.
2604 2576 2676 2586 —-
2711 2546 2840 2615 Quae
2867 2548 2992 2603 leuia
3019 2551 3265 2617 vitiantur,
3288 2570 3394 2610 esse
3435 2559 3596 2612 inter-

2005 2631 2130 2686 dum
2174 2636 2488 2703 gravissima.
2523 2638 2658 2692 Sunt
2687 2648 2861 2694 autem
2907 2643 3149 2710 quaedam
3177 2660 3297 2714 qum
3328 2648 3597 2706 levissima

2007 2736 2353 2796 putarentur,
2401 2731 2498 2783 nisi
2530 2731 2583 2784 in
2611 2730 2901 2800 Scripturis
2941 2733 3440 2793 demonstrarentur
3476 2741 3598 2810 opi-

2009 2816 2170 2871 nione
2193 2821 2456 2886 graviora.
2490 2819 2619 2887 Quis
2658 2822 2801 2878 enim
2828 2822 3094 2880 dicentem
3136 2825 3284 2881 fratri
3313 2843 3416 2883 suo
3435 2871 3450 2896 ,
3484 2830 3597 2884 Fa-

2010 2917 2113 2971 tue,
2145 2923 2292 2964 reum
2322 2910 2580 2979 gehennae
2609 2923 2840 2980 putaret,
2871 2914 2972 2969 nisi
3001 2915 3208 2972 Veritas
3232 2918 3471 2975 diceret?
3499 2921 3599 2977 Cui

2012 3006 2189 3054 tamen
2222 3001 2424 3054 vulneri
2467 3002 2698 3071 subjecit
2725 3006 2981 3060 continuo
3009 3007 3362 3078 medicinam,
3393 3025 3600 3082 prtere-

2011 3099 2158 3158 ptum
2181 3088 2430 3145 fraterna:
2448 3095 2894 3148 reconciliationis
2917 3097 3213 3170 adjungens
3233 3119 3244 3152 :
3266 3118 3384 3156 mox
3404 3105 3602 3175 quippe

2011 3180 2118 3246 ait,
2148 3181 2208 3236 Si
2253 3199 2370 3254 ergo
2401 3182 2552 3252 offers
2576 3186 2591 3213 ί
2625 3201 2804 3237 munus
2843 3194 2985 3240 tuum
3009 3189 3076 3242 ad
3114 3191 3308 3257 altare,
3334 3202 3382 3246 et
3407 3195 3476 3247 ibi
3518 3212 3602 3250 rc-

2012 3272 2250 3328 cordatus
2293 3275 2450 3344 fueris
2471 3315 2484 3340 ,
2518 3275 2636 3343 quia
2664 3277 2824 3343 frater
2853 3287 2971 3331 tuus
3001 3279 3148 3334 habet
3185 3283 3378 3352 aliquid
3419 3286 3604 3340 adver-

2012 3383 2123 3420 sum
2136 3376 2202 3434 te,
2219 3377 2321 3422 etc.
2346 3368 2550 3440 (Matth.
2583 3385 2634 3436 ν,
2649 3369 2739 3434 22,
2758 3370 2874 3443 25).
2893 3373 3126 3444 Autquis
3138 3377 3424 3433 mstiinaret
3444 3395 3604 3450 quant

2014 3475 2262 3530 magnum
2308 3471 2581 3530 peccatum
2613 3463 2714 3528 sit,
2746 3462 2863 3518 dies
2891 3464 3177 3521 observare
3218 3477 3272 3522 et
3302 3484 3516 3526 menses
3544 3483 3600 3529 et

2015 3569 2185 3606 annos
2213 3562 2268 3609 et
2311 3563 2550 3624 tempora
2571 3596 2586 3622 ,
2619 3558 2755 3612 sicut
2795 3557 3082 3614 observant
3108 3562 3196 3630 qui
3225 3565 3388 3619 certis
3412 3567 3606 3625 diebus

2017 3645 2129 3699 sive
2157 3645 2429 3700 mensibus
2453 3648 2566 3701 sive
2591 3649 2744 3702 annis
2768 3649 2954 3704 volunt
2975 3651 3056 3704 vel
3089 3652 3277 3708 nolunt
3303 3657 3500 3727 aliquid
3524 3659 3607 3713 in-

2017 3736 2233 3804 choare,
2257 3754 2320 3792 eo
2347 3739 2489 3806 quod
2519 3741 2811 3794 secundum
2841 3757 3008 3796 vanas
3032 3742 3303 3800 doctrinas
3331 3749 3609 3808 hominum

2019 3828 2185 3882 fausta
2206 3829 2285 3883 vel
2313 3828 2534 3882 infausta
2567 3830 2875 3886 existiment
2901 3841 3160 3900 tempora;
3182 3836 3283 3889 nisi
3305 3837 3462 3906 hujus
3475 3841 3608 3898 mali

2020 3922 2439 3991 magnitudinem
2485 3936 2548 3975 ex
2583 3923 2774 3977 timore
2813 3924 3056 3991 Apostoli
3105 3939 3482 3994 pensaremus,
3515 3933 3610 4001 qui

2021 4011 2214 4065 talibus
2241 4015 2312 4064 ait
2331 4053 2344 4075 ,
2383 4011 2554 4065 Timeo
2582 4027 2670 4066 vos
2689 4053 2702 4076 ,
2731 4028 2793 4066 ne
2816 4016 2946 4084 forte
2966 4014 3075 4068 sine
3093 4031 3250 4071 causa
3271 4017 3609 4078 laboraverim
3683 4024 3686 4026 ⁷

2019 4105 2073 4159 in
2098 4106 2234 4158 vobis
2264 4104 2456 4172 (Colat.
2489 4121 2540 4158 tv
2561 4147 2576 4170 ,
2612 4105 2743 4173 Il)?

2093 4199 2321 4254 CAPUT
2351 4198 2563 4253 LXXX.
2587 4228 2659 4240 —
2680 4198 2898 4253 Peccata
2926 4202 3211 4271 horrenda,
3241 4221 3338 4259 usu
3379 4207 3614 4263 uidentur

2024 4292 2173 4346 levia.
2203 4292 2316 4346 Huc
2345 4290 2550 4346 accedit
2569 4293 2590 4322 ³
2619 4292 2760 4361 quod
2789 4303 3003 4361 peccata
3025 4335 3038 4360 ,
3068 4299 3313 4365 quamvis
3337 4310 3525 4369 magna
3555 4309 3613 4357 et

2026 4383 2314 4447 horrenda,
2345 4398 2465 4438 cum
2495 4381 2550 4436 in
2577 4384 3017 4440 consuetudinem
3045 4389 3308 4453 venerint,
3333 4399 3425 4444 aut
3449 4403 3611 4460 parva

2026 4484 2117 4530 aut
2162 4474 2300 4528 nulla
2327 4488 2452 4529 esse
2488 4473 2812 4540 creduntur;
2846 4491 3014 4545 usque
3037 4477 3174 4533 adeo
3205 4489 3259 4533 ut
3303 4497 3408 4534 non
3435 4484 3611 4539 solum

2028 4583 2134 4622 non
2178 4565 2528 4632 occultanda,
2562 4582 2747 4620 verum
2790 4569 2948 4621 etiam
2982 4570 3315 4636 prmdicanda
3355 4589 3416 4627 ac
3455 4575 3613 4629 dith-

2029 4658 2221 4712 manda
2245 4657 2556 4719 videantur,
2591 4655 2836 4725 quando,
2877 4657 3014 4710 sicut
3040 4663 3292 4727 scriptum
3319 4670 3437 4725 est,
3469 4663 3612 4720 La-

2030 4749 2181 4800 datur
2225 4754 2456 4815 peccator
2480 4745 2533 4797 in
2563 4745 2827 4798 desideriis
2851 4748 3034 4800 animae
3072 4763 3178 4802 sua:
3197 4790 3213 4814 ,
3243 4761 3291 4804 et
3329 4753 3417 4822 qui
3437 4755 3616 4823 iniqua

2031 4842 2154 4910 gerit
2184 4837 2490 4891 benedicitur
2516 4835 2688 4904 (Psal.
2722 4852 2796 4901 ix,
2823 4835 2936 4906 24).
2968 4837 3112 4891 Talis
3140 4840 3190 4892 in
3223 4841 3415 4896 divinis
3441 4843 3618 4900 Libris

2033 4929 2283 4998 iniquitas
2299 4929 2500 4982 clamor
2517 4935 2756 4981 vocatur.
2785 4925 2931 4980 Sient
2949 4927 3113 4981 habes
3140 4931 3278 4997 apud
3298 4930 3482 4987 Isaiam
3503 4929 3641 5001 βίη-ν’

2036 5025 2245 5090 νιιιιῑιιιιι
2277 5019 2344 5073 de
2374 5021 2524 5072 vinea
2569 5019 2705 5070 mala
2738 5032 2751 5068 :
2787 5016 3119 5086 Exspectavi,
3163 5020 3364 5088 inquit,
3398 5033 3451 5076 ut
3477 5028 3620 5095 face-

2033 5121 2104 5164 ret
2121 5110 2394 5181 judicium,
2418 5108 2533 5178 fecit
2558 5116 2722 5160 autem
2743 5105 3053 5175 iniquitatem
3077 5107 3130 5176 ⁸,
3155 5119 3202 5163 et
3225 5126 3327 5164 non
3344 5114 3619 5183 Ῑιωιέηωη,

2033 5201 2120 5254 sed
2145 5200 2413 5252 clamorem
2440 5199 2491 5267 (1
2500 5198 2592 5249 sai.
2614 5212 2666 5262 ν,
2687 5194 2762 5266 7).
2790 5194 2937 5250 Unde
2959 5204 3045 5251 est
3067 5209 3121 5253 et
3146 5199 3275 5255 illud
3304 5204 3354 5255 in
3383 5205 3576 5259 Genesi
3603 5224 3619 5263 :

2036 5292 2238 5346 Clamor
2263 5289 2602 5344 Sodomorum
2624 5295 2669 5340 ct
2691 5285 3140 5345 Gomorrhworum
3161 5293 3524 5361 multiplicatus
3546 5306 3622 5354 est

2035 5383 2185 5455 (Gen.
2218 5397 2372 5446 xvm,
2418 5380 2535 5452 ‘20).
2565 5379 2697 5446 Quia
2741 5394 2850 5432 non
2876 5381 3046 5436 solum
3073 5382 3184 5451 jam
3210 5385 3346 5451 apud
3375 5400 3467 5438 eos
3509 5403 3618 5442 non

2039 5476 2389 5547 puniebantur
2421 5474 2505 5526 illa
2539 5472 2734 5541 flagitia
2755 5512 2771 5537 ,
2805 5487 2987 5527 verum
3019 5477 3176 5528 etiam
3211 5476 3418 5543 publice
3461 5477 3621 5534 veluti

2036 5571 2149 5637 lege
2171 5565 2659 5636 frequentabantur.
2682 5563 2769 5618 Sic
2795 5566 2988 5619 nostris
3012 5567 3336 5638 temporibus
3357 5567 3426 5622 ita
3447 5569 3620 5630 multa

2104 5664 2117 5724 ε
2155 5665 2202 5706 In
2227 5665 2354 5716 Mss,
2390 5658 2581 5724 offeres.
2620 5663 2902 5724 Grteee‘est,
2936 5654 3239 5724 prospherés.

2103 5723 2120 5750 ⁷³
2156 5729 2259 5767 Lor.
2289 5728 2338 5767 et
2378 5717 2485 5765 Arn.
2511 5717 2621 5767 hinc
2646 5717 2824 5766 accidit
2845 5729 2861 5764 .'
2886 5717 3042 5764 tttiuus
3063 5717 3210 5767 bene.

2107 5784 2124 5811 ³
2162 5791 2362 5832 Veteres
2377 5788 2484 5832 Mss.
2504 5781 2618 5843 duo,
2639 5778 2749 5842 fecit
2771 5783 2928 5829 autent
2945 5777 3152 5840 facinus.
