4144 6212
475 315 479 319 ’
535 316 635 374 271

536 430 675 485 mala
696 471 712 498 ,
743 428 843 485 etsi
872 443 977 484 non
1007 428 1128 483 talia
1150 469 1164 493 ,
1194 428 1246 480 in
1272 436 1508 497 apertam
1534 423 1977 481 consuetudinem
2006 422 2114 494 iam

534 528 799 578 venerunt
818 561 834 587 ,
864 526 923 573 ut
949 531 1045 588 pro
1074 517 1156 572 his
1184 533 1292 572 non
1321 518 1494 572 solum
1525 514 1992 572 excommunicare
2017 513 2116 567 ali-

533 628 693 685 quem
737 610 929 667 laicum
961 623 1067 664 non
1112 610 1440 678 audeamus,
1470 608 1565 665 sed
1596 621 1697 664 nec
1740 606 1995 663 clericum
2024 604 2118 660 de-

532 703 775 776 gradere.
792 699 947 757 Unde
967 714 1089 755 cum
1112 714 1435 770 exponerem
1451 709 1577 754 ante
1591 699 1788 770 aliquot
1816 711 1983 752 annos
1998 695 2118 765 Epi-

531 793 722 847 stolam
751 789 818 845 ad
845 790 1083 858 Galatas,
1114 791 1168 845 in
1198 804 1264 845 eo
1288 789 1405 859 ipso
1442 790 1560 845 loco
1588 789 1675 843 ubi
1703 789 1777 843 ait
1803 787 2113 858 Apostolus,

444 940 489 961 ἡ
533 882 706 937 Timeo
728 898 814 936 vos
838 898 902 935 ne
925 878 1057 951 forte
1083 881 1193 936 sine
1215 897 1369 934 causa
1396 880 1726 934 laboraverim
1756 880 1808 932 in
1833 878 2002 942 vobis;
2023 892 2118 933 ex-

462 940 489 1071 i
531 977 762 1031 clamare
802 973 1110 1043 compulsus
1138 988 1256 1028 sum
1290 991 1304 1026 :
1342 991 1362 1025 ι
1392 973 1483 1026 Vae
1528 972 1756 1042 peccatis
1800 971 2073 1024 hominum
2098 1010 2114 1035 ,

532 1082 650 1136 qua:
674 1064 786 1119 sola
821 1064 1068 1118 inusitata
1095 1063 1523 1118 exhorrescimus
1557 1080 1569 1114 :
1604 1062 1793 1115 usitata
1825 1074 1987 1124 vero,
2021 1073 2118 1129 pro

490 1144 497 1227 ξ
529 1157 724 1226 quibus
751 1154 1029 1210 abluendis
1060 1154 1180 1208 Filii
1209 1155 1303 1208 Dei
1334 1153 1549 1224 sanguis
1576 1151 1773 1206 cﬁ‘usus
1800 1160 1901 1218 est,
1932 1166 2117 1221 quam-

494 1232 502 1277 ξ
532 1248 616 1301 vis
647 1256 752 1299 tam
796 1261 985 1315 magna
1012 1246 1153 1310 sint,
1182 1252 1238 1298 ut
1262 1245 1482 1298 onmino
1507 1242 1682 1297 claudi
1725 1250 1910 1295 contra
1943 1256 2001 1295 se
2040 1240 2119 1295 fa-

530 1340 673 1394 ciant
716 1354 937 1409 regnum
986 1339 1083 1393 Dei
1107 1339 1123 1368 ί
1144 1379 1159 1404 ,
1192 1353 1337 1407 saepe
1364 1337 1593 1391 videndo
1625 1335 1802 1390 omnia
1847 1336 2075 1390 tolerare
2097 1375 2113 1401 ,

508 1408 677 1507 {saepe
704 1408 979 1485 tolerando
1001 1431 1253 1484 nonnulla
1280 1429 1439 1484 etiam
1469 1428 1646 1483 facere
1675 1428 1939 1499 cogimur!
1959 1435 2119 1496 atque

531 1523 771 1588 utinam,-
790 1538 822 1576 o
849 1522 1093 1588 Domine,
1115 1536 1221 1575 non
1250 1521 1429 1574 omnia
1463 1536 1582 1589 qua:
1607 1534 1713 1573 non
1743 1512 2076 1589 potuerimus
2096 1518 2117 1549 ¹

531 1613 817 1684 prohibere
837 1653 851 1677 ,
897 1612 1151 1666 faciamus
1174 1630 1193 1663 ›
1216 1610 1435 1682 (Expos.
1454 1608 1625 1679 Epist.
1646 1610 1713 1663 ad
1734 1606 1903 1663 Galat.
1925 1624 1976 1661 η.
2000 1606 2115 1678 '55)!

531 1705 639 1760 Sed
670 1705 851 1759 videro
882 1715 1057 1758 utrum
1093 1718 1180 1757 me
1203 1700 1587 1756 immoderatus
1606 1700 1763 1755 dolor
1788 1699 2001 1754 incaute
2021 1696 2120 1752 ali-

529 1795 658 1866 quid
687 1795 1004 1865 compulerit
1032 1793 1233 1848 dicere.

600 1885 827 1940 CAPUT
844 1881 1152 1939 LXXXI.—
1162 1883 1252 1938 22.
1275 1882 1477 1937 Peccati
1496 1898 1663 1935 causa:
1682 1882 1814 1945 duce,
1834 1881 2119 1951 ignorantia

530 1988 576 2032 el
611 1978 901 2046 inﬁrmitas,
947 1991 1072 2046 quas
1117 1991 1260 2029 nemo
1308 1975 1459 2028 vincit
1497 1975 1593 2027 nisi
1622 1974 1862 2026 divinitus
1888 1972 2115 2043 adjutus.

533 2071 646 2123 lloc
687 2083 827 2123 nunc
857 2068 1053 2134 dicam,
1081 2065 1225 2136 quod
1251 2064 1465 2135 quidem
1515 2074 1567 2117 et
1597 2064 1648 2117 in
1680 2063 1799 2117 aliis
1829 2060 2118 2133 Opusculo-

528 2176 649 2214 rum
676 2175 915 2214 meorum
947 2159 1078 2213 locis
1103 2174 1246 2227 smpe
1276 2157 1386 2226 jam
1417 2155 1548 2210 dixi.
1592 2154 1809 2209 Duabus
1846 2169 1912 2208 ex
1943 2152 2119 2208 causis

528 2266 846 2320 peccamus;
893 2258 985 2303 aut
1018 2250 1255 2304 nandum
1281 2247 1511 2304 videndo
1560 2247 1685 2316 quid
1712 2246 1890 2300 facere
1920 2245 2120 2300 debea-

532 2358 670 2408 mus,
719 2349 814 2395 aut
858 2356 964 2395 non
995 2340 1241 2394 faciendo
1268 2339 1407 2409 quod
1437 2339 1635 2393 debere
1674 2337 1795 2392 ﬁeri
1833 2338 1942 2407 jam
1972 2336 2119 2392 vide-

524 2449 648 2487 mus
699 2448 712 2485 :
760 2447 985 2502 quorum
1008 2431 1230 2486 duorum
1260 2430 1388 2484 illud
1438 2430 1750 2500 ignorantia:
1791 2428 1987 2482 malum
2013 2436 2114 2496 est,

528 2526 632 2579 hoc
661 2524 1009 2579 inﬁrmitatis.
1061 2523 1254 2579 Contra
1295 2538 1412 2592 qua:
1461 2521 1677 2591 quidem
1732 2536 1967 2590 pugnare
2020 2535 2119 2576 nos

527 2617 778 2672 convenit
809 2635 821 2669 :
870 2616 966 2671 sed
994 2615 1235 2686 profecto
1265 2615 1547 2681 vincimur,
1596 2616 1698 2667 nisi
1736 2614 1989 2668 divinitus
2018 2614 2116 2668 ad-

523 2708 792 2778 juvemur,
825 2717 882 2761 ut
907 2722 1014 2760 non
1038 2707 1209 2761 solum
1232 2706 1509 2761 videamus
1533 2705 1661 2776 quid
1689 2704 1988 2759 faciendum
2021 2704 2112 2771 sit,

526 2798 625 2854 sed
670 2799 830 2853 etiam
888 2796 1180 2852 accedente
1227 2795 1493 2849 sanitate'
1549 2794 1838 2849 delectatio
1895 2794 2116 2864 iustitia:

527 2892 705 2946 vincat
732 2893 784 2944 in
814 2890 971 2945 nobis
1006 2904 1188 2944 earum
1214 2886 1396 2943 rerum
1421 2887 1828 2952 delectationes,
1866 2902 1999 2957 quas
2030 2886 2117 2943 vel

527 2983 729 3040 habere
752 2981 1038 3053 cupiendo,
1067 2981 1153 3036 vel
1176 2980 1421 3034 amittere
1450 2978 1764 3045 metuendo,
1789 2977 2021 3033 scientes
2040 2977 2120 3032 vi-

492 3072 821 3147 ‘dentesque
873 3089 1192 3147 peccamus;
1233 3073 1342 3161 ja/m
1401 3089 1506 3127 non
1560 3073 1732 3127 solum
1784 3080 2147 3141 peccatores,

526 3168 672 3240 quod
711 3180 926 3223 eramus
962 3167 1121 3222 etiam
1166 3180 1287 3220 cum
1330 3180 1425 3235 per
1459 3165 1814 3235 ignorantiam
1858 3164 2117 3234 peccaba-

526 3274 669 3325 mus,
698 3273 884 3312 verum
916 3258 1073 3312 ctiam
1116 3256 1247 3327 legis
1276 3256 1730 3324 prawaricatores,
1758 3270 1881 3308 cum
1922 3254 1975 3309 id
2011 3268 2117 3309 non

471 3362 474 3365 λ
526 3353 752 3407 facimus
801 3349 942 3422 quod
992 3347 1289 3403 faciendum
1316 3388 1331 3413 ,
1378 3348 1462 3401 vel
1543 3346 1763 3402 facimus
1816 3346 1961 3417 quod
2010 3361 2117 3402 non

526 3444 827 3499 faciendum
854 3457 971 3498 esse
993 3440 1103 3512 jam
1126 3439 1343 3494 scimus.
1366 3439 1704 3509 Quapropter
1737 3454 1842 3493 non
1870 3438 2040 3492 solum
2068 3438 2115 3494 si

529 3534 869 3606 peccavimus
902 3543 960 3588 ut
994 3534 1255 3603 ignoscat,
1284 3539 1503 3600 propter
1542 3530 1683 3600 quod
1724 3530 1974 3598 dicimus,
2015 3528 2116 3584 Di-

527 3627 670 3680 mitte
697 3624 838 3679 nobis
861 3624 1025 3677 debita
1055 3631 1247 3688 nostra,
1274 3622 1405 3674 sicut
1433 3628 1483 3675 et
1508 3636 1602 3674 nos
1640 3620 1943 3676 dimittimus
1976 3620 2119 3676 debi-

530 3718 721 3772 toribus
750 3715 968 3780 nostris;
1005 3729 1193 3770 verum
1221 3714 1382 3768 etiam
1425 3727 1494 3768 ne
1524 3727 1808 3783 peccemus
1849 3723 1906 3768 ut
1945 3722 2114 3783 regat,

527 3820 747 3887 propter
773 3809 913 3881 quod
942 3808 1192 3873 dicimus,
1235 3806 1316 3860 Ne
1345 3823 1436 3860 nos
1464 3808 1659 3878 inferas
1696 3807 1749 3861 in
1792 3808 2117 3862 tentationem

500 3928 505 3943 μ
534 3906 745 3979 (Matth.
781 3921 854 3973 Vl,
885 3900 969 3970 12,
997 3898 1129 3975 15);
1159 3899 1254 3958 ille
1281 3898 1550 3972 rogandus
1580 3909 1680 3969 est,
1713 3899 1797 3958 cui
1837 3899 2031 3958 dicitur
2062 3899 2115 3961 in

529 3999 765 4063 Psalmo,
797 3996 1043 4050 Dominus
1067 3994 1372 4049 illuminatio
1407 4011 1520 4049 mea
1565 4006 1611 4048 et
1640 3995 1779 4050 salus
1804 4012 1913 4049 mea
1943 3994 2115 4069 (Psal.

529 4108 676 4157 xxvr,
713 4091 766 4161 1)
790 4107 804 4156 ;
832 4098 889 4144 ut
917 4088 1235 4143 illuminatio
1270 4087 1520 4142 detrahat
1557 4088 1944 4158 ignorantiam,
1975 4090 2117 4147 salus

530 4185 917 4239 inﬁrmitatem.

603 4268 827 4326 CAPUT
865 4266 1124 4322 LXXXII.
1163 4295 1237 4307 -——
1282 4266 1588 4320 Paenitentia
1616 4267 1713 4322 Dei
1750 4270 1957 4324 donum.
1985 4271 2117 4326 Nam

530 4374 590 4422 et
611 4364 722 4434 ipsa
752 4361 1086 4432 poenitentia,
1109 4357 1323 4431 quando
1346 4358 1504 4429 digna
1526 4374 1686 4414 causa
1715 4371 1799 4417 est
1823 4364 2117 4420 secundum

529 4470 738 4516 morem
778 4453 1031 4510 Ecclesiae
1058 4468 1155 4508 cur
1200 4459 1404 4522 agatur,
1451 4453 1765 4523 plerumque
1811 4455 2121 4513 infirmitate

531 4567 643 4610 non
670 4548 874 4621 agitur;
911 4547 1033 4619 quia
1060 4555 1116 4603 et
1140 4544 1312 4616 pudor
1336 4545 1498 4600 timor
1517 4555 1599 4601 est
1627 4546 1964 4618 displicendi,
1990 4550 2117 4606 dum

530 4647 655 4719 plus
679 4643 912 4699 delectat
939 4640 1211 4695 hominum
1235 4638 1581 4705 existimatio,
1608 4655 1764 4709 quam
1787 4641 1988 4712 justitia
2016 4658 2119 4712 qua

518 4752 595 4802 ,se
619 4734 842 4808 quisque
870 4730 1114 4787 humiliat
1135 4730 1464 4800 paenitendo.
1493 4729 1646 4786 Unde
1672 4748 1776 4786 non
1806 4734 1978 4789 solum
1998 4749 2121 4790 cum

532 4830 712 4903 agitur
737 4825 1069 4898 paenitentia,
1118 4839 1300 4878 verum
1330 4824 1489 4879 etiam
1518 4833 1575 4877 ut
1598 4834 1803 4894 agatur,
1833 4827 1928 4883 Dei
1956 4831 2120 4887 mise-

532 4922 766 4981 ricordia
789 4920 1088 4976 necessaria
1133 4926 1236 4972 est.
1266 4916 1514 4986 Alioquin
1542 4932 1646 4970 non
1671 4915 1873 4973 diceret
1891 4920 2123 4990 Aposto-

532 5014 622 5070 lus
640 5012 707 5066 de
731 5010 1047 5081 quibusdam
1073 5026 1089 5063 :
1113 5006 1196 5061 Ne
1221 5011 1351 5081 forte
1375 5007 1457 5061 det
1482 5007 1586 5060 illis
1614 5006 1751 5062 Deus
1778 5011 2121 5080 paenitentiam

534 5100 745 5173 (llTim.
762 5115 821 5165 ιι,
835 5099 1026 5171 25).Et
1042 5108 1098 5154 ut
1112 5099 1300 5154 Petrus
1315 5112 1494 5153 amare
1510 5094 1681 5165 ﬁeret,
1697 5101 1952 5169 praemisit
1965 5118 2121 5161 evan-

601 5259 621 5323 _‘
654 5251 800 5307 Ρειιιο
812 5250 1068 5323 alii“?
1089 5253 1729 5323 ωυρωὶιίοηὲβυίειιὶιέε
1745 5255 1806 5305 ad
2037 5262 2121 5323 “bi

533 5319 763 5384 habetur,
786 5329 836 5384 Ξ.
855 5315 946 5365 35:
966 5312 1140 5384 usitata
1167 5312 1279 5384 vero
1310 5329 1399 5378 pro
1421 5312 1593 5384 quibus
1621 5312 1879 5384 (nimim
1896 5312 2123 5384 Da.

535 5378 733 5446 sanguis
748 5374 933 5449 effusus
955 5382 1043 5449 est,
1538 5377 1631 5428 sint
1644 5412 1658 5437 ,
1683 5385 1729 5428 et
1750 5378 1939 5431 cumino
1955 5383 2120 5436 claudi

538 5439 703 5495 eorum
724 5439 977 5502 se’faciant
997 5448 1199 5499 regnum
1224 5439 1326 5487 Dei.
1392 5445 1447 5487 Μ.

607 5507 628 5536 ¹
662 5503 780 5572 εςιέιί
802 5498 1133 5572 ’.Ροίθῗίηηέδι
1175 5496 1357 5572 “eiii”.
1384 5509 1512 5572 MSS"

538 5567 783 5625 Expositio
798 5558 943 5615 citata
961 5559 1181 5625 Epistulae
1200 5558 1258 5608 ad
1282 5561 1481 5611 Galatas.

660 5635 788 5677 Unus
812 5640 841 5676 e
856 5624 1141 5675 eolbertinis
1162 5624 1522 5673 Vetustissimos
1542 5625 1717 5687 codex,
1740 5629 1994 5680 accedente
2009 5645 2120 5681 sua-

539 5688 682 5740 vitate
698 5701 716 5738 :
737 5702 835 5749 non
856 5689 1044 5749 inepte.
1064 5687 1226 5749 Aptius
1249 5690 1408 5749 tamen
1434 5693 1536 5733 MSS.
1562 5690 1727 5749 ceteri
1749 5698 1799 5739 et
1823 5692 1956 5749 editi,
1983 5707 2119 5743 arre-

540 5752 681 5800 deute
697 5747 897 5800 sanitate
923 5745 1059 5810 :‘qua
1274 5746 1483 5810 pellatur
1505 5746 1680 5798 malum
1704 5745 2002 5804 inﬁrmitatis.

1558 5503 1868 5566 potuerimus.
1891 5513 2005 5556 Nam
2048 5510 2118 5557 sic

1032 311 1492 379 ENCHIRIDION,
1533 307 1688 368 SIVE
1729 307 1817 362 DE
1855 305 2037 375 FIDE,
2079 305 2209 362 SPE
2251 305 2337 360 ET
2374 304 2791 371 CHARI'I‘ATE,
2832 305 2891 361 S.
2932 302 3304 361 AUGUSTINI

3701 305 3817 365 272

2226 420 2503 490 gelista,et
2521 420 2595 474 ait
2616 438 2631 474 :
2655 420 2895 491 Respexit
2920 436 3034 472 eum
3057 418 3303 473 Dominus
3346 418 3501 490 (Luc.
3533 436 3663 488 χιιι,
3690 421 3814 496 61).

2294 510 2519 568 CAPUT
2559 510 2838 566 LXXXIII.
2882 509 3155 565 Peccatum
3183 511 3237 564 in
3272 510 3525 581 Spiritum
3555 525 3812 572 sanctum.

2224 602 2324 672 Qui
2355 619 2481 658 vero
2525 604 2578 658 in
2623 603 2861 658 Ecclesia
2916 603 3113 659 remitti
3160 611 3375 673 peccata
3423 618 3529 658 non
3559 606 3813 676 credens,

2224 696 2516 749 contemnit
2562 704 2765 750 tantam
2809 695 2978 750 divini
3026 695 3264 750 muneris
3303 695 3625 766 largitatem,
3673 701 3816 756 etin

2224 782 2327 840 hac
2349 783 2705 839 obstinatione
2732 784 2924 840 mentis
2942 784 3084 839 diem
3115 784 3315 839 claudit
3339 795 3660 855 extremum,
3687 804 3816 846 reus

2224 882 2306 929 est
2333 874 2425 929 illo
2455 875 2809 930 irrcmissibili
2848 884 3067 945 peccato
3093 876 3147 930 in
3176 875 3429 946 Spiritum
3461 888 3728 944 sanctum,
3756 880 3815 935 in

2225 980 2330 1035 quo
2359 964 2600 1020 Christus
2636 976 2850 1036 peccata
2879 967 3116 1022 dimittit.
3158 968 3233 1023 De
3253 984 3355 1039 qua
3382 971 3679 1040 quaestione
3708 972 3817 1027 dif-

2227 1055 2351 1110 ﬁcili
2379 1055 2430 1109 in
2461 1056 2690 1126 quodam
2732 1069 2946 1127 propter
2972 1056 3072 1112 hoc
3093 1058 3266 1113 solum
3292 1061 3597 1131 conscripto
3634 1063 3817 1119 libello

2227 1149 2677 1212 enucleatissime,
2701 1159 2956 1219 quantum
2987 1150 3154 1219 potui,
3187 1152 3452 1220 disputavi
3480 1152 3578 1224 (a).

2296 1238 2522 1294 CAPUT
2560 1237 2847 1295 LXXXIV.
2883 1270 2951 1279 —
2980 1240 3069 1294 25.
3104 1239 3180 1293 De
3215 1242 3383 1295 carnis
3427 1250 3813 1299 resurrectione.

2224 1330 2340 1384 .lam
2370 1346 2496 1385 vero
2521 1330 2588 1386 de
2616 1333 3008 1387 resurrectione
3042 1333 3241 1395 carnis.
3283 1348 3389 1388 non
3434 1335 3572 1388 sicut
3598 1337 3815 1404 quidam

2224 1422 2552 1488 revixerunt,
2601 1423 2898 1495 iterumque
2927 1426 3291 1491 suntmortui,
3322 1424 3416 1479 sed
3457 1425 3509 1479 in
3555 1437 3812 1483 aeternam

2223 1515 2408 1582 vitam,
2454 1515 2593 1569 sicut
2623 1514 2822 1571 Christi
2858 1516 3024 1587 ipsius
3075 1532 3202 1573 caro
3248 1519 3560 1584 resurrexit,
3621 1535 3812 1589 quem-

2224 1605 2511 1660 admodum
2559 1607 2757 1676 possim
2806 1606 3042 1662 breviter
3092 1606 3402 1676 disputare,
3455 1617 3509 1662 et
3562 1611 3814 1666 omnibus

2224 1697 2605 1768 quaestionibus
2641 1713 2761 1768 quae
2792 1697 2859 1753 de
2900 1698 3000 1753 hac
3029 1714 3086 1753 re
3131 1700 3332 1754 moveri
3360 1699 3617 1766 assolent,
3652 1703 3814 1756 satis—

2226 1789 2400 1846 facere
2443 1806 2549 1847 non
2588 1792 2819 1846 invenio.
2860 1790 3313 1847 Resurrecturam
3378 1800 3552 1848 tamen
3592 1809 3810 1850 carnem

2224 1883 2460 1938 omnium
2485 1883 2804 1953 quicumque
2828 1882 2940 1936 nati
2964 1892 3089 1937 sunt
3112 1882 3385 1938 hominum
3405 1893 3561 1954 atque
3587 1898 3813 1938 nascen-

2225 1982 2329 2039 tur,
2356 1984 2411 2029 et
2435 1974 2632 2028 mortui
2662 1981 2785 2028 sunt
2808 1982 2969 2044 atque
2999 1975 3313 2042 morientur,
3346 1975 3491 2030 nullo
3525 1975 3685 2030 modo
3707 1976 3811 2030 du-

2222 2065 2396 2121 bitare
2423 2064 2583 2120 debet
2609 2065 2955 2120 christianus.

2294 2154 2521 2212 CAPUT
2559 2154 2818 2210 LXXXV.
2855 2154 3104 2210 —Fetus
3149 2155 3360 2208 abortivi
3411 2172 3476 2208 an
3526 2166 3810 2227 resurgeut.

2225 2249 2377 2305 Unde
2406 2250 2577 2318 primo
2606 2248 2841 2304 occurrit
2865 2248 2930 2303 de
2946 2247 3201 2302 abortivis
3228 2247 3420 2303 fetibus
3446 2249 3695 2318 quaestio,
3720 2250 3812 2319 qui

2220 2340 2330 2410 jam
2357 2340 2570 2411 quidem
2599 2340 2707 2394 nati
2739 2347 2865 2394 sunt
2886 2339 2936 2392 in
2968 2339 3134 2393 uteris
3161 2347 3412 2406 matrum,
3447 2338 3539 2393 sed
3572 2339 3809 2395 nondum

2224 2432 2295 2487 ita
2329 2441 2383 2486 ut
2398 2432 2506 2502 jam
2535 2440 2753 2501 possent
2780 2432 3007 2487 renasci.
3039 2430 3094 2488 Si
3120 2432 3261 2485 enim
3284 2444 3681 2488 resurrecturos
3715 2449 3810 2490 eos

2222 2524 2552 2588 dixerimus;
2592 2523 2661 2578 de
2687 2524 2750 2577 iis
2777 2524 2868 2594 qui
2902 2523 3012 2593 jam
3052 2522 3262 2578 formati
3289 2533 3437 2590 sunt,
3462 2524 3677 2578 tolerari
3708 2540 3808 2595 po-

2223 2624 2330 2672 test
2355 2625 2639 2684 utcumque
2664 2615 2808 2685 quod
2833 2615 3026 2671 dicitur
3057 2634 3071 2671 :
3105 2615 3363 2670 informes
3395 2631 3523 2670 vero
3552 2614 3773 2671 abortus
3792 2618 3808 2648 ί
3855 2675 3858 2677 Α

2224 2709 2344 2779 quis
2394 2721 2502 2762 non
2541 2707 2834 2779 proclivius
2865 2710 3037 2779 perire
3083 2707 3386 2774 arbitretur,
3427 2708 3562 2762 sicut
3605 2708 3811 2763 semina

2223 2816 2343 2871 quae
2378 2809 2634 2870 concepta
2667 2816 2773 2855 non
2815 2798 3048 2856 fuerint?
3088 2800 3196 2855 Sed
3227 2800 3349 2871 quis
3376 2816 3569 2870 negare
3594 2801 3807 2868 audeat,

2223 2891 2325 2946 etsi
2368 2890 2639 2946 afﬁrmare
2685 2906 2790 2945 non
2822 2890 3035 2958 audeat,
3085 2889 3137 2945 id
3173 2901 3409 2945 acturam
3458 2892 3810 2946 resurrectio-

2222 2996 2366 3049 nem,
2397 2991 2456 3036 ut
2494 2980 2714 3052 quiquid
2753 2981 2938 3036 formae
2977 2981 3147 3036 defuit
3188 2981 3508 3051 impleatur?
3538 2984 3711 3052 Atque
3740 2983 3811 3037 ita

2224 3089 2332 3129 non
2354 3063 2495 3128 desit
2551 3071 2843 3143 perfectio,
2892 3088 3011 3143 qua:
3068 3087 3344 3127 accessura
3403 3082 3519 3126 erat
3549 3082 3808 3142 tempore,

2186 3188 2191 3195 ·
2223 3163 2669 3235 quemadmodum
2697 3179 2803 3219 non
2832 3173 2990 3219 erunt
3015 3165 3139 3218 vitia
3170 3180 3288 3234 qua:
3312 3174 3651 3219 accesserant
3680 3174 3812 3220 tem-

2220 3271 2356 3328 pore
2389 3275 2403 3311 :
2430 3265 2490 3311 ut
2521 3272 2694 3327 neque
2722 3256 2774 3311 in
2801 3272 2868 3312 eo
2888 3257 3031 3327 quod
3068 3266 3247 3327 aptum
3286 3265 3342 3312 et
3362 3272 3655 3328 congruum
3694 3259 3812 3315 dies

2223 3348 2433 3403 allaturi
2459 3347 2691 3415 fuerant,
2721 3356 2909 3402 natura
2938 3348 3250 3415 fraudetur;
3277 3363 3452 3419 neque
3490 3349 3545 3405 in
3574 3365 3638 3406 eo
3666 3350 3814 3421 quod

2222 3440 2506 3496 adversum
2532 3449 2693 3511 atque
2736 3442 3063 3495 contrarium
3103 3439 3221 3496 dies
3266 3440 3590 3510 attulerant,
3620 3451 3813 3499 natura

2223 3541 2502 3603 turpetur;
2530 3533 2627 3589 sed
2649 3534 2940 3604 integretur
2960 3533 3101 3604 quod
3119 3531 3354 3588 nondum
3384 3535 3810 3605 eratintegrum,

2222 3625 2359 3681 sicut
2386 3625 2768 3680 instaurabitur
2794 3624 2939 3695 quod
2960 3625 3133 3680 fuerat
3160 3625 3401 3680 vitiatum
3426 3625 3527 3698 (b).

2294 3716 2519 3774 CAPUT
2556 3716 2843 3773 LXXXVI.
2894 3747 2966 3757 —
3012 3716 3170 3772 Fetus
3214 3718 3269 3771 in
3324 3727 3465 3773 utero
3489 3720 3693 3791 quando
3732 3721 3813 3774 vi-

2224 3824 2336 3864 vere
2363 3809 2593 3879 incipiat.
2620 3811 2697 3862 Ae
2718 3823 2813 3878 per
2833 3807 2938 3863 hoc
2964 3807 3427 3876 scrupulosissime
3465 3811 3682 3879 quidem
3732 3811 3816 3866 in-

2225 3912 2306 3963 ter
2335 3900 2675 3961 doctissimos
2699 3904 2868 3977 quaeri
2890 3921 2953 3959 ac
2973 3899 3229 3975 disputari
3254 3910 3445 3975 potest,
3470 3901 3612 3971 quod
3634 3912 3813 3958 utrum

2225 3999 2293 4053 ab
2318 3998 2532 4052 homine
2572 3997 2803 4053 inveniri
2858 3997 3025 4068 possit
3073 3997 3279 4068 ignoro,
3328 3996 3544 4069 quando
3593 3994 3812 4073 incipiat

2225 4089 2388 4146 homo
2413 4091 2464 4145 in
2481 4098 2635 4146 utero
2656 4091 2865 4157 vivere;
2893 4100 3069 4146 utrum
3095 4091 3167 4145 sit
3189 4091 3433 4162 quaedam
3460 4094 3566 4148 vita
3592 4105 3647 4151 et
3672 4097 3691 4126 ²
3714 4112 3811 4153 oc-

2234 4184 2374 4239 culta
2393 4224 2410 4251 ,
2437 4199 2555 4254 qua:
2605 4182 2841 4239 nondum
2867 4184 3098 4239 motibus
3124 4183 3352 4239 viventis
3383 4194 3653 4256 appareat.
3676 4185 3811 4241 Nam

2224 4289 2421 4345 negare
2438 4274 2637 4329 vixisse
2671 4274 2973 4345 puerperia,
3008 4290 3128 4346 quae
3154 4283 3434 4346 propterea
3469 4262 3809 4333 membratim

2223 4373 2546 4421 exsecantur
2570 4375 2625 4421 et
2660 4365 2947 4436 ejiciuntur
2983 4381 3049 4422 ex
3094 4368 3263 4423 uteris
3302 4370 3709 4440 prmgnantium,
3742 4388 3813 4428 ne

2224 4466 2424 4513 matres
2469 4471 2683 4528 quoque
2720 4457 2763 4512 si
2800 4466 3008 4512 mortua
3047 4458 3118 4513 ibi
3155 4458 3520 4529 relinquantur
3543 4443 3808 4530 occidant:

2224 4547 2550 4619 impudentia
2607 4547 2769 4602 nimia
2819 4548 3050 4603 videtur.
3111 4549 3191 4603 Ex
3232 4565 3339 4621 quo
3396 4562 3574 4606 autem
3620 4551 3805 4622 incipit

2224 4641 2387 4696 homo
2424 4639 2623 4704 vivere,
2663 4653 2727 4692 ex
2756 4637 2848 4692 illo
2876 4639 3056 4709 utique
3103 4640 3210 4712 jam
3254 4641 3391 4698 mori
3435 4650 3631 4713 potest.
3672 4643 3810 4698 Mor-‘-

2225 4740 2348 4787 tuus
2377 4745 2528 4797 vero,
2558 4728 2877 4799 ubicumque
2905 4731 2981 4785 illi
3008 4747 3154 4788 mors
3184 4735 3354 4803 potuit
3392 4735 3638 4798 evenire,
3670 4751 3805 4805 quo-

2225 4825 2388 4881 modo
2427 4821 2495 4877 ad
2521 4820 2969 4876 resurrectionem
3000 4838 3107 4879 non
3148 4825 3417 4894 pertineat
3452 4836 3806 4895 mortuorum,

2225 4913 2460 4983 reperire
2489 4927 2594 4965 non
2623 4925 2861 4980 possum.

2296 5001 2521 5058 CAPUT
2567 5000 2875 5057 LXXXVII.
2928 5033 2999 5045 —
3050 5004 3330 5061 Moustrosi
3378 5008 3510 5078 fetus
3557 5010 3810 5075 quomodo

2224 5094 2573 5150 resurrecturi.
2597 5093 2782 5165 Neque
2809 5095 2952 5151 enim
2980 5105 3034 5152 et
3080 5106 3318 5151 monstra
3358 5113 3477 5166 quae
3516 5111 3812 5155 nascuntur

2225 5195 2279 5242 et
2311 5186 2523 5252 vivunt,
2572 5186 2865 5256 quamlibet
2913 5187 3020 5241 cito
3059 5188 3385 5251 moriantur,
3431 5196 3523 5242 aut
3563 5206 3809 5247 resurre-

2223 5288 2374 5337 Ctura
2404 5279 2759 5349 negabuntur,
2812 5288 2904 5333 aut
2949 5278 3021 5332 ita
3070 5278 3091 5310 ³
3122 5289 3492 5335 resurrectura
3538 5283 3808 5340 credenda

2288 5391 2304 5421 ⁸
2339 5396 2519 5439 Decem
2536 5398 2663 5451 Mss,
2686 5388 2936 5439 abortivus.

2287 5454 2307 5515 ξ
2342 5459 2440 5515 Am.
2465 5458 2541 5500 Er.
2561 5458 2679 5501 Dan.
2707 5460 2816 5500 Arn.
2844 5458 2896 5500 et
2918 5451 3057 5515 pauci
3080 5458 3183 5503 Mss.
3200 5455 3443 5515 romitunt,
3468 5462 3531 5508 et.

2287 5514 2308 5545 ³
2339 5514 2422 5562 mc
2459 5519 2560 5562 Am.
2598 5519 2674 5561 Er.
2712 5518 2764 5562 el.
2779 5519 2893 5561 Dan.
2922 5513 3132 5575 addunt,
3161 5514 3355 5579 vitiata,
3394 5513 3504 5582 quae
3537 5531 3633 5569 vox
3668 5519 3811 5573 abest

2222 5588 2251 5625 3
2273 5581 2378 5624 MSS.

2286 5638 2356 5698 (α)
2372 5644 2478 5710 ,Νοῃ
2498 5636 2611 5710 alio,
2629 5634 3103 5710 credimus,_li_bello,
3122 5641 3213 5690 nisi
3229 5648 3461 5693 sermone
3477 5657 3605 5693 nunc
3625 5644 3705 5704 71,
3722 5646 3809 5710 qui

2222 5696 2418 5749 Olim'de
2442 5700 2609 5745 Verbis
2629 5698 2811 5746 Domini
2828 5696 2915 5747 fuit
2934 5699 3007 5747 II.

2285 5764 2356 5823 (ιο)
2384 5760 2479 5808 \id.
2508 5760 2591 5810 lib.
2619 5758 2678 5808 22
2697 5759 2761 5809 de
2783 5762 2979 5811 civitate
3012 5764 3117 5825 Dei,
3150 5778 3285 5829 capp.
3316 5766 3387 5828 12,
3420 5766 3491 5815 15.
