4124 6206
296 450 446 506 sunt,
490 453 555 495 ac
582 452 693 494 non
733 436 919 508 potius,
950 441 1201 508 correcta
1245 431 1635 508 emendataque
1674 439 1884 485 natura.

298 503 455 570 Absit
477 512 620 566 enim
648 516 711 565 ut
736 503 888 562 illum
910 505 1280 569 bimembrem,
1303 503 1397 574 qui
1430 518 1601 577 nuper
1624 510 1779 555 natus
1807 511 1890 555 est

298 605 355 660 in
386 603 626 669 Oriente,
654 600 847 671 dequo
890 606 945 654 et
988 596 1180 653 fratres
1230 593 1527 650 ﬁdelissimi
1571 591 1715 664 quod
1759 607 1884 647 eum

297 695 533 752 viderint
564 692 889 759 retulerunt,
917 699 971 746 et
1000 699 1198 745 sanctae
1235 689 1508 744 memoriae
1529 687 1886 759 Hieronymus

299 788 587 860 presbyter
633 786 892 858 scriptum
932 784 1145 855 reliquit
1178 782 1252 855 (α)
1298 800 1310 836 :
1355 781 1514 847 absit,
1550 783 1786 852 inquam,
1829 788 1887 834 ut

299 896 465 936 unum
504 879 778 935 hominem
801 878 1086 948 duplicem,
1111 891 1174 932 ac
1211 891 1320 931 non
1346 876 1523 947 potius
1546 875 1705 938 duos,
1739 873 1885 945 quod

299 969 535 1025 futurum
565 967 759 1033 fuerat,
792 968 836 1022 si
858 966 1059 1038 gemini
1095 973 1462 1034 nascerentur,
1486 975 1887 1021 resurrecturos

300 1065 692 1120 existimemus.
725 1064 799 1118 Ita
847 1071 1038 1117 caetera
1088 1076 1207 1131 qum
1246 1059 1443 1131 singuli
1477 1060 1670 1130 quique
1704 1067 1887 1129 partus

302 1156 388 1212 vel
428 1155 656 1227 amplius
683 1154 766 1208 vel
810 1153 985 1208 minus
1011 1152 1216 1222 aliquid
1250 1151 1517 1218 habendo,
1550 1150 1635 1206 vel
1657 1150 1887 1221 quadam

302 1250 464 1305 nimia
501 1247 837 1304 deformitate
861 1253 1101 1302 monstra
1121 1243 1390 1308 dicuntur,
1414 1242 1480 1297 ad
1511 1242 1755 1298 humanae
1785 1257 1886 1296 na-

303 1353 436 1398 tura:
467 1343 685 1413 figurant
712 1337 1106 1395 resurrectione
1126 1336 1554 1400 revocabantur;
1580 1335 1651 1391 ita
1690 1345 1747 1389 ut
1777 1334 1886 1389 sin-

299 1434 437 1505 gula:
457 1434 651 1488 anima:
673 1432 876 1502 singula
899 1444 995 1486 sua
1016 1437 1243 1499 corpora
1264 1427 1560 1495 obtineant,
1597 1428 1754 1482 nullis
1789 1442 1884 1482 co-

303 1524 629 1581 hzerentibus
668 1524 828 1580 etiam
867 1537 1215 1593 qumcumque
1255 1522 1579 1577 cohaerentia
1620 1531 1742 1577 nata
1770 1520 1885 1577 fue-

300 1624 459 1682 rant;
485 1615 578 1670 sed
600 1629 846 1669 seorsum
873 1613 975 1668 sibi
997 1612 1219 1684 singulis
1242 1627 1336 1668 sua
1364 1612 1601 1668 membra
1628 1613 1888 1684 gestanti-

301 1706 421 1772 bus,
451 1707 642 1777 quibus
667 1706 885 1761 humani
914 1698 1157 1776 eol‘poris
1184 1705 1482 1775 completur
1510 1706 1805 1777 integritas.

373 1798 599 1854 CAPUT
637 1796 965 1853 LXXXVIII.
997 1827 1069 1874 ε-
1092 1796 1409 1853 Instauratio
1447 1798 1614 1853 carnis
1643 1814 1886 1870 quocum-

302 1906 399 1957 que
425 1889 574 1944 modo
600 1891 823 1961 perierit.
852 1889 969 1945 Non
1007 1897 1185 1945 autem
1214 1891 1353 1961 perit
1396 1890 1505 1946 Deo
1537 1900 1745 1946 terrena
1775 1907 1885 1946 ma~

304 1982 465 2036 teries
494 1980 561 2035 de
581 1995 684 2051 qua
721 1981 1024 2036 mortalium
1053 1988 1266 2037 creatur
1285 1996 1412 2036 caro
1446 2000 1459 2037 :
1493 1982 1588 2038 sed
1610 1983 1665 2037 in
1701 1998 1887 2053 quem-

304 2070 438 2125 libet
492 2071 766 2141 pulverem
810 2071 1113 2127 cineremve
1175 2072 1450 2141 solvatur,
1511 2073 1568 2128 in
1621 2074 1885 2145 quoslibet

305 2161 500 2217 halitus
543 2176 809 2233 aurasque
834 2161 1095 2233 diiiugiat,
1126 2162 1181 2218 in
1220 2178 1611 2234 quamcumque
1658 2164 1884 2219 aliorum

303 2268 588 2324 corporum
629 2253 977 2309 substantiam
1005 2254 1091 2309 vel
1116 2254 1169 2309 in
1199 2254 1312 2325 ipsa
1342 2255 1606 2311 elementa
1625 2265 1881 2324 vertatur,

302 2344 357 2401 in
383 2360 837 2416 quorumcumque
868 2345 1177 2400 animalium
1219 2346 1382 2401 etiam
1406 2346 1681 2402 hominum
1709 2348 1886 2404 cibum

303 2437 459 2493 cedat
488 2451 812 2506 carnemque
846 2445 1100 2505 mutetur,
1138 2436 1210 2491 illi
1241 2437 1436 2493 anima:
1463 2438 1709 2494 humana:
1751 2456 1891 2510 pun-

305 2537 394 2586 cto
441 2529 697 2599 temporis
748 2527 885 2583 redit
907 2529 946 2592 ι,
994 2542 1113 2599 qua:
1139 2528 1283 2582 illam
1308 2528 1575 2598 primitus,
1630 2537 1689 2585 ut
1728 2530 1890 2586 homo

306 2621 482 2689 fieret,
516 2622 732 2685 viveret,
764 2630 1049 2688 cresceret,
1081 2622 1354 2678 animavit.

375 2715 604 2771 CAPUT
643 2715 930 2772 LXXXIX.
961 2746 1032 2756 -
1057 2716 1335 2788 Superﬂua
1376 2719 1630 2789 quomodo
1660 2720 1891 2775 redibunt

306 2813 374 2867 ad
400 2829 604 2885 corpus.
652 2814 769 2887 ipsa
799 2816 980 2888 itaque
1008 2827 1220 2873 terrena
1264 2816 1536 2886 materies,
1566 2833 1686 2887 qua:
1712 2816 1889 2872 disce.

307 2904 466 2961 dente
493 2907 670 2961 anima
702 2908 758 2962 fit
782 2908 1031 2976 cadaver,
1062 2923 1171 2964 non
1200 2909 1274 2964 ita
1304 2909 1699 2965 resurrectione
1738 2924 1890 2979 repa-

306 2998 529 3065 rabitur,
562 3007 622 3054 ut
649 3015 711 3055 ea
739 3010 857 3072 quae
884 3001 1188 3057 dilabuntur
1221 3010 1275 3058 et
1311 3002 1364 3057 in
1392 3003 1527 3059 alias
1556 3014 1717 3075 atque
1755 3004 1890 3059 alias

309 3089 530 3146 aliarum
556 3105 737 3147 rerum
762 3092 968 3162 species
998 3094 1301 3163 formasque
1323 3102 1624 3159 vertuntur,
1644 3095 1888 3164 quamvis

310 3183 375 3239 ad
400 3198 596 3254 corpus
618 3184 840 3241 redeant
864 3184 1006 3240 unde
1030 3184 1234 3255 dilapsa
1264 3193 1408 3249 sunt,
1441 3184 1509 3239 ad
1530 3185 1747 3241 easdem
1767 3200 1891 3256 quo-

310 3291 413 3346 que
436 3276 681 3347 corporis
710 3285 888 3347 partes
931 3278 1019 3332 ubi
1064 3276 1299 3343 fuerunt,
1346 3277 1524 3333 redire
1550 3292 1771 3334 necesse
1800 3279 1888 3333 sit.

313 3366 557 3438 Alioquin
584 3368 630 3422 si
659 3369 865 3438 capillis
892 3368 1185 3440 reditquod
1213 3377 1320 3429 tam
1349 3369 1536 3425 crebra
1565 3377 1781 3425 tonsura
1799 3370 1893 3426 de-

314 3461 490 3526 traxit,
518 3461 562 3517 si
593 3461 854 3533 unguibus
877 3462 1020 3532 quod
1051 3463 1208 3517 toties
1231 3462 1463 3533 dempsit
1485 3463 1760 3529 exsectio;
1794 3463 1894 3517 im-

314 3551 589 3607 moderata
619 3562 673 3608 et
703 3551 957 3608 indecens
996 3553 1371 3623 cogitantibus,
1404 3561 1458 3609 et
1496 3553 1616 3610 ideo
1652 3568 1895 3610 resurre-

313 3636 542 3698 ctionem
580 3643 758 3698 carnis
798 3658 902 3698 non
929 3644 1271 3700 credentibus
1306 3646 1541 3701 occurrit
1571 3645 1890 3701 informitas.

314 3733 415 3790 Sed
439 3733 890 3807 quemadmodum
918 3738 964 3790 si
1000 3743 1175 3791 statua
1204 3735 1489 3806 cujuslibet
1513 3736 1757 3793 solubilis
1783 3754 1896 3794 mc-

316 3826 423 3881 talli
446 3837 539 3881 aut
582 3829 705 3897 igne
730 3812 1067 3897 liquescerct,
1101 3836 1191 3882 aut
1219 3835 1591 3884 contereretur
1634 3829 1687 3884 in
1710 3830 1897 3899 pulve-

317 3935 448 3985 rem,
478 3930 569 3974 aut
598 3917 1013 3975 confunderetur
1043 3919 1095 3974 in
1130 3934 1381 3986 massam,
1413 3928 1467 3975 et
1491 3936 1609 3975 eam
1637 3921 1795 3977 vellet
1820 3937 1898 3976 ar-

319 4014 442 4069 tifex
489 4028 676 4069 rursus
722 4028 788 4068 ex
842 4013 984 4068 illius
1010 4013 1246 4067 materia:
1276 4012 1570 4083 quantitate
1616 4026 1894 4081 reparare;

317 4105 453 4160 nihil
484 4104 766 4159 interesset
803 4103 868 4159 ad
909 4103 1023 4174 ejus
1049 4103 1406 4175 integritatem
1428 4144 1442 4168 ,
1476 4118 1595 4174 qua:
1641 4103 1899 4173 particula

315 4196 561 4252 materia:
589 4197 669 4251 cui
693 4195 938 4252 membro
976 4204 1163 4252 statua:
1190 4196 1530 4261 redderetur,
1560 4195 1688 4251 dum
1721 4204 1899 4252 tamen

318 4296 484 4343 totum
515 4303 581 4343 ex
625 4303 729 4359 quo
757 4287 1043 4343 constituta
1066 4287 1254 4355 fuerat,
1293 4288 1534 4343 restituta
1560 4297 1855 4344 resumeret
1883 4306 1897 4342 :

317 4381 389 4435 ita
419 4381 561 4436 Deus
585 4379 903 4435 mirabiliter
922 4389 1082 4450 atque
1104 4379 1440 4435 ineﬁ‘abiliter
1465 4380 1674 4448 artifex,
1699 4380 1768 4436 de
1791 4391 1901 4436 toto

318 4488 424 4543 quo
449 4488 576 4527 caro
622 4480 807 4527 nostra
851 4472 1181 4538 constiterat,
1218 4487 1335 4528 eam
1362 4474 1590 4529 mirabili
1636 4483 1691 4529 et
1715 4473 1902 4529 ineffa-

321 4563 408 4618 bili
434 4564 713 4619 celeritate
741 4564 1025 4630 restituet;
1058 4580 1156 4619 nec
1192 4563 1393 4634 aliquid
1421 4565 1670 4620 attinebit
1694 4566 1761 4622 ad
1786 4566 1902 4637 ejus

321 4656 846 4727 redintegrationem,
865 4664 1043 4711 utrum
1073 4656 1249 4726 capilli
1273 4655 1338 4711 ad
1367 4657 1588 4728 capillos
1613 4657 1835 4713 redeant
1851 4667 1903 4715 et

323 4762 524 4816 ungues
552 4747 622 4801 ad
662 4761 889 4817 ungues,
921 4763 988 4801 an
1019 4747 1272 4818 quidquid
1311 4763 1494 4803 eorum
1532 4749 1766 4819 perierat
1788 4765 1904 4807 mu:

323 4848 459 4896 tetur
503 4841 558 4895 in
587 4855 827 4905 carnem,
861 4848 914 4894 et
956 4841 1010 4894 in
1038 4853 1216 4911 partes
1257 4841 1389 4896 alias
1418 4842 1661 4911 corporis
1686 4857 1905 4898 revoce-

325 4943 425 4995 tur,
450 4941 675 4989 curante
711 4932 934 4989 artiﬁcis
980 4932 1310 5005 providentia
1363 4949 1433 4989 ne
1474 4935 1604 5005 quid
1652 4934 1905 4993 indecens

326 5023 413 5077 ﬁat
443 5024 541 5095 (b).

390 5114 620 5172 CAPUT
657 5115 865 5173 XC.--
895 5116 965 5173 In
989 5124 1185 5175 statura
1229 5125 1279 5172 et
1307 5117 1466 5188 efﬁgie
1511 5119 1737 5189 corporis
1778 5120 1909 5175 nihil

325 5208 415 5261 erit
440 5207 755 5265 indecorum.
784 5208 895 5266 Nec
929 5208 1065 5271 illud
1087 5217 1171 5268 est
1207 5222 1561 5279 consequens,
1593 5218 1654 5264 ut
1684 5209 1805 5268 ideo
1828 5210 1911 5267 di-

389 5367 407 5396 ²
428 5371 560 5424 ωσι,
583 5363 766 5415 reddit.

386 5426 460 5488 (α)
480 5428 802 5494 Hieronymus
815 5462 830 5488 ,
854 5427 1133 5494 in_Ep_istola
1151 5427 1211 5494 ad
1234 5428 1470 5479 vitalem:
1500 5435 1661 5494 ¢_Num
1694 5431 1806 5494 quia
1828 5444 1912 5482 no-

335 5504 359 5534 α
377 5495 496 5555 stra,
518 5490 693 5551 inquit,
718 5496 864 5540 aetate
886 5490 1070 5552 duplex
1087 5491 1252 5555 Lyddze
1270 5500 1412 5542 natus
1436 5498 1514 5555 est
1528 5491 1689 5553 homo,
1709 5490 1915 5544 duorum

334 5568 359 5597 α
378 5552 605 5617 militum,
622 5558 828 5617 quatuor
842 5564 1095 5617 manuum,
1110 5552 1207 5603 uno
1218 5561 1393 5603 ventre
1412 5560 1467 5604 et
1485 5552 1681 5605 duobus
1690 5555 1895 5617 pedibus

332 5591 359 5659 ἱ
377 5591 819 5663 ἷηῖίιῖὑόὧῑῐιέζ
839 5591 1917 5669 ίῐὶι”οῐῗέεῖἰῖέἔεὲὲὲ”ὲὲίἷν”ι“ὶῖ›”ἱιῖἒέἷ”ιῖ’δῗῖό

328 5673 392 5724 de
414 5675 617 5723 Civitate
638 5677 742 5735 Dei,
766 5688 822 5725 ca

390 5735 463 5788 (ω
497 5736 600 5786 vid.
624 5734 710 5787 lib.
735 5691 856 5788 225i

390 5694 392 5715 ε
414 5676 617 5723 Civitate
638 5677 742 5735 Dei,
766 5688 822 5725 ca
861 5714 872 5725 .
897 5676 945 5725 8.

390 5735 463 5803 (ὁ)
497 5736 600 5786 vid.
624 5734 710 5787 lib.
735 5736 798 5787 22
814 5691 881 5789 Se
901 5740 1102 5791 Civitate
1123 5740 1227 5804 Dei,
1253 5752 1360 5804 cap.
1386 5739 1459 5795 i9,

1722 310 1925 370 LIBER
1965 312 2054 370 ΠΝ
2061 311 2163 369 US.

3449 330 3455 337 ’
3473 320 3581 384 276

1994 443 2147 484 versa
2192 429 2262 482 sit
2310 436 2511 485 statura
2554 428 2982 495 reviviscentium
3042 435 3397 506 singulorum,
3449 441 3575 509 quia

1995 517 2166 574 fuerat
2192 519 2401 575 diversa
2430 522 2739 591 viventium,
2772 534 2862 579 aut
2891 527 3054 581 macri
3081 542 3202 583 cum
3246 530 3431 584 eadem
3461 547 3576 587 ma-

1995 612 2097 678 cie,
2137 621 2227 667 aut
2258 612 2479 682 pingues
2505 629 2626 668 eum
2667 615 2853 671 eadem
2885 617 3201 688 pinguedine
3237 621 3577 677 reviviscant.

1994 703 2098 760 Sed
2127 705 2170 759 si
2198 704 2301 760 hoc
2320 715 2403 759 est
2428 706 2481 761 in
2506 708 2729 763 consilio
2750 709 3045 775 Creatoris,
3086 719 3144 765 ut
3182 711 3235 764 in
3280 712 3454 780 effigie
3480 729 3578 769 sua

1995 796 2249 866 cujusque
2272 798 2569 868 proprietas
2597 810 2651 853 et
2678 799 3039 857 diseernibilis
3068 803 3359 858 similitudo
3384 819 3574 860 serve-

1995 895 2101 953 tur,
2130 888 2182 943 in
2208 889 2416 944 caeteris
2450 900 2627 946 autem
2660 893 2898 962 corporis
2927 894 3081 949 bonis
3104 896 3118 927 ‘
3141 896 3360 966 :equalia
3383 907 3577 953 cuncta

1994 978 2315 1034 reddantur:
2344 982 2415 1034 ita
2444 982 2837 1037 inodiﬁcabitur
2862 984 2951 1038 illa
2981 984 3035 1039 in
3059 1000 3378 1057 unoquoque
3407 996 3577 1044 mate-

1994 1070 2123 1133 ries,
2159 1079 2217 1126 ut
2257 1088 2358 1127 nec
2384 1074 2582 1144 aliquid
2611 1091 2679 1130 ex
2712 1092 2775 1131 ea
2810 1087 3012 1147 pereat,
3042 1088 3094 1133 et
3121 1080 3263 1150 quod
3289 1081 3447 1136 alicui
3484 1081 3580 1137 de-

1996 1162 2151 1217 fuerit
2181 1163 2270 1218 ille
2314 1166 2578 1235 suppleat,
2624 1167 2711 1237 qui
2743 1168 2905 1222 etiam
2932 1167 3000 1223 de
3037 1169 3204 1225 nihilo
3238 1170 3409 1239 potuit
3434 1172 3579 1241 quod

1994 1252 2162 1333 voluit
2190 1255 2420 1322 operari.
2448 1255 2502 1311 Si
2534 1264 2711 1311 autem
2740 1257 2795 1312 in
2830 1259 3145 1327 corporibus
3185 1263 3579 1332 resurgentium

1993 1344 2323 1400 rationabilis
2350 1346 2682 1417 inzequalitas
2707 1349 2828 1417 erit,
2860 1351 2998 1405 sicut
3037 1359 3119 1406 est
3157 1366 3348 1407 vocum
3383 1353 3576 1424 quibus

1993 1444 2181 1489 cantus
2212 1437 2494 1506 impletur;
2526 1438 2628 1493 hoe
2666 1440 2758 1495 fiet
2777 1441 2967 1510 cuique
2996 1440 3063 1496 de
3089 1442 3313 1497 materie
3337 1443 3578 1512 corporis

1993 1527 2097 1592 sui,
2125 1528 2269 1599 quod
2293 1538 2347 1584 et
2372 1530 2643 1587 hominem
2682 1531 2909 1587 reddat”
2949 1532 3204 1603 angelicis
3238 1533 3486 1600 coetibus,
3523 1541 3581 1589 et

1992 1617 2125 1673 nihil
2164 1620 2545 1678 inconveniens
2591 1639 2776 1679 eorum
2818 1624 3029 1694 ingerat
3055 1624 3321 1681 sensibus.
3353 1624 3578 1682 indeco-

1991 1724 2111 1764 rum
2155 1714 2351 1782 quippe
2390 1713 2588 1783 aliquid
2619 1714 2693 1769 ibi
2722 1730 2827 1770 non
2865 1715 2997 1782 erit;
3029 1715 3123 1772 sed
3148 1717 3402 1788 quidquid
3430 1718 3576 1773 futu-

1992 1816 2110 1856 rum
2141 1812 2243 1871 est,
2273 1803 2376 1860 hoc
2404 1804 2640 1872 decebit;
2675 1807 2796 1876 quia
2844 1821 2943 1863 nec
2987 1807 3220 1864 futurum
3249 1818 3350 1877 est,
3378 1809 3424 1865 si
3468 1825 3579 1867 non

1992 1892 2217 1949 decebit.
2880 1940 2891 1953 .

2062 1983 2289 2041 CAPUT
2327 1985 2460 2043 XCI.
2488 2018 2560 2027 —
2586 1986 2867 2059 Resurgent
2893 1989 3092 2059 piorum
3143 2006 3357 2060 corpora
3383 2006 3481 2060 quo
3508 1991 3580 2044 ad

1991 2075 2322 2131 substantiam
2354 2079 2542 2145 carnis,
2570 2080 2661 2133 sed
2685 2080 2793 2134 sine
2819 2081 2958 2134 omni
2986 2081 3124 2135 vitio.
3154 2081 3453 2152 Resurgent
3480 2080 3581 2153 igi-

1992 2176 2080 2222 tur
2108 2177 2415 2224 sanctorum
2444 2184 2669 2240 corpora
2703 2171 2820 2227 sine
2864 2171 2973 2226 ullo
2997 2172 3156 2239 vitio,
3194 2172 3311 2228 sine
3345 2173 3451 2228 ulla
3477 2172 3579 2229 de-

1993 2258 2283 2328 formitate,
2330 2262 2468 2318 sicut
2518 2263 2635 2319 sine
2669 2264 2777 2319 ulla
2825 2266 3186 2336 corruptione,
3217 2280 3404 2330 onere,
3432 2265 3580 2322 difﬁ-

1993 2351 2227 2407 cultate:
2279 2352 2333 2408 in
2384 2353 2577 2423 quibus
2630 2363 2773 2409 tanta
2803 2356 3083 2421 facilitas',
3135 2365 3332 2427 quanta
3359 2358 3582 2415 felicitas

1994 2443 2114 2499 erit.
2144 2443 2368 2512 Pr0pter
2398 2445 2540 2514 quod
2569 2454 2624 2501 et
2647 2446 2939 2517 spiritualia
2966 2447 3106 2502 dicta
3136 2456 3279 2515 sunt,
3313 2464 3431 2503 cum
3456 2462 3584 2519 pro-

1993 2534 2077 2589 cul
2105 2534 2267 2590 dubio
2295 2551 2520 2607 corpora
2547 2538 2652 2593 sint
2682 2537 2880 2607 futura,
2909 2555 3016 2595 non
3040 2541 3279 2611 spiritus.
3313 2541 3417 2598 Sed
3444 2542 3584 2599 sicut

1994 2644 2138 2685 nunc
2182 2645 2377 2700 corpus
2424 2631 2654 2686 animale
2704 2632 2917 2696 dicitur,
2946 2634 3089 2704 quod
3135 2643 3313 2691 tamen
3364 2650 3580 2706 corpus,

1995 2735 2104 2776 non
2133 2721 2307 2776 anima
2335 2730 2451 2788 est;
2496 2723 2567 2776 ita
2594 2730 2722 2779 tunc
2750 2724 3031 2794 spirituale
3073 2741 3267 2796 corpus
3305 2726 3429 2795 erit,
3455 2740 3582 2782 cor-

1996 2826 2096 2882 pus
2128 2820 2329 2879 tamen,
2363 2827 2468 2867 non
2511 2814 2729 2884 spiritus
2758 2816 2881 2869 erit.
2908 2816 3139 2872 Proinde
3160 2824 3417 2887 quantum
3455 2817 3584 2873 atti-

1996 2910 2090 2958 net
2128 2903 2196 2957 ad
2243 2903 2663 2973 corruptionem,
2715 2920 2834 2975 qua:
2879 2921 3021 2962 nunc
3061 2916 3311 2978 aggravat
3351 2908 3587 2965 animam

2000 2992 2155 3063 (Sap.
2184 3009 2259 3058 ιχ,
2294 2992 2405 3065 iis),
2438 3002 2492 3049 et
2520 2993 2587 3049 ad
2615 2995 2761 3062 vitia,
2794 2998 2987 3066 quibus
3012 3013 3139 3053 caro
3172 2998 3430 3054 adversus
3469 3003 3583 3069 spi-

1998 3086 2157 3141 ritum
2201 3088 2530 3156 concupiscit
2576 3086 2773 3156 (Galat.
2797 3105 2850 3153 v,
2876 3088 2984 3161 17),
3025 3100 3150 3145 tunc
3178 3107 3284 3145 non
3314 3093 3415 3147 erit
3430 3107 3576 3159 caro,

1997 3175 2093 3232 sed
2123 3190 2346 3245 corpus;
2377 3176 2499 3245 quia
2551 3185 2605 3230 et
2649 3177 2890 3233 coelestia
2946 3194 3171 3249 corpora
3213 3182 3579 3249 perhibentur.

1998 3267 2226 3339 Propter
2266 3267 2408 3337 quod
2460 3268 2661 3324 dictum
2709 3280 2811 3337 est,
2859 3270 2990 3325 Caro
3039 3282 3085 3326 et
3126 3274 3335 3343 sanguis
3372 3290 3586 3345 regnum

2000 3356 2098 3412 Dei
2138 3374 2240 3412 non
2268 3357 2592 3428 possidebunt
2621 3373 2640 3412 :
2670 3367 2725 3415 et
2754 3369 3006 3431 tanquam
3035 3377 3316 3434 exponens
3345 3366 3471 3434 quid
3501 3365 3588 3421 di-

1954 3472 1957 3473 ν
1999 3449 2158 3517 xerit,
2187 3466 2342 3521 neque
2369 3452 2647 3523 corruptio,
2675 3452 2865 3524 inquit,
2898 3454 3328 3525 incorruptionem
3356 3457 3587 3529 posside-

2000 3545 2070 3600 bit
2100 3544 2143 3618 (Ι
2171 3545 2290 3602 Cor.
2321 3560 2416 3613 xv,
2442 3544 2554 3617 50).
2591 3545 2744 3614 Quod
2772 3547 2919 3617 prius
2948 3547 3100 3614 dixit,
3131 3564 3250 3603 caro
3272 3558 3320 3604 et
3342 3550 3589 3622 sanguis;

2000 3637 2105 3694 hoc
2133 3638 2396 3708 posterius
2416 3637 2569 3704 dixit,
2598 3639 2855 3709 corruptio
2881 3655 2901 3694 :
2929 3648 2985 3695 et
3011 3640 3153 3711 quod
3178 3642 3347 3710 prius,
3374 3658 3588 3712 regnum

2005 3728 2099 3784 Dei
2127 3745 2145 3782 :
2169 3728 2273 3783 hoc
2300 3729 2586 3798 posterius,
2617 3729 3062 3800 incorruptionem.
3112 3730 3378 3797 Quantum
3408 3740 3588 3786 autem

2002 3820 2195 3876 attinet
2236 3819 2303 3874 ad
2328 3820 2699 3887 substantiam,
2732 3821 2891 3875 etiam
2919 3829 3045 3874 tunc
3062 3834 3189 3874 caro
3217 3821 3337 3875 erit.
3361 3822 3590 3890 Propter

2003 3909 2144 3981 quod
2169 3918 2223 3965 et
2250 3919 2373 3979 post
2401 3911 2852 3965 resurrectionem
2879 3924 3072 3978 corpus
3098 3907 3316 3973 Christi,
3348 3926 3475 3965 caro
3498 3928 3588 3981 ap-

2002 4000 2201 4071 pellata
2241 4008 2325 4055 est
2362 3998 2512 4071 (Luc.
2557 4014 2702 4066 xxxv,
2752 3998 2863 4070 39).
2891 3998 2995 4054 Sed
3027 3999 3146 4054 ideo
3175 3999 3249 4054 ait
3277 4001 3587 4070 Apostolus,

2005 4090 2298 4147 Seminatur
2331 4106 2515 4161 corpus
2552 4090 2805 4157 animale,
2832 4098 3056 4163 resurget
3094 4106 3277 4162 corpus
3326 4092 3594 4164 spiritualc

2009 4181 2053 4254 (ι
2085 4179 2203 4237 Cor.
2234 4196 2324 4248 xv,
2347 4179 2437 4251 44)
2479 4197 2493 4232 :
2525 4181 2777 4251 quoniam
2808 4189 2953 4235 tanta
2991 4181 3093 4236 erit
3135 4191 3262 4237 tunc
3304 4185 3593 4240 concordia

2007 4276 2185 4330 carnis
2212 4282 2267 4329 et
2291 4272 2533 4343 spiritus,
2556 4271 2856 4329 viviﬁcante
2881 4273 3070 4344 spiritu
3102 4274 3217 4329 sine
3247 4277 3596 4331 sustentaculi

2007 4364 2231 4435 alicujus
2275 4363 2564 4435 indigentia
2593 4363 2858 4419 subditam
2886 4379 3124 4430 carnem,
3168 4374 3227 4419 ut
3267 4367 3398 4421 nihil
3440 4368 3596 4422 nobis

2008 4467 2269 4530 repugnet
2296 4473 2363 4513 ex
2390 4456 2580 4524 nobis;
2612 4458 2708 4513 sed
2735 4459 2874 4513 sicut
2897 4457 3030 4513 foris
3057 4461 3348 4526 neminem,
3400 4460 3469 4515 ita
3494 4476 3596 4516 nec

2010 4551 2152 4605 intus
2183 4564 2280 4603 nos
2308 4549 2453 4618 ipsos
2480 4546 2747 4616 patiamur
2772 4548 3036 4603 inimicos.

2079 4639 2306 4697 CAPUT
2336 4637 2493 4693 XCII.
2513 4636 2819 4709 --Corpora
2846 4639 3203 4693 damnatorum
3226 4640 3399 4711 qualia
3426 4656 3597 4694 resur—

2010 4744 2144 4806 gent.
2173 4730 2504 4800 Quicumque
2527 4744 2655 4785 vero
2683 4730 2751 4785 ab
2789 4731 2877 4784 illa
2908 4731 3220 4800 perditionis
3250 4748 3441 4799 massa,
3475 4749 3597 4804 quce

2012 4824 2149 4881 facta
2179 4834 2262 4879 est
2296 4838 2393 4894 per
2420 4822 2690 4878 hominem
2723 4822 2982 4892 primum,
3028 4839 3133 4879 non
3170 4824 3461 4881 liberantur
3502 4843 3600 4896 per

2013 4933 2174 4974 unum
2204 4915 2554 4974 Mediatorem
2585 4916 2679 4971 Dei
2714 4925 2768 4971 et
2808 4916 3079 4991 hominum
3104 4958 3119 4982 ,
3156 4927 3434 4988 resurgent
3475 4921 3600 4991 qui-

2013 5008 2137 5065 dem
2176 5010 2334 5065 etiam
2366 5009 2465 5078 ipsi
2502 5008 2860 5078 unusquisque
2887 4986 3007 5061 eum
3036 5022 3133 5062 sua
3176 5023 3338 5065 carne
3362 5052 3377 5077 ,
3419 5012 3513 5068 sed
3542 5020 3603 5069 ut

2015 5117 2135 5158 cum
2174 5101 2387 5156 diabolo
2420 5109 2476 5156 et
2512 5101 2627 5170 ejus
2667 5099 2868 5170 angelis
2896 5098 3201 5170 puniantur.
3244 5101 3430 5160 Utrum
3471 5121 3603 5163 sane

2016 5192 2118 5265 ipsi
2159 5207 2279 5247 cum
2318 5193 2461 5247 vitiis
2503 5200 2558 5247 et
2582 5190 3013 5248 deformitatibus
3052 5208 3270 5251 suorum
3312 5213 3603 5270 corporum

2017 5292 2331 5354 resurgant,
2382 5297 2731 5354 quaecumque
2785 5282 2840 5337 in
2883 5284 2962 5340 eis
3012 5286 3202 5345 vitiosa
3248 5298 3303 5345 et
3340 5289 3604 5348 deformia

2017 5375 2255 5432 membra
2276 5382 2569 5447 gestarant,
2600 5375 2653 5430 in
2684 5376 3005 5447 requirendo
3033 5379 3279 5437 laborare
3308 5381 3434 5451 quid
3464 5396 3601 5453 Opus

2085 5558 2101 5589 ι
2136 5563 2200 5605 Ex
2230 5556 2460 5619 Vaticanis
2480 5563 2586 5608 Mss.
2610 5570 2738 5607 unus
2754 5558 2922 5619 habet,
2945 5559 3190 5619 corporeis
3203 5557 3450 5611 membris.

2084 5620 2105 5650 ²
2138 5618 2270 5687 Apud
2309 5626 2407 5687 Am.
2441 5624 2516 5666 Er.
2555 5626 2653 5687 Dan
2676 5618 3097 5687 et_l.ov.,rredd_at
3131 5618 3383 5686 aequalem.
3429 5622 3599 5687 Abest,

2020 5680 2270 5743 aqualem,
2297 5692 2325 5727 a
2348 5686 2453 5729 Mss.
2480 5687 2533 5730 et
2553 5682 2614 5730 ab
2629 5682 2844 5743 editione
2867 5680 3075 5730 Arualdi.
3189 5680 3200 5686 '
3460 5706 3476 5721 ο

2092 5743 2112 5775 ³
2143 5750 2247 5789 am.
2271 5747 2342 5790 Er.
2369 5748 2418 5792 et
2453 5748 2556 5793 tres
2570 5749 2698 5803 Mss,
2712 5741 2918 5807 facilitas
2939 5742 3241 5810 resurgendi.
3264 5747 3415 5797 Minus
3432 5754 3602 5818 recte;
