  <div class='ocr_page' id='page_1' title='image "/cluster/home/n/w/nwhite01/storage/ocr_20150623/40/hvd.32044096580626/145.png"; bbox 0 0 4124 6206; ppageno 0'>
   <div class='ocr_carea' id='block_1_1' title="bbox 488 336 597 402">
    <p class='ocr_par' dir='ltr' id='par_1_1' title="bbox 488 336 597 402">
     <span class='ocr_line' id='line_1_1' title="bbox 488 336 597 402; baseline 0 -3"><span class='ocrx_word' id='word_1_1' title='bbox 488 336 597 402; x_wconf 72' lang='lat'><strong>273</strong></span> 
     </span>
    </p>
   </div>
   <div class='ocr_carea' id='block_1_2' title="bbox 490 451 2075 528">
    <p class='ocr_par' dir='ltr' id='par_1_2' title="bbox 490 451 2075 528">
     <span class='ocr_line' id='line_1_2' title="bbox 490 451 2075 528; baseline -0.009 -11"><span class='ocrx_word' id='word_1_2' title='bbox 490 452 623 518; x_wconf 77' lang='lat' dir='ltr'><strong>esti</strong></span> <span class='ocrx_word' id='word_1_3' title='bbox 661 452 846 528; x_wconf 70' lang='lat' dir='ltr'><strong>Neque</strong></span> <span class='ocrx_word' id='word_1_4' title='bbox 882 452 1027 513; x_wconf 83' lang='lat' dir='ltr'><strong>enim</strong></span> <span class='ocrx_word' id='word_1_5' title='bbox 1076 453 1295 524; x_wconf 81' lang='lat' dir='ltr'><strong>fatigare</strong></span> <span class='ocrx_word' id='word_1_6' title='bbox 1325 468 1422 508; x_wconf 90' lang='lat' dir='ltr'><strong>nos</strong></span> <span class='ocrx_word' id='word_1_7' title='bbox 1450 452 1609 507; x_wconf 91' lang='lat' dir='ltr'><strong>debet</strong></span> <span class='ocrx_word' id='word_1_8' title='bbox 1651 451 1850 506; x_wconf 89' lang='lat' dir='ltr'><strong>incerta</strong></span> <span class='ocrx_word' id='word_1_9' title='bbox 1887 464 2075 505; x_wconf 88' lang='lat' dir='ltr'><strong>eorum</strong></span> 
     </span>
    </p>
   </div>
   <div class='ocr_carea' id='block_1_3' title="bbox 492 541 2077 615">
    <p class='ocr_par' dir='ltr' id='par_1_3' title="bbox 492 541 2077 615">
     <span class='ocr_line' id='line_1_3' title="bbox 492 541 2077 615; baseline -0.006 -13"><span class='ocrx_word' id='word_1_10' title='bbox 492 544 749 602; x_wconf 83' lang='lat' dir='ltr'><strong>habitudo</strong></span> <span class='ocrx_word' id='word_1_11' title='bbox 782 544 865 600; x_wconf 85' lang='lat' dir='ltr'><strong>vel</strong></span> <span class='ocrx_word' id='word_1_12' title='bbox 893 542 1253 615; x_wconf 76' lang='lat' dir='ltr'><strong>pulchritudo,</strong></span> <span class='ocrx_word' id='word_1_13' title='bbox 1295 558 1520 612; x_wconf 83' lang='lat' dir='ltr'><strong>quorum</strong></span> <span class='ocrx_word' id='word_1_14' title='bbox 1552 541 1652 596; x_wconf 91' lang='lat' dir='ltr'><strong>erit</strong></span> <span class='ocrx_word' id='word_1_15' title='bbox 1682 550 1827 595; x_wconf 86' lang='lat' dir='ltr'><strong>certa</strong></span> <span class='ocrx_word' id='word_1_16' title='bbox 1858 550 1911 593; x_wconf 91' lang='lat' dir='ltr'><strong>et</strong></span> <span class='ocrx_word' id='word_1_17' title='bbox 1936 554 2077 595; x_wconf 82' lang='lat' dir='ltr'><strong>sem-</strong></span> 
     </span>
    </p>
   </div>
   <div class='ocr_carea' id='block_1_4' title="bbox 495 628 2078 709">
    <p class='ocr_par' dir='ltr' id='par_1_4' title="bbox 495 628 2078 709">
     <span class='ocr_line' id='line_1_4' title="bbox 495 628 2078 709; baseline -0.006 -17"><span class='ocrx_word' id='word_1_18' title='bbox 495 640 700 709; x_wconf 86' lang='lat' dir='ltr'><strong>piterna</strong></span> <span class='ocrx_word' id='word_1_19' title='bbox 727 636 1015 691; x_wconf 90' lang='lat' dir='ltr'><strong>damnatio.</strong></span> <span class='ocrx_word' id='word_1_20' title='bbox 1053 631 1160 688; x_wconf 81' lang='lat' dir='ltr'><strong>Nec</strong></span> <span class='ocrx_word' id='word_1_21' title='bbox 1190 641 1435 699; x_wconf 88' lang='lat' dir='ltr'><strong>moveat,</strong></span> <span class='ocrx_word' id='word_1_22' title='bbox 1466 631 1733 703; x_wconf 92' lang='lat' dir='ltr'><strong>quomodo</strong></span> <span class='ocrx_word' id='word_1_23' title='bbox 1764 629 1817 683; x_wconf 91' lang='lat' dir='ltr'><strong>in</strong></span> <span class='ocrx_word' id='word_1_24' title='bbox 1861 630 1940 684; x_wconf 90' lang='lat' dir='ltr'><strong>eis</strong></span> <span class='ocrx_word' id='word_1_25' title='bbox 1977 628 2078 683; x_wconf 87' lang='lat' dir='ltr'><strong>erit</strong></span> 
     </span>
    </p>
   </div>
   <div class='ocr_carea' id='block_1_5' title="bbox 492 718 2077 800">
    <p class='ocr_par' dir='ltr' id='par_1_5' title="bbox 492 718 2077 800">
     <span class='ocr_line' id='line_1_5' title="bbox 492 718 2077 800; baseline -0.008 -14"><span class='ocrx_word' id='word_1_26' title='bbox 492 745 690 800; x_wconf 89' lang='lat' dir='ltr'><strong>corpus</strong></span> <span class='ocrx_word' id='word_1_27' title='bbox 712 725 1135 797; x_wconf 90' lang='lat' dir='ltr'><strong>incorruptibile,</strong></span> <span class='ocrx_word' id='word_1_28' title='bbox 1160 725 1205 779; x_wconf 88' lang='lat' dir='ltr'><strong>si</strong></span> <span class='ocrx_word' id='word_1_29' title='bbox 1229 724 1411 780; x_wconf 82' lang='lat' dir='ltr'><strong>dolere</strong></span> <span class='ocrx_word' id='word_1_30' title='bbox 1433 723 1665 793; x_wconf 89' lang='lat' dir='ltr'><strong>poterit;</strong></span> <span class='ocrx_word' id='word_1_31' title='bbox 1693 731 1786 777; x_wconf 89' lang='lat' dir='ltr'><strong>aut</strong></span> <span class='ocrx_word' id='word_1_32' title='bbox 1809 718 2077 791; x_wconf 89' lang='lat' dir='ltr'><strong>quomodo</strong></span> 
     </span>
    </p>
   </div>
   <div class='ocr_carea' id='block_1_6' title="bbox 489 814 2075 889">
    <p class='ocr_par' dir='ltr' id='par_1_6' title="bbox 489 814 2075 889">
     <span class='ocr_line' id='line_1_6' title="bbox 489 814 2075 889; baseline -0.005 -13"><span class='ocrx_word' id='word_1_33' title='bbox 489 817 863 889; x_wconf 88' lang='lat' dir='ltr'><strong>corruptibile,</strong></span> <span class='ocrx_word' id='word_1_34' title='bbox 907 817 953 872; x_wconf 90' lang='lat' dir='ltr'><strong>si</strong></span> <span class='ocrx_word' id='word_1_35' title='bbox 982 817 1116 871; x_wconf 92' lang='lat' dir='ltr'><strong>mori</strong></span> <span class='ocrx_word' id='word_1_36' title='bbox 1149 833 1253 870; x_wconf 91' lang='lat' dir='ltr'><strong>non</strong></span> <span class='ocrx_word' id='word_1_37' title='bbox 1293 817 1505 886; x_wconf 88' lang='lat' dir='ltr'><strong>poterit.</strong></span> <span class='ocrx_word' id='word_1_38' title='bbox 1533 814 1653 871; x_wconf 82' lang='lat' dir='ltr'><strong>Non</strong></span> <span class='ocrx_word' id='word_1_39' title='bbox 1678 823 1762 871; x_wconf 89' lang='lat' dir='ltr'><strong>est</strong></span> <span class='ocrx_word' id='word_1_40' title='bbox 1790 815 1931 870; x_wconf 90' lang='lat' dir='ltr'><strong>enim</strong></span> <span class='ocrx_word' id='word_1_41' title='bbox 1951 827 2075 868; x_wconf 89' lang='lat' dir='ltr'><strong>vera</strong></span> 
     </span>
    </p>
   </div>
   <div class='ocr_carea' id='block_1_7' title="bbox 489 905 2073 980">
    <p class='ocr_par' dir='ltr' id='par_1_7' title="bbox 489 905 2073 980">
     <span class='ocr_line' id='line_1_7' title="bbox 489 905 2073 980; baseline -0.005 -13"><span class='ocrx_word' id='word_1_42' title='bbox 489 913 618 980; x_wconf 91' lang='lat' dir='ltr'><strong>vita,</strong></span> <span class='ocrx_word' id='word_1_43' title='bbox 655 909 753 965; x_wconf 86' lang='lat' dir='ltr'><strong>nisi</strong></span> <span class='ocrx_word' id='word_1_44' title='bbox 795 908 885 965; x_wconf 90' lang='lat' dir='ltr'><strong>ubi</strong></span> <span class='ocrx_word' id='word_1_45' title='bbox 928 908 1150 964; x_wconf 85' lang='lat' dir='ltr'><strong>feliciter</strong></span> <span class='ocrx_word' id='word_1_46' title='bbox 1172 909 1401 977; x_wconf 78' lang='lat' dir='ltr'><strong>vivitur,</strong></span> <span class='ocrx_word' id='word_1_47' title='bbox 1432 923 1529 963; x_wconf 91' lang='lat' dir='ltr'><strong>nec</strong></span> <span class='ocrx_word' id='word_1_48' title='bbox 1559 923 1681 962; x_wconf 90' lang='lat' dir='ltr'><strong>vera</strong></span> <span class='ocrx_word' id='word_1_49' title='bbox 1710 905 2036 976; x_wconf 90' lang='lat' dir='ltr'><strong>incorruptio</strong></span> <span class='ocrx_word' id='word_1_50' title='bbox 2058 946 2073 972; x_wconf 95' lang='lat'><strong>,</strong></span> 
     </span>
    </p>
   </div>
   <div class='ocr_carea' id='block_1_8' title="bbox 467 998 2077 1070">
    <p class='ocr_par' dir='ltr' id='par_1_8' title="bbox 467 998 2077 1070">
     <span class='ocr_line' id='line_1_8' title="bbox 467 998 2077 1070; baseline -0.004 -11"><span class='ocrx_word' id='word_1_51' title='bbox 467 1006 587 1069; x_wconf 85' lang='lat' dir='ltr'><strong>lnisi</strong></span> <span class='ocrx_word' id='word_1_52' title='bbox 635 1004 722 1059; x_wconf 90' lang='lat' dir='ltr'><strong>ubi</strong></span> <span class='ocrx_word' id='word_1_53' title='bbox 762 1005 906 1060; x_wconf 90' lang='lat' dir='ltr'><strong>salus</strong></span> <span class='ocrx_word' id='word_1_54' title='bbox 945 1002 1090 1057; x_wconf 92' lang='lat' dir='ltr'><strong>nullo</strong></span> <span class='ocrx_word' id='word_1_55' title='bbox 1131 1003 1315 1057; x_wconf 86' lang='lat' dir='ltr'><strong>dolore</strong></span> <span class='ocrx_word' id='word_1_56' title='bbox 1357 1000 1733 1070; x_wconf 78' lang='lat' dir='ltr'><strong>corrumpitur.</strong></span> <span class='ocrx_word' id='word_1_57' title='bbox 1762 998 1865 1055; x_wconf 85' lang='lat' dir='ltr'><strong>Ubi</strong></span> <span class='ocrx_word' id='word_1_58' title='bbox 1899 1005 2077 1053; x_wconf 89' lang='lat' dir='ltr'><strong>autem</strong></span> 
     </span>
    </p>
   </div>
   <div class='ocr_carea' id='block_1_9' title="bbox 487 1092 2077 1160">
    <p class='ocr_par' dir='ltr' id='par_1_9' title="bbox 487 1092 2077 1160">
     <span class='ocr_line' id='line_1_9' title="bbox 487 1092 2077 1160; baseline -0.003 -10"><span class='ocrx_word' id='word_1_59' title='bbox 487 1095 672 1152; x_wconf 78' lang='lat' dir='ltr'><strong>infelix</strong></span> <span class='ocrx_word' id='word_1_60' title='bbox 716 1097 848 1152; x_wconf 92' lang='lat' dir='ltr'><strong>mori</strong></span> <span class='ocrx_word' id='word_1_61' title='bbox 901 1110 1004 1150; x_wconf 91' lang='lat' dir='ltr'><strong>non</strong></span> <span class='ocrx_word' id='word_1_62' title='bbox 1047 1094 1270 1159; x_wconf 84' lang='lat' dir='ltr'><strong>sinitur,</strong></span> <span class='ocrx_word' id='word_1_63' title='bbox 1312 1104 1369 1149; x_wconf 92' lang='lat' dir='ltr'><strong>ut</strong></span> <span class='ocrx_word' id='word_1_64' title='bbox 1416 1096 1485 1149; x_wconf 91' lang='lat' dir='ltr'><strong>ita</strong></span> <span class='ocrx_word' id='word_1_65' title='bbox 1528 1093 1741 1160; x_wconf 89' lang='lat' dir='ltr'><strong>dicam,</strong></span> <span class='ocrx_word' id='word_1_66' title='bbox 1785 1106 1932 1147; x_wconf 90' lang='lat' dir='ltr'><strong>mors</strong></span> <span class='ocrx_word' id='word_1_67' title='bbox 1962 1092 2077 1160; x_wconf 90' lang='lat' dir='ltr'><strong>ipsa</strong></span> 
     </span>
    </p>
   </div>
   <div class='ocr_carea' id='block_1_10' title="bbox 488 1180 2065 1255">
    <p class='ocr_par' dir='ltr' id='par_1_10' title="bbox 488 1180 2065 1255">
     <span class='ocr_line' id='line_1_10' title="bbox 488 1180 2065 1255; baseline -0.004 -13"><span class='ocrx_word' id='word_1_68' title='bbox 488 1202 592 1242; x_wconf 91' lang='lat' dir='ltr'><strong>non</strong></span> <span class='ocrx_word' id='word_1_69' title='bbox 624 1189 845 1243; x_wconf 89' lang='lat' dir='ltr'><strong>moritur</strong></span> <span class='ocrx_word' id='word_1_70' title='bbox 872 1204 888 1254; x_wconf 91' lang='lat'><strong>;</strong></span> <span class='ocrx_word' id='word_1_71' title='bbox 920 1195 975 1242; x_wconf 87' lang='lat' dir='ltr'><strong>et</strong></span> <span class='ocrx_word' id='word_1_72' title='bbox 1014 1185 1100 1240; x_wconf 89' lang='lat' dir='ltr'><strong>ubi</strong></span> <span class='ocrx_word' id='word_1_73' title='bbox 1129 1185 1281 1240; x_wconf 90' lang='lat' dir='ltr'><strong>dolor</strong></span> <span class='ocrx_word' id='word_1_74' title='bbox 1310 1193 1597 1255; x_wconf 88' lang='lat' dir='ltr'><strong>perpetuus</strong></span> <span class='ocrx_word' id='word_1_75' title='bbox 1638 1198 1743 1238; x_wconf 90' lang='lat' dir='ltr'><strong>non</strong></span> <span class='ocrx_word' id='word_1_76' title='bbox 1775 1180 2065 1248; x_wconf 85' lang='lat' dir='ltr'><strong>interimit,</strong></span> 
     </span>
    </p>
   </div>
   <div class='ocr_carea' id='block_1_11' title="bbox 486 1274 2070 1350">
    <p class='ocr_par' dir='ltr' id='par_1_11' title="bbox 486 1274 2070 1350">
     <span class='ocr_line' id='line_1_11' title="bbox 486 1274 2070 1350; baseline -0.005 -15"><span class='ocrx_word' id='word_1_77' title='bbox 486 1280 579 1336; x_wconf 85' lang='lat' dir='ltr'><strong>sed</strong></span> <span class='ocrx_word' id='word_1_78' title='bbox 602 1279 816 1350; x_wconf 79' lang='lat' dir='ltr'><strong>al‘iiigit,</strong></span> <span class='ocrx_word' id='word_1_79' title='bbox 848 1281 960 1349; x_wconf 89' lang='lat' dir='ltr'><strong>ipsa</strong></span> <span class='ocrx_word' id='word_1_80' title='bbox 984 1279 1254 1348; x_wconf 81' lang='lat' dir='ltr'><strong>corruptio</strong></span> <span class='ocrx_word' id='word_1_81' title='bbox 1285 1293 1391 1331; x_wconf 90' lang='lat' dir='ltr'><strong>non</strong></span> <span class='ocrx_word' id='word_1_82' title='bbox 1410 1277 1611 1332; x_wconf 79' lang='lat' dir='ltr'><strong>linitur.</strong></span> <span class='ocrx_word' id='word_1_83' title='bbox 1646 1274 1839 1331; x_wconf 74' lang='lat' dir='ltr'><strong>Hzecin</strong></span> <span class='ocrx_word' id='word_1_84' title='bbox 1865 1274 2070 1329; x_wconf 83' lang='lat' dir='ltr'><strong>sanctis</strong></span> 
     </span>
    </p>
   </div>
   <div class='ocr_carea' id='block_1_12' title="bbox 487 1367 2073 1442">
    <p class='ocr_par' dir='ltr' id='par_1_12' title="bbox 487 1367 2073 1442">
     <span class='ocr_line' id='line_1_12' title="bbox 487 1367 2073 1442; baseline -0.005 -15"><span class='ocrx_word' id='word_1_85' title='bbox 487 1370 778 1442; x_wconf 87' lang='lat' dir='ltr'><strong>Seripturis</strong></span> <span class='ocrx_word' id='word_1_86' title='bbox 803 1413 816 1437; x_wconf 88' lang='lat'><strong>,</strong></span> <span class='ocrx_word' id='word_1_87' title='bbox 843 1374 1065 1425; x_wconf 85' lang='lat' dir='ltr'><strong>secunda</strong></span> <span class='ocrx_word' id='word_1_88' title='bbox 1103 1386 1237 1424; x_wconf 82' lang='lat' dir='ltr'><strong>mors</strong></span> <span class='ocrx_word' id='word_1_89' title='bbox 1264 1368 1456 1425; x_wconf 88' lang='lat' dir='ltr'><strong>dicitur</strong></span> <span class='ocrx_word' id='word_1_90' title='bbox 1477 1368 1676 1441; x_wconf 82' lang='lat' dir='ltr'><strong>(Apoc.</strong></span> <span class='ocrx_word' id='word_1_91' title='bbox 1703 1382 1758 1434; x_wconf 90' lang='grc' dir='ltr'><strong>ιι,</strong></span> <span class='ocrx_word' id='word_1_92' title='bbox 1792 1367 1879 1431; x_wconf 83' lang='lat' dir='ltr'><strong>ii,</strong></span> <span class='ocrx_word' id='word_1_93' title='bbox 1909 1376 1956 1420; x_wconf 90' lang='lat' dir='ltr'><strong>et</strong></span> <span class='ocrx_word' id='word_1_94' title='bbox 1977 1380 2073 1432; x_wconf 81' lang='lat' dir='ltr'><strong>xx,</strong></span> 
     </span>
    </p>
   </div>
   <div class='ocr_carea' id='block_1_13' title="bbox 488 1462 696 1538">
    <p class='ocr_par' dir='ltr' id='par_1_13' title="bbox 488 1462 696 1538">
     <span class='ocr_line' id='line_1_13' title="bbox 488 1462 696 1538; baseline -0.014 -18"><span class='ocrx_word' id='word_1_95' title='bbox 488 1462 696 1538; x_wconf 68' lang='lat'><strong>6,14).</strong></span> 
     </span>
    </p>
   </div>
   <div class='ocr_carea' id='block_1_14' title="bbox 556 1550 2076 1624">
    <p class='ocr_par' dir='ltr' id='par_1_14' title="bbox 556 1550 2076 1624">
     <span class='ocr_line' id='line_1_14' title="bbox 556 1550 2076 1624; baseline -0.005 -11"><span class='ocrx_word' id='word_1_96' title='bbox 556 1552 784 1613; x_wconf 82' lang='lat' dir='ltr'><strong>CAPUT</strong></span> <span class='ocrx_word' id='word_1_97' title='bbox 838 1552 1349 1621; x_wconf 78' lang='lat' dir='ltr'><strong>XCill.—Quorum</strong></span> <span class='ocrx_word' id='word_1_98' title='bbox 1401 1554 1752 1609; x_wconf 85' lang='lat' dir='ltr'><strong>damnatorum</strong></span> <span class='ocrx_word' id='word_1_99' title='bbox 1793 1556 1969 1624; x_wconf 83' lang='lat' dir='ltr'><strong>futura</strong></span> <span class='ocrx_word' id='word_1_100' title='bbox 2008 1550 2076 1607; x_wconf 83' lang='lat' dir='ltr'><strong>sit</strong></span> 
     </span>
    </p>
   </div>
   <div class='ocr_carea' id='block_1_15' title="bbox 484 1642 2073 1719">
    <p class='ocr_par' dir='ltr' id='par_1_15' title="bbox 484 1642 2073 1719">
     <span class='ocr_line' id='line_1_15' title="bbox 484 1642 2073 1719; baseline -0.002 -19"><span class='ocrx_word' id='word_1_101' title='bbox 484 1642 750 1702; x_wconf 84' lang='lat' dir='ltr'><strong>mitissima</strong></span> <span class='ocrx_word' id='word_1_102' title='bbox 776 1662 939 1716; x_wconf 62' lang='lat' dir='ltr'><strong>pana.</strong></span> <span class='ocrx_word' id='word_1_103' title='bbox 981 1644 1089 1700; x_wconf 85' lang='lat' dir='ltr'><strong>Nec</strong></span> <span class='ocrx_word' id='word_1_104' title='bbox 1123 1646 1294 1719; x_wconf 86' lang='lat' dir='ltr'><strong>prima</strong></span> <span class='ocrx_word' id='word_1_105' title='bbox 1340 1655 1516 1701; x_wconf 89' lang='lat' dir='ltr'><strong>tamen</strong></span> <span class='ocrx_word' id='word_1_106' title='bbox 1553 1660 1653 1715; x_wconf 85' lang='lat' dir='ltr'><strong>qna</strong></span> <span class='ocrx_word' id='word_1_107' title='bbox 1694 1659 1847 1698; x_wconf 89' lang='lat' dir='ltr'><strong>suum</strong></span> <span class='ocrx_word' id='word_1_108' title='bbox 1877 1657 2073 1713; x_wconf 89' lang='lat' dir='ltr'><strong>corpus</strong></span> 
     </span>
    </p>
   </div>
   <div class='ocr_carea' id='block_1_16' title="bbox 483 1735 2073 1808">
    <p class='ocr_par' dir='ltr' id='par_1_16' title="bbox 483 1735 2073 1808">
     <span class='ocr_line' id='line_1_16' title="bbox 483 1735 2073 1808; baseline -0.001 -18"><span class='ocrx_word' id='word_1_109' title='bbox 483 1738 659 1792; x_wconf 88' lang='lat' dir='ltr'><strong>anima</strong></span> <span class='ocrx_word' id='word_1_110' title='bbox 701 1736 1003 1808; x_wconf 89' lang='lat' dir='ltr'><strong>relinquere</strong></span> <span class='ocrx_word' id='word_1_111' title='bbox 1044 1736 1285 1807; x_wconf 84' lang='lat' dir='ltr'><strong>cogitur,</strong></span> <span class='ocrx_word' id='word_1_112' title='bbox 1330 1752 1428 1792; x_wconf 91' lang='lat' dir='ltr'><strong>nec</strong></span> <span class='ocrx_word' id='word_1_113' title='bbox 1463 1735 1694 1790; x_wconf 81' lang='lat' dir='ltr'><strong>secunda</strong></span> <span class='ocrx_word' id='word_1_114' title='bbox 1733 1750 1836 1805; x_wconf 88' lang='lat' dir='ltr'><strong>qua</strong></span> <span class='ocrx_word' id='word_1_115' title='bbox 1866 1735 2073 1805; x_wconf 72' lang='lat' dir='ltr'><strong>pmnaie</strong></span> 
     </span>
    </p>
   </div>
   <div class='ocr_carea' id='block_1_17' title="bbox 485 1822 2073 1897">
    <p class='ocr_par' dir='ltr' id='par_1_17' title="bbox 485 1822 2073 1897">
     <span class='ocr_line' id='line_1_17' title="bbox 485 1822 2073 1897; baseline -0.002 -15"><span class='ocrx_word' id='word_1_116' title='bbox 485 1841 681 1896; x_wconf 90' lang='lat' dir='ltr'><strong>corpus</strong></span> <span class='ocrx_word' id='word_1_117' title='bbox 718 1828 936 1883; x_wconf 75' lang='lat' dir='ltr'><strong>anima‘</strong></span> <span class='ocrx_word' id='word_1_118' title='bbox 981 1829 1281 1897; x_wconf 85' lang='lat' dir='ltr'><strong>relinquere</strong></span> <span class='ocrx_word' id='word_1_119' title='bbox 1326 1841 1431 1882; x_wconf 90' lang='lat' dir='ltr'><strong>non</strong></span> <span class='ocrx_word' id='word_1_120' title='bbox 1480 1827 1830 1895; x_wconf 86' lang='lat' dir='ltr'><strong>permittitur,</strong></span> <span class='ocrx_word' id='word_1_121' title='bbox 1873 1822 2073 1880; x_wconf 88' lang='lat' dir='ltr'><strong>homini</strong></span> 
     </span>
    </p>
   </div>
   <div class='ocr_carea' id='block_1_18' title="bbox 484 1901 2072 1986">
    <p class='ocr_par' dir='ltr' id='par_1_18' title="bbox 484 1901 2072 1986">
     <span class='ocr_line' id='line_1_18' title="bbox 484 1901 2072 1986; baseline -0.001 -15"><span class='ocrx_word' id='word_1_122' title='bbox 484 1917 793 1981; x_wconf 85' lang='lat' dir='ltr'><strong>accidisset,</strong></span> <span class='ocrx_word' id='word_1_123' title='bbox 845 1918 889 1971; x_wconf 90' lang='lat' dir='ltr'><strong>si</strong></span> <span class='ocrx_word' id='word_1_124' title='bbox 934 1932 1091 1971; x_wconf 92' lang='lat' dir='ltr'><strong>nemo</strong></span> <span class='ocrx_word' id='word_1_125' title='bbox 1133 1926 1428 1986; x_wconf 83' lang='lat' dir='ltr'><strong>peccasset.</strong></span> <span class='ocrx_word' id='word_1_126' title='bbox 1475 1901 1751 1970; x_wconf 77' lang='lat' dir='ltr'><strong>Mitissima</strong></span> <span class='ocrx_word' id='word_1_127' title='bbox 1788 1930 1916 1969; x_wconf 88' lang='lat' dir='ltr'><strong>sane</strong></span> <span class='ocrx_word' id='word_1_128' title='bbox 1958 1930 2072 1969; x_wconf 84' lang='lat' dir='ltr'><strong>om-</strong></span> 
     </span>
    </p>
   </div>
   <div class='ocr_carea' id='block_1_19' title="bbox 484 2006 2073 2087">
    <p class='ocr_par' dir='ltr' id='par_1_19' title="bbox 484 2006 2073 2087">
     <span class='ocr_line' id='line_1_19' title="bbox 484 2006 2073 2087; baseline -0.001 -25"><span class='ocrx_word' id='word_1_129' title='bbox 484 2009 629 2062; x_wconf 87' lang='lat' dir='ltr'><strong>nium</strong></span> <span class='ocrx_word' id='word_1_130' title='bbox 661 2022 815 2087; x_wconf 73' lang='lat' dir='ltr'><strong>poena</strong></span> <span class='ocrx_word' id='word_1_131' title='bbox 841 2007 943 2062; x_wconf 89' lang='lat' dir='ltr'><strong>erit</strong></span> <span class='ocrx_word' id='word_1_132' title='bbox 967 2024 1151 2062; x_wconf 91' lang='lat' dir='ltr'><strong>eorum</strong></span> <span class='ocrx_word' id='word_1_133' title='bbox 1174 2008 1260 2077; x_wconf 84' lang='lat' dir='ltr'><strong>qui</strong></span> <span class='ocrx_word' id='word_1_134' title='bbox 1289 2016 1484 2078; x_wconf 71' lang='lat' dir='ltr'><strong>prmter</strong></span> <span class='ocrx_word' id='word_1_135' title='bbox 1510 2017 1784 2077; x_wconf 79' lang='lat' dir='ltr'><strong>peceatum</strong></span> <span class='ocrx_word' id='word_1_136' title='bbox 1806 2006 1947 2076; x_wconf 92' lang='lat' dir='ltr'><strong>quod</strong></span> <span class='ocrx_word' id='word_1_137' title='bbox 1968 2006 2073 2061; x_wconf 89' lang='lat' dir='ltr'><strong>ori-</strong></span> 
     </span>
    </p>
   </div>
   <div class='ocr_carea' id='block_1_20' title="bbox 483 2094 2069 2170">
    <p class='ocr_par' dir='ltr' id='par_1_20' title="bbox 483 2094 2069 2170">
     <span class='ocr_line' id='line_1_20' title="bbox 483 2094 2069 2170; baseline -0.003 -18"><span class='ocrx_word' id='word_1_138' title='bbox 483 2097 661 2170; x_wconf 76' lang='lat' dir='ltr'><strong>ginale</strong></span> <span class='ocrx_word' id='word_1_139' title='bbox 704 2105 1015 2165; x_wconf 81' lang='lat' dir='ltr'><strong>traxerunt,</strong></span> <span class='ocrx_word' id='word_1_140' title='bbox 1062 2098 1260 2152; x_wconf 91' lang='lat' dir='ltr'><strong>nullum</strong></span> <span class='ocrx_word' id='word_1_141' title='bbox 1294 2102 1507 2166; x_wconf 86' lang='lat' dir='ltr'><strong>insuper</strong></span> <span class='ocrx_word' id='word_1_142' title='bbox 1542 2096 1897 2151; x_wconf 88' lang='lat' dir='ltr'><strong>addiderunt:</strong></span> <span class='ocrx_word' id='word_1_143' title='bbox 1926 2103 1981 2150; x_wconf 89' lang='lat' dir='ltr'><strong>et</strong></span> <span class='ocrx_word' id='word_1_144' title='bbox 2017 2094 2069 2149; x_wconf 90' lang='lat' dir='ltr'><strong>in</strong></span> 
     </span>
    </p>
   </div>
   <div class='ocr_carea' id='block_1_21' title="bbox 482 2186 2069 2260">
    <p class='ocr_par' dir='ltr' id='par_1_21' title="bbox 482 2186 2069 2260">
     <span class='ocr_line' id='line_1_21' title="bbox 482 2186 2069 2260; baseline -0.001 -17"><span class='ocrx_word' id='word_1_145' title='bbox 482 2188 696 2244; x_wconf 70' lang='lat' dir='ltr'><strong>czeteris</strong></span> <span class='ocrx_word' id='word_1_146' title='bbox 724 2186 812 2260; x_wconf 85' lang='lat' dir='ltr'><strong>qui</strong></span> <span class='ocrx_word' id='word_1_147' title='bbox 841 2188 1176 2255; x_wconf 88' lang='lat' dir='ltr'><strong>addiderunt,</strong></span> <span class='ocrx_word' id='word_1_148' title='bbox 1209 2198 1354 2243; x_wconf 89' lang='lat' dir='ltr'><strong>tanto</strong></span> <span class='ocrx_word' id='word_1_149' title='bbox 1396 2188 1618 2259; x_wconf 87' lang='lat' dir='ltr'><strong>quisque</strong></span> <span class='ocrx_word' id='word_1_150' title='bbox 1655 2186 2069 2243; x_wconf 86' lang='lat' dir='ltr'><strong>tolerabiliorem</strong></span> 
     </span>
    </p>
   </div>
   <div class='ocr_carea' id='block_1_22' title="bbox 483 2276 2073 2352">
    <p class='ocr_par' dir='ltr' id='par_1_22' title="bbox 483 2276 2073 2352">
     <span class='ocr_line' id='line_1_22' title="bbox 483 2276 2073 2352; baseline 0 -18"><span class='ocrx_word' id='word_1_151' title='bbox 483 2279 557 2334; x_wconf 88' lang='lat' dir='ltr'><strong>ibi</strong></span> <span class='ocrx_word' id='word_1_152' title='bbox 585 2276 798 2336; x_wconf 86' lang='lat' dir='ltr'><strong>habebit</strong></span> <span class='ocrx_word' id='word_1_153' title='bbox 817 2280 1231 2344; x_wconf 87' lang='lat' dir='ltr'><strong>damnationem,</strong></span> <span class='ocrx_word' id='word_1_154' title='bbox 1261 2290 1461 2352; x_wconf 90' lang='lat' dir='ltr'><strong>quanto</strong></span> <span class='ocrx_word' id='word_1_155' title='bbox 1484 2279 1568 2334; x_wconf 90' lang='lat' dir='ltr'><strong>hic</strong></span> <span class='ocrx_word' id='word_1_156' title='bbox 1603 2280 1863 2335; x_wconf 89' lang='lat' dir='ltr'><strong>minorem</strong></span> <span class='ocrx_word' id='word_1_157' title='bbox 1891 2276 2073 2334; x_wconf 85' lang='lat' dir='ltr'><strong>habuit</strong></span> 
     </span>
    </p>
   </div>
   <div class='ocr_carea' id='block_1_23' title="bbox 487 2369 842 2443">
    <p class='ocr_par' dir='ltr' id='par_1_23' title="bbox 487 2369 842 2443">
     <span class='ocr_line' id='line_1_23' title="bbox 487 2369 842 2443; baseline 0 -19"><span class='ocrx_word' id='word_1_158' title='bbox 487 2369 842 2443; x_wconf 81' lang='lat' dir='ltr'><strong>iniquitatem.</strong></span> 
     </span>
    </p>
   </div>
   <div class='ocr_carea' id='block_1_24' title="bbox 555 2454 2075 2532">
    <p class='ocr_par' dir='ltr' id='par_1_24' title="bbox 555 2454 2075 2532">
     <span class='ocr_line' id='line_1_24' title="bbox 555 2454 2075 2532; baseline -0.002 -16"><span class='ocrx_word' id='word_1_159' title='bbox 555 2454 780 2518; x_wconf 83' lang='lat' dir='ltr'><strong>CAPUT</strong></span> <span class='ocrx_word' id='word_1_160' title='bbox 815 2461 994 2517; x_wconf 83' lang='lat' dir='ltr'><strong>XCIV.</strong></span> <span class='ocrx_word' id='word_1_161' title='bbox 1028 2492 1095 2503; x_wconf 94' lang='lat'><strong>—</strong></span> <span class='ocrx_word' id='word_1_162' title='bbox 1120 2460 1209 2517; x_wconf 65' lang='lat'><strong>24.</strong></span> <span class='ocrx_word' id='word_1_163' title='bbox 1246 2458 1311 2516; x_wconf 84' lang='lat' dir='ltr'><strong>In</strong></span> <span class='ocrx_word' id='word_1_164' title='bbox 1348 2461 1449 2515; x_wconf 84' lang='lat' dir='ltr'><strong>vita</strong></span> <span class='ocrx_word' id='word_1_165' title='bbox 1475 2470 1662 2516; x_wconf 63' lang='lat' dir='ltr'><strong>aeterna</strong></span> <span class='ocrx_word' id='word_1_166' title='bbox 1688 2461 1847 2515; x_wconf 85' lang='lat' dir='ltr'><strong>sancti</strong></span> <span class='ocrx_word' id='word_1_167' title='bbox 1878 2460 2075 2532; x_wconf 85' lang='lat' dir='ltr'><strong>plenius</strong></span> 
     </span>
    </p>
   </div>
   <div class='ocr_carea' id='block_1_25' title="bbox 484 2550 2073 2624">
    <p class='ocr_par' dir='ltr' id='par_1_25' title="bbox 484 2550 2073 2624">
     <span class='ocr_line' id='line_1_25' title="bbox 484 2550 2073 2624; baseline 0 -17"><span class='ocrx_word' id='word_1_168' title='bbox 484 2562 782 2623; x_wconf 78' lang='lat' dir='ltr'><strong>cognoscent</strong></span> <span class='ocrx_word' id='word_1_169' title='bbox 802 2553 925 2624; x_wconf 84' lang='lat' dir='ltr'><strong>quid</strong></span> <span class='ocrx_word' id='word_1_170' title='bbox 948 2556 1020 2608; x_wconf 82' lang='lat' dir='ltr'><strong>eis</strong></span> <span class='ocrx_word' id='word_1_171' title='bbox 1039 2553 1304 2608; x_wconf 77' lang='lat' dir='ltr'><strong>contulerit</strong></span> <span class='ocrx_word' id='word_1_172' title='bbox 1338 2554 1521 2624; x_wconf 84' lang='lat' dir='ltr'><strong>gratia.</strong></span> <span class='ocrx_word' id='word_1_173' title='bbox 1540 2550 1954 2608; x_wconf 80' lang='lat' dir='ltr'><strong>Remanentibus</strong></span> <span class='ocrx_word' id='word_1_174' title='bbox 1976 2552 2073 2607; x_wconf 86' lang='lat' dir='ltr'><strong>ita-</strong></span> 
     </span>
    </p>
   </div>
   <div class='ocr_carea' id='block_1_26' title="bbox 481 2646 2070 2718">
    <p class='ocr_par' dir='ltr' id='par_1_26' title="bbox 481 2646 2070 2718">
     <span class='ocr_line' id='line_1_26' title="bbox 481 2646 2070 2718; baseline -0.002 -17"><span class='ocrx_word' id='word_1_175' title='bbox 481 2660 587 2718; x_wconf 86' lang='lat' dir='ltr'><strong>que</strong></span> <span class='ocrx_word' id='word_1_176' title='bbox 612 2647 815 2717; x_wconf 76' lang='lat' dir='ltr'><strong>angelis</strong></span> <span class='ocrx_word' id='word_1_177' title='bbox 862 2655 915 2701; x_wconf 88' lang='lat' dir='ltr'><strong>et</strong></span> <span class='ocrx_word' id='word_1_178' title='bbox 956 2646 1258 2701; x_wconf 89' lang='lat' dir='ltr'><strong>hominibus</strong></span> <span class='ocrx_word' id='word_1_179' title='bbox 1297 2647 1537 2716; x_wconf 85' lang='lat' dir='ltr'><strong>reprobis</strong></span> <span class='ocrx_word' id='word_1_180' title='bbox 1563 2646 1614 2700; x_wconf 91' lang='lat' dir='ltr'><strong>in</strong></span> <span class='ocrx_word' id='word_1_181' title='bbox 1655 2655 1852 2700; x_wconf 63' lang='lat' dir='ltr'><strong>{eterna</strong></span> <span class='ocrx_word' id='word_1_182' title='bbox 1883 2659 2070 2716; x_wconf 65' lang='lat' dir='ltr'><strong>paena,</strong></span> 
     </span>
    </p>
   </div>
   <div class='ocr_carea' id='block_1_27' title="bbox 482 2738 2074 2809">
    <p class='ocr_par' dir='ltr' id='par_1_27' title="bbox 482 2738 2074 2809">
     <span class='ocr_line' id='line_1_27' title="bbox 482 2738 2074 2809; baseline -0.001 -16"><span class='ocrx_word' id='word_1_183' title='bbox 482 2746 611 2794; x_wconf 85' lang='lat' dir='ltr'><strong>tunc</strong></span> <span class='ocrx_word' id='word_1_184' title='bbox 658 2740 825 2793; x_wconf 81' lang='lat' dir='ltr'><strong>sancti</strong></span> <span class='ocrx_word' id='word_1_185' title='bbox 867 2740 1035 2793; x_wconf 89' lang='lat' dir='ltr'><strong>scient</strong></span> <span class='ocrx_word' id='word_1_186' title='bbox 1083 2739 1289 2809; x_wconf 87' lang='lat' dir='ltr'><strong>plenius</strong></span> <span class='ocrx_word' id='word_1_187' title='bbox 1335 2738 1461 2809; x_wconf 89' lang='lat' dir='ltr'><strong>quid</strong></span> <span class='ocrx_word' id='word_1_188' title='bbox 1494 2738 1616 2792; x_wconf 91' lang='lat' dir='ltr'><strong>boni</strong></span> <span class='ocrx_word' id='word_1_189' title='bbox 1661 2739 1743 2794; x_wconf 88' lang='lat' dir='ltr'><strong>eis</strong></span> <span class='ocrx_word' id='word_1_190' title='bbox 1784 2738 2074 2793; x_wconf 87' lang='lat' dir='ltr'><strong>contulerit</strong></span> 
     </span>
    </p>
   </div>
   <div class='ocr_carea' id='block_1_28' title="bbox 483 2824 2068 2899">
    <p class='ocr_par' dir='ltr' id='par_1_28' title="bbox 483 2824 2068 2899">
     <span class='ocr_line' id='line_1_28' title="bbox 483 2824 2068 2899; baseline -0.001 -17"><span class='ocrx_word' id='word_1_191' title='bbox 483 2829 671 2899; x_wconf 79' lang='lat' dir='ltr'><strong>gratia.</strong></span> <span class='ocrx_word' id='word_1_192' title='bbox 698 2824 846 2883; x_wconf 88' lang='lat' dir='ltr'><strong>&#39;l’unc</strong></span> <span class='ocrx_word' id='word_1_193' title='bbox 873 2827 1035 2883; x_wconf 88' lang='lat' dir='ltr'><strong>rebus</strong></span> <span class='ocrx_word' id='word_1_194' title='bbox 1055 2828 1181 2898; x_wconf 85' lang='lat' dir='ltr'><strong>ipsis</strong></span> <span class='ocrx_word' id='word_1_195' title='bbox 1210 2828 1507 2883; x_wconf 86' lang='lat' dir='ltr'><strong>evidentius</strong></span> <span class='ocrx_word' id='word_1_196' title='bbox 1531 2828 1808 2899; x_wconf 86' lang='lat' dir='ltr'><strong>apparebit</strong></span> <span class='ocrx_word' id='word_1_197' title='bbox 1845 2826 1986 2896; x_wconf 89' lang='lat' dir='ltr'><strong>quod</strong></span> <span class='ocrx_word' id='word_1_198' title='bbox 2014 2826 2068 2881; x_wconf 87' lang='lat' dir='ltr'><strong>in</strong></span> 
     </span>
    </p>
   </div>
   <div class='ocr_carea' id='block_1_29' title="bbox 483 2918 2072 2991">
    <p class='ocr_par' dir='ltr' id='par_1_29' title="bbox 483 2918 2072 2991">
     <span class='ocr_line' id='line_1_29' title="bbox 483 2918 2072 2991; baseline -0.002 -15"><span class='ocrx_word' id='word_1_199' title='bbox 483 2918 699 2977; x_wconf 83' lang='lat' dir='ltr'><strong>Psalmo</strong></span> <span class='ocrx_word' id='word_1_200' title='bbox 739 2920 995 2990; x_wconf 88' lang='lat' dir='ltr'><strong>scriptum</strong></span> <span class='ocrx_word' id='word_1_201' title='bbox 1027 2930 1131 2986; x_wconf 89' lang='lat' dir='ltr'><strong>est,</strong></span> <span class='ocrx_word' id='word_1_202' title='bbox 1165 2919 1567 2974; x_wconf 78' lang='lat' dir='ltr'><strong>Misericordiam</strong></span> <span class='ocrx_word' id='word_1_203' title='bbox 1593 2929 1638 2974; x_wconf 86' lang='lat' dir='ltr'><strong>et</strong></span> <span class='ocrx_word' id='word_1_204' title='bbox 1668 2918 1924 2991; x_wconf 82' lang='lat' dir='ltr'><strong>judicium</strong></span> <span class='ocrx_word' id='word_1_205' title='bbox 1950 2934 2072 2973; x_wconf 87' lang='lat' dir='ltr'><strong>can-</strong></span> 
     </span>
    </p>
   </div>
   <div class='ocr_carea' id='block_1_30' title="bbox 486 3008 2075 3084">
    <p class='ocr_par' dir='ltr' id='par_1_30' title="bbox 486 3008 2075 3084">
     <span class='ocr_line' id='line_1_30' title="bbox 486 3008 2075 3084; baseline 0 -20"><span class='ocrx_word' id='word_1_206' title='bbox 486 3010 601 3065; x_wconf 90' lang='lat' dir='ltr'><strong>tabo</strong></span> <span class='ocrx_word' id='word_1_207' title='bbox 623 3011 745 3076; x_wconf 87' lang='lat' dir='ltr'><strong>tibi,</strong></span> <span class='ocrx_word' id='word_1_208' title='bbox 778 3008 996 3065; x_wconf 78' lang='lat' dir='ltr'><strong>Domine</strong></span> <span class='ocrx_word' id='word_1_209' title='bbox 1026 3008 1212 3084; x_wconf 85' lang='lat' dir='ltr'><strong>(Psal.</strong></span> <span class='ocrx_word' id='word_1_210' title='bbox 1243 3024 1293 3077; x_wconf 89' lang='lat' dir='ltr'><strong>c,</strong></span> <span class='ocrx_word' id='word_1_211' title='bbox 1328 3009 1393 3081; x_wconf 88' lang='lat' dir='ltr'><strong>l)</strong></span> <span class='ocrx_word' id='word_1_212' title='bbox 1424 3027 1438 3076; x_wconf 93' lang='lat'><strong>;</strong></span> <span class='ocrx_word' id='word_1_213' title='bbox 1471 3012 1591 3080; x_wconf 89' lang='lat' dir='ltr'><strong>quia</strong></span> <span class='ocrx_word' id='word_1_214' title='bbox 1619 3011 1719 3065; x_wconf 89' lang='lat' dir='ltr'><strong>nisi</strong></span> <span class='ocrx_word' id='word_1_215' title='bbox 1751 3026 1845 3081; x_wconf 85' lang='lat' dir='ltr'><strong>per</strong></span> <span class='ocrx_word' id='word_1_216' title='bbox 1869 3010 2075 3066; x_wconf 85' lang='lat' dir='ltr'><strong>indebi-</strong></span> 
     </span>
    </p>
   </div>
   <div class='ocr_carea' id='block_1_31' title="bbox 483 3101 2073 3175">
    <p class='ocr_par' dir='ltr' id='par_1_31' title="bbox 483 3101 2073 3175">
     <span class='ocr_line' id='line_1_31' title="bbox 483 3101 2073 3175; baseline 0.001 -18"><span class='ocrx_word' id='word_1_217' title='bbox 483 3110 598 3157; x_wconf 88' lang='lat' dir='ltr'><strong>tam</strong></span> <span class='ocrx_word' id='word_1_218' title='bbox 624 3101 1039 3158; x_wconf 88' lang='lat' dir='ltr'><strong>misericordiam</strong></span> <span class='ocrx_word' id='word_1_219' title='bbox 1068 3117 1224 3157; x_wconf 90' lang='lat' dir='ltr'><strong>nemo</strong></span> <span class='ocrx_word' id='word_1_220' title='bbox 1260 3103 1513 3158; x_wconf 84' lang='lat' dir='ltr'><strong>liberatur</strong></span> <span class='ocrx_word' id='word_1_221' title='bbox 1536 3145 1550 3168; x_wconf 92' lang='lat'><strong>,</strong></span> <span class='ocrx_word' id='word_1_222' title='bbox 1582 3113 1633 3159; x_wconf 90' lang='lat' dir='ltr'><strong>et</strong></span> <span class='ocrx_word' id='word_1_223' title='bbox 1654 3103 1752 3159; x_wconf 88' lang='lat' dir='ltr'><strong>nisi</strong></span> <span class='ocrx_word' id='word_1_224' title='bbox 1778 3119 1874 3175; x_wconf 89' lang='lat' dir='ltr'><strong>per</strong></span> <span class='ocrx_word' id='word_1_225' title='bbox 1918 3101 2073 3158; x_wconf 82' lang='lat' dir='ltr'><strong>debi-</strong></span> 
     </span>
    </p>
   </div>
   <div class='ocr_carea' id='block_1_32' title="bbox 484 3192 1395 3266">
    <p class='ocr_par' dir='ltr' id='par_1_32' title="bbox 484 3192 1395 3266">
     <span class='ocr_line' id='line_1_32' title="bbox 484 3192 1395 3266; baseline -0.001 -17"><span class='ocrx_word' id='word_1_226' title='bbox 484 3202 597 3251; x_wconf 89' lang='lat' dir='ltr'><strong>tnm</strong></span> <span class='ocrx_word' id='word_1_227' title='bbox 617 3192 872 3266; x_wconf 85' lang='lat' dir='ltr'><strong>judicium</strong></span> <span class='ocrx_word' id='word_1_228' title='bbox 902 3208 1061 3250; x_wconf 92' lang='lat' dir='ltr'><strong>nemo</strong></span> <span class='ocrx_word' id='word_1_229' title='bbox 1097 3194 1395 3250; x_wconf 86' lang='lat' dir='ltr'><strong>damnatur.</strong></span> 
     </span>
    </p>
   </div>
   <div class='ocr_carea' id='block_1_33' title="bbox 564 3284 2075 3359">
    <p class='ocr_par' dir='ltr' id='par_1_33' title="bbox 564 3284 2075 3359">
     <span class='ocr_line' id='line_1_33' title="bbox 564 3284 2075 3359; baseline 0 -16"><span class='ocrx_word' id='word_1_230' title='bbox 564 3284 788 3344; x_wconf 83' lang='lat' dir='ltr'><strong>CAPUT</strong></span> <span class='ocrx_word' id='word_1_231' title='bbox 825 3284 1224 3343; x_wconf 77' lang='lat' dir='ltr'><strong>XCV.—Tunc</strong></span> <span class='ocrx_word' id='word_1_232' title='bbox 1257 3288 1605 3343; x_wconf 70' lang='lat' dir='ltr'><strong>revrtabuntur</strong></span> <span class='ocrx_word' id='word_1_233' title='bbox 1648 3288 1843 3343; x_wconf 86' lang='lat' dir='ltr'><strong>occulta</strong></span> <span class='ocrx_word' id='word_1_234' title='bbox 1874 3288 2075 3359; x_wconf 85' lang='lat' dir='ltr'><strong>judicia</strong></span> 
     </span>
    </p>
   </div>
   <div class='ocr_carea' id='block_1_34' title="bbox 483 3378 2074 3451">
    <p class='ocr_par' dir='ltr' id='par_1_34' title="bbox 483 3378 2074 3451">
     <span class='ocr_line' id='line_1_34' title="bbox 483 3378 2074 3451; baseline -0.001 -16"><span class='ocrx_word' id='word_1_235' title='bbox 483 3379 584 3435; x_wconf 83' lang='lat' dir='ltr'><strong>Del</strong></span> <span class='ocrx_word' id='word_1_236' title='bbox 610 3379 665 3435; x_wconf 87' lang='lat' dir='ltr'><strong>in</strong></span> <span class='ocrx_word' id='word_1_237' title='bbox 690 3378 948 3435; x_wconf 78' lang='lat' dir='ltr'><strong>hominum</strong></span> <span class='ocrx_word' id='word_1_238' title='bbox 974 3379 1429 3451; x_wconf 72' lang='lat' dir='ltr'><strong>prwdestinatione.</strong></span> <span class='ocrx_word' id='word_1_239' title='bbox 1466 3380 1707 3435; x_wconf 83' lang='lat' dir='ltr'><strong>Voluntas</strong></span> <span class='ocrx_word' id='word_1_240' title='bbox 1724 3378 1821 3434; x_wconf 88' lang='lat' dir='ltr'><strong>Dei</strong></span> <span class='ocrx_word' id='word_1_241' title='bbox 1840 3379 2074 3450; x_wconf 65' lang='lat' dir='ltr'><strong>efﬁcacis-</strong></span> 
     </span>
    </p>
   </div>
   <div class='ocr_carea' id='block_1_35' title="bbox 484 3466 2074 3540">
    <p class='ocr_par' dir='ltr' id='par_1_35' title="bbox 484 3466 2074 3540">
     <span class='ocr_line' id='line_1_35' title="bbox 484 3466 2074 3540; baseline 0 -15"><span class='ocrx_word' id='word_1_242' title='bbox 484 3470 635 3525; x_wconf 87' lang='lat' dir='ltr'><strong>sima.</strong></span> <span class='ocrx_word' id='word_1_243' title='bbox 662 3466 815 3524; x_wconf 81' lang='lat' dir='ltr'><strong>Tunc</strong></span> <span class='ocrx_word' id='word_1_244' title='bbox 834 3483 939 3524; x_wconf 89' lang='lat' dir='ltr'><strong>non</strong></span> <span class='ocrx_word' id='word_1_245' title='bbox 966 3469 1149 3525; x_wconf 87' lang='lat' dir='ltr'><strong>latebit</strong></span> <span class='ocrx_word' id='word_1_246' title='bbox 1174 3468 1315 3540; x_wconf 88' lang='lat' dir='ltr'><strong>quod</strong></span> <span class='ocrx_word' id='word_1_247' title='bbox 1346 3486 1486 3527; x_wconf 87' lang='lat' dir='ltr'><strong>nunc</strong></span> <span class='ocrx_word' id='word_1_248' title='bbox 1510 3470 1655 3537; x_wconf 89' lang='lat' dir='ltr'><strong>latet,</strong></span> <span class='ocrx_word' id='word_1_249' title='bbox 1692 3485 1813 3525; x_wconf 91' lang='lat' dir='ltr'><strong>cum</strong></span> <span class='ocrx_word' id='word_1_250' title='bbox 1842 3469 1909 3525; x_wconf 91' lang='lat' dir='ltr'><strong>de</strong></span> <span class='ocrx_word' id='word_1_251' title='bbox 1937 3470 2074 3525; x_wconf 86' lang='lat' dir='ltr'><strong>duo-</strong></span> 
     </span>
    </p>
   </div>
   <div class='ocr_carea' id='block_1_36' title="bbox 484 3560 2071 3635">
    <p class='ocr_par' dir='ltr' id='par_1_36' title="bbox 484 3560 2071 3635">
     <span class='ocr_line' id='line_1_36' title="bbox 484 3560 2071 3635; baseline 0 -18"><span class='ocrx_word' id='word_1_252' title='bbox 484 3560 588 3617; x_wconf 84' lang='lat' dir='ltr'><strong>bus</strong></span> <span class='ocrx_word' id='word_1_253' title='bbox 619 3562 853 3631; x_wconf 82' lang='lat' dir='ltr'><strong>parvulis</strong></span> <span class='ocrx_word' id='word_1_254' title='bbox 879 3576 1019 3618; x_wconf 85' lang='lat' dir='ltr'><strong>unus</strong></span> <span class='ocrx_word' id='word_1_255' title='bbox 1057 3572 1201 3618; x_wconf 88' lang='lat' dir='ltr'><strong>esset</strong></span> <span class='ocrx_word' id='word_1_256' title='bbox 1244 3563 1596 3617; x_wconf 86' lang='lat' dir='ltr'><strong>assumendus</strong></span> <span class='ocrx_word' id='word_1_257' title='bbox 1634 3578 1731 3635; x_wconf 83' lang='lat' dir='ltr'><strong>per</strong></span> <span class='ocrx_word' id='word_1_258' title='bbox 1765 3562 2071 3618; x_wconf 86' lang='lat' dir='ltr'><strong>misericor-</strong></span> 
     </span>
    </p>
   </div>
   <div class='ocr_carea' id='block_1_37' title="bbox 488 3650 2073 3726">
    <p class='ocr_par' dir='ltr' id='par_1_37' title="bbox 488 3650 2073 3726">
     <span class='ocr_line' id='line_1_37' title="bbox 488 3650 2073 3726; baseline 0.001 -16"><span class='ocrx_word' id='word_1_259' title='bbox 488 3650 655 3723; x_wconf 89' lang='lat' dir='ltr'><strong>diam,</strong></span> <span class='ocrx_word' id='word_1_260' title='bbox 695 3655 830 3711; x_wconf 89' lang='lat' dir='ltr'><strong>alius</strong></span> <span class='ocrx_word' id='word_1_261' title='bbox 871 3669 968 3725; x_wconf 90' lang='lat' dir='ltr'><strong>per</strong></span> <span class='ocrx_word' id='word_1_262' title='bbox 999 3654 1255 3726; x_wconf 76' lang='lat' dir='ltr'><strong>judicium</strong></span> <span class='ocrx_word' id='word_1_263' title='bbox 1290 3654 1702 3726; x_wconf 88' lang='lat' dir='ltr'><strong>relinquendus,</strong></span> <span class='ocrx_word' id='word_1_264' title='bbox 1746 3652 1800 3709; x_wconf 92' lang='lat' dir='ltr'><strong>in</strong></span> <span class='ocrx_word' id='word_1_265' title='bbox 1843 3669 1982 3725; x_wconf 89' lang='lat' dir='ltr'><strong>quo,</strong></span> <span class='ocrx_word' id='word_1_266' title='bbox 2027 3653 2073 3711; x_wconf 92' lang='lat' dir='ltr'><strong>is</strong></span> 
     </span>
    </p>
   </div>
   <div class='ocr_carea' id='block_1_38' title="bbox 488 3743 2072 3818">
    <p class='ocr_par' dir='ltr' id='par_1_38' title="bbox 488 3743 2072 3818">
     <span class='ocr_line' id='line_1_38' title="bbox 488 3743 2072 3818; baseline 0.001 -18"><span class='ocrx_word' id='word_1_267' title='bbox 488 3744 579 3818; x_wconf 90' lang='lat' dir='ltr'><strong>qui</strong></span> <span class='ocrx_word' id='word_1_268' title='bbox 617 3754 1006 3813; x_wconf 87' lang='lat' dir='ltr'><strong>assumeretur,</strong></span> <span class='ocrx_word' id='word_1_269' title='bbox 1036 3755 1349 3817; x_wconf 77' lang='lat' dir='ltr'><strong>agnosceret</strong></span> <span class='ocrx_word' id='word_1_270' title='bbox 1402 3745 1527 3816; x_wconf 89' lang='lat' dir='ltr'><strong>quid</strong></span> <span class='ocrx_word' id='word_1_271' title='bbox 1567 3745 1668 3800; x_wconf 85' lang='lat' dir='ltr'><strong>sibi</strong></span> <span class='ocrx_word' id='word_1_272' title='bbox 1699 3760 1793 3816; x_wconf 86' lang='lat' dir='ltr'><strong>per</strong></span> <span class='ocrx_word' id='word_1_273' title='bbox 1818 3743 2072 3816; x_wconf 86' lang='lat' dir='ltr'><strong>iudicium</strong></span> 
     </span>
    </p>
   </div>
   <div class='ocr_carea' id='block_1_39' title="bbox 488 3830 2074 3906">
    <p class='ocr_par' dir='ltr' id='par_1_39' title="bbox 488 3830 2074 3906">
     <span class='ocr_line' id='line_1_39' title="bbox 488 3830 2074 3906; baseline -0.003 -12"><span class='ocrx_word' id='word_1_274' title='bbox 488 3830 795 3905; x_wconf 88' lang='lat' dir='ltr'><strong>deberetur,</strong></span> <span class='ocrx_word' id='word_1_275' title='bbox 827 3836 924 3893; x_wconf 90' lang='lat' dir='ltr'><strong>nisi</strong></span> <span class='ocrx_word' id='word_1_276' title='bbox 957 3836 1319 3892; x_wconf 86' lang='lat' dir='ltr'><strong>misericordia</strong></span> <span class='ocrx_word' id='word_1_277' title='bbox 1346 3836 1658 3891; x_wconf 79' lang='lat' dir='ltr'><strong>subveniret</strong></span> <span class='ocrx_word' id='word_1_278' title='bbox 1693 3852 1707 3902; x_wconf 91' lang='lat'><strong>;</strong></span> <span class='ocrx_word' id='word_1_279' title='bbox 1736 3850 1834 3890; x_wconf 87' lang='lat' dir='ltr'><strong>cur</strong></span> <span class='ocrx_word' id='word_1_280' title='bbox 1863 3836 1951 3891; x_wconf 91' lang='lat' dir='ltr'><strong>ille</strong></span> <span class='ocrx_word' id='word_1_281' title='bbox 1977 3849 2074 3906; x_wconf 85' lang='lat' dir='ltr'><strong>po-</strong></span> 
     </span>
    </p>
   </div>
   <div class='ocr_carea' id='block_1_40' title="bbox 488 3928 2075 4001">
    <p class='ocr_par' dir='ltr' id='par_1_40' title="bbox 488 3928 2075 4001">
     <span class='ocr_line' id='line_1_40' title="bbox 488 3928 2075 4001; baseline -0.001 -17"><span class='ocrx_word' id='word_1_282' title='bbox 488 3930 597 3985; x_wconf 83' lang='lat' dir='ltr'><strong>tius</strong></span> <span class='ocrx_word' id='word_1_283' title='bbox 622 3944 780 4001; x_wconf 90' lang='lat' dir='ltr'><strong>quam</strong></span> <span class='ocrx_word' id='word_1_284' title='bbox 807 3930 907 3985; x_wconf 90' lang='lat' dir='ltr'><strong>iste</strong></span> <span class='ocrx_word' id='word_1_285' title='bbox 932 3928 1088 3984; x_wconf 87' lang='lat' dir='ltr'><strong>fuerit</strong></span> <span class='ocrx_word' id='word_1_286' title='bbox 1118 3937 1438 3999; x_wconf 85' lang='lat' dir='ltr'><strong>assumptus,</strong></span> <span class='ocrx_word' id='word_1_287' title='bbox 1467 3942 1586 3982; x_wconf 89' lang='lat' dir='ltr'><strong>cum</strong></span> <span class='ocrx_word' id='word_1_288' title='bbox 1618 3941 1774 3982; x_wconf 86' lang='lat' dir='ltr'><strong>causa</strong></span> <span class='ocrx_word' id='word_1_289' title='bbox 1799 3942 1900 3982; x_wconf 89' lang='lat' dir='ltr'><strong>una</strong></span> <span class='ocrx_word' id='word_1_290' title='bbox 1931 3933 2075 3983; x_wconf 85' lang='lat' dir='ltr'><strong>esset</strong></span> 
     </span>
    </p>
   </div>
   <div class='ocr_carea' id='block_1_41' title="bbox 491 4020 2075 4091">
    <p class='ocr_par' dir='ltr' id='par_1_41' title="bbox 491 4020 2075 4091">
     <span class='ocr_line' id='line_1_41' title="bbox 491 4020 2075 4091; baseline 0.001 -16"><span class='ocrx_word' id='word_1_291' title='bbox 491 4021 753 4078; x_wconf 84' lang='lat' dir='ltr'><strong>ambobus</strong></span> <span class='ocrx_word' id='word_1_292' title='bbox 796 4040 808 4076; x_wconf 92' lang='lat'>:</span> <span class='ocrx_word' id='word_1_293' title='bbox 839 4036 935 4077; x_wconf 90' lang='lat' dir='ltr'><strong>cur</strong></span> <span class='ocrx_word' id='word_1_294' title='bbox 961 4022 1098 4091; x_wconf 87' lang='lat' dir='ltr'><strong>apud</strong></span> <span class='ocrx_word' id='word_1_295' title='bbox 1127 4020 1383 4091; x_wconf 85' lang='lat' dir='ltr'><strong>quosdam</strong></span> <span class='ocrx_word' id='word_1_296' title='bbox 1424 4036 1529 4076; x_wconf 92' lang='lat' dir='ltr'><strong>non</strong></span> <span class='ocrx_word' id='word_1_297' title='bbox 1571 4021 1719 4076; x_wconf 64' lang='lat' dir='ltr'><strong>facta:</strong></span> <span class='ocrx_word' id='word_1_298' title='bbox 1757 4022 1863 4076; x_wconf 90' lang='lat' dir='ltr'><strong>sint</strong></span> <span class='ocrx_word' id='word_1_299' title='bbox 1908 4022 2075 4076; x_wconf 87' lang='lat' dir='ltr'><strong>virtu-</strong></span> 
     </span>
    </p>
   </div>
   <div class='ocr_carea' id='block_1_42' title="bbox 488 4110 2074 4183">
    <p class='ocr_par' dir='ltr' id='par_1_42' title="bbox 488 4110 2074 4183">
     <span class='ocr_line' id='line_1_42' title="bbox 488 4110 2074 4183; baseline 0 -15"><span class='ocrx_word' id='word_1_300' title='bbox 488 4120 594 4177; x_wconf 88' lang='lat' dir='ltr'><strong>tes,</strong></span> <span class='ocrx_word' id='word_1_301' title='bbox 625 4128 744 4183; x_wconf 69' lang='lat' dir='ltr'><strong>quas</strong></span> <span class='ocrx_word' id='word_1_302' title='bbox 766 4113 810 4167; x_wconf 92' lang='lat' dir='ltr'><strong>si</strong></span> <span class='ocrx_word' id='word_1_303' title='bbox 835 4110 988 4167; x_wconf 71' lang='lat' dir='ltr'><strong>facta:</strong></span> <span class='ocrx_word' id='word_1_304' title='bbox 1010 4112 1252 4180; x_wconf 87' lang='lat' dir='ltr'><strong>fuissent,</strong></span> <span class='ocrx_word' id='word_1_305' title='bbox 1281 4114 1515 4182; x_wconf 65' lang='lat' dir='ltr'><strong>egissent</strong></span> <span class='ocrx_word' id='word_1_306' title='bbox 1542 4113 1614 4166; x_wconf 90' lang='lat' dir='ltr'><strong>illi</strong></span> <span class='ocrx_word' id='word_1_307' title='bbox 1639 4112 1878 4169; x_wconf 88' lang='lat' dir='ltr'><strong>homines</strong></span> <span class='ocrx_word' id='word_1_308' title='bbox 1904 4113 2074 4183; x_wconf 65' lang='lat' dir='ltr'><strong>pinni-</strong></span> 
     </span>
    </p>
   </div>
   <div class='ocr_carea' id='block_1_43' title="bbox 495 4199 2077 4272">
    <p class='ocr_par' dir='ltr' id='par_1_43' title="bbox 495 4199 2077 4272">
     <span class='ocr_line' id='line_1_43' title="bbox 495 4199 2077 4272; baseline 0.001 -15"><span class='ocrx_word' id='word_1_309' title='bbox 495 4203 795 4267; x_wconf 76' lang='lat' dir='ltr'><strong>tentiam&#39;,</strong></span> <span class='ocrx_word' id='word_1_310' title='bbox 836 4209 893 4255; x_wconf 88' lang='lat' dir='ltr'><strong>et</strong></span> <span class='ocrx_word' id='word_1_311' title='bbox 938 4199 1089 4256; x_wconf 79' lang='lat' dir='ltr'><strong>factae</strong></span> <span class='ocrx_word' id='word_1_312' title='bbox 1142 4204 1248 4256; x_wconf 90' lang='lat' dir='ltr'><strong>sint</strong></span> <span class='ocrx_word' id='word_1_313' title='bbox 1287 4202 1424 4270; x_wconf 89' lang='lat' dir='ltr'><strong>apud</strong></span> <span class='ocrx_word' id='word_1_314' title='bbox 1471 4218 1564 4256; x_wconf 81' lang='lat' dir='ltr'><strong>eos</strong></span> <span class='ocrx_word' id='word_1_315' title='bbox 1596 4203 1686 4272; x_wconf 89' lang='lat' dir='ltr'><strong>qui</strong></span> <span class='ocrx_word' id='word_1_316' title='bbox 1723 4218 1827 4257; x_wconf 90' lang='lat' dir='ltr'><strong>non</strong></span> <span class='ocrx_word' id='word_1_317' title='bbox 1869 4204 2077 4258; x_wconf 79' lang='lat' dir='ltr'><strong>fuerant</strong></span> 
     </span>
    </p>
   </div>
   <div class='ocr_carea' id='block_1_44' title="bbox 489 4289 2078 4360">
    <p class='ocr_par' dir='ltr' id='par_1_44' title="bbox 489 4289 2078 4360">
     <span class='ocr_line' id='line_1_44' title="bbox 489 4289 2078 4360; baseline 0.001 -14"><span class='ocrx_word' id='word_1_318' title='bbox 489 4290 762 4346; x_wconf 88' lang='lat' dir='ltr'><strong>credituri.</strong></span> <span class='ocrx_word' id='word_1_319' title='bbox 809 4290 1158 4360; x_wconf 86' lang='lat' dir='ltr'><strong>Apertissime</strong></span> <span class='ocrx_word' id='word_1_320' title='bbox 1202 4305 1431 4360; x_wconf 87' lang='lat' dir='ltr'><strong>namque</strong></span> <span class='ocrx_word' id='word_1_321' title='bbox 1472 4290 1724 4345; x_wconf 90' lang='lat' dir='ltr'><strong>Dominus</strong></span> <span class='ocrx_word' id='word_1_322' title='bbox 1772 4291 1944 4346; x_wconf 88' lang='lat' dir='ltr'><strong>dicit:</strong></span> <span class='ocrx_word' id='word_1_323' title='bbox 1984 4289 2078 4347; x_wconf 68' lang='lat' dir='ltr'><strong>Vt:</strong></span> 
     </span>
    </p>
   </div>
   <div class='ocr_carea' id='block_1_45' title="bbox 494 4376 2078 4452">
    <p class='ocr_par' dir='ltr' id='par_1_45' title="bbox 494 4376 2078 4452">
     <span class='ocr_line' id='line_1_45' title="bbox 494 4376 2078 4452; baseline 0.001 -17"><span class='ocrx_word' id='word_1_324' title='bbox 494 4380 583 4435; x_wconf 88' lang='lat' dir='ltr'><strong>tibi</strong></span> <span class='ocrx_word' id='word_1_325' title='bbox 606 4421 621 4447; x_wconf 89' lang='lat'><strong>,</strong></span> <span class='ocrx_word' id='word_1_326' title='bbox 649 4379 896 4435; x_wconf 76' lang='lat' dir='ltr'><strong>Corozain</strong></span> <span class='ocrx_word' id='word_1_327' title='bbox 921 4396 941 4445; x_wconf 89' lang='lat'><strong><em>;</em></strong></span> <span class='ocrx_word' id='word_1_328' title='bbox 976 4396 1053 4435; x_wconf 79' lang='lat' dir='ltr'><strong>ua:</strong></span> <span class='ocrx_word' id='word_1_329' title='bbox 1089 4379 1491 4447; x_wconf 82' lang='lat' dir='ltr'><strong>tibi,Bethsaida</strong></span> <span class='ocrx_word' id='word_1_330' title='bbox 1523 4376 1544 4434; x_wconf 90' lang='lat'><strong><em>!</em></strong></span> <span class='ocrx_word' id='word_1_331' title='bbox 1574 4379 1691 4451; x_wconf 84' lang='lat' dir='ltr'><strong>quia</strong></span> <span class='ocrx_word' id='word_1_332' title='bbox 1715 4380 1759 4433; x_wconf 90' lang='lat' dir='ltr'><strong>si</strong></span> <span class='ocrx_word' id='word_1_333' title='bbox 1784 4381 1836 4434; x_wconf 86' lang='lat' dir='ltr'><strong>in</strong></span> <span class='ocrx_word' id='word_1_334' title='bbox 1866 4379 2001 4452; x_wconf 79' lang='lat' dir='ltr'><strong>Tyro</strong></span> <span class='ocrx_word' id='word_1_335' title='bbox 2029 4391 2078 4437; x_wconf 84' lang='lat' dir='ltr'><strong>et</strong></span> 
     </span>
    </p>
   </div>
   <div class='ocr_carea' id='block_1_46' title="bbox 492 4470 2072 4545">
    <p class='ocr_par' dir='ltr' id='par_1_46' title="bbox 492 4470 2072 4545">
     <span class='ocr_line' id='line_1_46' title="bbox 492 4470 2072 4545; baseline -0.001 -15"><span class='ocrx_word' id='word_1_336' title='bbox 492 4470 686 4531; x_wconf 82' lang='lat' dir='ltr'><strong>Sidone</strong></span> <span class='ocrx_word' id='word_1_337' title='bbox 711 4473 862 4543; x_wconf 75' lang='lat' dir='ltr'><strong>facta:</strong></span> <span class='ocrx_word' id='word_1_338' title='bbox 894 4473 1107 4545; x_wconf 82' lang='lat' dir='ltr'><strong>fuissent</strong></span> <span class='ocrx_word' id='word_1_339' title='bbox 1131 4473 1334 4527; x_wconf 81' lang='lat' dir='ltr'><strong>virtutes</strong></span> <span class='ocrx_word' id='word_1_340' title='bbox 1369 4487 1483 4540; x_wconf 72' lang='lat' dir='ltr'><strong>qua:</strong></span> <span class='ocrx_word' id='word_1_341' title='bbox 1511 4476 1663 4545; x_wconf 68' lang='lat' dir='ltr'><strong>facta</strong></span> <span class='ocrx_word' id='word_1_342' title='bbox 1689 4481 1803 4527; x_wconf 89' lang='lat' dir='ltr'><strong>sunt</strong></span> <span class='ocrx_word' id='word_1_343' title='bbox 1824 4473 1875 4526; x_wconf 90' lang='lat' dir='ltr'><strong>in</strong></span> <span class='ocrx_word' id='word_1_344' title='bbox 1916 4474 2072 4542; x_wconf 79' lang='lat' dir='ltr'><strong>vobis,</strong></span> 
     </span>
    </p>
   </div>
   <div class='ocr_carea' id='block_1_47' title="bbox 489 4562 2076 4639">
    <p class='ocr_par' dir='ltr' id='par_1_47' title="bbox 489 4562 2076 4639">
     <span class='ocr_line' id='line_1_47' title="bbox 489 4562 2076 4639; baseline -0.001 -18"><span class='ocrx_word' id='word_1_345' title='bbox 489 4566 612 4621; x_wconf 87' lang='lat' dir='ltr'><strong>olim</strong></span> <span class='ocrx_word' id='word_1_346' title='bbox 653 4566 707 4620; x_wconf 89' lang='lat' dir='ltr'><strong>in</strong></span> <span class='ocrx_word' id='word_1_347' title='bbox 738 4563 904 4619; x_wconf 84' lang='lat' dir='ltr'><strong>cilicio</strong></span> <span class='ocrx_word' id='word_1_348' title='bbox 942 4574 989 4619; x_wconf 89' lang='lat' dir='ltr'><strong>et</strong></span> <span class='ocrx_word' id='word_1_349' title='bbox 1025 4564 1189 4619; x_wconf 81' lang='lat' dir='ltr'><strong>cinere</strong></span> <span class='ocrx_word' id='word_1_350' title='bbox 1214 4565 1558 4639; x_wconf 69' lang='lat' dir='ltr'><strong>paenitentiam</strong></span> <span class='ocrx_word' id='word_1_351' title='bbox 1584 4564 1798 4636; x_wconf 83' lang='lat' dir='ltr'><strong>egissent</strong></span> <span class='ocrx_word' id='word_1_352' title='bbox 1839 4562 2076 4636; x_wconf 81' lang='lat' dir='ltr'><strong>(Matth.</strong></span> 
     </span>
    </p>
   </div>
   <div class='ocr_carea' id='block_1_48' title="bbox 489 4654 2073 4728">
    <p class='ocr_par' dir='ltr' id='par_1_48' title="bbox 489 4654 2073 4728">
     <span class='ocr_line' id='line_1_48' title="bbox 489 4654 2073 4728; baseline -0.002 -15"><span class='ocrx_word' id='word_1_353' title='bbox 489 4666 543 4713; x_wconf 74' lang='grc' dir='ltr'><strong>ιιι</strong></span> <span class='ocrx_word' id='word_1_354' title='bbox 567 4700 582 4725; x_wconf 83' lang='grc'><em>,</em></span> <span class='ocrx_word' id='word_1_355' title='bbox 607 4656 673 4712; x_wconf 75' lang='lat' dir='ltr'><strong>2i</strong></span> <span class='ocrx_word' id='word_1_356' title='bbox 694 4656 734 4727; x_wconf 82' lang='lat'><strong>).</strong></span> <span class='ocrx_word' id='word_1_357' title='bbox 771 4654 880 4712; x_wconf 83' lang='lat' dir='ltr'><strong>Nec</strong></span> <span class='ocrx_word' id='word_1_358' title='bbox 922 4657 1104 4727; x_wconf 90' lang='lat' dir='ltr'><strong>utique</strong></span> <span class='ocrx_word' id='word_1_359' title='bbox 1147 4656 1285 4712; x_wconf 91' lang='lat' dir='ltr'><strong>Deus</strong></span> <span class='ocrx_word' id='word_1_360' title='bbox 1307 4656 1500 4728; x_wconf 80' lang='lat' dir='ltr'><strong>injuSIe</strong></span> <span class='ocrx_word' id='word_1_361' title='bbox 1528 4657 1699 4711; x_wconf 91' lang='lat' dir='ltr'><strong>noluit</strong></span> <span class='ocrx_word' id='word_1_362' title='bbox 1721 4656 1897 4711; x_wconf 89' lang='lat' dir='ltr'><strong>salvos</strong></span> <span class='ocrx_word' id='word_1_363' title='bbox 1925 4654 2038 4711; x_wconf 83' lang='lat' dir='ltr'><strong>lteri</strong></span> <span class='ocrx_word' id='word_1_364' title='bbox 2057 4699 2073 4726; x_wconf 91' lang='lat'><strong>,</strong></span> 
     </span>
    </p>
   </div>
   <div class='ocr_carea' id='block_1_49' title="bbox 490 4746 2074 4820">
    <p class='ocr_par' dir='ltr' id='par_1_49' title="bbox 490 4746 2074 4820">
     <span class='ocr_line' id='line_1_49' title="bbox 490 4746 2074 4820; baseline -0.001 -16"><span class='ocrx_word' id='word_1_365' title='bbox 490 4764 613 4804; x_wconf 85' lang='lat' dir='ltr'><strong>cum</strong></span> <span class='ocrx_word' id='word_1_366' title='bbox 644 4749 850 4820; x_wconf 89' lang='lat' dir='ltr'><strong>possint</strong></span> <span class='ocrx_word' id='word_1_367' title='bbox 876 4748 1008 4804; x_wconf 83' lang='lat' dir='ltr'><strong>salvi</strong></span> <span class='ocrx_word' id='word_1_368' title='bbox 1044 4762 1192 4814; x_wconf 89' lang='lat' dir='ltr'><strong>esse,</strong></span> <span class='ocrx_word' id='word_1_369' title='bbox 1222 4749 1266 4803; x_wconf 85' lang='lat' dir='ltr'><strong>si</strong></span> <span class='ocrx_word' id='word_1_370' title='bbox 1312 4748 1509 4803; x_wconf 82' lang='lat' dir='ltr'><strong>vellent</strong></span> <span class='ocrx_word' id='word_1_371' title='bbox 1538 4746 1579 4801; x_wconf 82' lang='grc'><strong>⁸.</strong></span> <span class='ocrx_word' id='word_1_372' title='bbox 1610 4746 1762 4802; x_wconf 88' lang='lat' dir='ltr'><strong>Tunc</strong></span> <span class='ocrx_word' id='word_1_373' title='bbox 1801 4747 1853 4801; x_wconf 89' lang='lat' dir='ltr'><strong>in</strong></span> <span class='ocrx_word' id='word_1_374' title='bbox 1882 4747 2074 4803; x_wconf 58' lang='lat' dir='ltr'><strong>claris.</strong></span> 
     </span>
    </p>
   </div>
   <div class='ocr_carea' id='block_1_50' title="bbox 487 4882 2077 4998">
    <p class='ocr_par' dir='ltr' id='par_1_50' title="bbox 487 4882 2077 4998">
     <span class='ocr_line' id='line_1_50' title="bbox 487 4882 2077 4998; baseline -0.003 -58"><span class='ocrx_word' id='word_1_375' title='bbox 487 4887 683 4998; x_wconf 56' lang='lat' dir='ltr'><strong>pl:er</strong></span> <span class='ocrx_word' id='word_1_376' title='bbox 703 4886 933 4941; x_wconf 84' lang='lat' dir='ltr'><strong>facilitate</strong></span> <span class='ocrx_word' id='word_1_377' title='bbox 964 4885 1142 4952; x_wconf 77' lang='lat' dir='ltr'><strong>agendi</strong></span> <span class='ocrx_word' id='word_1_378' title='bbox 1164 4886 1325 4949; x_wconf 86' lang='lat' dir='ltr'><strong>potius</strong></span> <span class='ocrx_word' id='word_1_379' title='bbox 1346 4884 1451 4934; x_wconf 74' lang='lat' dir='ltr'><strong>inec</strong></span> <span class='ocrx_word' id='word_1_380' title='bbox 1481 4882 1845 4945; x_wconf 84' lang='lat' dir='ltr'><strong>interpretanda</strong></span> <span class='ocrx_word' id='word_1_381' title='bbox 1872 4888 2077 4935; x_wconf 81' lang='lat' dir='ltr'><strong>senten-</strong></span> 
     </span>
    </p>
   </div>
   <div class='ocr_carea' id='block_1_51' title="bbox 554 5002 1877 5071">
    <p class='ocr_par' dir='ltr' id='par_1_51' title="bbox 554 5002 1877 5071">
     <span class='ocr_line' id='line_1_51' title="bbox 554 5002 1877 5071; baseline -0.006 -11"><span class='ocrx_word' id='word_1_382' title='bbox 554 5012 572 5042; x_wconf 77' lang='grc' dir='ltr'>ί</span> <span class='ocrx_word' id='word_1_383' title='bbox 608 5017 718 5060; x_wconf 74' lang='grc' dir='ltr'><strong>ων.</strong></span> <span class='ocrx_word' id='word_1_384' title='bbox 744 5016 797 5061; x_wconf 87' lang='lat' dir='ltr'><strong>et</strong></span> <span class='ocrx_word' id='word_1_385' title='bbox 818 5018 948 5071; x_wconf 78' lang='lat' dir='ltr'><strong>Arn.,</strong></span> <span class='ocrx_word' id='word_1_386' title='bbox 1224 5007 1343 5071; x_wconf 67' lang='lat' dir='ltr'><strong>aditi</strong></span> <span class='ocrx_word' id='word_1_387' title='bbox 1365 5005 1523 5071; x_wconf 66' lang='lat' dir='ltr'><strong>aiiiet</strong></span> <span class='ocrx_word' id='word_1_388' title='bbox 1543 5012 1669 5071; x_wconf 66' lang='lat' dir='ltr'><strong>Mss,</strong></span> 
     </span>
    </p>
   </div>
   <div class='ocr_carea' id='block_1_52' title="bbox 553 5064 2071 5134">
    <p class='ocr_par' dir='ltr' id='par_1_52' title="bbox 553 5064 2071 5134">
     <span class='ocr_line' id='line_1_52' title="bbox 553 5064 2071 5134; baseline -0.002 -16"><span class='ocrx_word' id='word_1_389' title='bbox 553 5071 575 5134; x_wconf 66' lang='grc' dir='ltr'><strong>ξ</strong></span> <span class='ocrx_word' id='word_1_390' title='bbox 609 5077 804 5131; x_wconf 85' lang='lat' dir='ltr'><strong>Septem</strong></span> <span class='ocrx_word' id='word_1_391' title='bbox 828 5064 950 5134; x_wconf 59' lang='lat' dir='ltr'><strong>Mss,</strong></span> <span class='ocrx_word' id='word_1_392' title='bbox 979 5068 1182 5134; x_wconf 76' lang='lat' dir='ltr'><strong>egissent</strong></span> <span class='ocrx_word' id='word_1_393' title='bbox 1208 5068 1367 5134; x_wconf 79' lang='lat' dir='ltr'><strong>utique</strong></span> <span class='ocrx_word' id='word_1_394' title='bbox 1390 5065 1463 5118; x_wconf 86' lang='lat' dir='ltr'><strong>illi</strong></span> <span class='ocrx_word' id='word_1_395' title='bbox 1486 5066 1697 5134; x_wconf 65' lang='lat' dir='ltr'><strong>homines</strong></span> <span class='ocrx_word' id='word_1_396' title='bbox 1727 5064 2071 5134; x_wconf 66' lang='lat' dir='ltr'><strong>pamitentiqrn.</strong></span> 
     </span>
    </p>
   </div>
   <div class='ocr_carea' id='block_1_53' title="bbox 555 5124 2077 5193">
    <p class='ocr_par' dir='ltr' id='par_1_53' title="bbox 555 5124 2077 5193">
     <span class='ocr_line' id='line_1_53' title="bbox 555 5124 2077 5193; baseline 0 -16"><span class='ocrx_word' id='word_1_397' title='bbox 555 5129 576 5162; x_wconf 82' lang='grc'><strong><em>³</em></strong></span> <span class='ocrx_word' id='word_1_398' title='bbox 609 5124 813 5193; x_wconf 68' lang='lat' dir='ltr'><strong>\‘e&#39;teres</strong></span> <span class='ocrx_word' id='word_1_399' title='bbox 832 5124 1029 5181; x_wconf 65' lang='lat' dir='ltr'><strong>codices</strong></span> <span class='ocrx_word' id='word_1_400' title='bbox 1044 5133 1209 5193; x_wconf 83' lang='lat' dir='ltr'><strong>viginti</strong></span> <span class='ocrx_word' id='word_1_401' title='bbox 1233 5124 1467 5193; x_wconf 75' lang='lat' dir='ltr'><strong>quinque,</strong></span> <span class='ocrx_word' id='word_1_402' title='bbox 1492 5126 1678 5193; x_wconf 85' lang='lat' dir='ltr'><strong>scilicet</strong></span> <span class='ocrx_word' id='word_1_403' title='bbox 1702 5124 1887 5193; x_wconf 63' lang='lat' dir='ltr'><strong>ubinam</strong></span> <span class='ocrx_word' id='word_1_404' title='bbox 1905 5124 2077 5193; x_wconf 82' lang='lat' dir='ltr'><strong>biblio-</strong></span> 
     </span>
    </p>
   </div>
   <div class='ocr_carea' id='block_1_54' title="bbox 487 5144 2075 5251">
    <p class='ocr_par' dir='ltr' id='par_1_54' title="bbox 487 5144 2075 5251">
     <span class='ocr_line' id='line_1_54' title="bbox 555 5144 2075 5193; baseline 0 -16"><span class='ocrx_word' id='word_1_405' title='bbox 555 5144 576 5162; x_wconf 89' lang='lat'><strong><em>-</em></strong></span> <span class='ocrx_word' id='word_1_406' title='bbox 610 5144 813 5179; x_wconf 83' lang='lat' dir='ltr'><strong>veteres</strong></span> <span class='ocrx_word' id='word_1_407' title='bbox 832 5144 1024 5181; x_wconf 85' lang='lat' dir='ltr'><strong>eomces</strong></span> <span class='ocrx_word' id='word_1_408' title='bbox 1044 5144 1209 5193; x_wconf 80' lang='lat' dir='ltr'><strong>viginti</strong></span> <span class='ocrx_word' id='word_1_409' title='bbox 1268 5144 1467 5191; x_wconf 86' lang='lat' dir='ltr'><strong>umque,</strong></span> <span class='ocrx_word' id='word_1_410' title='bbox 1492 5144 1678 5177; x_wconf 74' lang='lat' dir='ltr'><strong>SClllcel.</strong></span> <span class='ocrx_word' id='word_1_411' title='bbox 1702 5144 1887 5176; x_wconf 74' lang='lat' dir='ltr'><strong>uomunt</strong></span> <span class='ocrx_word' id='word_1_412' title='bbox 1905 5144 2075 5177; x_wconf 80' lang='grc' dir='ltr'><strong>ιιιυιιο-</strong></span> 
     </span>
     <span class='ocr_line' id='line_1_55' title="bbox 487 5144 2075 5251; baseline -0.004 -8"><span class='ocrx_word' id='word_1_413' title='bbox 487 5191 650 5243; x_wconf 65' lang='lat' dir='ltr'><strong>theca</strong></span> <span class='ocrx_word' id='word_1_414' title='bbox 686 5192 916 5240; x_wconf 75' lang='lat' dir='ltr'><strong>Vaticana:</strong></span> <span class='ocrx_word' id='word_1_415' title='bbox 937 5192 1034 5241; x_wconf 88' lang='lat' dir='ltr'><strong>duo</strong></span> <span class='ocrx_word' id='word_1_416' title='bbox 1051 5228 1065 5249; x_wconf 92' lang='lat'><strong>,</strong></span> <span class='ocrx_word' id='word_1_417' title='bbox 1100 5200 1153 5242; x_wconf 91' lang='lat' dir='ltr'><strong>et</strong></span> <span class='ocrx_word' id='word_1_418' title='bbox 1176 5144 1470 5241; x_wconf 72' lang='lat' dir='ltr'><strong>Parqisienses</strong></span> <span class='ocrx_word' id='word_1_419' title='bbox 1502 5192 1579 5239; x_wconf 85' lang='lat' dir='ltr'><strong>isti</strong></span> <span class='ocrx_word' id='word_1_420' title='bbox 1601 5189 1854 5240; x_wconf 84' lang='lat' dir='ltr'><strong>sexdecim</strong></span> <span class='ocrx_word' id='word_1_421' title='bbox 1874 5223 1889 5247; x_wconf 87' lang='lat'><strong>,</strong></span> <span class='ocrx_word' id='word_1_422' title='bbox 1915 5190 2075 5251; x_wconf 69' lang='lat' dir='ltr'><strong>Regia</strong></span> 
     </span>
    </p>
   </div>
   <div class='ocr_carea' id='block_1_55' title="bbox 488 5252 2073 5317">
    <p class='ocr_par' dir='ltr' id='par_1_55' title="bbox 488 5252 2073 5317">
     <span class='ocr_line' id='line_1_56' title="bbox 488 5252 2073 5317; baseline 0 -16"><span class='ocrx_word' id='word_1_423' title='bbox 488 5252 799 5317; x_wconf 63' lang='lat' dir='ltr'><strong>bibliotheca:</strong></span> <span class='ocrx_word' id='word_1_424' title='bbox 821 5264 965 5317; x_wconf 66' lang='lat' dir='ltr'><strong>unus,</strong></span> <span class='ocrx_word' id='word_1_425' title='bbox 989 5254 1222 5317; x_wconf 70' lang='lat' dir='ltr'><strong>Navarrici</strong></span> <span class='ocrx_word' id='word_1_426' title='bbox 1242 5253 1434 5317; x_wconf 78' lang='lat' dir='ltr'><strong>collegii</strong></span> <span class='ocrx_word' id='word_1_427' title='bbox 1455 5252 1568 5312; x_wconf 89' lang='lat' dir='ltr'><strong>duo,</strong></span> <span class='ocrx_word' id='word_1_428' title='bbox 1584 5252 1826 5317; x_wconf 67' lang='lat' dir='ltr'><strong>sorbonici</strong></span> <span class='ocrx_word' id='word_1_429' title='bbox 1850 5258 2073 5314; x_wconf 80' lang='lat' dir='ltr'><strong>quatuor,</strong></span> 
     </span>
    </p>
   </div>
   <div class='ocr_carea' id='block_1_56' title="bbox 488 5313 2075 5371">
    <p class='ocr_par' dir='ltr' id='par_1_56' title="bbox 488 5313 2075 5371">
     <span class='ocr_line' id='line_1_57' title="bbox 488 5313 2075 5371; baseline -0.001 -8"><span class='ocrx_word' id='word_1_430' title='bbox 488 5315 697 5364; x_wconf 56' lang='lat' dir='ltr'><strong>abbatis:</strong></span> <span class='ocrx_word' id='word_1_431' title='bbox 720 5313 872 5361; x_wconf 78' lang='lat' dir='ltr'><strong>sancti</strong></span> <span class='ocrx_word' id='word_1_432' title='bbox 896 5313 1095 5362; x_wconf 77' lang='lat' dir='ltr'><strong>Victoris</strong></span> <span class='ocrx_word' id='word_1_433' title='bbox 1113 5322 1216 5362; x_wconf 87' lang='lat' dir='ltr'><strong>tres</strong></span> <span class='ocrx_word' id='word_1_434' title='bbox 1231 5350 1244 5371; x_wconf 90' lang='lat'><strong>,</strong></span> <span class='ocrx_word' id='word_1_435' title='bbox 1264 5313 1443 5362; x_wconf 70' lang='lat' dir='ltr'><strong>sanctae</strong></span> <span class='ocrx_word' id='word_1_436' title='bbox 1465 5313 1721 5361; x_wconf 75' lang='lat' dir='ltr'><strong>Genoveftc</strong></span> <span class='ocrx_word' id='word_1_437' title='bbox 1745 5325 1884 5365; x_wconf 81' lang='lat' dir='ltr'><strong>unus.</strong></span> <span class='ocrx_word' id='word_1_438' title='bbox 1907 5324 2075 5361; x_wconf 69' lang='lat' dir='ltr'><strong>emno-</strong></span> 
     </span>
    </p>
   </div>
   <div class='ocr_carea' id='block_1_57' title="bbox 488 5374 2074 5432">
    <p class='ocr_par' dir='ltr' id='par_1_57' title="bbox 488 5374 2074 5432">
     <span class='ocr_line' id='line_1_58' title="bbox 488 5374 2074 5432; baseline -0.002 -5"><span class='ocrx_word' id='word_1_439' title='bbox 488 5376 559 5427; x_wconf 82' lang='lat' dir='ltr'><strong>bii</strong></span> <span class='ocrx_word' id='word_1_440' title='bbox 598 5375 751 5425; x_wconf 70' lang='lat' dir='ltr'><strong>sancti</strong></span> <span class='ocrx_word' id='word_1_441' title='bbox 774 5374 999 5423; x_wconf 84' lang='lat' dir='ltr'><strong>Bernardi</strong></span> <span class='ocrx_word' id='word_1_442' title='bbox 1026 5380 1104 5422; x_wconf 78' lang='lat' dir='ltr'><strong>Pl’.</strong></span> <span class='ocrx_word' id='word_1_443' title='bbox 1129 5375 1421 5424; x_wconf 81' lang='lat' dir='ltr'><strong>Fuliensium</strong></span> <span class='ocrx_word' id='word_1_444' title='bbox 1455 5386 1597 5432; x_wconf 83' lang='lat' dir='ltr'><strong>unus,</strong></span> <span class='ocrx_word' id='word_1_445' title='bbox 1627 5382 1704 5422; x_wconf 77' lang='grc' dir='ltr'><strong>ιιι».</strong></span> <span class='ocrx_word' id='word_1_446' title='bbox 1740 5375 2074 5424; x_wconf 70' lang='grc' dir='ltr'><strong>ῡοιιιίιιίαιιιοο</strong></span> 
     </span>
    </p>
   </div>
   <div class='ocr_carea' id='block_1_58' title="bbox 487 5435 2076 5495">
    <p class='ocr_par' dir='ltr' id='par_1_58' title="bbox 487 5435 2076 5495">
     <span class='ocr_line' id='line_1_59' title="bbox 487 5435 2076 5495; baseline -0.003 -9"><span class='ocrx_word' id='word_1_447' title='bbox 487 5448 597 5486; x_wconf 85' lang='lat' dir='ltr'><strong>rum</strong></span> <span class='ocrx_word' id='word_1_448' title='bbox 619 5438 696 5486; x_wconf 87' lang='lat' dir='ltr'><strong>via</strong></span> <span class='ocrx_word' id='word_1_449' title='bbox 719 5437 923 5486; x_wconf 80' lang='lat' dir='ltr'><strong>Jacobea</strong></span> <span class='ocrx_word' id='word_1_450' title='bbox 947 5448 1086 5493; x_wconf 85' lang='lat' dir='ltr'><strong>unus,</strong></span> <span class='ocrx_word' id='word_1_451' title='bbox 1109 5443 1188 5483; x_wconf 81' lang='lat' dir='ltr'><strong>PP.</strong></span> <span class='ocrx_word' id='word_1_452' title='bbox 1214 5437 1628 5484; x_wconf 84' lang='lat' dir='ltr'><strong>l-‘raueiscanorutn</strong></span> <span class='ocrx_word' id='word_1_453' title='bbox 1652 5435 1845 5495; x_wconf 74' lang='lat' dir='ltr'><strong>majoris</strong></span> <span class='ocrx_word' id='word_1_454' title='bbox 1862 5448 2076 5483; x_wconf 82' lang='lat' dir='ltr'><strong>conven-</strong></span> 
     </span>
    </p>
   </div>
   <div class='ocr_carea' id='block_1_59' title="bbox 500 5497 2074 5558">
    <p class='ocr_par' dir='ltr' id='par_1_59' title="bbox 500 5497 2074 5558">
     <span class='ocr_line' id='line_1_60' title="bbox 500 5497 2074 5558; baseline -0.003 -9"><span class='ocrx_word' id='word_1_455' title='bbox 500 5510 563 5549; x_wconf 88' lang='lat' dir='ltr'><strong>us</strong></span> <span class='ocrx_word' id='word_1_456' title='bbox 598 5511 724 5548; x_wconf 86' lang='lat' dir='ltr'><strong>unus</strong></span> <span class='ocrx_word' id='word_1_457' title='bbox 745 5532 760 5558; x_wconf 90' lang='lat'><strong>,</strong></span> <span class='ocrx_word' id='word_1_458' title='bbox 779 5497 986 5558; x_wconf 70' lang='lat' dir='ltr'><strong>emnobji</strong></span> <span class='ocrx_word' id='word_1_459' title='bbox 1023 5497 1175 5545; x_wconf 81' lang='lat' dir='ltr'><strong>nostri</strong></span> <span class='ocrx_word' id='word_1_460' title='bbox 1208 5497 1545 5544; x_wconf 80' lang='lat' dir='ltr'><strong>Germanensis</strong></span> <span class='ocrx_word' id='word_1_461' title='bbox 1579 5497 1673 5544; x_wconf 88' lang='lat' dir='ltr'><strong>duo</strong></span> <span class='ocrx_word' id='word_1_462' title='bbox 1692 5530 1704 5552; x_wconf 92' lang='lat'><strong>,</strong></span> <span class='ocrx_word' id='word_1_463' title='bbox 1734 5503 2074 5557; x_wconf 70' lang='lat' dir='ltr'><strong>prmtcreaque</strong></span> 
     </span>
    </p>
   </div>
   <div class='ocr_carea' id='block_1_60' title="bbox 488 5556 2071 5615">
    <p class='ocr_par' dir='ltr' id='par_1_60' title="bbox 488 5556 2071 5615">
     <span class='ocr_line' id='line_1_61' title="bbox 488 5556 2071 5615; baseline -0.003 -7"><span class='ocrx_word' id='word_1_464' title='bbox 488 5556 843 5610; x_wconf 83' lang='lat' dir='ltr'><strong>Lemovieensis</strong></span> <span class='ocrx_word' id='word_1_465' title='bbox 863 5556 1086 5607; x_wconf 60' lang='lat' dir='ltr'><strong>Ecclesiae</strong></span> <span class='ocrx_word' id='word_1_466' title='bbox 1117 5559 1267 5606; x_wconf 85' lang='lat' dir='ltr'><strong>sancti</strong></span> <span class='ocrx_word' id='word_1_467' title='bbox 1295 5557 1511 5605; x_wconf 83' lang='lat' dir='ltr'><strong>\Iartialis</strong></span> <span class='ocrx_word' id='word_1_468' title='bbox 1530 5571 1668 5611; x_wconf 84' lang='lat' dir='ltr'><strong>unus,</strong></span> <span class='ocrx_word' id='word_1_469' title='bbox 1696 5560 1902 5603; x_wconf 68' lang='lat' dir='ltr'><strong>atmatim</strong></span> <span class='ocrx_word' id='word_1_470' title='bbox 1922 5556 2071 5615; x_wconf 50' lang='lat' dir='ltr'><strong>[tt-ga-</strong></span> 
     </span>
    </p>
   </div>
   <div class='ocr_carea' id='block_1_61' title="bbox 487 5619 2072 5681">
    <p class='ocr_par' dir='ltr' id='par_1_61' title="bbox 487 5619 2072 5681">
     <span class='ocr_line' id='line_1_62' title="bbox 487 5619 2072 5681; baseline -0.004 -8"><span class='ocrx_word' id='word_1_471' title='bbox 487 5619 748 5673; x_wconf 69' lang='lat' dir='ltr'><strong>lis-muttis</strong></span> <span class='ocrx_word' id='word_1_472' title='bbox 769 5634 910 5681; x_wconf 88' lang='lat' dir='ltr'><strong>unus,</strong></span> <span class='ocrx_word' id='word_1_473' title='bbox 936 5621 1263 5681; x_wconf 64' lang='lat' dir='ltr'><strong>Lilllgi-[Jtilils</strong></span> <span class='ocrx_word' id='word_1_474' title='bbox 1284 5633 1409 5667; x_wconf 76' lang='lat' dir='ltr'><strong>unus</strong></span> <span class='ocrx_word' id='word_1_475' title='bbox 1429 5658 1440 5675; x_wconf 86' lang='lat'><strong>,</strong></span> <span class='ocrx_word' id='word_1_476' title='bbox 1470 5621 1722 5665; x_wconf 57' lang='lat' dir='ltr'><strong>li.‘ttﬁt‘,tlsib</strong></span> <span class='ocrx_word' id='word_1_477' title='bbox 1748 5632 1870 5665; x_wconf 62' lang='lat' dir='ltr'><strong>tutus</strong></span> <span class='ocrx_word' id='word_1_478' title='bbox 1889 5654 1901 5671; x_wconf 84' lang='lat'><strong>,</strong></span> <span class='ocrx_word' id='word_1_479' title='bbox 1921 5621 2072 5667; x_wconf 58' lang='lat' dir='ltr'><strong>Sancti</strong></span> 
     </span>
    </p>
   </div>
   <div class='ocr_carea' id='block_1_62' title="bbox 490 5680 2072 5743">
    <p class='ocr_par' dir='ltr' id='par_1_62' title="bbox 490 5680 2072 5743">
     <span class='ocr_line' id='line_1_63' title="bbox 490 5680 2072 5743; baseline 0.017 -41"><span class='ocrx_word' id='word_1_480' title='bbox 490 5686 621 5734; x_wconf 63' lang='lat' dir='ltr'><strong>pem</strong></span> <span class='ocrx_word' id='word_1_481' title='bbox 642 5683 706 5732; x_wconf 72' lang='lat' dir='ltr'><strong>de</strong></span> <span class='ocrx_word' id='word_1_482' title='bbox 728 5683 918 5737; x_wconf 60' lang='lat' dir='ltr'><strong>mima</strong></span> <span class='ocrx_word' id='word_1_483' title='bbox 934 5680 1057 5743; x_wconf 71' lang='lat' dir='ltr'><strong>apud</strong></span> <span class='ocrx_word' id='word_1_484' title='bbox 1081 5680 1529 5743; x_wconf 70' lang='lat' dir='ltr'><strong>(jetiomanosunns,</strong></span> <span class='ocrx_word' id='word_1_485' title='bbox 1552 5682 1700 5743; x_wconf 46' lang='lat' dir='ltr'><strong>sancti</strong></span> <span class='ocrx_word' id='word_1_486' title='bbox 1723 5681 1920 5743; x_wconf 70' lang='lat' dir='ltr'><strong>Remigii</strong></span> <span class='ocrx_word' id='word_1_487' title='bbox 1946 5680 2072 5743; x_wconf 39' lang='lat' dir='ltr'><strong>apud</strong></span> 
     </span>
    </p>
   </div>
   <div class='ocr_carea' id='block_1_63' title="bbox 488 5710 2070 5811">
    <p class='ocr_par' dir='ltr' id='par_1_63' title="bbox 488 5710 2070 5811">
     <span class='ocr_line' id='line_1_64' title="bbox 490 5710 2070 5743; baseline -0.004 -11"><span class='ocrx_word' id='word_1_488' title='bbox 490 5710 621 5734; x_wconf 72' lang='lat' dir='ltr'><strong>rcul</strong></span> <span class='ocrx_word' id='word_1_489' title='bbox 642 5710 706 5732; x_wconf 78' lang='lat' dir='ltr'><strong>uc</strong></span> <span class='ocrx_word' id='word_1_490' title='bbox 728 5710 918 5737; x_wconf 69' lang='lat' dir='ltr'><strong>wuqu</strong></span> <span class='ocrx_word' id='word_1_491' title='bbox 934 5710 1057 5743; x_wconf 75' lang='grc' dir='ltr'><strong>ιινυυ</strong></span> <span class='ocrx_word' id='word_1_492' title='bbox 1081 5710 1373 5729; x_wconf 65' lang='grc' dir='ltr'><strong>υῠιιυιιωιιιυο</strong></span> <span class='ocrx_word' id='word_1_493' title='bbox 1388 5710 1529 5735; x_wconf 68' lang='lat' dir='ltr'><strong>uulua,</strong></span> <span class='ocrx_word' id='word_1_494' title='bbox 1553 5710 1651 5727; x_wconf 64' lang='lat' dir='ltr'><strong>cum</strong></span> <span class='ocrx_word' id='word_1_495' title='bbox 1668 5710 1700 5726; x_wconf 79' lang='grc' dir='ltr'><strong>ιι</strong></span> <span class='ocrx_word' id='word_1_496' title='bbox 1724 5710 1920 5739; x_wconf 48' lang='lat' dir='ltr'><strong>Inuus-ctu</strong></span> <span class='ocrx_word' id='word_1_497' title='bbox 1946 5710 1971 5727; x_wconf 79' lang='grc' dir='ltr'><strong>σι</strong></span> <span class='ocrx_word' id='word_1_498' title='bbox 2008 5710 2070 5729; x_wconf 74' lang='grc' dir='ltr'><strong>ιω</strong></span> 
     </span>
     <span class='ocr_line' id='line_1_65' title="bbox 488 5710 2070 5811; baseline -0.003 -17"><span class='ocrx_word' id='word_1_499' title='bbox 488 5748 663 5811; x_wconf 58' lang='lat' dir='ltr'><strong>nam</strong></span> <span class='ocrx_word' id='word_1_500' title='bbox 682 5756 811 5811; x_wconf 73' lang='lat' dir='ltr'><strong>unus</strong></span> <span class='ocrx_word' id='word_1_501' title='bbox 824 5777 839 5803; x_wconf 88' lang='lat'><strong>,</strong></span> <span class='ocrx_word' id='word_1_502' title='bbox 858 5751 909 5793; x_wconf 86' lang='lat' dir='ltr'><strong>et</strong></span> <span class='ocrx_word' id='word_1_503' title='bbox 925 5744 1282 5806; x_wconf 76' lang='lat' dir='ltr'><strong>antiquissimus</strong></span> <span class='ocrx_word' id='word_1_504' title='bbox 1301 5741 1605 5811; x_wconf 50' lang='lat' dir='ltr'><strong>writeiensis</strong></span> <span class='ocrx_word' id='word_1_505' title='bbox 1628 5741 1827 5811; x_wconf 61' lang='lat' dir='ltr'><strong>habent,</strong></span> <span class='ocrx_word' id='word_1_506' title='bbox 1851 5740 1893 5789; x_wconf 78' lang='lat' dir='ltr'><strong>si</strong></span> <span class='ocrx_word' id='word_1_507' title='bbox 1916 5710 2070 5811; x_wconf 67' lang='lat' dir='ltr'><strong>uellet.</strong></span> 
     </span>
    </p>
   </div>
   <div class='ocr_carea' id='block_1_64' title="bbox 485 5802 2069 5867">
    <p class='ocr_par' dir='ltr' id='par_1_64' title="bbox 485 5802 2069 5867">
     <span class='ocr_line' id='line_1_66' title="bbox 485 5802 2069 5867; baseline -0.002 -11"><span class='ocrx_word' id='word_1_508' title='bbox 485 5807 662 5856; x_wconf 75' lang='lat' dir='ltr'><strong>Contra</strong></span> <span class='ocrx_word' id='word_1_509' title='bbox 700 5802 833 5867; x_wconf 83' lang='lat' dir='ltr'><strong>editi,</strong></span> <span class='ocrx_word' id='word_1_510' title='bbox 858 5817 954 5855; x_wconf 91' lang='lat' dir='ltr'><strong>uno</strong></span> <span class='ocrx_word' id='word_1_511' title='bbox 999 5802 1207 5866; x_wconf 77' lang='lat' dir='ltr'><strong>eicepto</strong></span> <span class='ocrx_word' id='word_1_512' title='bbox 1239 5802 1507 5863; x_wconf 76' lang='lat' dir='ltr'><strong>Arualdino,</strong></span> <span class='ocrx_word' id='word_1_513' title='bbox 1548 5802 1738 5861; x_wconf 81' lang='lat' dir='ltr'><strong>ferunt,</strong></span> <span class='ocrx_word' id='word_1_514' title='bbox 1778 5802 1821 5851; x_wconf 77' lang='lat' dir='ltr'><strong>si</strong></span> <span class='ocrx_word' id='word_1_515' title='bbox 1854 5802 2023 5853; x_wconf 73' lang='lat' dir='ltr'><strong>vellent</strong></span> <span class='ocrx_word' id='word_1_516' title='bbox 2051 5817 2069 5853; x_wconf 91' lang='lat'><strong><em>:</em></strong></span> 
     </span>
    </p>
   </div>
   <div class='ocr_carea' id='block_1_65' title="bbox 988 330 3225 406">
    <p class='ocr_par' dir='ltr' id='par_1_65' title="bbox 988 330 3225 406">
     <span class='ocr_line' id='line_1_67' title="bbox 988 330 3225 406; baseline -0.005 -9"><span class='ocrx_word' id='word_1_517' title='bbox 988 332 1447 406; x_wconf 73' lang='lat' dir='ltr'><strong>ENCHIRIDION,</strong></span> <span class='ocrx_word' id='word_1_518' title='bbox 1487 336 1641 393; x_wconf 75' lang='lat' dir='ltr'><strong>SIVE</strong></span> <span class='ocrx_word' id='word_1_519' title='bbox 1680 336 1765 391; x_wconf 76' lang='lat' dir='ltr'><strong>DE</strong></span> <span class='ocrx_word' id='word_1_520' title='bbox 1806 334 1981 400; x_wconf 77' lang='lat' dir='ltr'><strong>FIDE,</strong></span> <span class='ocrx_word' id='word_1_521' title='bbox 2021 330 2146 390; x_wconf 85' lang='lat' dir='ltr'><strong>SPE</strong></span> <span class='ocrx_word' id='word_1_522' title='bbox 2187 332 2273 387; x_wconf 84' lang='grc' dir='ltr'>ΕΤ</span> <span class='ocrx_word' id='word_1_523' title='bbox 2312 330 2724 402; x_wconf 80' lang='lat' dir='ltr'><strong>CHARITATE,</strong></span> <span class='ocrx_word' id='word_1_524' title='bbox 2764 335 2820 389; x_wconf 89' lang='lat' dir='ltr'><strong>S.</strong></span> <span class='ocrx_word' id='word_1_525' title='bbox 2862 331 3225 391; x_wconf 85' lang='lat' dir='ltr'><strong>AUGUSTINI</strong></span> 
     </span>
    </p>
   </div>
   <div class='ocr_carea' id='block_1_66' title="bbox 3621 312 3757 389">
    <p class='ocr_par' dir='ltr' id='par_1_66' title="bbox 3621 312 3757 389">
     <span class='ocr_line' id='line_1_68' title="bbox 3621 312 3757 389; baseline 0.029 -4"><span class='ocrx_word' id='word_1_526' title='bbox 3621 312 3624 321; x_wconf 81' lang='grc'><strong>’</strong></span> <span class='ocrx_word' id='word_1_527' title='bbox 3642 330 3757 389; x_wconf 75' lang='lat' dir='ltr'><strong>an</strong></span> 
     </span>
    </p>
   </div>
   <div class='ocr_carea' id='block_1_67' title="bbox 2183 450 3764 523">
    <p class='ocr_par' dir='ltr' id='par_1_67' title="bbox 2183 450 3764 523">
     <span class='ocr_line' id='line_1_69' title="bbox 2183 450 3764 523; baseline 0.001 -20"><span class='ocrx_word' id='word_1_528' title='bbox 2183 450 2317 504; x_wconf 90' lang='lat' dir='ltr'><strong>sima</strong></span> <span class='ocrx_word' id='word_1_529' title='bbox 2346 450 2619 523; x_wconf 68' lang='lat' dir='ltr'><strong>sapientiae</strong></span> <span class='ocrx_word' id='word_1_530' title='bbox 2657 451 2773 507; x_wconf 87' lang='lat' dir='ltr'><strong>luce</strong></span> <span class='ocrx_word' id='word_1_531' title='bbox 2801 451 3082 518; x_wconf 80' lang='lat' dir='ltr'><strong>videbitur,</strong></span> <span class='ocrx_word' id='word_1_532' title='bbox 3108 450 3251 522; x_wconf 87' lang='lat' dir='ltr'><strong>quod</strong></span> <span class='ocrx_word' id='word_1_533' title='bbox 3286 464 3425 507; x_wconf 84' lang='lat' dir='ltr'><strong>nunc</strong></span> <span class='ocrx_word' id='word_1_534' title='bbox 3458 450 3666 520; x_wconf 77' lang='lat' dir='ltr'><strong>pientm</strong></span> <span class='ocrx_word' id='word_1_535' title='bbox 3692 450 3764 506; x_wconf 70' lang='grc' dir='ltr'><strong>Ω.</strong></span> 
     </span>
    </p>
   </div>
   <div class='ocr_carea' id='block_1_68' title="bbox 2180 540 3758 616">
    <p class='ocr_par' dir='ltr' id='par_1_68' title="bbox 2180 540 3758 616">
     <span class='ocr_line' id='line_1_70' title="bbox 2180 540 3758 616; baseline 0 -19"><span class='ocrx_word' id='word_1_536' title='bbox 2180 541 2275 598; x_wconf 90' lang='lat' dir='ltr'><strong>des</strong></span> <span class='ocrx_word' id='word_1_537' title='bbox 2305 540 2492 610; x_wconf 87' lang='lat' dir='ltr'><strong>habet,</strong></span> <span class='ocrx_word' id='word_1_538' title='bbox 2527 554 2809 616; x_wconf 90' lang='lat' dir='ltr'><strong>antequam</strong></span> <span class='ocrx_word' id='word_1_539' title='bbox 2846 542 3119 599; x_wconf 88' lang='lat' dir='ltr'><strong>manifesta</strong></span> <span class='ocrx_word' id='word_1_540' title='bbox 3165 545 3463 609; x_wconf 74' lang='lat' dir='ltr'><strong>cognitione</strong></span> <span class='ocrx_word' id='word_1_541' title='bbox 3500 540 3758 611; x_wconf 87' lang='lat' dir='ltr'><strong>videatur,</strong></span> 
     </span>
    </p>
   </div>
   <div class='ocr_carea' id='block_1_69' title="bbox 2180 634 3755 706">
    <p class='ocr_par' dir='ltr' id='par_1_69' title="bbox 2180 634 3755 706">
     <span class='ocr_line' id='line_1_71' title="bbox 2180 634 3755 706; baseline 0.001 -17"><span class='ocrx_word' id='word_1_542' title='bbox 2180 649 2337 706; x_wconf 90' lang='lat' dir='ltr'><strong>quam</strong></span> <span class='ocrx_word' id='word_1_543' title='bbox 2376 647 2546 701; x_wconf 82' lang='lat' dir='ltr'><strong>certa,</strong></span> <span class='ocrx_word' id='word_1_544' title='bbox 2599 636 2959 702; x_wconf 87' lang='lat' dir='ltr'><strong>immutabilis,</strong></span> <span class='ocrx_word' id='word_1_545' title='bbox 2993 634 3357 691; x_wconf 79' lang='lat' dir='ltr'><strong>efficacissima</strong></span> <span class='ocrx_word' id='word_1_546' title='bbox 3401 634 3466 688; x_wconf 80' lang='lat' dir='ltr'><strong>sit</strong></span> <span class='ocrx_word' id='word_1_547' title='bbox 3508 635 3755 691; x_wconf 87' lang='lat' dir='ltr'><strong>voluntas</strong></span> 
     </span>
    </p>
   </div>
   <div class='ocr_carea' id='block_1_70' title="bbox 2181 724 3760 799">
    <p class='ocr_par' dir='ltr' id='par_1_70' title="bbox 2181 724 3760 799">
     <span class='ocr_line' id='line_1_72' title="bbox 2181 724 3760 799; baseline 0.001 -18"><span class='ocrx_word' id='word_1_548' title='bbox 2181 725 2276 781; x_wconf 90' lang='lat' dir='ltr'><strong>Dei</strong></span> <span class='ocrx_word' id='word_1_549' title='bbox 2305 742 2499 797; x_wconf 88' lang='lat' dir='ltr'><strong>;quam</strong></span> <span class='ocrx_word' id='word_1_550' title='bbox 2528 728 2687 782; x_wconf 88' lang='lat' dir='ltr'><strong>multa</strong></span> <span class='ocrx_word' id='word_1_551' title='bbox 2716 728 2881 799; x_wconf 92' lang='lat' dir='ltr'><strong>possit</strong></span> <span class='ocrx_word' id='word_1_552' title='bbox 2907 738 2961 782; x_wconf 92' lang='lat' dir='ltr'><strong>et</strong></span> <span class='ocrx_word' id='word_1_553' title='bbox 2985 742 3087 781; x_wconf 91' lang='lat' dir='ltr'><strong>non</strong></span> <span class='ocrx_word' id='word_1_554' title='bbox 3108 727 3252 792; x_wconf 90' lang='lat' dir='ltr'><strong>velit,</strong></span> <span class='ocrx_word' id='word_1_555' title='bbox 3280 724 3405 780; x_wconf 85' lang='lat' dir='ltr'><strong>nihil</strong></span> <span class='ocrx_word' id='word_1_556' title='bbox 3429 735 3607 781; x_wconf 88' lang='lat' dir='ltr'><strong>autem</strong></span> <span class='ocrx_word' id='word_1_557' title='bbox 3632 724 3760 782; x_wconf 89' lang='lat' dir='ltr'><strong>velit</strong></span> 
     </span>
    </p>
   </div>
   <div class='ocr_carea' id='block_1_71' title="bbox 2180 817 3766 889">
    <p class='ocr_par' dir='ltr' id='par_1_71' title="bbox 2180 817 3766 889">
     <span class='ocr_line' id='line_1_73' title="bbox 2180 817 3766 889; baseline 0.003 -19"><span class='ocrx_word' id='word_1_558' title='bbox 2180 817 2320 886; x_wconf 90' lang='lat' dir='ltr'><strong>quod</strong></span> <span class='ocrx_word' id='word_1_559' title='bbox 2351 832 2455 871; x_wconf 92' lang='lat' dir='ltr'><strong>non</strong></span> <span class='ocrx_word' id='word_1_560' title='bbox 2489 820 2653 888; x_wconf 89' lang='lat' dir='ltr'><strong>possit</strong></span> <span class='ocrx_word' id='word_1_561' title='bbox 2688 837 2701 873; x_wconf 90' lang='lat'><strong>:</strong></span> <span class='ocrx_word' id='word_1_562' title='bbox 2733 832 2996 889; x_wconf 85' lang='lat' dir='ltr'><strong>quamque</strong></span> <span class='ocrx_word' id='word_1_563' title='bbox 3022 818 3090 873; x_wconf 90' lang='lat' dir='ltr'><strong>sit</strong></span> <span class='ocrx_word' id='word_1_564' title='bbox 3126 834 3308 872; x_wconf 89' lang='lat' dir='ltr'><strong>verum</strong></span> <span class='ocrx_word' id='word_1_565' title='bbox 3339 817 3478 889; x_wconf 79' lang='lat' dir='ltr'><strong>qnud</strong></span> <span class='ocrx_word' id='word_1_566' title='bbox 3520 820 3570 873; x_wconf 91' lang='lat' dir='ltr'><strong>in</strong></span> <span class='ocrx_word' id='word_1_567' title='bbox 3610 817 3766 874; x_wconf 85' lang='lat' dir='ltr'><strong>Psal-</strong></span> 
     </span>
    </p>
   </div>
   <div class='ocr_carea' id='block_1_72' title="bbox 2180 908 3762 975">
    <p class='ocr_par' dir='ltr' id='par_1_72' title="bbox 2180 908 3762 975">
     <span class='ocr_line' id='line_1_74' title="bbox 2180 908 3762 975; baseline 0.001 -13"><span class='ocrx_word' id='word_1_568' title='bbox 2180 923 2269 963; x_wconf 89' lang='lat' dir='ltr'><strong>mo</strong></span> <span class='ocrx_word' id='word_1_569' title='bbox 2299 908 2525 974; x_wconf 86' lang='lat' dir='ltr'><strong>canitur,</strong></span> <span class='ocrx_word' id='word_1_570' title='bbox 2564 909 2701 964; x_wconf 83' lang='lat' dir='ltr'><strong>Deus</strong></span> <span class='ocrx_word' id='word_1_571' title='bbox 2744 918 2910 964; x_wconf 90' lang='lat' dir='ltr'><strong>autem</strong></span> <span class='ocrx_word' id='word_1_572' title='bbox 2940 920 3108 964; x_wconf 86' lang='lat' dir='ltr'><strong>noster</strong></span> <span class='ocrx_word' id='word_1_573' title='bbox 3151 910 3205 964; x_wconf 83' lang='lat' dir='ltr'><strong>in</strong></span> <span class='ocrx_word' id='word_1_574' title='bbox 3235 911 3360 965; x_wconf 69' lang='lat' dir='ltr'><strong>creto</strong></span> <span class='ocrx_word' id='word_1_575' title='bbox 3388 912 3626 965; x_wconf 78' lang='lat' dir='ltr'><strong>sursum‘</strong></span> <span class='ocrx_word' id='word_1_576' title='bbox 3662 927 3675 975; x_wconf 91' lang='lat'><strong>;</strong></span> <span class='ocrx_word' id='word_1_577' title='bbox 3709 909 3762 964; x_wconf 85' lang='lat' dir='ltr'><strong>in</strong></span> 
     </span>
    </p>
   </div>
   <div class='ocr_carea' id='block_1_73' title="bbox 2181 1001 3762 1076">
    <p class='ocr_par' dir='ltr' id='par_1_73' title="bbox 2181 1001 3762 1076">
     <span class='ocr_line' id='line_1_75' title="bbox 2181 1001 3762 1076; baseline 0.003 -22"><span class='ocrx_word' id='word_1_578' title='bbox 2181 1001 2303 1055; x_wconf 78' lang='lat' dir='ltr'><strong>caelo</strong></span> <span class='ocrx_word' id='word_1_579' title='bbox 2340 1011 2391 1056; x_wconf 91' lang='lat' dir='ltr'><strong>et</strong></span> <span class='ocrx_word' id='word_1_580' title='bbox 2419 1002 2469 1055; x_wconf 88' lang='lat' dir='ltr'><strong>in</strong></span> <span class='ocrx_word' id='word_1_581' title='bbox 2509 1011 2639 1056; x_wconf 87' lang='lat' dir='ltr'><strong>terra</strong></span> <span class='ocrx_word' id='word_1_582' title='bbox 2668 1004 2837 1067; x_wconf 83' lang='lat' dir='ltr'><strong>omnia</strong></span> <span class='ocrx_word' id='word_1_583' title='bbox 2869 1018 3193 1075; x_wconf 64' lang='lat' dir='ltr'><strong>quacumque</strong></span> <span class='ocrx_word' id='word_1_584' title='bbox 3215 1005 3389 1070; x_wconf 79' lang='lat' dir='ltr'><strong>voluit,</strong></span> <span class='ocrx_word' id='word_1_585' title='bbox 3434 1004 3552 1076; x_wconf 79' lang='lat' dir='ltr'><strong>fecit</strong></span> <span class='ocrx_word' id='word_1_586' title='bbox 3580 1002 3762 1076; x_wconf 85' lang='lat' dir='ltr'><strong>(Psal.</strong></span> 
     </span>
    </p>
   </div>
   <div class='ocr_carea' id='block_1_74' title="bbox 2181 1092 3763 1167">
    <p class='ocr_par' dir='ltr' id='par_1_74' title="bbox 2181 1092 3763 1167">
     <span class='ocr_line' id='line_1_76' title="bbox 2181 1092 3763 1167; baseline 0.001 -21"><span class='ocrx_word' id='word_1_587' title='bbox 2181 1106 2332 1157; x_wconf 74' lang='lat' dir='ltr'><strong>cstu,</strong></span> <span class='ocrx_word' id='word_1_588' title='bbox 2366 1094 2423 1147; x_wconf 88' lang='lat' dir='ltr'><strong>ii</strong></span> <span class='ocrx_word' id='word_1_589' title='bbox 2449 1094 2486 1160; x_wconf 90' lang='lat'><strong>).</strong></span> <span class='ocrx_word' id='word_1_590' title='bbox 2515 1092 2667 1161; x_wconf 86' lang='lat' dir='ltr'><strong>Quod</strong></span> <span class='ocrx_word' id='word_1_591' title='bbox 2692 1094 2874 1166; x_wconf 87' lang='lat' dir='ltr'><strong>utique</strong></span> <span class='ocrx_word' id='word_1_592' title='bbox 2902 1110 3006 1148; x_wconf 91' lang='lat' dir='ltr'><strong>non</strong></span> <span class='ocrx_word' id='word_1_593' title='bbox 3036 1104 3117 1149; x_wconf 91' lang='lat' dir='ltr'><strong>est</strong></span> <span class='ocrx_word' id='word_1_594' title='bbox 3152 1110 3363 1161; x_wconf 86' lang='lat' dir='ltr'><strong>verum,</strong></span> <span class='ocrx_word' id='word_1_595' title='bbox 3395 1097 3438 1149; x_wconf 89' lang='lat' dir='ltr'><strong>si</strong></span> <span class='ocrx_word' id='word_1_596' title='bbox 3461 1094 3634 1167; x_wconf 86' lang='lat' dir='ltr'><strong>aliqua</strong></span> <span class='ocrx_word' id='word_1_597' title='bbox 3664 1109 3763 1148; x_wconf 82' lang='lat' dir='ltr'><strong>vo-</strong></span> 
     </span>
    </p>
   </div>
   <div class='ocr_carea' id='block_1_75' title="bbox 2180 1182 3758 1256">
    <p class='ocr_par' dir='ltr' id='par_1_75' title="bbox 2180 1182 3758 1256">
     <span class='ocr_line' id='line_1_77' title="bbox 2180 1182 3758 1256; baseline 0.003 -20"><span class='ocrx_word' id='word_1_598' title='bbox 2180 1182 2304 1247; x_wconf 91' lang='lat' dir='ltr'><strong>luit,</strong></span> <span class='ocrx_word' id='word_1_599' title='bbox 2334 1191 2388 1238; x_wconf 92' lang='lat' dir='ltr'><strong>et</strong></span> <span class='ocrx_word' id='word_1_600' title='bbox 2417 1199 2519 1237; x_wconf 92' lang='lat' dir='ltr'><strong>non</strong></span> <span class='ocrx_word' id='word_1_601' title='bbox 2551 1183 2674 1239; x_wconf 88' lang='lat' dir='ltr'><strong>fecit</strong></span> <span class='ocrx_word' id='word_1_602' title='bbox 2704 1201 2718 1249; x_wconf 89' lang='lat'><strong>;</strong></span> <span class='ocrx_word' id='word_1_603' title='bbox 2748 1193 2820 1250; x_wconf 92' lang='lat' dir='ltr'><strong>et,</strong></span> <span class='ocrx_word' id='word_1_604' title='bbox 2861 1184 3002 1255; x_wconf 87' lang='lat' dir='ltr'><strong>quod</strong></span> <span class='ocrx_word' id='word_1_605' title='bbox 3029 1193 3110 1241; x_wconf 89' lang='lat' dir='ltr'><strong>est</strong></span> <span class='ocrx_word' id='word_1_606' title='bbox 3148 1185 3442 1256; x_wconf 88' lang='lat' dir='ltr'><strong>indignius,</strong></span> <span class='ocrx_word' id='word_1_607' title='bbox 3487 1185 3607 1242; x_wconf 87' lang='lat' dir='ltr'><strong>ideo</strong></span> <span class='ocrx_word' id='word_1_608' title='bbox 3650 1200 3758 1241; x_wconf 87' lang='lat' dir='ltr'><strong>non</strong></span> 
     </span>
    </p>
   </div>
   <div class='ocr_carea' id='block_1_76' title="bbox 2180 1270 3759 1346">
    <p class='ocr_par' dir='ltr' id='par_1_76' title="bbox 2180 1270 3759 1346">
     <span class='ocr_line' id='line_1_78' title="bbox 2180 1270 3759 1346; baseline 0.004 -21"><span class='ocrx_word' id='word_1_609' title='bbox 2180 1270 2335 1340; x_wconf 87' lang='lat' dir='ltr'><strong>fecit,</strong></span> <span class='ocrx_word' id='word_1_610' title='bbox 2378 1272 2625 1343; x_wconf 89' lang='lat' dir='ltr'><strong>quoniam</strong></span> <span class='ocrx_word' id='word_1_611' title='bbox 2662 1289 2730 1329; x_wconf 90' lang='lat' dir='ltr'><strong>ne</strong></span> <span class='ocrx_word' id='word_1_612' title='bbox 2762 1273 2912 1330; x_wconf 90' lang='lat' dir='ltr'><strong>lieret</strong></span> <span class='ocrx_word' id='word_1_613' title='bbox 2951 1274 3090 1346; x_wconf 89' lang='lat' dir='ltr'><strong>quod</strong></span> <span class='ocrx_word' id='word_1_614' title='bbox 3133 1274 3344 1332; x_wconf 88' lang='lat' dir='ltr'><strong>volebat</strong></span> <span class='ocrx_word' id='word_1_615' title='bbox 3385 1277 3720 1346; x_wconf 86' lang='lat' dir='ltr'><strong>omnipotens</strong></span> <span class='ocrx_word' id='word_1_616' title='bbox 3744 1317 3759 1343; x_wconf 92' lang='lat'><strong>,</strong></span> 
     </span>
    </p>
   </div>
   <div class='ocr_carea' id='block_1_77' title="bbox 2180 1363 3764 1439">
    <p class='ocr_par' dir='ltr' id='par_1_77' title="bbox 2180 1363 3764 1439">
     <span class='ocr_line' id='line_1_79' title="bbox 2180 1363 3764 1439; baseline 0.004 -23"><span class='ocrx_word' id='word_1_617' title='bbox 2180 1363 2424 1418; x_wconf 89' lang='lat' dir='ltr'><strong>voluntas</strong></span> <span class='ocrx_word' id='word_1_618' title='bbox 2453 1364 2681 1420; x_wconf 91' lang='lat' dir='ltr'><strong>hominis</strong></span> <span class='ocrx_word' id='word_1_619' title='bbox 2708 1364 3000 1435; x_wconf 86' lang='lat' dir='ltr'><strong>impedivit.</strong></span> <span class='ocrx_word' id='word_1_620' title='bbox 3045 1366 3160 1421; x_wconf 84' lang='lat' dir='ltr'><strong>Non</strong></span> <span class='ocrx_word' id='word_1_621' title='bbox 3188 1381 3316 1439; x_wconf 87' lang='lat' dir='ltr'><strong>ergo</strong></span> <span class='ocrx_word' id='word_1_622' title='bbox 3353 1367 3411 1422; x_wconf 89' lang='lat' dir='ltr'><strong>iit</strong></span> <span class='ocrx_word' id='word_1_623' title='bbox 3434 1366 3631 1438; x_wconf 87' lang='lat' dir='ltr'><strong>aliquid</strong></span> <span class='ocrx_word' id='word_1_624' title='bbox 3665 1368 3764 1422; x_wconf 88' lang='lat' dir='ltr'><strong>nisi</strong></span> 
     </span>
    </p>
   </div>
   <div class='ocr_carea' id='block_1_78' title="bbox 2178 1455 3761 1529">
    <p class='ocr_par' dir='ltr' id='par_1_78' title="bbox 2178 1455 3761 1529">
     <span class='ocr_line' id='line_1_80' title="bbox 2178 1455 3761 1529; baseline 0.002 -18"><span class='ocrx_word' id='word_1_625' title='bbox 2178 1456 2514 1529; x_wconf 84' lang='lat' dir='ltr'><strong>omnipotens</strong></span> <span class='ocrx_word' id='word_1_626' title='bbox 2542 1455 2656 1511; x_wconf 86' lang='lat' dir='ltr'><strong>llerl</strong></span> <span class='ocrx_word' id='word_1_627' title='bbox 2685 1457 2835 1522; x_wconf 89' lang='lat' dir='ltr'><strong>velit,</strong></span> <span class='ocrx_word' id='word_1_628' title='bbox 2880 1458 2960 1511; x_wconf 73' lang='lat' dir='ltr'><strong>vel</strong></span> <span class='ocrx_word' id='word_1_629' title='bbox 3000 1456 3226 1515; x_wconf 86' lang='lat' dir='ltr'><strong>sinendo</strong></span> <span class='ocrx_word' id='word_1_630' title='bbox 3265 1466 3323 1514; x_wconf 91' lang='lat' dir='ltr'><strong>ut</strong></span> <span class='ocrx_word' id='word_1_631' title='bbox 3356 1458 3448 1515; x_wconf 81' lang='lat' dir='ltr'><strong>ﬂat</strong></span> <span class='ocrx_word' id='word_1_632' title='bbox 3473 1500 3488 1526; x_wconf 91' lang='lat'><strong>,</strong></span> <span class='ocrx_word' id='word_1_633' title='bbox 3515 1459 3597 1515; x_wconf 79' lang='lat' dir='ltr'><strong>vel</strong></span> <span class='ocrx_word' id='word_1_634' title='bbox 3644 1458 3761 1529; x_wconf 87' lang='lat' dir='ltr'><strong>ipse</strong></span> 
     </span>
    </p>
   </div>
   <div class='ocr_carea' id='block_1_79' title="bbox 2178 1547 2440 1604">
    <p class='ocr_par' dir='ltr' id='par_1_79' title="bbox 2178 1547 2440 1604">
     <span class='ocr_line' id='line_1_81' title="bbox 2178 1547 2440 1604; baseline 0.004 -2"><span class='ocrx_word' id='word_1_635' title='bbox 2178 1547 2440 1604; x_wconf 86' lang='lat' dir='ltr'><strong>faciendo.</strong></span> 
     </span>
    </p>
   </div>
   <div class='ocr_carea' id='block_1_80' title="bbox 2247 1638 3768 1715">
    <p class='ocr_par' dir='ltr' id='par_1_80' title="bbox 2247 1638 3768 1715">
     <span class='ocr_line' id='line_1_82' title="bbox 2247 1638 3768 1715; baseline 0.003 -20"><span class='ocrx_word' id='word_1_636' title='bbox 2247 1640 2471 1696; x_wconf 79' lang='lat' dir='ltr'><strong>CAPUT</strong></span> <span class='ocrx_word' id='word_1_637' title='bbox 2497 1638 2679 1697; x_wconf 80' lang='lat' dir='ltr'><strong>XCVI.</strong></span> <span class='ocrx_word' id='word_1_638' title='bbox 2695 1640 2902 1697; x_wconf 85' lang='lat' dir='ltr'><strong>—-Deus</strong></span> <span class='ocrx_word' id='word_1_639' title='bbox 2923 1641 3047 1715; x_wconf 82' lang='lat' dir='ltr'><strong>facit</strong></span> <span class='ocrx_word' id='word_1_640' title='bbox 3073 1641 3224 1708; x_wconf 80' lang='lat' dir='ltr'><strong>bene,</strong></span> <span class='ocrx_word' id='word_1_641' title='bbox 3251 1641 3400 1697; x_wconf 84' lang='lat' dir='ltr'><strong>etiam</strong></span> <span class='ocrx_word' id='word_1_642' title='bbox 3420 1643 3632 1699; x_wconf 76' lang='lat' dir='ltr'><strong>sinendo</strong></span> <span class='ocrx_word' id='word_1_643' title='bbox 3652 1643 3768 1715; x_wconf 71' lang='lat' dir='ltr'><strong>ﬁeri</strong></span> 
     </span>
    </p>
   </div>
   <div class='ocr_carea' id='block_1_81' title="bbox 2175 1733 3768 1803">
    <p class='ocr_par' dir='ltr' id='par_1_81' title="bbox 2175 1733 3768 1803">
     <span class='ocr_line' id='line_1_83' title="bbox 2175 1733 3768 1803; baseline 0.003 -15"><span class='ocrx_word' id='word_1_644' title='bbox 2175 1736 2326 1790; x_wconf 89' lang='lat' dir='ltr'><strong>male.</strong></span> <span class='ocrx_word' id='word_1_645' title='bbox 2352 1734 2459 1793; x_wconf 87' lang='lat' dir='ltr'><strong>Nec</strong></span> <span class='ocrx_word' id='word_1_646' title='bbox 2477 1734 2821 1792; x_wconf 88' lang='lat' dir='ltr'><strong>dubitandum</strong></span> <span class='ocrx_word' id='word_1_647' title='bbox 2846 1745 2930 1793; x_wconf 89' lang='lat' dir='ltr'><strong>est</strong></span> <span class='ocrx_word' id='word_1_648' title='bbox 2946 1738 3108 1793; x_wconf 88' lang='lat' dir='ltr'><strong>Deum</strong></span> <span class='ocrx_word' id='word_1_649' title='bbox 3131 1733 3303 1792; x_wconf 82' lang='lat' dir='ltr'><strong>facere</strong></span> <span class='ocrx_word' id='word_1_650' title='bbox 3328 1736 3483 1803; x_wconf 86' lang='lat' dir='ltr'><strong>bene,</strong></span> <span class='ocrx_word' id='word_1_651' title='bbox 3512 1736 3670 1793; x_wconf 87' lang='lat' dir='ltr'><strong>etiam</strong></span> <span class='ocrx_word' id='word_1_652' title='bbox 3692 1737 3768 1793; x_wconf 90' lang='lat' dir='ltr'><strong>si-</strong></span> 
     </span>
    </p>
   </div>
   <div class='ocr_carea' id='block_1_82' title="bbox 2175 1824 3766 1898">
    <p class='ocr_par' dir='ltr' id='par_1_82' title="bbox 2175 1824 3766 1898">
     <span class='ocr_line' id='line_1_84' title="bbox 2175 1824 3766 1898; baseline 0.003 -18"><span class='ocrx_word' id='word_1_653' title='bbox 2175 1825 2349 1881; x_wconf 88' lang='lat' dir='ltr'><strong>nendo</strong></span> <span class='ocrx_word' id='word_1_654' title='bbox 2377 1826 2489 1882; x_wconf 80' lang='lat' dir='ltr'><strong>lteri</strong></span> <span class='ocrx_word' id='word_1_655' title='bbox 2511 1842 2853 1898; x_wconf 67' lang='lat' dir='ltr'><strong>qurecumqne</strong></span> <span class='ocrx_word' id='word_1_656' title='bbox 2871 1824 3002 1882; x_wconf 76' lang='lat' dir='ltr'><strong>(lunt</strong></span> <span class='ocrx_word' id='word_1_657' title='bbox 3022 1827 3182 1883; x_wconf 87' lang='lat' dir='ltr'><strong>male.</strong></span> <span class='ocrx_word' id='word_1_658' title='bbox 3205 1825 3318 1882; x_wconf 82' lang='lat' dir='ltr'><strong>Non</strong></span> <span class='ocrx_word' id='word_1_659' title='bbox 3351 1829 3491 1883; x_wconf 89' lang='lat' dir='ltr'><strong>enim</strong></span> <span class='ocrx_word' id='word_1_660' title='bbox 3520 1827 3621 1883; x_wconf 91' lang='lat' dir='ltr'><strong>hoc</strong></span> <span class='ocrx_word' id='word_1_661' title='bbox 3662 1829 3766 1884; x_wconf 85' lang='lat' dir='ltr'><strong>nisi</strong></span> 
     </span>
    </p>
   </div>
   <div class='ocr_carea' id='block_1_83' title="bbox 2170 1915 3765 1991">
    <p class='ocr_par' dir='ltr' id='par_1_83' title="bbox 2170 1915 3765 1991">
     <span class='ocr_line' id='line_1_85' title="bbox 2170 1915 3765 1991; baseline 0.003 -20"><span class='ocrx_word' id='word_1_662' title='bbox 2170 1915 2315 1987; x_wconf 86' lang='lat' dir='ltr'><strong>justo</strong></span> <span class='ocrx_word' id='word_1_663' title='bbox 2348 1917 2546 1988; x_wconf 89' lang='lat' dir='ltr'><strong>judicio</strong></span> <span class='ocrx_word' id='word_1_664' title='bbox 2582 1919 2746 1985; x_wconf 90' lang='lat' dir='ltr'><strong>sinit;</strong></span> <span class='ocrx_word' id='word_1_665' title='bbox 2776 1927 2829 1975; x_wconf 90' lang='lat' dir='ltr'><strong>et</strong></span> <span class='ocrx_word' id='word_1_666' title='bbox 2850 1916 3088 1989; x_wconf 79' lang='lat' dir='ltr'><strong>profecto</strong></span> <span class='ocrx_word' id='word_1_667' title='bbox 3116 1919 3310 1974; x_wconf 89' lang='lat' dir='ltr'><strong>bonum</strong></span> <span class='ocrx_word' id='word_1_668' title='bbox 3332 1927 3414 1974; x_wconf 88' lang='lat' dir='ltr'><strong>est</strong></span> <span class='ocrx_word' id='word_1_669' title='bbox 3445 1933 3604 1976; x_wconf 88' lang='lat' dir='ltr'><strong>omne</strong></span> <span class='ocrx_word' id='word_1_670' title='bbox 3623 1918 3765 1991; x_wconf 87' lang='lat' dir='ltr'><strong>quod</strong></span> 
     </span>
    </p>
   </div>
   <div class='ocr_carea' id='block_1_84' title="bbox 2169 2007 3763 2085">
    <p class='ocr_par' dir='ltr' id='par_1_84' title="bbox 2169 2007 3763 2085">
     <span class='ocr_line' id='line_1_86' title="bbox 2169 2007 3763 2085; baseline 0.005 -23"><span class='ocrx_word' id='word_1_671' title='bbox 2169 2007 2367 2079; x_wconf 87' lang='lat' dir='ltr'><strong>justum</strong></span> <span class='ocrx_word' id='word_1_672' title='bbox 2389 2019 2489 2065; x_wconf 91' lang='lat' dir='ltr'><strong>est.</strong></span> <span class='ocrx_word' id='word_1_673' title='bbox 2503 2008 2753 2079; x_wconf 84' lang='lat' dir='ltr'><strong>Quamvis</strong></span> <span class='ocrx_word' id='word_1_674' title='bbox 2768 2024 2895 2081; x_wconf 89' lang='lat' dir='ltr'><strong>ergo</strong></span> <span class='ocrx_word' id='word_1_675' title='bbox 2917 2025 2979 2067; x_wconf 92' lang='lat' dir='ltr'><strong>ea</strong></span> <span class='ocrx_word' id='word_1_676' title='bbox 2996 2026 3113 2081; x_wconf 69' lang='lat' dir='ltr'><strong>qua:</strong></span> <span class='ocrx_word' id='word_1_677' title='bbox 3125 2009 3261 2065; x_wconf 85' lang='lat' dir='ltr'><strong>maia</strong></span> <span class='ocrx_word' id='word_1_678' title='bbox 3278 2020 3421 2077; x_wconf 89' lang='lat' dir='ltr'><strong>sunt,</strong></span> <span class='ocrx_word' id='word_1_679' title='bbox 3439 2010 3491 2067; x_wconf 89' lang='lat' dir='ltr'><strong>in</strong></span> <span class='ocrx_word' id='word_1_680' title='bbox 3506 2020 3763 2085; x_wconf 86' lang='lat' dir='ltr'><strong>quantum</strong></span> 
     </span>
    </p>
   </div>
   <div class='ocr_carea' id='block_1_85' title="bbox 2175 2101 3762 2171">
    <p class='ocr_par' dir='ltr' id='par_1_85' title="bbox 2175 2101 3762 2171">
     <span class='ocr_line' id='line_1_87' title="bbox 2175 2101 3762 2171; baseline 0.002 -16"><span class='ocrx_word' id='word_1_681' title='bbox 2175 2101 2313 2156; x_wconf 88' lang='lat' dir='ltr'><strong>mala</strong></span> <span class='ocrx_word' id='word_1_682' title='bbox 2339 2112 2492 2170; x_wconf 89' lang='lat' dir='ltr'><strong>sunt,</strong></span> <span class='ocrx_word' id='word_1_683' title='bbox 2524 2118 2629 2158; x_wconf 91' lang='lat' dir='ltr'><strong>non</strong></span> <span class='ocrx_word' id='word_1_684' title='bbox 2659 2104 2767 2157; x_wconf 87' lang='lat' dir='ltr'><strong>sint</strong></span> <span class='ocrx_word' id='word_1_685' title='bbox 2792 2103 2929 2158; x_wconf 75' lang='lat' dir='ltr'><strong>bona</strong></span> <span class='ocrx_word' id='word_1_686' title='bbox 2955 2120 2969 2168; x_wconf 84' lang='lat'><strong>;</strong></span> <span class='ocrx_word' id='word_1_687' title='bbox 2996 2111 3170 2157; x_wconf 90' lang='lat' dir='ltr'><strong>tamen</strong></span> <span class='ocrx_word' id='word_1_688' title='bbox 3193 2111 3251 2157; x_wconf 91' lang='lat' dir='ltr'><strong>ut</strong></span> <span class='ocrx_word' id='word_1_689' title='bbox 3270 2118 3375 2158; x_wconf 90' lang='lat' dir='ltr'><strong>non</strong></span> <span class='ocrx_word' id='word_1_690' title='bbox 3404 2103 3576 2158; x_wconf 88' lang='lat' dir='ltr'><strong>solum</strong></span> <span class='ocrx_word' id='word_1_691' title='bbox 3602 2101 3762 2171; x_wconf 90' lang='lat' dir='ltr'><strong>bona,</strong></span> 
     </span>
    </p>
   </div>
   <div class='ocr_carea' id='block_1_86' title="bbox 2176 2193 3766 2265">
    <p class='ocr_par' dir='ltr' id='par_1_86' title="bbox 2176 2193 3766 2265">
     <span class='ocr_line' id='line_1_88' title="bbox 2176 2193 3766 2265; baseline 0.003 -16"><span class='ocrx_word' id='word_1_692' title='bbox 2176 2193 2270 2249; x_wconf 87' lang='lat' dir='ltr'><strong>sed</strong></span> <span class='ocrx_word' id='word_1_693' title='bbox 2296 2199 2454 2250; x_wconf 86' lang='lat' dir='ltr'><strong>etiam</strong></span> <span class='ocrx_word' id='word_1_694' title='bbox 2499 2195 2605 2250; x_wconf 89' lang='lat' dir='ltr'><strong>sint</strong></span> <span class='ocrx_word' id='word_1_695' title='bbox 2640 2205 2693 2250; x_wconf 89' lang='lat' dir='ltr'><strong>et</strong></span> <span class='ocrx_word' id='word_1_696' title='bbox 2731 2195 2864 2251; x_wconf 90' lang='lat' dir='ltr'><strong>mala</strong></span> <span class='ocrx_word' id='word_1_697' title='bbox 2890 2237 2906 2265; x_wconf 96' lang='lat'><strong>,</strong></span> <span class='ocrx_word' id='word_1_698' title='bbox 2947 2194 3144 2251; x_wconf 87' lang='lat' dir='ltr'><strong>bonum</strong></span> <span class='ocrx_word' id='word_1_699' title='bbox 3176 2203 3278 2252; x_wconf 89' lang='lat' dir='ltr'><strong>est.</strong></span> <span class='ocrx_word' id='word_1_700' title='bbox 3309 2194 3443 2253; x_wconf 81' lang='lat' dir='ltr'><strong>Nam</strong></span> <span class='ocrx_word' id='word_1_701' title='bbox 3483 2197 3585 2252; x_wconf 91' lang='lat' dir='ltr'><strong>nisi</strong></span> <span class='ocrx_word' id='word_1_702' title='bbox 3624 2206 3766 2253; x_wconf 88' lang='lat' dir='ltr'><strong>esset</strong></span> 
     </span>
    </p>
   </div>
   <div class='ocr_carea' id='block_1_87' title="bbox 2175 2284 3765 2355">
    <p class='ocr_par' dir='ltr' id='par_1_87' title="bbox 2175 2284 3765 2355">
     <span class='ocr_line' id='line_1_89' title="bbox 2175 2284 3765 2355; baseline 0.003 -16"><span class='ocrx_word' id='word_1_703' title='bbox 2175 2284 2280 2340; x_wconf 87' lang='lat' dir='ltr'><strong>hoc</strong></span> <span class='ocrx_word' id='word_1_704' title='bbox 2305 2285 2500 2341; x_wconf 89' lang='lat' dir='ltr'><strong>bonum</strong></span> <span class='ocrx_word' id='word_1_705' title='bbox 2520 2328 2536 2353; x_wconf 92' lang='lat'><strong>,</strong></span> <span class='ocrx_word' id='word_1_706' title='bbox 2581 2294 2638 2341; x_wconf 90' lang='lat' dir='ltr'><strong>ut</strong></span> <span class='ocrx_word' id='word_1_707' title='bbox 2664 2294 2843 2342; x_wconf 91' lang='lat' dir='ltr'><strong>essent</strong></span> <span class='ocrx_word' id='word_1_708' title='bbox 2870 2296 2925 2341; x_wconf 91' lang='lat' dir='ltr'><strong>et</strong></span> <span class='ocrx_word' id='word_1_709' title='bbox 2954 2287 3092 2341; x_wconf 87' lang='lat' dir='ltr'><strong>mala</strong></span> <span class='ocrx_word' id='word_1_710' title='bbox 3118 2329 3133 2355; x_wconf 96' lang='lat'><strong>,</strong></span> <span class='ocrx_word' id='word_1_711' title='bbox 3176 2288 3321 2342; x_wconf 89' lang='lat' dir='ltr'><strong>nullo</strong></span> <span class='ocrx_word' id='word_1_712' title='bbox 3351 2288 3509 2343; x_wconf 87' lang='lat' dir='ltr'><strong>modo</strong></span> <span class='ocrx_word' id='word_1_713' title='bbox 3540 2302 3660 2344; x_wconf 90' lang='lat' dir='ltr'><strong>esse</strong></span> <span class='ocrx_word' id='word_1_714' title='bbox 3692 2290 3765 2343; x_wconf 80' lang='lat' dir='ltr'><strong>si-</strong></span> 
     </span>
    </p>
   </div>
   <div class='ocr_carea' id='block_1_88' title="bbox 2176 2378 3765 2450">
    <p class='ocr_par' dir='ltr' id='par_1_88' title="bbox 2176 2378 3765 2450">
     <span class='ocr_line' id='line_1_90' title="bbox 2176 2378 3765 2450; baseline 0.003 -17"><span class='ocrx_word' id='word_1_715' title='bbox 2176 2388 2433 2434; x_wconf 89' lang='lat' dir='ltr'><strong>nerentur</strong></span> <span class='ocrx_word' id='word_1_716' title='bbox 2482 2378 2549 2434; x_wconf 90' lang='lat' dir='ltr'><strong>ab</strong></span> <span class='ocrx_word' id='word_1_717' title='bbox 2586 2380 2947 2448; x_wconf 90' lang='lat' dir='ltr'><strong>omnipotente</strong></span> <span class='ocrx_word' id='word_1_718' title='bbox 2995 2380 3135 2435; x_wconf 91' lang='lat' dir='ltr'><strong>bono</strong></span> <span class='ocrx_word' id='word_1_719' title='bbox 3176 2398 3190 2434; x_wconf 93' lang='lat'>:</span> <span class='ocrx_word' id='word_1_720' title='bbox 3230 2378 3314 2435; x_wconf 90' lang='lat' dir='ltr'><strong>cui</strong></span> <span class='ocrx_word' id='word_1_721' title='bbox 3366 2379 3547 2450; x_wconf 87' lang='lat' dir='ltr'><strong>procul</strong></span> <span class='ocrx_word' id='word_1_722' title='bbox 3604 2380 3765 2437; x_wconf 86' lang='lat' dir='ltr'><strong>dubio</strong></span> 
     </span>
    </p>
   </div>
   <div class='ocr_carea' id='block_1_89' title="bbox 2176 2470 3763 2543">
    <p class='ocr_par' dir='ltr' id='par_1_89' title="bbox 2176 2470 3763 2543">
     <span class='ocr_line' id='line_1_91' title="bbox 2176 2470 3763 2543; baseline 0.002 -19"><span class='ocrx_word' id='word_1_723' title='bbox 2176 2485 2333 2540; x_wconf 90' lang='lat' dir='ltr'><strong>quam</strong></span> <span class='ocrx_word' id='word_1_724' title='bbox 2364 2470 2517 2535; x_wconf 79' lang='lat' dir='ltr'><strong>facile</strong></span> <span class='ocrx_word' id='word_1_725' title='bbox 2546 2478 2627 2526; x_wconf 90' lang='lat' dir='ltr'><strong>est</strong></span> <span class='ocrx_word' id='word_1_726' title='bbox 2661 2470 2802 2541; x_wconf 91' lang='lat' dir='ltr'><strong>quod</strong></span> <span class='ocrx_word' id='word_1_727' title='bbox 2834 2471 2943 2526; x_wconf 88' lang='lat' dir='ltr'><strong>vult</strong></span> <span class='ocrx_word' id='word_1_728' title='bbox 2973 2471 3169 2537; x_wconf 86' lang='lat' dir='ltr'><strong>facere,</strong></span> <span class='ocrx_word' id='word_1_729' title='bbox 3200 2479 3308 2526; x_wconf 90' lang='lat' dir='ltr'><strong>tam</strong></span> <span class='ocrx_word' id='word_1_730' title='bbox 3336 2471 3488 2528; x_wconf 82' lang='lat' dir='ltr'><strong>facile</strong></span> <span class='ocrx_word' id='word_1_731' title='bbox 3517 2480 3601 2528; x_wconf 90' lang='lat' dir='ltr'><strong>est</strong></span> <span class='ocrx_word' id='word_1_732' title='bbox 3622 2473 3763 2543; x_wconf 89' lang='lat' dir='ltr'><strong>quod</strong></span> 
     </span>
    </p>
   </div>
   <div class='ocr_carea' id='block_1_90' title="bbox 2179 2561 3766 2634">
    <p class='ocr_par' dir='ltr' id='par_1_90' title="bbox 2179 2561 3766 2634">
     <span class='ocr_line' id='line_1_92' title="bbox 2179 2561 3766 2634; baseline 0.003 -21"><span class='ocrx_word' id='word_1_733' title='bbox 2179 2575 2283 2614; x_wconf 90' lang='lat' dir='ltr'><strong>non</strong></span> <span class='ocrx_word' id='word_1_734' title='bbox 2318 2561 2431 2615; x_wconf 90' lang='lat' dir='ltr'><strong>vult</strong></span> <span class='ocrx_word' id='word_1_735' title='bbox 2471 2575 2591 2617; x_wconf 90' lang='lat' dir='ltr'><strong>esse</strong></span> <span class='ocrx_word' id='word_1_736' title='bbox 2622 2576 2728 2616; x_wconf 92' lang='lat' dir='ltr'><strong>non</strong></span> <span class='ocrx_word' id='word_1_737' title='bbox 2755 2561 2950 2617; x_wconf 87' lang='lat' dir='ltr'><strong>sinere.</strong></span> <span class='ocrx_word' id='word_1_738' title='bbox 2998 2561 3110 2617; x_wconf 87' lang='lat' dir='ltr'><strong>Hoc</strong></span> <span class='ocrx_word' id='word_1_739' title='bbox 3137 2562 3235 2617; x_wconf 90' lang='lat' dir='ltr'><strong>nisi</strong></span> <span class='ocrx_word' id='word_1_740' title='bbox 3279 2562 3590 2629; x_wconf 82' lang='lat' dir='ltr'><strong>credamus,</strong></span> <span class='ocrx_word' id='word_1_741' title='bbox 3625 2562 3766 2634; x_wconf 88' lang='lat' dir='ltr'><strong>peri-</strong></span> 
     </span>
    </p>
   </div>
   <div class='ocr_carea' id='block_1_91' title="bbox 2176 2650 3765 2726">
    <p class='ocr_par' dir='ltr' id='par_1_91' title="bbox 2176 2650 3765 2726">
     <span class='ocr_line' id='line_1_93' title="bbox 2176 2650 3765 2726; baseline 0.003 -20"><span class='ocrx_word' id='word_1_742' title='bbox 2176 2652 2388 2706; x_wconf 88' lang='lat' dir='ltr'><strong>clitatur</strong></span> <span class='ocrx_word' id='word_1_743' title='bbox 2409 2653 2577 2721; x_wconf 89' lang='lat' dir='ltr'><strong>ipsum</strong></span> <span class='ocrx_word' id='word_1_744' title='bbox 2608 2668 2705 2708; x_wconf 89' lang='lat' dir='ltr'><strong>nos</strong></span> <span class='ocrx_word' id='word_1_745' title='bbox 2719 2660 2817 2708; x_wconf 53' lang='lat' dir='ltr'><strong>trav.</strong></span> <span class='ocrx_word' id='word_1_746' title='bbox 2841 2650 3201 2709; x_wconf 86' lang='lat' dir='ltr'><strong>Confessionis</strong></span> <span class='ocrx_word' id='word_1_747' title='bbox 3229 2657 3250 2686; x_wconf 84' lang='lat'>&#39;</span> <span class='ocrx_word' id='word_1_748' title='bbox 3280 2652 3509 2720; x_wconf 87' lang='lat' dir='ltr'><strong>initium,</strong></span> <span class='ocrx_word' id='word_1_749' title='bbox 3540 2670 3642 2726; x_wconf 90' lang='lat' dir='ltr'><strong>qua</strong></span> <span class='ocrx_word' id='word_1_750' title='bbox 3669 2669 3765 2710; x_wconf 87' lang='lat' dir='ltr'><strong>nos</strong></span> 
     </span>
    </p>
   </div>
   <div class='ocr_carea' id='block_1_92' title="bbox 2177 2740 3759 2814">
    <p class='ocr_par' dir='ltr' id='par_1_92' title="bbox 2177 2740 3759 2814">
     <span class='ocr_line' id='line_1_94' title="bbox 2177 2740 3759 2814; baseline 0.003 -19"><span class='ocrx_word' id='word_1_751' title='bbox 2177 2741 2229 2795; x_wconf 91' lang='lat' dir='ltr'><strong>in</strong></span> <span class='ocrx_word' id='word_1_752' title='bbox 2274 2742 2436 2797; x_wconf 91' lang='lat' dir='ltr'><strong>Deum</strong></span> <span class='ocrx_word' id='word_1_753' title='bbox 2468 2742 2676 2799; x_wconf 90' lang='lat' dir='ltr'><strong>Patrem</strong></span> <span class='ocrx_word' id='word_1_754' title='bbox 2706 2740 3127 2814; x_wconf 90' lang='lat' dir='ltr'><strong>omnipotentem</strong></span> <span class='ocrx_word' id='word_1_755' title='bbox 3170 2744 3390 2801; x_wconf 89' lang='lat' dir='ltr'><strong>credere</strong></span> <span class='ocrx_word' id='word_1_756' title='bbox 3425 2745 3759 2802; x_wconf 78' lang='lat' dir='ltr'><strong>conﬁtemur.</strong></span> 
     </span>
    </p>
   </div>
   <div class='ocr_carea' id='block_1_93' title="bbox 2175 2833 3756 2908">
    <p class='ocr_par' dir='ltr' id='par_1_93' title="bbox 2175 2833 3756 2908">
     <span class='ocr_line' id='line_1_95' title="bbox 2175 2833 3756 2908; baseline 0.002 -20"><span class='ocrx_word' id='word_1_757' title='bbox 2175 2833 2358 2904; x_wconf 87' lang='lat' dir='ltr'><strong>Neque</strong></span> <span class='ocrx_word' id='word_1_758' title='bbox 2382 2834 2523 2889; x_wconf 88' lang='lat' dir='ltr'><strong>enim</strong></span> <span class='ocrx_word' id='word_1_759' title='bbox 2565 2834 2633 2890; x_wconf 93' lang='lat' dir='ltr'><strong>ob</strong></span> <span class='ocrx_word' id='word_1_760' title='bbox 2660 2835 2801 2890; x_wconf 83' lang='lat' dir='ltr'><strong>aliud</strong></span> <span class='ocrx_word' id='word_1_761' title='bbox 2834 2835 3097 2891; x_wconf 85' lang='lat' dir='ltr'><strong>veraciter</strong></span> <span class='ocrx_word' id='word_1_762' title='bbox 3132 2844 3355 2892; x_wconf 79' lang='lat' dir='ltr'><strong>vocatur</strong></span> <span class='ocrx_word' id='word_1_763' title='bbox 3386 2837 3756 2908; x_wconf 88' lang='lat' dir='ltr'><strong>omnipotens,</strong></span> 
     </span>
    </p>
   </div>
   <div class='ocr_carea' id='block_1_94' title="bbox 2178 2926 3758 2998">
    <p class='ocr_par' dir='ltr' id='par_1_94' title="bbox 2178 2926 3758 2998">
     <span class='ocr_line' id='line_1_96' title="bbox 2178 2926 3758 2998; baseline 0.002 -17"><span class='ocrx_word' id='word_1_764' title='bbox 2178 2926 2278 2982; x_wconf 85' lang='lat' dir='ltr'><strong>nisi</strong></span> <span class='ocrx_word' id='word_1_765' title='bbox 2305 2927 2552 2997; x_wconf 86' lang='lat' dir='ltr'><strong>quoniam</strong></span> <span class='ocrx_word' id='word_1_766' title='bbox 2577 2927 2831 2998; x_wconf 85' lang='lat' dir='ltr'><strong>quidquid</strong></span> <span class='ocrx_word' id='word_1_767' title='bbox 2855 2928 2967 2983; x_wconf 86' lang='lat' dir='ltr'><strong>vult</strong></span> <span class='ocrx_word' id='word_1_768' title='bbox 2992 2937 3194 2998; x_wconf 87' lang='lat' dir='ltr'><strong>potest,</strong></span> <span class='ocrx_word' id='word_1_769' title='bbox 3221 2942 3323 2986; x_wconf 87' lang='lat' dir='ltr'><strong>nee</strong></span> <span class='ocrx_word' id='word_1_770' title='bbox 3343 2929 3617 2984; x_wconf 87' lang='lat' dir='ltr'><strong>voluntate</strong></span> <span class='ocrx_word' id='word_1_771' title='bbox 3659 2943 3758 2984; x_wconf 82' lang='lat' dir='ltr'><strong>eu-</strong></span> 
     </span>
    </p>
   </div>
   <div class='ocr_carea' id='block_1_95' title="bbox 2173 3017 3765 3092">
    <p class='ocr_par' dir='ltr' id='par_1_95' title="bbox 2173 3017 3765 3092">
     <span class='ocr_line' id='line_1_97' title="bbox 2173 3017 3765 3092; baseline 0.004 -21"><span class='ocrx_word' id='word_1_772' title='bbox 2173 3017 2403 3088; x_wconf 85' lang='lat' dir='ltr'><strong>jnspiam</strong></span> <span class='ocrx_word' id='word_1_773' title='bbox 2449 3029 2708 3075; x_wconf 80' lang='lat' dir='ltr'><strong>creaturae</strong></span> <span class='ocrx_word' id='word_1_774' title='bbox 2747 3019 3036 3076; x_wconf 89' lang='lat' dir='ltr'><strong>voluntatis</strong></span> <span class='ocrx_word' id='word_1_775' title='bbox 3072 3020 3452 3091; x_wconf 80' lang='lat' dir='ltr'><strong>omnipotentis</strong></span> <span class='ocrx_word' id='word_1_776' title='bbox 3480 3020 3765 3092; x_wconf 85' lang='lat' dir='ltr'><strong>impeditur</strong></span> 
     </span>
    </p>
   </div>
   <div class='ocr_carea' id='block_1_96' title="bbox 2177 3110 2419 3168">
    <p class='ocr_par' dir='ltr' id='par_1_96' title="bbox 2177 3110 2419 3168">
     <span class='ocr_line' id='line_1_98' title="bbox 2177 3110 2419 3168; baseline -0.004 -2"><span class='ocrx_word' id='word_1_777' title='bbox 2177 3110 2419 3168; x_wconf 73' lang='lat' dir='ltr'><strong>eiiectus.</strong></span> 
     </span>
    </p>
   </div>
   <div class='ocr_carea' id='block_1_97' title="bbox 2247 3202 3761 3262">
    <p class='ocr_par' dir='ltr' id='par_1_97' title="bbox 2247 3202 3761 3262">
     <span class='ocr_line' id='line_1_99' title="bbox 2247 3202 3761 3262; baseline 0.002 -4"><span class='ocrx_word' id='word_1_778' title='bbox 2247 3202 2478 3259; x_wconf 82' lang='lat' dir='ltr'><strong>CAPUT</strong></span> <span class='ocrx_word' id='word_1_779' title='bbox 2517 3202 2722 3259; x_wconf 77' lang='lat' dir='ltr'><strong>XCVII.</strong></span> <span class='ocrx_word' id='word_1_780' title='bbox 2745 3233 2817 3244; x_wconf 93' lang='lat'><strong><em>—</em></strong></span> <span class='ocrx_word' id='word_1_781' title='bbox 2846 3202 3091 3261; x_wconf 81' lang='lat' dir='ltr'><strong>Voluntas</strong></span> <span class='ocrx_word' id='word_1_782' title='bbox 3115 3204 3211 3260; x_wconf 85' lang='lat' dir='ltr'><strong>Dei</strong></span> <span class='ocrx_word' id='word_1_783' title='bbox 3234 3206 3431 3261; x_wconf 74' lang='lat' dir='ltr'><strong>salvere</strong></span> <span class='ocrx_word' id='word_1_784' title='bbox 3458 3207 3669 3262; x_wconf 80' lang='lat' dir='ltr'><strong>uolentis</strong></span> <span class='ocrx_word' id='word_1_785' title='bbox 3693 3223 3761 3261; x_wconf 82' lang='lat' dir='ltr'><strong>an</strong></span> 
     </span>
    </p>
   </div>
   <div class='ocr_carea' id='block_1_98' title="bbox 2177 3294 3762 3366">
    <p class='ocr_par' dir='ltr' id='par_1_98' title="bbox 2177 3294 3762 3366">
     <span class='ocr_line' id='line_1_100' title="bbox 2177 3294 3762 3366; baseline 0.003 -17"><span class='ocrx_word' id='word_1_786' title='bbox 2177 3294 2483 3366; x_wconf 83' lang='lat' dir='ltr'><strong>impediatur</strong></span> <span class='ocrx_word' id='word_1_787' title='bbox 2522 3295 2743 3349; x_wconf 77' lang='lat' dir='ltr'><strong>humana</strong></span> <span class='ocrx_word' id='word_1_788' title='bbox 2780 3295 3053 3350; x_wconf 82' lang='lat' dir='ltr'><strong>voluntate.</strong></span> <span class='ocrx_word' id='word_1_789' title='bbox 3092 3297 3447 3364; x_wconf 86' lang='lat' dir='ltr'><strong>Quamobrem</strong></span> <span class='ocrx_word' id='word_1_790' title='bbox 3477 3298 3762 3353; x_wconf 87' lang='lat' dir='ltr'><strong>videndum</strong></span> 
     </span>
    </p>
   </div>
   <div class='ocr_carea' id='block_1_99' title="bbox 2178 3385 3766 3458">
    <p class='ocr_par' dir='ltr' id='par_1_99' title="bbox 2178 3385 3766 3458">
     <span class='ocr_line' id='line_1_101' title="bbox 2178 3385 3766 3458; baseline 0.003 -17"><span class='ocrx_word' id='word_1_791' title='bbox 2178 3396 2261 3442; x_wconf 91' lang='lat' dir='ltr'><strong>est</strong></span> <span class='ocrx_word' id='word_1_792' title='bbox 2286 3385 2738 3457; x_wconf 88' lang='lat' dir='ltr'><strong>quemadmodum</strong></span> <span class='ocrx_word' id='word_1_793' title='bbox 2767 3385 2837 3439; x_wconf 87' lang='lat' dir='ltr'><strong>sit</strong></span> <span class='ocrx_word' id='word_1_794' title='bbox 2877 3385 2943 3440; x_wconf 89' lang='lat' dir='ltr'><strong>de</strong></span> <span class='ocrx_word' id='word_1_795' title='bbox 2992 3386 3101 3441; x_wconf 90' lang='lat' dir='ltr'><strong>Deo</strong></span> <span class='ocrx_word' id='word_1_796' title='bbox 3138 3387 3371 3455; x_wconf 88' lang='lat' dir='ltr'><strong>dictum,</strong></span> <span class='ocrx_word' id='word_1_797' title='bbox 3411 3389 3532 3458; x_wconf 89' lang='lat' dir='ltr'><strong>quia</strong></span> <span class='ocrx_word' id='word_1_798' title='bbox 3578 3398 3635 3445; x_wconf 87' lang='lat' dir='ltr'><strong>et</strong></span> <span class='ocrx_word' id='word_1_799' title='bbox 3662 3388 3766 3445; x_wconf 86' lang='lat' dir='ltr'><strong>hoc</strong></span> 
     </span>
    </p>
   </div>
   <div class='ocr_carea' id='block_1_100' title="bbox 2178 3477 3764 3548">
    <p class='ocr_par' dir='ltr' id='par_1_100' title="bbox 2178 3477 3764 3548">
     <span class='ocr_line' id='line_1_102' title="bbox 2178 3477 3764 3548; baseline 0.003 -16"><span class='ocrx_word' id='word_1_800' title='bbox 2178 3479 2454 3535; x_wconf 87' lang='lat' dir='ltr'><strong>verissime</strong></span> <span class='ocrx_word' id='word_1_801' title='bbox 2498 3477 2787 3548; x_wconf 81' lang='lat' dir='ltr'><strong>Apostolus</strong></span> <span class='ocrx_word' id='word_1_802' title='bbox 2825 3477 2995 3540; x_wconf 75' lang='lat' dir='ltr'><strong>dixit,</strong></span> <span class='ocrx_word' id='word_1_803' title='bbox 3042 3477 3144 3545; x_wconf 85' lang='lat' dir='ltr'><strong>Qui</strong></span> <span class='ocrx_word' id='word_1_804' title='bbox 3183 3495 3355 3534; x_wconf 86' lang='lat' dir='ltr'><strong>omnes</strong></span> <span class='ocrx_word' id='word_1_805' title='bbox 3389 3481 3615 3536; x_wconf 77' lang='lat' dir='ltr'><strong>homines</strong></span> <span class='ocrx_word' id='word_1_806' title='bbox 3655 3482 3764 3536; x_wconf 75' lang='lat' dir='ltr'><strong>vult</strong></span> 
     </span>
    </p>
   </div>
   <div class='ocr_carea' id='block_1_101' title="bbox 2178 3568 3758 3641">
    <p class='ocr_par' dir='ltr' id='par_1_101' title="bbox 2178 3568 3758 3641">
     <span class='ocr_line' id='line_1_103' title="bbox 2178 3568 3758 3641; baseline 0.004 -16"><span class='ocrx_word' id='word_1_807' title='bbox 2178 3571 2341 3626; x_wconf 71' lang='lat' dir='ltr'><strong>salvos</strong></span> <span class='ocrx_word' id='word_1_808' title='bbox 2361 3571 2471 3640; x_wconf 76' lang='lat' dir='ltr'><strong>ﬁeri</strong></span> <span class='ocrx_word' id='word_1_809' title='bbox 2496 3571 2550 3641; x_wconf 93' lang='lat' dir='ltr'><strong>(i</strong></span> <span class='ocrx_word' id='word_1_810' title='bbox 2576 3569 2706 3623; x_wconf 84' lang='lat' dir='ltr'><strong>Tim.</strong></span> <span class='ocrx_word' id='word_1_811' title='bbox 2736 3585 2801 3635; x_wconf 88' lang='grc' dir='ltr'><strong>ιι,</strong></span> <span class='ocrx_word' id='word_1_812' title='bbox 2835 3572 2869 3625; x_wconf 59' lang='lat' dir='ltr'><strong>At</strong></span> <span class='ocrx_word' id='word_1_813' title='bbox 2889 3570 2927 3641; x_wconf 93' lang='lat'><strong>).</strong></span> <span class='ocrx_word' id='word_1_814' title='bbox 2952 3568 3085 3626; x_wconf 87' lang='lat' dir='ltr'><strong>Cum</strong></span> <span class='ocrx_word' id='word_1_815' title='bbox 3110 3572 3253 3627; x_wconf 90' lang='lat' dir='ltr'><strong>enim</strong></span> <span class='ocrx_word' id='word_1_816' title='bbox 3283 3588 3389 3628; x_wconf 87' lang='lat' dir='ltr'><strong>non</strong></span> <span class='ocrx_word' id='word_1_817' title='bbox 3417 3589 3605 3630; x_wconf 86' lang='lat' dir='ltr'><strong>omnes</strong></span> <span class='ocrx_word' id='word_1_818' title='bbox 3624 3616 3637 3639; x_wconf 92' lang='lat'><strong>,</strong></span> <span class='ocrx_word' id='word_1_819' title='bbox 3663 3574 3758 3631; x_wconf 89' lang='lat' dir='ltr'><strong>sed</strong></span> 
     </span>
    </p>
   </div>
   <div class='ocr_carea' id='block_1_102' title="bbox 2178 3661 3752 3738">
    <p class='ocr_par' dir='ltr' id='par_1_102' title="bbox 2178 3661 3752 3738">
     <span class='ocr_line' id='line_1_104' title="bbox 2178 3661 3752 3738; baseline 0.002 -18"><span class='ocrx_word' id='word_1_820' title='bbox 2178 3664 2343 3720; x_wconf 90' lang='lat' dir='ltr'><strong>multo</strong></span> <span class='ocrx_word' id='word_1_821' title='bbox 2373 3664 2552 3735; x_wconf 88' lang='lat' dir='ltr'><strong>plures</strong></span> <span class='ocrx_word' id='word_1_822' title='bbox 2579 3678 2683 3717; x_wconf 90' lang='lat' dir='ltr'><strong>non</strong></span> <span class='ocrx_word' id='word_1_823' title='bbox 2714 3661 2846 3717; x_wconf 82' lang='lat' dir='ltr'><strong>ﬁunt</strong></span> <span class='ocrx_word' id='word_1_824' title='bbox 2874 3664 3003 3718; x_wconf 87' lang='lat' dir='ltr'><strong>salvi</strong></span> <span class='ocrx_word' id='word_1_825' title='bbox 3025 3705 3039 3728; x_wconf 89' lang='lat'><strong>,</strong></span> <span class='ocrx_word' id='word_1_826' title='bbox 3070 3664 3279 3721; x_wconf 91' lang='lat' dir='ltr'><strong>videtur</strong></span> <span class='ocrx_word' id='word_1_827' title='bbox 3297 3668 3481 3738; x_wconf 89' lang='lat' dir='ltr'><strong>utique</strong></span> <span class='ocrx_word' id='word_1_828' title='bbox 3504 3682 3607 3724; x_wconf 92' lang='lat' dir='ltr'><strong>non</strong></span> <span class='ocrx_word' id='word_1_829' title='bbox 3637 3666 3752 3723; x_wconf 89' lang='lat' dir='ltr'><strong>lieri</strong></span> 
     </span>
    </p>
   </div>
   <div class='ocr_carea' id='block_1_103' title="bbox 2178 3755 3762 3827">
    <p class='ocr_par' dir='ltr' id='par_1_103' title="bbox 2178 3755 3762 3827">
     <span class='ocr_line' id='line_1_105' title="bbox 2178 3755 3762 3827; baseline 0.005 -18"><span class='ocrx_word' id='word_1_830' title='bbox 2178 3756 2319 3827; x_wconf 91' lang='lat' dir='ltr'><strong>quod</strong></span> <span class='ocrx_word' id='word_1_831' title='bbox 2364 3756 2500 3811; x_wconf 88' lang='lat' dir='ltr'><strong>Deus</strong></span> <span class='ocrx_word' id='word_1_832' title='bbox 2530 3757 2640 3811; x_wconf 92' lang='lat' dir='ltr'><strong>vult</strong></span> <span class='ocrx_word' id='word_1_833' title='bbox 2666 3755 2780 3813; x_wconf 89' lang='lat' dir='ltr'><strong>lieri</strong></span> <span class='ocrx_word' id='word_1_834' title='bbox 2801 3797 2816 3823; x_wconf 94' lang='lat'><strong>,</strong></span> <span class='ocrx_word' id='word_1_835' title='bbox 2849 3756 3076 3811; x_wconf 89' lang='lat' dir='ltr'><strong>humana</strong></span> <span class='ocrx_word' id='word_1_836' title='bbox 3110 3759 3315 3813; x_wconf 88' lang='lat' dir='ltr'><strong>scilicet</strong></span> <span class='ocrx_word' id='word_1_837' title='bbox 3346 3761 3618 3817; x_wconf 84' lang='lat' dir='ltr'><strong>voluntate</strong></span> <span class='ocrx_word' id='word_1_838' title='bbox 3658 3762 3762 3817; x_wconf 86' lang='lat' dir='ltr'><strong>im-</strong></span> 
     </span>
    </p>
   </div>
   <div class='ocr_carea' id='block_1_104' title="bbox 2178 3848 3763 3923">
    <p class='ocr_par' dir='ltr' id='par_1_104' title="bbox 2178 3848 3763 3923">
     <span class='ocr_line' id='line_1_106' title="bbox 2178 3848 3763 3923; baseline 0.004 -19"><span class='ocrx_word' id='word_1_839' title='bbox 2178 3848 2427 3919; x_wconf 87' lang='lat' dir='ltr'><strong>pediente</strong></span> <span class='ocrx_word' id='word_1_840' title='bbox 2473 3848 2800 3904; x_wconf 87' lang='lat' dir='ltr'><strong>voluntatem</strong></span> <span class='ocrx_word' id='word_1_841' title='bbox 2853 3848 2967 3904; x_wconf 89' lang='lat' dir='ltr'><strong>Dei.</strong></span> <span class='ocrx_word' id='word_1_842' title='bbox 3027 3849 3250 3916; x_wconf 89' lang='lat' dir='ltr'><strong>Quando</strong></span> <span class='ocrx_word' id='word_1_843' title='bbox 3311 3852 3451 3905; x_wconf 91' lang='lat' dir='ltr'><strong>enim</strong></span> <span class='ocrx_word' id='word_1_844' title='bbox 3511 3855 3763 3923; x_wconf 70' lang='lat' dir='ltr'><strong>qumritur</strong></span> 
     </span>
    </p>
   </div>
   <div class='ocr_carea' id='block_1_105' title="bbox 2177 3942 3761 4014">
    <p class='ocr_par' dir='ltr' id='par_1_105' title="bbox 2177 3942 3761 4014">
     <span class='ocr_line' id='line_1_107' title="bbox 2177 3942 3761 4014; baseline 0.006 -19"><span class='ocrx_word' id='word_1_845' title='bbox 2177 3954 2337 3995; x_wconf 88' lang='lat' dir='ltr'><strong>causa</strong></span> <span class='ocrx_word' id='word_1_846' title='bbox 2387 3955 2483 3995; x_wconf 89' lang='lat' dir='ltr'><strong>cur</strong></span> <span class='ocrx_word' id='word_1_847' title='bbox 2525 3956 2630 3996; x_wconf 93' lang='lat' dir='ltr'><strong>non</strong></span> <span class='ocrx_word' id='word_1_848' title='bbox 2665 3955 2852 3997; x_wconf 88' lang='lat' dir='ltr'><strong>omnes</strong></span> <span class='ocrx_word' id='word_1_849' title='bbox 2896 3942 3028 3996; x_wconf 90' lang='lat' dir='ltr'><strong>salvi</strong></span> <span class='ocrx_word' id='word_1_850' title='bbox 3063 3943 3223 4009; x_wconf 91' lang='lat' dir='ltr'><strong>fiant,</strong></span> <span class='ocrx_word' id='word_1_851' title='bbox 3267 3945 3577 4014; x_wconf 76' lang='lat' dir='ltr'><strong>responderi</strong></span> <span class='ocrx_word' id='word_1_852' title='bbox 3624 3946 3761 4004; x_wconf 84' lang='lat' dir='ltr'><strong>solet</strong></span> 
     </span>
    </p>
   </div>
   <div class='ocr_carea' id='block_1_106' title="bbox 2178 4030 3762 4105">
    <p class='ocr_par' dir='ltr' id='par_1_106' title="bbox 2178 4030 3762 4105">
     <span class='ocr_line' id='line_1_108' title="bbox 2178 4030 3762 4105; baseline 0.006 -19"><span class='ocrx_word' id='word_1_853' title='bbox 2178 4032 2301 4102; x_wconf 89' lang='lat' dir='ltr'><strong>quia</strong></span> <span class='ocrx_word' id='word_1_854' title='bbox 2337 4030 2440 4088; x_wconf 86' lang='lat' dir='ltr'><strong>hoc</strong></span> <span class='ocrx_word' id='word_1_855' title='bbox 2476 4032 2574 4103; x_wconf 86' lang='lat' dir='ltr'><strong>ipsi</strong></span> <span class='ocrx_word' id='word_1_856' title='bbox 2607 4033 2809 4087; x_wconf 90' lang='lat' dir='ltr'><strong>nolunt.</strong></span> <span class='ocrx_word' id='word_1_857' title='bbox 2854 4032 3006 4101; x_wconf 89' lang='lat' dir='ltr'><strong>Quod</strong></span> <span class='ocrx_word' id='word_1_858' title='bbox 3053 4033 3264 4103; x_wconf 91' lang='lat' dir='ltr'><strong>quidem</strong></span> <span class='ocrx_word' id='word_1_859' title='bbox 3296 4035 3398 4090; x_wconf 87' lang='lat' dir='ltr'><strong>dici</strong></span> <span class='ocrx_word' id='word_1_860' title='bbox 3423 4036 3490 4091; x_wconf 90' lang='lat' dir='ltr'><strong>de</strong></span> <span class='ocrx_word' id='word_1_861' title='bbox 3532 4039 3762 4105; x_wconf 86' lang='lat' dir='ltr'><strong>parvulis</strong></span> 
     </span>
    </p>
   </div>
   <div class='ocr_carea' id='block_1_107' title="bbox 2178 4124 3758 4195">
    <p class='ocr_par' dir='ltr' id='par_1_107' title="bbox 2178 4124 3758 4195">
     <span class='ocr_line' id='line_1_109' title="bbox 2178 4124 3758 4195; baseline 0.003 -16"><span class='ocrx_word' id='word_1_862' title='bbox 2178 4138 2287 4179; x_wconf 89' lang='lat' dir='ltr'><strong>non</strong></span> <span class='ocrx_word' id='word_1_863' title='bbox 2313 4132 2507 4195; x_wconf 82' lang='lat' dir='ltr'><strong>potest,</strong></span> <span class='ocrx_word' id='word_1_864' title='bbox 2531 4139 2754 4195; x_wconf 89' lang='lat' dir='ltr'><strong>quorum</strong></span> <span class='ocrx_word' id='word_1_865' title='bbox 2780 4124 3012 4179; x_wconf 91' lang='lat' dir='ltr'><strong>nondum</strong></span> <span class='ocrx_word' id='word_1_866' title='bbox 3036 4134 3118 4180; x_wconf 90' lang='lat' dir='ltr'><strong>est</strong></span> <span class='ocrx_word' id='word_1_867' title='bbox 3146 4127 3305 4191; x_wconf 82' lang='lat' dir='ltr'><strong>velle,</strong></span> <span class='ocrx_word' id='word_1_868' title='bbox 3328 4142 3420 4182; x_wconf 89' lang='lat' dir='ltr'><strong>seu</strong></span> <span class='ocrx_word' id='word_1_869' title='bbox 3445 4129 3603 4184; x_wconf 90' lang='lat' dir='ltr'><strong>nolle.</strong></span> <span class='ocrx_word' id='word_1_870' title='bbox 3629 4130 3758 4185; x_wconf 81' lang='lat' dir='ltr'><strong>Nam</strong></span> 
     </span>
    </p>
   </div>
   <div class='ocr_carea' id='block_1_108' title="bbox 2180 4215 3759 4285">
    <p class='ocr_par' dir='ltr' id='par_1_108' title="bbox 2180 4215 3759 4285">
     <span class='ocr_line' id='line_1_110' title="bbox 2180 4215 3759 4285; baseline 0.004 -17"><span class='ocrx_word' id='word_1_871' title='bbox 2180 4216 2320 4285; x_wconf 89' lang='lat' dir='ltr'><strong>quod</strong></span> <span class='ocrx_word' id='word_1_872' title='bbox 2361 4215 2585 4271; x_wconf 84' lang='lat' dir='ltr'><strong>infantili</strong></span> <span class='ocrx_word' id='word_1_873' title='bbox 2613 4215 2634 4249; x_wconf 87' lang='grc'><strong><em>⁸</em></strong></span> <span class='ocrx_word' id='word_1_874' title='bbox 2660 4226 2808 4272; x_wconf 86' lang='lat' dir='ltr'><strong>motu</strong></span> <span class='ocrx_word' id='word_1_875' title='bbox 2842 4215 3067 4283; x_wconf 85' lang='lat' dir='ltr'><strong>faciunt,</strong></span> <span class='ocrx_word' id='word_1_876' title='bbox 3100 4219 3142 4271; x_wconf 89' lang='lat' dir='ltr'><strong>si</strong></span> <span class='ocrx_word' id='word_1_877' title='bbox 3172 4233 3357 4273; x_wconf 89' lang='lat' dir='ltr'><strong>eorum</strong></span> <span class='ocrx_word' id='word_1_878' title='bbox 3393 4219 3643 4275; x_wconf 86' lang='lat' dir='ltr'><strong>voluntati</strong></span> <span class='ocrx_word' id='word_1_879' title='bbox 3668 4223 3759 4284; x_wconf 81' lang='lat' dir='ltr'><strong>ju-</strong></span> 
     </span>
    </p>
   </div>
   <div class='ocr_carea' id='block_1_109' title="bbox 2179 4306 3758 4381">
    <p class='ocr_par' dir='ltr' id='par_1_109' title="bbox 2179 4306 3758 4381">
     <span class='ocr_line' id='line_1_111' title="bbox 2179 4306 3758 4381; baseline 0.002 -18"><span class='ocrx_word' id='word_1_880' title='bbox 2179 4306 2445 4364; x_wconf 86' lang='lat' dir='ltr'><strong>dicaretur</strong></span> <span class='ocrx_word' id='word_1_881' title='bbox 2469 4325 2587 4365; x_wconf 89' lang='lat' dir='ltr'><strong>esse</strong></span> <span class='ocrx_word' id='word_1_882' title='bbox 2618 4310 2989 4376; x_wconf 87' lang='lat' dir='ltr'><strong>tribuendum,</strong></span> <span class='ocrx_word' id='word_1_883' title='bbox 3023 4310 3234 4381; x_wconf 89' lang='lat' dir='ltr'><strong>quando</strong></span> <span class='ocrx_word' id='word_1_884' title='bbox 3266 4312 3609 4381; x_wconf 81' lang='lat' dir='ltr'><strong>baptizantur,</strong></span> <span class='ocrx_word' id='word_1_885' title='bbox 3640 4329 3758 4368; x_wconf 81' lang='lat' dir='ltr'><strong>cum</strong></span> 
     </span>
    </p>
   </div>
   <div class='ocr_carea' id='block_1_110' title="bbox 2181 4398 3756 4469">
    <p class='ocr_par' dir='ltr' id='par_1_110' title="bbox 2181 4398 3756 4469">
     <span class='ocr_line' id='line_1_112' title="bbox 2181 4398 3756 4469; baseline 0.004 -16"><span class='ocrx_word' id='word_1_886' title='bbox 2181 4398 2435 4453; x_wconf 86' lang='lat' dir='ltr'><strong>resistunt</strong></span> <span class='ocrx_word' id='word_1_887' title='bbox 2460 4408 2715 4468; x_wconf 86' lang='lat' dir='ltr'><strong>quantum</strong></span> <span class='ocrx_word' id='word_1_888' title='bbox 2741 4410 2980 4469; x_wconf 88' lang='lat' dir='ltr'><strong>possunt,</strong></span> <span class='ocrx_word' id='word_1_889' title='bbox 3010 4399 3168 4455; x_wconf 89' lang='lat' dir='ltr'><strong>etiam</strong></span> <span class='ocrx_word' id='word_1_890' title='bbox 3202 4402 3441 4456; x_wconf 84' lang='lat' dir='ltr'><strong>nolentes</strong></span> <span class='ocrx_word' id='word_1_891' title='bbox 3465 4416 3557 4457; x_wconf 90' lang='lat' dir='ltr'><strong>eos</strong></span> <span class='ocrx_word' id='word_1_892' title='bbox 3577 4403 3756 4459; x_wconf 87' lang='lat' dir='ltr'><strong>salvos</strong></span> 
     </span>
    </p>
   </div>
   <div class='ocr_carea' id='block_1_111' title="bbox 2184 4490 3760 4565">
    <p class='ocr_par' dir='ltr' id='par_1_111' title="bbox 2184 4490 3760 4565">
     <span class='ocr_line' id='line_1_113' title="bbox 2184 4490 3760 4565; baseline 0.003 -20"><span class='ocrx_word' id='word_1_893' title='bbox 2184 4491 2295 4545; x_wconf 83' lang='lat' dir='ltr'><strong>lleri</strong></span> <span class='ocrx_word' id='word_1_894' title='bbox 2322 4490 2641 4546; x_wconf 88' lang='lat' dir='ltr'><strong>diceremus.</strong></span> <span class='ocrx_word' id='word_1_895' title='bbox 2673 4490 2778 4547; x_wconf 82' lang='lat' dir='ltr'><strong>Sed</strong></span> <span class='ocrx_word' id='word_1_896' title='bbox 2816 4493 3053 4563; x_wconf 83' lang='lat' dir='ltr'><strong>apertius</strong></span> <span class='ocrx_word' id='word_1_897' title='bbox 3094 4493 3345 4546; x_wconf 89' lang='lat' dir='ltr'><strong>Dominus</strong></span> <span class='ocrx_word' id='word_1_898' title='bbox 3384 4492 3436 4546; x_wconf 91' lang='lat' dir='ltr'><strong>in</strong></span> <span class='ocrx_word' id='word_1_899' title='bbox 3467 4492 3760 4565; x_wconf 79' lang='lat' dir='ltr'><strong>Evangelia</strong></span> 
     </span>
    </p>
   </div>
   <div class='ocr_carea' id='block_1_112' title="bbox 2182 4582 3763 4653">
    <p class='ocr_par' dir='ltr' id='par_1_112' title="bbox 2182 4582 3763 4653">
     <span class='ocr_line' id='line_1_114' title="bbox 2182 4582 3763 4653; baseline 0.002 -16"><span class='ocrx_word' id='word_1_900' title='bbox 2182 4582 2506 4652; x_wconf 88' lang='lat' dir='ltr'><strong>compellans</strong></span> <span class='ocrx_word' id='word_1_901' title='bbox 2536 4582 2750 4651; x_wconf 90' lang='lat' dir='ltr'><strong>impiam</strong></span> <span class='ocrx_word' id='word_1_902' title='bbox 2779 4584 3046 4638; x_wconf 84' lang='lat' dir='ltr'><strong>civitatem</strong></span> <span class='ocrx_word' id='word_1_903' title='bbox 3070 4624 3083 4645; x_wconf 92' lang='lat'><strong>,</strong></span> <span class='ocrx_word' id='word_1_904' title='bbox 3118 4583 3326 4648; x_wconf 83' lang='lat' dir='ltr'><strong>Quoties</strong></span> <span class='ocrx_word' id='word_1_905' title='bbox 3350 4625 3364 4650; x_wconf 91' lang='lat'><strong>,</strong></span> <span class='ocrx_word' id='word_1_906' title='bbox 3395 4583 3565 4653; x_wconf 83' lang='lat' dir='ltr'><strong>inquit</strong></span> <span class='ocrx_word' id='word_1_907' title='bbox 3590 4626 3602 4646; x_wconf 87' lang='lat'><strong>,</strong></span> <span class='ocrx_word' id='word_1_908' title='bbox 3627 4586 3763 4640; x_wconf 84' lang='lat' dir='ltr'><strong>volui</strong></span> 
     </span>
    </p>
   </div>
   <div class='ocr_carea' id='block_1_113' title="bbox 2181 4689 3764 4754">
    <p class='ocr_par' dir='ltr' id='par_1_113' title="bbox 2181 4689 3764 4754">
     <span class='ocr_line' id='line_1_115' title="bbox 2181 4689 3764 4754; baseline 0 -11"><span class='ocrx_word' id='word_1_909' title='bbox 2181 4704 2388 4754; x_wconf 80' lang='lat' dir='ltr'><strong>eumque</strong></span> <span class='ocrx_word' id='word_1_910' title='bbox 2421 4689 2516 4741; x_wconf 88' lang='lat' dir='ltr'><strong>illis</strong></span> <span class='ocrx_word' id='word_1_911' title='bbox 2548 4693 2841 4754; x_wconf 86' lang='lat' dir='ltr'><strong>conveniunt</strong></span> <span class='ocrx_word' id='word_1_912' title='bbox 2876 4692 2925 4741; x_wconf 87' lang='lat' dir='ltr'><strong>hi</strong></span> <span class='ocrx_word' id='word_1_913' title='bbox 2947 4693 3309 4754; x_wconf 85' lang='lat' dir='ltr'><strong>subsequentes</strong></span> <span class='ocrx_word' id='word_1_914' title='bbox 3342 4690 3567 4743; x_wconf 85' lang='lat' dir='ltr'><strong>undecim</strong></span> <span class='ocrx_word' id='word_1_915' title='bbox 3600 4706 3764 4743; x_wconf 84' lang='lat' dir='ltr'><strong>manu-</strong></span> 
     </span>
    </p>
   </div>
   <div class='ocr_carea' id='block_1_114' title="bbox 2184 4753 3766 4818">
    <p class='ocr_par' dir='ltr' id='par_1_114' title="bbox 2184 4753 3766 4818">
     <span class='ocr_line' id='line_1_116' title="bbox 2184 4753 3766 4818; baseline 0.002 -15"><span class='ocrx_word' id='word_1_916' title='bbox 2184 4753 2375 4815; x_wconf 77' lang='lat' dir='ltr'><strong>scripti,</strong></span> <span class='ocrx_word' id='word_1_917' title='bbox 2404 4766 2533 4818; x_wconf 82' lang='lat' dir='ltr'><strong>unus</strong></span> <span class='ocrx_word' id='word_1_918' title='bbox 2566 4761 2618 4803; x_wconf 89' lang='lat' dir='ltr'><strong>et</strong></span> <span class='ocrx_word' id='word_1_919' title='bbox 2652 4753 2780 4803; x_wconf 86' lang='lat' dir='ltr'><strong>alter</strong></span> <span class='ocrx_word' id='word_1_920' title='bbox 2821 4756 3100 4818; x_wconf 64' lang='lat' dir='ltr'><strong>Vaticanus,</strong></span> <span class='ocrx_word' id='word_1_921' title='bbox 3118 4753 3388 4818; x_wconf 35' lang='lat' dir='ltr'><strong>’Colbertini</strong></span> <span class='ocrx_word' id='word_1_922' title='bbox 3428 4763 3545 4813; x_wconf 81' lang='lat' dir='ltr'><strong>tres,</strong></span> <span class='ocrx_word' id='word_1_923' title='bbox 3591 4755 3766 4818; x_wconf 70' lang='lat' dir='ltr'><strong>Regius</strong></span> 
     </span>
    </p>
   </div>
   <div class='ocr_carea' id='block_1_115' title="bbox 2181 4814 3765 4877">
    <p class='ocr_par' dir='ltr' id='par_1_115' title="bbox 2181 4814 3765 4877">
     <span class='ocr_line' id='line_1_117' title="bbox 2181 4814 3765 4877; baseline 0.003 -13"><span class='ocrx_word' id='word_1_924' title='bbox 2181 4814 2323 4873; x_wconf 84' lang='lat' dir='ltr'><strong>unus,</strong></span> <span class='ocrx_word' id='word_1_925' title='bbox 2351 4817 2533 4864; x_wconf 75' lang='lat' dir='ltr'><strong>Antonii</strong></span> <span class='ocrx_word' id='word_1_926' title='bbox 2558 4820 2705 4864; x_wconf 81' lang='lat' dir='ltr'><strong>Faure</strong></span> <span class='ocrx_word' id='word_1_927' title='bbox 2724 4816 2937 4865; x_wconf 87' lang='lat' dir='ltr'><strong>Doctoris</strong></span> <span class='ocrx_word' id='word_1_928' title='bbox 2958 4814 3187 4877; x_wconf 82' lang='lat' dir='ltr'><strong>&#39;I‘heologi</strong></span> <span class='ocrx_word' id='word_1_929' title='bbox 3210 4814 3462 4866; x_wconf 82' lang='lat' dir='ltr'><strong>Facultatis</strong></span> <span class='ocrx_word' id='word_1_930' title='bbox 3484 4814 3765 4869; x_wconf 64' lang='lat' dir='ltr'><strong>t’arisiensis</strong></span> 
     </span>
    </p>
   </div>
   <div class='ocr_carea' id='block_1_116' title="bbox 2181 4877 3762 4936">
    <p class='ocr_par' dir='ltr' id='par_1_116' title="bbox 2181 4877 3762 4936">
     <span class='ocr_line' id='line_1_118' title="bbox 2181 4877 3762 4936; baseline 0.003 -12"><span class='ocrx_word' id='word_1_931' title='bbox 2181 4889 2325 4932; x_wconf 81' lang='lat' dir='ltr'><strong>unus,</strong></span> <span class='ocrx_word' id='word_1_932' title='bbox 2350 4877 2466 4926; x_wconf 89' lang='lat' dir='ltr'><strong>item</strong></span> <span class='ocrx_word' id='word_1_933' title='bbox 2480 4877 2786 4936; x_wconf 80' lang='lat' dir='ltr'><strong>Soruonicus,</strong></span> <span class='ocrx_word' id='word_1_934' title='bbox 2807 4877 3095 4936; x_wconf 69' lang='lat' dir='ltr'><strong>Victorinus,</strong></span> <span class='ocrx_word' id='word_1_935' title='bbox 3113 4880 3503 4928; x_wconf 81' lang='lat' dir='ltr'><strong>Carcassonensis</strong></span> <span class='ocrx_word' id='word_1_936' title='bbox 3525 4884 3577 4928; x_wconf 82' lang='lat' dir='ltr'><strong>ct</strong></span> <span class='ocrx_word' id='word_1_937' title='bbox 3594 4886 3762 4928; x_wconf 81' lang='lat' dir='ltr'><strong>lento-</strong></span> 
     </span>
    </p>
   </div>
   <div class='ocr_carea' id='block_1_117' title="bbox 2182 4937 3763 5001">
    <p class='ocr_par' dir='ltr' id='par_1_117' title="bbox 2182 4937 3763 5001">
     <span class='ocr_line' id='line_1_119' title="bbox 2182 4937 3763 5001; baseline 0.002 -14"><span class='ocrx_word' id='word_1_938' title='bbox 2182 4937 2407 5001; x_wconf 82' lang='lat' dir='ltr'><strong>vicensis</strong></span> <span class='ocrx_word' id='word_1_939' title='bbox 2426 4949 2553 5001; x_wconf 79' lang='lat' dir='ltr'><strong>unus</strong></span> <span class='ocrx_word' id='word_1_940' title='bbox 2577 4952 2588 4985; x_wconf 89' lang='lat'>:</span> <span class='ocrx_word' id='word_1_941' title='bbox 2616 4951 2890 5001; x_wconf 79' lang='lat' dir='ltr'><strong>quanquam</strong></span> <span class='ocrx_word' id='word_1_942' title='bbox 2912 4940 2963 4987; x_wconf 86' lang='lat' dir='ltr'><strong>in</strong></span> <span class='ocrx_word' id='word_1_943' title='bbox 2981 4939 3071 4989; x_wconf 86' lang='lat' dir='ltr'><strong>isto</strong></span> <span class='ocrx_word' id='word_1_944' title='bbox 3100 4940 3427 4989; x_wconf 79' lang='lat' dir='ltr'><strong>Lemoviccnsi</strong></span> <span class='ocrx_word' id='word_1_945' title='bbox 3446 4974 3460 4993; x_wconf 94' lang='lat'><strong>.</strong></span> <span class='ocrx_word' id='word_1_946' title='bbox 3484 4944 3534 4990; x_wconf 90' lang='lat' dir='ltr'><strong>in</strong></span> <span class='ocrx_word' id='word_1_947' title='bbox 3568 4938 3661 4988; x_wconf 86' lang='lat' dir='ltr'><strong>alio</strong></span> <span class='ocrx_word' id='word_1_948' title='bbox 3697 4953 3763 4990; x_wconf 78' lang='lat' dir='ltr'><strong>ex</strong></span> 
     </span>
    </p>
   </div>
   <div class='ocr_carea' id='block_1_118' title="bbox 2182 4998 3766 5063">
    <p class='ocr_par' dir='ltr' id='par_1_118' title="bbox 2182 4998 3766 5063">
     <span class='ocr_line' id='line_1_120' title="bbox 2182 4998 3766 5063; baseline 0.004 -16"><span class='ocrx_word' id='word_1_949' title='bbox 2182 4998 2439 5063; x_wconf 80' lang='lat' dir='ltr'><strong>recensitis</strong></span> <span class='ocrx_word' id='word_1_950' title='bbox 2458 4998 2937 5063; x_wconf 53' lang='lat' dir='ltr'><strong>miliertinis,&#39;iuque</strong></span> <span class='ocrx_word' id='word_1_951' title='bbox 2959 5014 3057 5049; x_wconf 91' lang='lat' dir='ltr'><strong>uno</strong></span> <span class='ocrx_word' id='word_1_952' title='bbox 3080 5003 3403 5063; x_wconf 53' lang='lat' dir='ltr'><strong>ext‘atieanis</strong></span> <span class='ocrx_word' id='word_1_953' title='bbox 3418 5001 3635 5063; x_wconf 67' lang='lat' dir='ltr'><strong>jllgUiJlﬂ</strong></span> <span class='ocrx_word' id='word_1_954' title='bbox 3662 5002 3766 5053; x_wconf 66' lang='grc' dir='ltr'><strong>ιὶιυο</strong></span> 
     </span>
    </p>
   </div>
   <div class='ocr_carea' id='block_1_119' title="bbox 2182 5058 3766 5123">
    <p class='ocr_par' dir='ltr' id='par_1_119' title="bbox 2182 5058 3766 5123">
     <span class='ocr_line' id='line_1_121' title="bbox 2182 5058 3766 5123; baseline 0.003 -15"><span class='ocrx_word' id='word_1_955' title='bbox 2182 5067 2253 5123; x_wconf 78' lang='lat' dir='ltr'><strong>rat</strong></span> <span class='ocrx_word' id='word_1_956' title='bbox 2270 5059 2437 5123; x_wconf 87' lang='lat' dir='ltr'><strong>littera</strong></span> <span class='ocrx_word' id='word_1_957' title='bbox 2455 5058 2731 5121; x_wconf 76' lang='lat' dir='ltr'><strong>penultima,</strong></span> <span class='ocrx_word' id='word_1_958' title='bbox 2748 5067 2801 5110; x_wconf 92' lang='lat' dir='ltr'><strong>ut</strong></span> <span class='ocrx_word' id='word_1_959' title='bbox 2817 5058 3072 5123; x_wconf 71' lang='lat' dir='ltr'><strong>legeretur</strong></span> <span class='ocrx_word' id='word_1_960' title='bbox 3094 5061 3246 5112; x_wconf 83' lang='lat' dir='ltr'><strong>uellet.</strong></span> <span class='ocrx_word' id='word_1_961' title='bbox 3274 5058 3591 5110; x_wconf 47' lang='lat' dir='ltr'><strong>Lovan&#39;ienses</strong></span> <span class='ocrx_word' id='word_1_962' title='bbox 3606 5064 3766 5112; x_wconf 62' lang='grc' dir='ltr'><strong>’Πιθο-</strong></span> 
     </span>
    </p>
   </div>
   <div class='ocr_carea' id='block_1_120' title="bbox 2182 5117 3768 5185">
    <p class='ocr_par' dir='ltr' id='par_1_120' title="bbox 2182 5117 3768 5185">
     <span class='ocr_line' id='line_1_122' title="bbox 2182 5117 3768 5185; baseline 0.002 -15"><span class='ocrx_word' id='word_1_963' title='bbox 2182 5117 2281 5185; x_wconf 78' lang='lat' dir='ltr'><strong>logi</strong></span> <span class='ocrx_word' id='word_1_964' title='bbox 2300 5122 2353 5170; x_wconf 88' lang='lat' dir='ltr'><strong>in</strong></span> <span class='ocrx_word' id='word_1_965' title='bbox 2374 5117 2465 5170; x_wconf 75' lang='lat' dir='ltr'><strong>sua</strong></span> <span class='ocrx_word' id='word_1_966' title='bbox 2494 5117 2983 5185; x_wconf 18' lang='lat' dir='ltr'><strong>Opermn&#39;ttugustiui,</strong></span> <span class='ocrx_word' id='word_1_967' title='bbox 3000 5124 3214 5173; x_wconf 81' lang='lat' dir='ltr'><strong>editione</strong></span> <span class='ocrx_word' id='word_1_968' title='bbox 3235 5124 3531 5185; x_wconf 73' lang='lat' dir='ltr'><strong>scripserunt</strong></span> <span class='ocrx_word' id='word_1_969' title='bbox 3561 5123 3619 5170; x_wconf 89' lang='lat' dir='ltr'><strong>ad</strong></span> <span class='ocrx_word' id='word_1_970' title='bbox 3641 5138 3768 5173; x_wconf 87' lang='lat' dir='ltr'><strong>mar-</strong></span> 
     </span>
    </p>
   </div>
   <div class='ocr_carea' id='block_1_121' title="bbox 2181 5182 3766 5247">
    <p class='ocr_par' dir='ltr' id='par_1_121' title="bbox 2181 5182 3766 5247">
     <span class='ocr_line' id='line_1_123' title="bbox 2181 5182 3766 5247; baseline 0.001 -15"><span class='ocrx_word' id='word_1_971' title='bbox 2181 5182 2433 5247; x_wconf 21' lang='lat' dir='ltr'><strong>giuetnhs</strong></span> <span class='ocrx_word' id='word_1_972' title='bbox 2455 5182 2592 5234; x_wconf 77' lang='lat' dir='ltr'><strong>Forte</strong></span> <span class='ocrx_word' id='word_1_973' title='bbox 2612 5219 2627 5244; x_wconf 90' lang='lat'><strong>,</strong></span> <span class='ocrx_word' id='word_1_974' title='bbox 2645 5182 2838 5247; x_wconf 47' lang='lat' dir='ltr'><strong>velletis</strong></span> <span class='ocrx_word' id='word_1_975' title='bbox 2868 5186 2940 5235; x_wconf 84' lang='lat' dir='ltr'><strong>sic</strong></span> <span class='ocrx_word' id='word_1_976' title='bbox 2973 5184 3239 5247; x_wconf 81' lang='lat' dir='ltr'><strong>legendum</strong></span> <span class='ocrx_word' id='word_1_977' title='bbox 3258 5182 3603 5247; x_wconf 35' lang='lat' dir='ltr'><strong>‘ineunetanter</strong></span> <span class='ocrx_word' id='word_1_978' title='bbox 3635 5185 3766 5234; x_wconf 85' lang='lat' dir='ltr'><strong>aliir-</strong></span> 
     </span>
    </p>
   </div>
   <div class='ocr_carea' id='block_1_122' title="bbox 2183 5242 3765 5306">
    <p class='ocr_par' dir='ltr' id='par_1_122' title="bbox 2183 5242 3765 5306">
     <span class='ocr_line' id='line_1_124' title="bbox 2183 5242 3765 5306; baseline 0.003 -13"><span class='ocrx_word' id='word_1_979' title='bbox 2183 5242 2279 5295; x_wconf 70' lang='lat' dir='ltr'><strong>t&#39;nat</strong></span> <span class='ocrx_word' id='word_1_980' title='bbox 2300 5243 2578 5295; x_wconf 86' lang='lat' dir='ltr'><strong>Guilleimus</strong></span> <span class='ocrx_word' id='word_1_981' title='bbox 2599 5242 2753 5295; x_wconf 78' lang='lat' dir='ltr'><strong>Estius</strong></span> <span class='ocrx_word' id='word_1_982' title='bbox 2774 5246 2825 5294; x_wconf 88' lang='lat' dir='ltr'><strong>in</strong></span> <span class='ocrx_word' id='word_1_983' title='bbox 2859 5252 2989 5295; x_wconf 83' lang='lat' dir='ltr'><strong>Sent.</strong></span> <span class='ocrx_word' id='word_1_984' title='bbox 3019 5242 3051 5293; x_wconf 72' lang='grc' dir='ltr'>Ι</span> <span class='ocrx_word' id='word_1_985' title='bbox 3062 5280 3077 5304; x_wconf 87' lang='grc'><em>,</em></span> <span class='ocrx_word' id='word_1_986' title='bbox 3100 5245 3210 5295; x_wconf 87' lang='lat' dir='ltr'><strong>dist.</strong></span> <span class='ocrx_word' id='word_1_987' title='bbox 3245 5242 3323 5302; x_wconf 65' lang='grc' dir='ltr'><strong>ιϐ,</strong></span> <span class='ocrx_word' id='word_1_988' title='bbox 3352 5255 3516 5306; x_wconf 84' lang='lat' dir='ltr'><strong>parag.</strong></span> <span class='ocrx_word' id='word_1_989' title='bbox 3537 5242 3594 5306; x_wconf 82' lang='lat'><strong>2;</strong></span> <span class='ocrx_word' id='word_1_990' title='bbox 3620 5258 3676 5296; x_wconf 89' lang='lat' dir='ltr'><strong>ac</strong></span> <span class='ocrx_word' id='word_1_991' title='bbox 3693 5247 3765 5297; x_wconf 89' lang='lat' dir='ltr'><strong>sic</strong></span> 
     </span>
    </p>
   </div>
   <div class='ocr_carea' id='block_1_123' title="bbox 2181 5306 3766 5370">
    <p class='ocr_par' dir='ltr' id='par_1_123' title="bbox 2181 5306 3766 5370">
     <span class='ocr_line' id='line_1_125' title="bbox 2181 5306 3766 5370; baseline 0.003 -16"><span class='ocrx_word' id='word_1_992' title='bbox 2181 5309 2343 5368; x_wconf 73' lang='lat' dir='ltr'><strong>reipsa</strong></span> <span class='ocrx_word' id='word_1_993' title='bbox 2362 5306 2483 5370; x_wconf 80' lang='lat' dir='ltr'><strong>legit</strong></span> <span class='ocrx_word' id='word_1_994' title='bbox 2506 5314 2674 5357; x_wconf 87' lang='lat' dir='ltr'><strong>Petrus</strong></span> <span class='ocrx_word' id='word_1_995' title='bbox 2694 5306 2982 5355; x_wconf 82' lang='lat' dir='ltr'><strong>Lombardus</strong></span> <span class='ocrx_word' id='word_1_996' title='bbox 3008 5308 3058 5355; x_wconf 90' lang='lat' dir='ltr'><strong>in</strong></span> <span class='ocrx_word' id='word_1_997' title='bbox 3080 5314 3211 5356; x_wconf 81' lang='lat' dir='ltr'><strong>Sent.</strong></span> <span class='ocrx_word' id='word_1_998' title='bbox 3242 5307 3286 5365; x_wconf 86' lang='lat' dir='ltr'><strong>i,</strong></span> <span class='ocrx_word' id='word_1_999' title='bbox 3308 5306 3421 5355; x_wconf 86' lang='lat' dir='ltr'><strong>dist.</strong></span> <span class='ocrx_word' id='word_1_1000' title='bbox 3447 5306 3523 5367; x_wconf 70' lang='lat'><strong>43,</strong></span> <span class='ocrx_word' id='word_1_1001' title='bbox 3545 5320 3651 5370; x_wconf 85' lang='lat' dir='ltr'><strong>cap.</strong></span> <span class='ocrx_word' id='word_1_1002' title='bbox 3680 5307 3766 5359; x_wconf 69' lang='lat' dir='ltr'><strong>Itis</strong></span> 
     </span>
    </p>
   </div>
   <div class='ocr_carea' id='block_1_124' title="bbox 2182 5375 2355 5417">
    <p class='ocr_par' dir='ltr' id='par_1_124' title="bbox 2182 5375 2355 5417">
     <span class='ocr_line' id='line_1_126' title="bbox 2182 5375 2355 5417; baseline 0.006 -1"><span class='ocrx_word' id='word_1_1003' title='bbox 2182 5375 2355 5417; x_wconf 83' lang='lat' dir='ltr'><strong>autent.</strong></span> 
     </span>
    </p>
   </div>
   <div class='ocr_carea' id='block_1_125' title="bbox 2248 5425 3766 5487">
    <p class='ocr_par' dir='ltr' id='par_1_125' title="bbox 2248 5425 3766 5487">
     <span class='ocr_line' id='line_1_127' title="bbox 2248 5425 3766 5487; baseline 0.003 -9"><span class='ocrx_word' id='word_1_1004' title='bbox 2248 5432 2264 5462; x_wconf 79' lang='grc' dir='ltr'><strong>ι</strong></span> <span class='ocrx_word' id='word_1_1005' title='bbox 2300 5436 2376 5481; x_wconf 80' lang='lat' dir='ltr'><strong>Er.</strong></span> <span class='ocrx_word' id='word_1_1006' title='bbox 2396 5437 2506 5479; x_wconf 67' lang='lat' dir='ltr'><strong>nov.</strong></span> <span class='ocrx_word' id='word_1_1007' title='bbox 2535 5438 2587 5479; x_wconf 86' lang='lat' dir='ltr'><strong>et</strong></span> <span class='ocrx_word' id='word_1_1008' title='bbox 2610 5439 2719 5479; x_wconf 79' lang='lat' dir='ltr'><strong>Arn.</strong></span> <span class='ocrx_word' id='word_1_1009' title='bbox 2735 5429 2980 5487; x_wconf 72' lang='lat' dir='ltr'><strong>omittunt,</strong></span> <span class='ocrx_word' id='word_1_1010' title='bbox 3002 5427 3055 5478; x_wconf 77' lang='lat' dir='ltr'><strong>in</strong></span> <span class='ocrx_word' id='word_1_1011' title='bbox 3069 5425 3190 5477; x_wconf 67' lang='lat' dir='ltr'><strong>mlo</strong></span> <span class='ocrx_word' id='word_1_1012' title='bbox 3211 5441 3421 5479; x_wconf 67' lang='lat' dir='ltr'><strong>surum.</strong></span> <span class='ocrx_word' id='word_1_1013' title='bbox 3440 5430 3629 5481; x_wconf 79' lang='lat' dir='ltr'><strong>Habent</strong></span> <span class='ocrx_word' id='word_1_1014' title='bbox 3646 5431 3766 5483; x_wconf 85' lang='lat' dir='ltr'><strong>editi</strong></span> 
     </span>
    </p>
   </div>
   <div class='ocr_carea' id='block_1_126' title="bbox 2182 5489 3218 5542">
    <p class='ocr_par' dir='ltr' id='par_1_126' title="bbox 2182 5489 3218 5542">
     <span class='ocr_line' id='line_1_128' title="bbox 2182 5489 3218 5542; baseline -0.004 -1"><span class='ocrx_word' id='word_1_1015' title='bbox 2182 5491 2259 5541; x_wconf 84' lang='lat' dir='ltr'><strong>alii</strong></span> <span class='ocrx_word' id='word_1_1016' title='bbox 2285 5500 2335 5541; x_wconf 83' lang='lat' dir='ltr'><strong>et</strong></span> <span class='ocrx_word' id='word_1_1017' title='bbox 2358 5500 2463 5542; x_wconf 76' lang='lat' dir='ltr'><strong>Mss.</strong></span> <span class='ocrx_word' id='word_1_1018' title='bbox 2490 5493 2566 5541; x_wconf 89' lang='lat' dir='ltr'><strong>hic</strong></span> <span class='ocrx_word' id='word_1_1019' title='bbox 2589 5501 2639 5542; x_wconf 90' lang='lat' dir='ltr'><strong>et</strong></span> <span class='ocrx_word' id='word_1_1020' title='bbox 2658 5493 2704 5539; x_wconf 92' lang='lat' dir='ltr'><strong>in</strong></span> <span class='ocrx_word' id='word_1_1021' title='bbox 2722 5497 2880 5538; x_wconf 82' lang='lat' dir='ltr'><strong>Enarr.</strong></span> <span class='ocrx_word' id='word_1_1022' title='bbox 2900 5491 2949 5538; x_wconf 90' lang='lat' dir='ltr'><strong>in</strong></span> <span class='ocrx_word' id='word_1_1023' title='bbox 2972 5489 3090 5538; x_wconf 72' lang='lat' dir='ltr'><strong>l’s‘ai.</strong></span> <span class='ocrx_word' id='word_1_1024' title='bbox 3114 5489 3218 5539; x_wconf 79' lang='lat' dir='ltr'><strong>H5.</strong></span> 
     </span>
    </p>
   </div>
   <div class='ocr_carea' id='block_1_127' title="bbox 2247 5549 3764 5616">
    <p class='ocr_par' dir='ltr' id='par_1_127' title="bbox 2247 5549 3764 5616">
     <span class='ocr_line' id='line_1_129' title="bbox 2247 5549 3764 5616; baseline 0.001 -15"><span class='ocrx_word' id='word_1_1025' title='bbox 2247 5560 2265 5585; x_wconf 69' lang='grc'>³</span> <span class='ocrx_word' id='word_1_1026' title='bbox 2299 5554 2414 5603; x_wconf 79' lang='lat' dir='ltr'><strong>Fditi</strong></span> <span class='ocrx_word' id='word_1_1027' title='bbox 2431 5590 2443 5611; x_wconf 87' lang='lat'><strong>,</strong></span> <span class='ocrx_word' id='word_1_1028' title='bbox 2490 5560 2665 5603; x_wconf 67' lang='grc' dir='ltr'><strong>ηοω-α’</strong></span> <span class='ocrx_word' id='word_1_1029' title='bbox 2707 5549 2825 5616; x_wconf 74' lang='lat' dir='ltr'><strong>fidei</strong></span> <span class='ocrx_word' id='word_1_1030' title='bbox 2879 5550 3211 5616; x_wconf 63' lang='lat' dir='ltr'><strong>(fon/essimis.</strong></span> <span class='ocrx_word' id='word_1_1031' title='bbox 3239 5553 3385 5602; x_wconf 80' lang='lat' dir='ltr'><strong>Abest</strong></span> <span class='ocrx_word' id='word_1_1032' title='bbox 3409 5587 3423 5611; x_wconf 87' lang='lat'><strong>,</strong></span> <span class='ocrx_word' id='word_1_1033' title='bbox 3447 5550 3584 5616; x_wconf 69' lang='lat' dir='ltr'><strong>ﬁdei,</strong></span> <span class='ocrx_word' id='word_1_1034' title='bbox 3605 5565 3633 5601; x_wconf 78' lang='grc' dir='ltr'><strong>ιι</strong></span> <span class='ocrx_word' id='word_1_1035' title='bbox 3652 5559 3764 5616; x_wconf 64' lang='grc' dir='ltr'><strong>μοι.</strong></span> 
     </span>
    </p>
   </div>
   <div class='ocr_carea' id='block_1_128' title="bbox 2182 5613 3767 5741">
    <p class='ocr_par' dir='ltr' id='par_1_128' title="bbox 2182 5613 3767 5741">
     <span class='ocr_line' id='line_1_130' title="bbox 2182 5613 3767 5725; baseline 0.001 -61"><span class='ocrx_word' id='word_1_1036' title='bbox 2182 5623 2229 5664; x_wconf 75' lang='lat' dir='ltr'><strong>Et</strong></span> <span class='ocrx_word' id='word_1_1037' title='bbox 2351 5619 2519 5725; x_wconf 59' lang='lat' dir='ltr'><strong>ll-ass‘im</strong></span> <span class='ocrx_word' id='word_1_1038' title='bbox 2544 5613 2823 5676; x_wconf 50' lang='lat' dir='ltr'><strong>iustumne</strong></span> <span class='ocrx_word' id='word_1_1039' title='bbox 2857 5613 3021 5662; x_wconf 84' lang='lat' dir='ltr'><strong>addito</strong></span> <span class='ocrx_word' id='word_1_1040' title='bbox 3045 5622 3123 5663; x_wconf 79' lang='lat' dir='ltr'><strong>est</strong></span> <span class='ocrx_word' id='word_1_1041' title='bbox 3152 5628 3264 5673; x_wconf 81' lang='lat' dir='ltr'><strong>vox,</strong></span> <span class='ocrx_word' id='word_1_1042' title='bbox 3288 5613 3602 5678; x_wconf 67' lang='lat' dir='ltr'><strong>confessionis</strong></span> <span class='ocrx_word' id='word_1_1043' title='bbox 3618 5651 3634 5676; x_wconf 86' lang='lat'><strong>,</strong></span> <span class='ocrx_word' id='word_1_1044' title='bbox 3658 5613 3767 5666; x_wconf 84' lang='lat' dir='ltr'><strong>loco</strong></span> 
     </span>
     <span class='ocr_line' id='line_1_131' title="bbox 2184 5688 3685 5741; baseline 0.002 -15"><span class='ocrx_word' id='word_1_1045' title='bbox 2184 5688 2288 5741; x_wconf 56' lang='lat' dir='ltr'><strong>Syttt</strong></span> <span class='ocrx_word' id='word_1_1046' title='bbox 2325 5695 2406 5725; x_wconf 83' lang='lat' dir='ltr'><strong>Ui.</strong></span> <span class='ocrx_word' id='word_1_1047' title='bbox 2854 5734 2885 5741; x_wconf 82' lang='lat'><strong>__</strong></span> <span class='ocrx_word' id='word_1_1048' title='bbox 3612 5736 3624 5741; x_wconf 86' lang='lat'>_</span> <span class='ocrx_word' id='word_1_1049' title='bbox 3670 5737 3685 5741; x_wconf 31' lang='grc' dir='ltr'><strong>Δ</strong></span> 
     </span>
    </p>
   </div>
   <div class='ocr_carea' id='block_1_129' title="bbox 2186 5734 3767 5852">
    <p class='ocr_par' dir='ltr' id='par_1_129' title="bbox 2186 5734 3767 5852">
     <span class='ocr_line' id='line_1_132' title="bbox 2186 5734 3767 5852; baseline 0.002 -65"><span class='ocrx_word' id='word_1_1050' title='bbox 2186 5734 2270 5852; x_wconf 51' lang='grc' dir='ltr'><strong>’⁷ιῆ</strong></span> <span class='ocrx_word' id='word_1_1051' title='bbox 2300 5742 2369 5788; x_wconf 65' lang='lat' dir='ltr'><strong>sic</strong></span> <span class='ocrx_word' id='word_1_1052' title='bbox 2387 5748 2485 5787; x_wconf 80' lang='lat' dir='ltr'><strong>Am.</strong></span> <span class='ocrx_word' id='word_1_1053' title='bbox 2513 5745 2583 5786; x_wconf 83' lang='lat' dir='ltr'><strong>Er.</strong></span> <span class='ocrx_word' id='word_1_1054' title='bbox 2616 5744 2730 5786; x_wconf 84' lang='lat' dir='ltr'><strong>nan.</strong></span> <span class='ocrx_word' id='word_1_1055' title='bbox 2750 5741 2804 5789; x_wconf 82' lang='lat' dir='ltr'><strong>et</strong></span> <span class='ocrx_word' id='word_1_1056' title='bbox 2823 5734 3009 5799; x_wconf 63' lang='lat' dir='ltr'><strong>aliqua</strong></span> <span class='ocrx_word' id='word_1_1057' title='bbox 3028 5743 3135 5789; x_wconf 76' lang='lat' dir='ltr'><strong>tua.</strong></span> <span class='ocrx_word' id='word_1_1058' title='bbox 3158 5744 3215 5789; x_wconf 74' lang='lat' dir='ltr'><strong>At</strong></span> <span class='ocrx_word' id='word_1_1059' title='bbox 3236 5742 3347 5791; x_wconf 67' lang='lat' dir='ltr'><strong>nov.</strong></span> <span class='ocrx_word' id='word_1_1060' title='bbox 3374 5744 3427 5790; x_wconf 81' lang='lat' dir='ltr'><strong>et</strong></span> <span class='ocrx_word' id='word_1_1061' title='bbox 3448 5745 3582 5804; x_wconf 70' lang='lat' dir='ltr'><strong>Mm,</strong></span> <span class='ocrx_word' id='word_1_1062' title='bbox 3605 5736 3767 5803; x_wconf 65' lang='lat' dir='ltr'><strong>itm-</strong></span> 
     </span>
     <span class='ocr_line' id='line_1_133' title="bbox 2207 5817 2287 5852; baseline 0.013 -2"><span class='ocrx_word' id='word_1_1063' title='bbox 2207 5818 2233 5851; x_wconf 81' lang='lat' dir='ltr'><strong>n</strong></span> <span class='ocrx_word' id='word_1_1064' title='bbox 2254 5817 2287 5852; x_wconf 80' lang='grc' dir='ltr'><strong>ι.</strong></span> 
     </span>
    </p>
   </div>
   <div class='ocr_carea' id='block_1_130' title="bbox 2207 5817 2287 5853">
    <p class='ocr_par' dir='ltr' id='par_1_130' title="bbox 2207 5817 2287 5853">
     <span class='ocr_line' id='line_1_134' title="bbox 2207 5817 2287 5853; baseline 0.013 -3"><span class='ocrx_word' id='word_1_1065' title='bbox 2207 5817 2287 5853; x_wconf 75' lang='lat' dir='ltr'><strong>illi.</strong></span> 
     </span>
    </p>
   </div>
  </div>
