4124 6206
304 289 407 347 277

310 400 545 470 colligere
569 398 708 468 ﬁlios
748 406 861 450 tuos
890 394 1019 449 sicut
1061 392 1255 466 gallina
1278 394 1446 466 pullos
1468 410 1605 455 suos,
1651 401 1695 446 et
1727 392 1896 447 ualui-

310 492 376 548 sti
414 488 643 562 (Matth.
689 492 845 552 xxm,
879 485 984 559 57)
1014 487 1027 540 ι
1065 497 1312 559 tauquam
1342 486 1432 540 Dei
1462 484 1710 539 voluntas
1742 498 1902 561 supe-

312 562 429 642 rata
456 586 523 638 sit
557 583 836 637 hominum
861 581 1130 634 voluntate
1154 622 1168 644 ,
1199 588 1252 633 et
1272 578 1649 633 inﬁrmissimis
1676 575 1907 655 nolendo

313 675 733 748 impedientibus
755 688 859 727 non
884 672 1114 757 potuerit
1143 669 1320 727 facere
1346 668 1744 741 potentissimus
1767 666 1910 738 quod

316 769 555 824 volebat.
596 768 665 821 Et
685 766 777 820 ubi
818 775 900 819 est
928 764 1014 819 illa
1046 763 1428 834 omnipotentia
1452 804 1466 826 ,
1497 778 1597 832 qua
1634 761 1689 815 in
1717 762 1840 816 ctelo
1866 769 1911 813 et

313 863 368 915 in
392 871 525 913 terra
562 859 733 913 omnia
759 872 1083 925 quotcumque
1103 853 1281 918 voluit,
1311 854 1454 933 fecit;
1484 854 1529 906 si
1572 853 1822 924 colligere
1851 850 1913 903 Ii-

314 954 421 1008 lios
466 950 763 1006 Jerusalem
804 949 1003 1011 voluit,
1051 955 1105 1001 et
1145 961 1251 1000 non
1286 945 1454 999 fecit?
1483 947 1564 999 An
1605 943 1779 1025 potius
1826 942 1911 999 illa

212 1106 215 1109 ν
318 1043 535 1113 quidem
566 1040 705 1095 ﬁlios
732 1054 859 1094 suos
887 1039 953 1093 ab
982 1040 1097 1109 ipso
1122 1037 1299 1108 colligi
1324 1037 1492 1099 uoluit
1516 1077 1531 1102 ,
1562 1035 1655 1090 sed
1686 1051 1747 1089 ca
1776 1050 1913 1104 quo-

318 1150 425 1204 que
451 1134 665 1188 nolente
696 1132 831 1185 illius
860 1132 976 1200 ejus
1006 1128 1218 1198 collegit
1246 1129 1358 1211 ipse
1386 1142 1519 1197 quos
1552 1126 1761 1180 voluit?
1790 1126 1913 1196 quia

319 1227 373 1279 in
396 1224 523 1280 cazlo
552 1233 596 1276 et
622 1224 673 1276 in
698 1231 831 1275 terra
851 1263 864 1285 ,
897 1237 1000 1275 non
1032 1218 1276 1295 qutedam
1304 1218 1466 1272 voluit
1490 1226 1543 1287 et
1570 1217 1722 1289 fecit,
1765 1233 1912 1295 qua:-

320 1314 447 1369 dam
475 1328 603 1367 vero
628 1313 795 1367 voluit
823 1321 877 1366 et
912 1326 1017 1379 non
1052 1310 1177 1365 fecit
1209 1325 1222 1375 ;
1261 1310 1354 1364 sed
1390 1309 1560 1377 omnia
1594 1322 1917 1391 quiscumque

322 1406 502 1468 voluit,
530 1405 667 1474 fecit.

395 1494 622 1553 CAPUT
651 1493 878 1549 XCVIII.
899 1524 973 1535 ——
1008 1493 1101 1551 ἥδ.
1142 1493 1277 1547 Deus
1305 1493 1394 1547 etsi
1438 1500 1596 1564 potest
1637 1500 1919 1565 convertere

324 1604 453 1660 quos
466 1587 697 1650 voluerit,
727 1603 828 1640 non
846 1596 1014 1640 tamen
1035 1587 1208 1656 inique
1228 1586 1372 1657 facit,
1411 1601 1524 1639 cum
1552 1583 1682 1647 alios
1711 1598 1917 1645 conuer-

326 1682 408 1747 tit,
452 1681 582 1734 alios
616 1696 717 1734 non
742 1680 1002 1734 convertit.
1038 1678 1301 1751 Originale
1336 1678 1593 1732 vinculum
1629 1678 1917 1735 damnatio-

330 1777 432 1830 nis.
474 1775 607 1849 Quis
632 1789 794 1845 porro
822 1783 929 1828 tam
976 1774 1138 1846 impie
1186 1772 1438 1842 desipiat,
1489 1781 1547 1826 ut
1572 1771 1714 1845 dicat
1754 1772 1917 1835 Deum

332 1869 503 1923 malas
527 1868 800 1921 hominum
829 1868 1132 1925 voluntates
1158 1881 1291 1949 quas
1318 1865 1566 1934 voluerit,
1590 1863 1801 1937 quando
1827 1878 1921 1918 vo-

334 1959 497 2013 luerit
517 1999 531 2024 ,
555 1958 643 2013 ubi
674 1959 920 2024 voluerit,
954 1959 1004 2012 in
1026 1960 1223 2013 bonum
1256 1973 1360 2011 non
1384 1972 1543 2029 posse
1567 1956 1921 2029 convertere?

332 2050 441 2106 Sed
469 2065 589 2105 cum
618 2049 762 2113 facit,
793 2066 889 2120 per
927 2051 1344 2105 misericordiam
1383 2050 1508 2103 facit
1541 2068 1552 2103 :
1586 2064 1706 2121 cum
1738 2057 1918 2119 autem

332 2159 441 2221 non
466 2144 616 2212 facit,
646 2144 1011 2216 pcrjudicium
1043 2160 1147 2200 non
1177 2143 1322 2198 facit.
1352 2144 1616 2215 Quoniam
1644 2146 1792 2217 cujus
1816 2143 1923 2215 vult

334 2236 627 2304 miseretur,
679 2245 725 2290 et
770 2253 918 2308 quem
960 2238 1063 2295 vult
1110 2236 1343 2293 obdurat.
1385 2235 1537 2307 Quod
1580 2246 1637 2305 ut
1678 2230 1922 2293 diceret‘

335 2329 658 2399 Apostolus,
701 2329 922 2399 gratiam
971 2329 1379 2385 commendabat
1425 2328 1535 2385 :ad
1574 2330 1726 2403 cujus
1772 2344 1923 2386 com-

335 2422 735 2478 mendatiouem
765 2422 831 2477 de
856 2422 960 2477 illis
988 2422 1042 2479 in
1078 2422 1333 2477 Rebecca:
1360 2434 1512 2483 utero
1538 2423 1769 2495 geminis
1806 2421 1923 2485 fue-

335 2522 422 2569 rat
442 2513 553 2583 jam
599 2514 827 2583 locutus,
859 2513 1054 2585 quibus
1094 2514 1328 2570 nondum
1376 2515 1552 2587 natis,
1586 2530 1687 2571 nec
1728 2513 1926 2587 aliquid

336 2609 618 2680 agentibus
646 2609 767 2665 boni
803 2625 898 2666 seu
931 2610 1088 2676 mali,
1120 2623 1173 2665 ut
1197 2611 1471 2681 secundum
1496 2613 1785 2673 electionem
1808 2628 1929 2684 pro-

337 2703 560 2773 positum
582 2701 677 2758 Dei
708 2713 964 2777 maneret,
989 2721 1091 2761 non
1121 2720 1183 2758 ea:
1221 2703 1486 2779 aperibus,
1510 2706 1599 2763 sed
1626 2722 1689 2762 ea:
1724 2714 1930 2779 uocant;

338 2795 531 2850 dictum
555 2806 628 2850 est
648 2795 714 2862 ei,
742 2796 876 2865 Quia
900 2800 1063 2870 major
1097 2797 1270 2861 seruiet
1296 2797 1498 2865 minori.
1533 2797 1762 2873 Propter
1787 2797 1929 2881 quod

340 2888 583 2944 adhibuit
612 2890 840 2949 alterum
871 2890 1241 2979 propheticum
1269 2890 1653 2957 testimonium.
1684 2890 1772 2949 ubi
1796 2890 1931 2965 Berl-.-

341 2990 491 3051 ptum
520 2991 636 3046 est,
668 2980 829 3035 Iacob
858 2983 1033 3057 dilexi,
1080 2981 1217 3038 Esau
1246 2990 1417 3043 autem
1443 2981 1559 3049 odio
1589 2981 1761 3036 habui.
1790 2979 1929 3057 ﬁen-

342 3072 481 3128 tiens
508 3081 685 3127 autem
728 3072 1176 3145 quemadmodum
1208 3080 1390 3145 posset
1414 3072 1515 3127 hoc
1549 3072 1691 3147 quod
1731 3072 1929 3149 dictum

344 3174 427 3221 est
479 3181 792 3236 permovere
840 3182 932 3222 eos
978 3166 1067 3239 qui
1104 3174 1389 3245 penetrare
1437 3164 1779 3236 intelligendo
1823 3180 1931 3239 non

345 3270 569 3330 possunt
599 3260 735 3316 hanc
761 3244 1331 3333 altitudinem’gratir,
1364 3256 1499 3329 Quid
1524 3273 1642 3328 ergo
1664 3244 1931 3319 dicemus?

344 3353 420 3407 ait
449 3369 464 3417 ;
504 3351 750 3425 numquid
788 3351 1026 3424 iniquitas
1057 3352 1195 3421 apud
1224 3350 1387 3404 Deum
1427 3350 1453 3404 ?
1482 3349 1641 3417 Absit.
1690 3350 1930 3429 Iniquum

345 3447 487 3503 enim
508 3446 721 3500 videtur
747 3485 763 3513 ,
793 3455 853 3499 ut
876 3446 990 3499 sine
1015 3443 1139 3503 ullis
1164 3444 1423 3513 bonorum
1450 3444 1776 3499 malorumve
1806 3457 1932 3515 opes

344 3553 461 3592 rum
488 3536 713 3599 meritis,
743 3551 905 3590 unum
938 3535 1075 3589 Deus
1102 3533 1304 3606 diligat,
1337 3533 1509 3589 oderit
1537 3532 1786 3599 alterum.
1816 3533 1930 3607 Qua

347 3628 399 3682 in
436 3644 494 3683 re
521 3629 566 3685 si
602 3626 783 3683 futura
819 3641 981 3697 opera
1005 3626 1090 3680 vel
1114 3624 1254 3679 bona
1282 3624 1436 3695 hujus
1458 3625 1539 3681 vel
1587 3627 1722 3687 mala
1752 3625 1929 3695 illius,

347 3735 464 3791 qua:
493 3720 634 3773 Deus
663 3719 844 3791 utique
872 3716 1186 3791 prarsciebat
1208 3758 1220 3780 ,
1253 3717 1413 3773 vellet
1450 3717 1670 3799 intelligi
1692 3759 1708 3785 ,
1735 3732 1935 3799 aequae

347 3826 505 3882 quam
532 3811 738 3867 diceret
763 3851 775 3875 ,
804 3826 903 3865 non
932 3825 996 3863 ea:
1015 3808 1252 3877 operibus
1283 3823 1301 3862 :
1326 3808 1418 3863 sed
1441 3809 1671 3875 diceret,
1695 3824 1759 3864 ex
1789 3808 1934 3875 futu-

349 3905 426 3958 ris
464 3903 715 3976 operibus
753 3919 768 3973 ;
817 3918 987 3975 eoque
1035 3901 1194 3956 modo
1224 3900 1380 3955 istam
1415 3902 1646 3957 solveret
1679 3901 1933 3977 quastio-

348 4012 473 4051 ncm
506 4013 521 4062 ;
564 3997 671 4049 imo
696 3994 894 4052 nullam
921 4037 936 4062 ,
988 4008 1146 4066 quam
1177 3992 1311 4047 solvi
1346 4007 1478 4061 opus
1506 3999 1677 4067 esset,
1736 3990 1936 4063 faceret

346 4086 721 4159 quastionem.
758 4084 911 4147 Nunc
941 4100 1068 4140 vero
1095 4098 1215 4139 cum
1242 4082 1643 4154 respondisset,
1670 4080 1843 4151 Absit,
1881 4080 1935 4143 id

349 4158 439 4233 est
462 4220 476 4245 ,
525 4176 663 4232 absit
690 4187 745 4232 ut
786 4177 855 4232 sit
885 4176 1132 4250 iniquitas
1160 4175 1299 4247 apud
1329 4176 1493 4229 Deum
1521 4191 1536 4243 ;
1569 4158 1694 4243 mox
1720 4181 1779 4233 ut
1802 4188 1934 4246 pro-

346 4271 503 4327 baret
547 4270 687 4325 nulla
724 4269 827 4325 hoc
863 4269 1139 4341 iniquitate
1176 4266 1273 4335 Dei
1321 4267 1470 4336 ﬁeri,
1522 4265 1734 4341 inquit:
1764 4262 1936 4341 Moysi

350 4365 486 4420 enim
508 4364 672 4431 dicit,
711 4362 981 4421 miserebor
1016 4362 1163 4434 cujus
1191 4361 1422 4423 misertus
1441 4376 1550 4433 ero,
1580 4368 1627 4415 et
1647 4360 1935 4425 misericor-

350 4458 488 4511 diam
511 4455 760 4531 prtestabo
786 4457 867 4510 cui
887 4455 1170 4510 misericors
1199 4456 1363 4529 fuero.
1389 4452 1519 4523 Quis
1560 4453 1701 4509 enim
1731 4453 1832 4513 nisi
1858 4452 1932 4509 iu-

350 4550 552 4620 sipiens
586 4549 755 4605 Deum
789 4547 1025 4617 iniquum
1054 4553 1203 4618 putet
1226 4586 1243 4613 ,
1289 4545 1403 4611 sive
1432 4543 1692 4615 judicium
1727 4543 1939 4615 pmuale

349 4643 560 4711 ingerat
588 4641 751 4713 digno
775 4681 792 4711 ,
816 4639 933 4695 sive
970 4636 1391 4703 misericordiam
1420 4645 1635 4711 praestet
1676 4633 1939 4707 indigno?

347 4734 592 4805 Denique
633 4732 833 4799 infert,
875 4739 929 4786 et
953 4731 1117 4797 dicit,
1145 4729 1313 4811 Igitur
1344 4718 1448 4785 non
1489 4728 1736 4795 volentis,
1782 4743 1941 4803 neque

345 4824 629 4890 canentis,
656 4822 748 4878 sed
773 4821 1049 4878 miserentis
1078 4830 1149 4875 est
1176 4820 1292 4876 Dei.
1324 4820 1497 4881 Ambo
1537 4819 1714 4890 itaque
1742 4816 1939 4889 gemini

345 4927 539 4973 natura
554 4915 647 4971 lilii
668 4916 763 4971 ira:
784 4914 1139 4971 nascebantur
1152 4911 1370 4984 (Ephes.
1384 4928 1442 4977 tt,
1460 4912 1539 4985 5),
1559 4908 1716 4965 nullis
1727 4908 1941 4981 quidem

342 5010 606 5081 operibus
628 5008 895 5081 pr0priis,
924 5006 1021 5065 sed
1062 5007 1387 5081 originaliter
1420 5021 1486 5059 ex
1521 5004 1689 5059 Adam
1725 5001 1938 5063 vinculo

342 5102 715 5157 damnationis
742 5101 1005 5157 obstricti.
1040 5099 1146 5157 Sed
1177 5100 1265 5171 qui
1288 5097 1461 5167 dixit,
1493 5096 1768 5153 Miserebor
1796 5098 1941 5171 cujus

341 5196 589 5249 misertus
611 5194 774 5263 ero',
806 5192 971 5249 Iacob
1019 5191 1201 5247 dilexit
1230 5204 1327 5260 per
1362 5186 1778 5245 misericordiam
1816 5203 1941 5258 gra-

344 5288 544 5341 tuitam
569 5327 585 5350 ,
635 5284 779 5341 Esau
819 5295 999 5340 autem
1024 5282 1149 5338 odio
1172 5280 1357 5336 habuit
1387 5296 1481 5350 per
1502 5278 1759 5353 judicium
1790 5277 1941 5333 debi-

341 5390 487 5433 tum.
538 5375 693 5446 Quod
735 5391 859 5435 cum
899 5376 1185 5434 deberetur
1210 5371 1497 5438 ambobus,
1526 5368 1582 5427 in
1611 5369 1780 5427 altero
1809 5369 1945 5426 alter

404 5564 424 5594 ι
466 5560 606 5620 Editi,
634 5561 763 5625 quod
792 5571 903 5611 cuin
938 5558 1219 5625 dicereth
1250 5563 1379 5625 Mss,
1405 5555 1533 5625 quod
1556 5552 1833 5625 ut‘diceret.
1857 5559 1945 5602 Eo-

328 5625 457 5688 dem
475 5614 629 5688 sensu
648 5614 795 5688 infra,
818 5625 869 5674 in
891 5624 1049 5686 rapite
1070 5622 1178 5688 10$,
1200 5614 1397 5688 legitur,
1411 5614 1471 5688 :ut
1489 5615 1576 5688 lgoc
1595 5614 1790 5688 digerat.

397 5687 423 5717 ί
439 5684 570 5747 Editi
588 5692 713 5747 post,
729 5678 1067 5747 misertus'ero,
1091 5678 1335 5747 addunt—et
1354 5678 1736 5747 misericordi-am
1752 5681 1951 5747 prtesta-

333 5749 397 5799 ολ
414 5742 516 5800 ad
532 5741 811 5799 misericors
832 5747 991 5809 fuero,
1004 5741 1135 5810 quod
1147 5746 1239 5795 hoc
1254 5744 1359 5794 loco
1380 5756 1479 5793 non
1502 5741 1746 5803 reperitur
1768 5741 1819 5791 in
1840 5746 1944 5793 MSS.

1720 274 1922 343 LIBER
1965 272 2162 333 UNUS.

3489 289 3599 345 978

2017 393 2229 461 agnovit
2268 408 2372 453 non
2419 394 2485 450 de
2530 394 2639 451 suis
2693 396 3010 454 distantibus
3066 398 3274 455 meritis
3311 400 3416 459 sibi
3478 416 3598 461 esse

2016 482 2346 554 gloriandum
2368 529 2381 554 ,
2413 488 2553 557 quod
2582 489 2632 543 in
2668 489 2855 547 eadem
2890 506 3049 546 causa
3094 491 3233 548 idem
3279 474 3595 567 supplicium

2016 594 2123 637 non
2163 580 2383 647 incurrit
2414 600 2429 647 ;
2462 584 2554 639 sed
2597 584 2663 640 de
2700 586 2895 643 divinae
2929 588 3109 656 gratia:
3138 586 3378 658 largitate
3420 604 3436 645 :
3474 590 3596 661 quis

2018 686 2118 725 non
2146 672 2353 727 uolentis
2380 691 2533 746 neque
2552 679 2819 743 currentis,
2842 679 2932 735 sed
2954 678 3232 735 miserentis
3270 687 3344 735 est
3372 678 3482 735 Dei.
3504 680 3598 734 AI-

2019 763 2227 820 tissitno
2255 767 2449 837 quippe
2490 784 2553 823 ac
2593 770 2946 827 sulubcrrimo
2975 782 3309 831 sacramento
3350 773 3598 835 universa

2018 854 2203 924 facies,
2241 866 2419 929 atque,
2463 867 2519 915 ut
2548 861 2619 916 ita
2647 861 2893 931 dixerim,
2923 866 3097 919 vultus
3127 875 3427 923 sanctarum
3458 865 3605 923 Scri-

2019 958 2317 1017 pturarum,
2351 950 2486 1009 bene
2526 954 2793 1013 intuentes
2823 956 2873 1011 id
2894 958 3181 1013 admouere
3218 959 3512 1026 invenitur,
3544 966 3603 1014 ut

2018 1042 2109 1112 qui
2130 1042 2410 1114 gloriatur,
2435 1045 2487 1101 in
2516 1044 2737 1107 Domino
2764 1050 3007 1121 glorietur
3037 1052 3052 1115 (
3079 1051 3095 1107 ι
3123 1050 3237 1104 Cor.
3268 1068 3306 1125 ι,
3336 1053 3393 1113 Si
3416 1052 3457 1124 )-

2092 1136 2316 1195 CAPUT
2339 1138 2524 1199 XCIX.
2540 1171 2614 1181 —
2630 1140 2697 1198 Ut
2725 1158 2907 1213 magna
2930 1144 3145 1207 bonitate
3167 1146 3424 1205 miseretur
3444 1144 3601 1213 Deus,

2020 1230 2093 1297 ita
2118 1231 2260 1291 nulla
2284 1232 2545 1307 iniquitate
2573 1235 2804 1290 obdurat.
2837 1237 3127 1313 Apostatica
3155 1238 3323 1295 radix.
3352 1236 3482 1294 Cum
3505 1255 3604 1297 au-

2022 1329 2127 1391 tem
2155 1323 2246 1391 Dei
2268 1324 2683 1383 misericordiam
2710 1328 3136 1383 commendasset
3164 1330 3212 1381 in
3256 1344 3321 1383 eo
3342 1328 3481 1400 quod
3510 1329 3604 1397 ait,

2020 1411 2190 1483 Igitur
2212 1432 2313 1481 non
2355 1416 2583 1481 volentis,
2615 1435 2771 1493 neque
2790 1420 3061 1489 currentis,
3109 1420 3199 1479 sed
3226 1420 3505 1481 miserearis
3533 1428 3606 1475 est

2024 1504 2121 1569 Dei
2149 1522 2169 1571 ,'
2196 1505 2388 1565 deinde
2414 1509 2653 1573 utetiam
2688 1510 2949 1581 judicium
2998 1510 3395 1573 commendaret
3436 1509 3606 1583 (quo:

2022 1597 2166 1669 niam
2198 1600 2250 1657 in
2280 1614 2386 1670 quo
2416 1616 2522 1661 non
2565 1601 2623 1659 lit
2649 1603 3043 1670 misericordia,
3091 1618 3193 1661 non
3226 1603 3472 1674 iniquitas
3508 1601 3568 1661 ﬁt
3594 1643 3610 1669 ,

2024 1690 2392 1769 sedjntlicium
2428 1711 2441 1758 ;
2468 1710 2572 1755 non
2605 1705 2685 1750 est
2710 1697 2906 1767 quippe
2935 1696 3186 1769 iniquitas
3211 1695 3348 1766 apud
3380 1696 3543 1757 Deum
3563 1696 3604 1766 ),

2025 1782 2278 1839 continuo
2314 1783 2588 1861 subjunxit
2612 1827 2627 1851 ,
2658 1794 2817 1856 atque
2852 1787 2964 1841 ait:
2999 1786 3133 1841 Dicit
3173 1788 3306 1841 enim
3339 1784 3611 1858 Scriptura

2028 1871 2325 1949 Pharaoni,
2364 1875 2497 1943 Quia
2518 1877 2586 1935 ad
2616 1875 2708 1931 ltoc
2737 1886 2783 1933 te
2810 1877 3021 1935 excitavi
3039 1917 3056 1943 ,
3101 1885 3153 1931 ut
3186 1875 3447 1933 ostendam
3476 1877 3530 1933 in
3564 1886 3611 1933 te

2026 1966 2302 2034 potentiam
2329 1966 2345 1996 ί
2380 1982 2540 2031 meam
2562 2007 2577 2033 ,
2610 1976 2656 2019 et
2694 1974 2747 2020 ut
2774 1967 3101 2035 annuntietur
3138 1983 3321 2027 nomen
3355 1983 3522 2024 meum
3557 1967 3614 2021 in

2026 2060 2257 2121 universa
2278 2069 2431 2117 terra.
2457 2058 2660 2129 Quibus
2686 2058 2840 2117 dictis
2863 2058 2930 2115 ad
2959 2068 3243 2130 utrumque
3261 2058 3608 2129 caucludens,

2028 2150 2078 2217 id
2120 2160 2234 2227 est,
2276 2161 2332 2219 et
2368 2150 2435 2213 ad
2465 2151 2882 2211 misericordiam
2918 2161 2972 2205 et
2999 2151 3066 2205 ad
3104 2151 3360 2226 judicium
3391 2169 3404 2206 :
3435 2149 3609 2225 Ergo,

2030 2245 2220 2321 inquit,
2250 2245 2397 2311 cuius
2424 2245 2528 2299 vult
2559 2244 2841 2310 miseretur,
2870 2252 2915 2297 et
2949 2259 3094 2314 quem
3131 2243 3235 2301 vult
3261 2241 3491 2301 obdurat.
3519 2241 3617 2299 Mi-

2030 2345 2238 2407 seretur
2253 2337 2457 2395 scilicet
2495 2351 2684 2409 magna
2716 2336 2969 2396 bonitate.
2998 2334 3223 2405 obdurat
3251 2335 3392 2397 nulla
3421 2334 3615 2405 iniqui-

2032 2437 2139 2497 tate
2180 2437 2282 2496 ;ut
2322 2444 2421 2487 nec
2445 2429 2696 2485 liberatus
2721 2428 2787 2483 de
2825 2429 2934 2482 suis
2962 2428 3164 2487 meritis
3198 2428 3487 2499 glorietur,
3516 2442 3617 2495 pec

2031 2521 2313 2583 damnatus
2336 2521 2438 2581 nisi
2464 2521 2530 2577 de
2550 2522 2662 2577 suis
2689 2521 2894 2581 meritis
2917 2528 3293 2590 conqueratur.
3322 2520 3444 2579 Sola
3469 2519 3616 2579 enim

2032 2614 2201 2685 gratia
2238 2613 2547 2685 redemptos
2579 2613 2833 2669 discernit
2856 2630 2886 2668 a
2923 2612 3173 2684 perditis,
3210 2627 3342 2683 quos
3372 2614 3424 2668 in
3454 2626 3615 2681 anan;

2033 2705 2347 2783 perditionis
2365 2715 2710 2767 concreverat
2729 2720 2959 2763 massam
2975 2707 3044 2765 ab
3062 2706 3264 2775 origine
3284 2704 3439 2767 ducta
3456 2718 3617 2771 causa

2033 2798 2352 2865 communis.
2390 2797 2504 2855 lloc
2544 2809 2721 2855 autem
2752 2800 2841 2869 qui
2867 2813 2932 2852 eo
2963 2797 3123 2855 modo
3150 2797 3327 2861 audit,
3356 2803 3414 2849 ut
3439 2795 3614 2862 dicat,

2038 2891 2174 2968 Quid
2210 2892 2378 2951 adhuc
2414 2893 2773 2962 conqueritur?
2818 2910 2934 2951 nam
2965 2892 3210 2955 voluntati
3243 2892 3355 2958 ejus
3380 2890 3492 2962 quis
3524 2906 3621 2947 rc-

2034 2981 2221 3059 sistit?
2251 2991 2505 3053 tanquam
2546 2992 2825 3053 propterea
2875 2984 3046 3041 malus
3088 2999 3196 3041 non
3225 2983 3463 3041 videatur
3497 2999 3620 3045 esse

2035 3074 2331 3147 culpandus
2354 3117 2370 3143 ,
2398 3076 2519 3145 quia
2558 3076 2698 3133 Deus
2745 3077 2893 3147 cujus
2925 3079 3029 3130 uult
3074 3077 3368 3141 miseretur,
3401 3086 3445 3131 et
3474 3093 3620 3146 quem

2035 3168 2141 3223 uult
2188 3165 2402 3225 obdurat
2432 3182 2451 3219 :
2474 3166 2614 3231 absit
2658 3175 2715 3220 ut
2755 3166 2947 3235 pudeat
2985 3180 3083 3219 nos
3126 3166 3227 3221 hoc
3256 3165 3620 3243 respondere,

2036 3257 2180 3329 quod
2223 3258 2563 3328 respondisse
2602 3258 2842 3323 videmus
2868 3258 3179 3328 Apostolum
3214 3274 3227 3314 :
3263 3256 3307 3312 0
3335 3261 3484 3319 homo
3506 3299 3521 3321 ,
3564 3267 3621 3319 tu

2036 3354 2149 3433 quis
2175 3369 2230 3411 es
2249 3392 2263 3418 ,
2294 3352 2380 3424 qui
2407 3352 2713 3422 respondeas
2756 3351 2862 3406 Deo
2892 3352 2919 3405 i’
2959 3349 3227 3421 Numquid
3254 3350 3376 3407 dicit
3402 3350 3618 3421 figmen-

2038 3453 2145 3503 tum
2172 3444 2217 3501 εἰ
2240 3443 2331 3515 qui
2357 3459 2410 3499 se
2439 3444 2586 3514 ﬁnxit
2608 3486 2624 3509 ,
2654 3443 2826 3509 Quare
2870 3461 2946 3497 me
2971 3444 3129 3514 fecisti
3153 3442 3225 3497 sic
3253 3442 3279 3497 ?
3307 3441 3486 3503 Annon
3526 3443 3622 3503 Ita-

2037 3535 2115 3599 bet
2135 3546 2424 3615 potestatem
2447 3534 2633 3606 ﬁgulus
2655 3535 2749 3590 luti
2787 3552 2851 3589 ea:
2869 3536 3043 3589 eadem
3064 3551 3228 3588 massa
3253 3538 3439 3605 facere,
3478 3532 3622 3591 aliud

2038 3628 2240 3697 quidem
2290 3643 2377 3701 pas
2424 3627 2476 3681 in
2519 3628 2814 3695 honorem,-
2839 3625 2983 3680 aliud
3020 3641 3133 3680 uero
3170 3626 3224 3679 in
3265 3626 3621 3691 contumeliam

2040 3717 2232 3790 (Rom.
2258 3734 2335 3784 lx,
2370 3717 2534 3773 11-21
2562 3718 2580 3786 )
2610 3716 2634 3772 ?
2662 3718 2774 3771 Hoc
2802 3718 2919 3773 loco
2945 3717 3085 3771 enim
3111 3716 3324 3785 quidam
3345 3716 3490 3771 stulti
3518 3730 3621 3783 ραν

2039 3822 2154 3873 tant
2195 3812 2509 3885 Apostolum
2551 3811 2603 3865 in
2639 3811 2987 3880 responsione
3025 3808 3322 3871 defecisse,
3353 3817 3408 3862 et
3442 3806 3621 3874 inopia

2039 3903 2326 3973 reddenda:
2374 3901 2596 3957 rationis
2637 3900 2958 3970 repressisse
3000 3896 3405 3951 contradictoris
3455 3896 3622 3953 auda-

2039 3996 2198 4069 ciam.
2239 3993 2346 4053 Sed
2385 4007 2636 4063 magnum
2676 3991 2839 4046 habet
2863 3990 3068 4058 pondus
3106 3986 3249 4058 quod
3276 3986 3474 4043 dictum
3499 3995 3621 4055 est,

2044 4086 2089 4161 ρ
2108 4089 2278 4157 homo,
2300 4096 2356 4155 tu
2375 4086 2486 4156 quis
2511 4102 2563 4141 es
2586 4085 2612 4140 7
2636 4084 2702 4143 Et
2727 4084 2780 4139 in
2803 4083 2995 4139 talibus
3016 4080 3398 4153 quaestionibus
3421 4080 3487 4141 ad
3513 4094 3625 4143 sua:

2041 4179 2350 4251 “poeitatis
2386 4176 2870 4237 consideratimiem
2904 4182 3121 4231 revocat
3157 4172 3431 4235 hominem
3457 4171 3623 4231 verbo

2043 4272 2256 4344 quidem
2284 4272 2439 4339 bteVi
2464 4271 2487 4304 ⁸
2506 4311 2523 4337 .
2548 4270 2646 4327 sed
2672 4286 2731 4328 τί)
2755 4270 2869 4341 ipsa
2892 4285 3084 4339 mgna
3104 4276 3186 4327 est
3212 4266 3440 4325 redditio
3463 4266 3628 4327 ratio-

2044 4366 2147 4429 nis.
2178 4364 2233 4423 Si
2260 4365 2403 4421 enim
2448 4364 2565 4421 haec
2603 4378 2711 4421 non
2742 4365 2914 4433 capit,
2938 4364 3061 4433 quis
3079 4370 3161 4419 est
3190 4361 3279 4433 qui
3306 4359 3627 4429 respondeat

2044 4460 2195 4517 Deo?
2220 4460 2276 4517 Si
2300 4466 2475 4516 autem
2500 4458 2662 4528 capit,
2690 4459 2858 4528 magis
2882 4473 2986 4513 non
3012 4454 3216 4513 invenit
3241 4452 3369 4524 quid
3397 4468 3628 4521 respon-

2044 4550 2187 4615 deat.
2211 4549 2366 4611 Videt
2383 4548 2548 4611 enim.
2572 4548 2618 4607 si
2634 4549 2796 4617 capit,
2823 4546 3126 4607 universum
3147 4558 3314 4611 genus
3335 4542 3629 4601 humanum

2047 4649 2153 4707 tam
2182 4641 2324 4710 iusto
2350 4638 2553 4709 judicio
2594 4638 2776 4699 diuino
2802 4638 2855 4693 in
2881 4636 3172 4706 apostatica
3214 4632 3393 4693 radice
3408 4632 3630 4690 datums-

2047 4743 2253 4799 ωηιιμι
2272 4731 2476 4791 etiamsi
2496 4730 2670 4789 nullus
2688 4729 2808 4787 inde
2822 4728 3155 4789 liberaretur,
3176 4741 3336 4781 nemo
3354 4734 3495 4781 recte
3514 4740 3628 4794 pos-

2048 4835 2130 4891 ωε
2172 4824 2271 4887 ι)Βὶ
2293 4824 2594 4891 vituperare
2619 4820 2876 4891 justitiam
2907 4835 2922 4883 ;
2968 4828 3023 4875 et
3062 4818 3149 4887 qui
3180 4816 3505 4881 liberantur.
3548 4816 3628 4873 sic

2048 4918 2347 4991 oportuisse
2369 4914 2604 4980 liberari,
2628 4922 2685 4971 ut
2704 4927 2775 4971 ex
2792 4912 3029 4983 pluribus
3059 4926 3165 4965 non
3196 4908 3451 4971 liberatis,
3472 4916 3630 4976 atque

2049 5011 2103 5066 in
2122 5008 2464 5073 damnatione
2478 5004 2769 5083 justissima
2794 5000 3084 5065 derelictis.
3108 4997 3630 5068 ostendereturiquid

2050 5102 2331 5165 meruisset
2362 5099 2608 5157 anniversa
2639 5092 2968 5163 conspersio,
2988 5101 3039 5147 et
3067 5104 3173 5160 quo
3200 5090 3358 5149 etiam
3376 5089 3507 5151 istos
3531 5088 3629 5149 de-

2051 5196 2219 5255 bltum
2242 5192 2500 5263 judicium
2526 5187 2623 5245 Dei
2636 5183 3028 5252 ,duceret,.nisi
3061 5184 3141 5245 eis
3160 5181 3393 5245 indebita
3423 5181 3631 5243 ιιὶίβωνὶγ

2052 5287 2233 5351 mdia
2260 5283 2568 5345 subveniret
2592 5299 2608 5336 :
2635 5288 2696 5339 ut
2720 5277 3012 5345 volentium
3037 5277 3106 5339 de
3140 5277 3251 5343 suis
3280 5274 3485 5333 meritis
3513 5273 3628 5342 κιο.

2053 5380 2199 5445 riari,
2223 5392 2370 5433 omne
2396 5392 2452 5430 os
2480 5375 2766 5429 obstruetur
2789 5368 2915 5447 (Id.
2953 5385 3033 5439 nt,
3058 5366 3165 5440 i9)
3191 5385 3209 5435 ;
3238 5375 3294 5429 et
3328 5365 3415 5434 qui
3442 5364 3633 5434 alaria-

2055 5484 2154 5545 ων,
2180 5474 2235 5531 in
2254 5469 2473 5529 Dontino
2500 5467 2763 5539 glorietur.
3088 5498 3091 5501 -

2119 5613 2136 5642 ι
2174 5607 2361 5671 Aliquot
2384 5615 2509 5665 uss,
2534 5602 2879 5671 fortitudinem.

2118 5675 2138 5709 ι
2170 5651 2509 5720 iurauimus:
2534 5651 2779 5716 sema
2801 5660 3051 5713 ταωνι...
3084 5659 3330 5708 revocaret
3364 5651 3631 5715 manu,

2058 5736 2194 5787 verba
2217 5732 2413 5797 quidem
2435 5727 2608 5791 brevis,
2641 5725 2726 5779 sed
2752 5739 2821 5788 re,
2847 5731 2941 5774 etc.

2302 5852 2328 5860 -
