4124 6206
445 305 549 359 279

512 411 739 471 CAPUT
755 413 818 467 C.
848 441 919 450 —
945 410 1032 463 9.6.
1064 408 1212 462 Nihil
1239 408 1350 475 ﬁeri
1376 415 1556 476 praeter
1576 402 1885 458 voluntatem
1908 397 2025 462 Dei,

1013 288 1468 356 ENCHIRIDION,
1513 288 1667 346 SIVE
1709 285 1797 341 DE
1835 276 2011 346 FIDE,
2054 271 2180 333 SPIS
2219 274 2638 349 CHARITA'I’E,
2677 282 2735 340 S.
2778 283 3149 342 AUGUSTINI

3604 278 3712 340 280

2141 411 2289 465 num,
2320 399 2402 453 vel
2422 400 2681 456 bonorum
2704 401 2785 457 vel
2813 402 3073 457 malorum
3094 444 3111 470 ,
3140 402 3222 457 vel
3252 398 3377 455 illud
3404 400 3543 470 quod
3571 401 3717 457 Deus

443 507 597 561 etiam
624 505 746 558 dum
772 504 829 572 ﬁt
852 510 1026 556 contra
1050 501 1159 570 ejus
1180 499 1505 553 voluntatem.
1543 496 1666 550 Ilaec
1689 500 1818 569 sunt
1843 506 2032 561 magna
2135 490 2221 545 vel
2247 490 2390 545 aliud
2416 493 2656 547 volentes
2676 508 2834 562 quam
2860 495 3001 549 Deus
3020 537 3035 559 ,
3064 494 3445 563 omnipotentis
3472 496 3718 551 voluntas

447 612 601 665 opera
622 593 857 658 Domini,
879 589 1126 661 exquisita
1150 590 1202 642 in
1223 604 1394 642 omnes
1423 587 1702 640 voluntates
1722 584 1831 653 ejus
1854 580 2029 653 (Psal.

447 704 516 744 cx
540 730 554 753 ,
586 688 644 756 2)
679 704 691 740 :
719 694 773 740 et
804 696 908 739 tam
937 683 1206 753 sapienter
1232 680 1494 750 exquisita
1518 720 1534 746 ,
1568 685 1623 731 ut
1646 691 1766 732 cum
1796 675 2034 745 angelica

446 789 501 835 et
526 780 753 832 humana
783 783 1024 831 creatura
1054 780 1361 843 peccasset,
1391 771 1443 826 id
1473 779 1585 838 est,
1607 784 1715 825 non
1741 767 1882 839 quod
1909 768 1999 822 ille
2019 808 2033 832 ,

447 872 540 927 sed
568 868 709 940 quod
733 868 899 923 voluit
920 868 1031 937 ipsa
1053 864 1303 931 fecisset,
1326 864 1487 919 etiam
1510 877 1604 933 per
1624 859 1867 916 eamdem
1888 873 2038 938 crea-

451 971 582 1015 tura:
608 960 971 1023 voluntatem,
1003 972 1105 1027 qua
1150 955 1347 1011 factum
1378 962 1461 1010 est
1499 952 1642 1024 quod
1683 950 1908 1006 Creator
1936 964 2037 1004 no—

450 1056 577 1117 luit,
610 1053 857 1123 impleret
886 1051 999 1121 ipse
1027 1048 1170 1120 quod
1200 1049 1400 1113 voluit;
1431 1047 1568 1101 bene
1599 1053 1755 1100 utens
1784 1051 1839 1098 et
1858 1042 2033 1108 malis,

455 1157 706 1216 tanquam
727 1158 932 1199 summe
955 1144 1152 1209 bonus,
1179 1140 1245 1196 ad
1273 1134 1457 1196 eOrum
1487 1136 1885 1193 damnationem
1907 1147 2043 1204 quos

449 1238 594 1307 juste
626 1235 1023 1306 praedestinavit
1047 1233 1114 1289 ad
1143 1247 1354 1303 poenam
1376 1274 1391 1299 ,
1424 1240 1478 1287 et
1505 1230 1572 1285 ad
1602 1244 1787 1285 eorum
1814 1228 2043 1283 salutem

456 1346 590 1400 quos
637 1329 863 1398 benigne
920 1326 1317 1398 praedestinavit
1360 1324 1427 1379 ad
1481 1322 1727 1395 gratiam.
1776 1320 2043 1391 Quantum

458 1421 598 1476 enim
639 1420 706 1474 ad
746 1421 892 1489 ipsos
937 1418 1160 1485 attinet,
1192 1416 1334 1487 quod
1373 1415 1517 1469 Deus
1559 1412 1729 1470 noluit
1759 1410 2043 1467 fecerunt:

458 1522 715 1583 quantum
748 1526 876 1567 vero
895 1510 961 1565 ad
990 1508 1431 1579 omnipotentiam
1469 1506 1600 1573 Dei,
1629 1504 1777 1560 nullo
1805 1503 1965 1558 modo
1993 1501 2047 1558 id

461 1604 675 1660 efﬁcere
702 1604 1001 1659 valuerunt.
1031 1602 1142 1657 Hoc
1178 1600 1376 1671 quippe
1406 1598 1523 1668 ipso
1558 1596 1704 1668 quod
1731 1604 1918 1653 contra
1949 1610 2044 1651 vo‘

462 1695 723 1749 luntatem
760 1693 1005 1750 fecerunt
1042 1693 1191 1763 ejus,
1222 1693 1291 1747 de
1329 1690 1459 1760 ipsis
1491 1688 1634 1744 facta
1674 1698 1758 1744 est
1798 1688 2049 1743 voluntas

464 1787 599 1855 ejus.
622 1786 909 1856 Propterea
937 1800 1165 1855 namque
1193 1798 1380 1854 magna
1411 1797 1566 1851 opera
1605 1778 1847 1847 Domini,
1875 1779 2051 1849 exqui-

464 1879 561 1932 sita
578 1878 630 1931 in
648 1893 820 1931 omnes
838 1878 1117 1930 voluntates
1139 1876 1284 1945 ejus;
1300 1881 1358 1928 ut
1378 1873 1515 1927 miro
1544 1880 1597 1926 et
1621 1868 1873 1925 ineffabili
1892 1868 2052 1925 modo

468 1984 575 2024 non
608 1970 700 2023 ﬁat
741 1978 934 2040 prmter
971 1968 1087 2038 ejus
1112 1968 1438 2023 voluntatem
1460 2005 1476 2032 ,
1505 1964 1646 2035 quod
1675 1965 1835 2019 etiam
1863 1970 2051 2020 contra

469 2059 587 2129 ejus
605 2059 662 2112 fit
678 2059 1025 2114 voluntatem.
1045 2058 1180 2125 Quia
1198 2070 1304 2113 non
1323 2054 1492 2122 ﬁeret,
1514 2055 1682 2111 sinon
1696 2054 1898 2110 sineret
1919 2070 1935 2108 :
1953 2068 2055 2109 nec

471 2153 652 2222 utique
670 2151 862 2209 nolens
883 2151 1029 2218 sinit,
1048 2150 1143 2206 sed
1162 2149 1378 2215 volens;
1398 2163 1497 2204 nec
1523 2148 1723 2203 sineret
1746 2147 1917 2203 bonus
1936 2145 2054 2201 fieri

471 2246 634 2311 male,
663 2245 764 2300 nisi
791 2244 1129 2315 omnipotens
1149 2252 1203 2297 et
1227 2241 1295 2296 de
1324 2241 1463 2297 malo
1490 2239 1662 2295 facere
1685 2246 1866 2309 posset
1891 2236 2052 2294 bene.

449 2357 452 2365 ν
544 2336 769 2393 CAPUT
809 2335 893 2392 CI.
920 2366 992 2376 —-
1035 2335 1280 2390 Voluntas
1322 2332 1420 2389 Dei
1456 2334 1587 2387 bona
1621 2348 1709 2403 per
1735 2332 1891 2387 bonas
1915 2347 2058 2403 atque

472 2439 521 2484 et
565 2429 730 2483 malas
769 2425 1053 2482 voluntates
1096 2427 1356 2481 hominum
1402 2442 1598 2496 semper
1640 2423 1901 2495 impletur.
1942 2424 2058 2478 Ali-

472 2522 686 2593 quando
703 2530 879 2576 autem
903 2522 1039 2575 bona
1059 2520 1335 2575 voluntate
1358 2518 1518 2574 homo
1543 2518 1655 2572 vult
1674 2516 1892 2587 aliquid,
1916 2513 2060 2586 quod

472 2613 616 2669 Deus
646 2628 750 2667 non
775 2612 918 2675 vult,
946 2612 1103 2667 etiam
1137 2612 1249 2680 ipse
1275 2610 1414 2664 bona
1454 2596 1625 2663 multo.
1660 2608 1889 2677 amplius
1916 2607 2059 2661 mul-

475 2713 635 2773 toque
658 2703 857 2758 certius
874 2703 1143 2758 voluntate
1168 2719 1179 2755 :
1205 2716 1327 2755 nam
1353 2701 1493 2755 illius
1512 2699 1651 2754 mala
1672 2699 1921 2754 voluntas
1939 2711 2061 2752 esse

475 2809 748 2863 nunquam
782 2802 974 2864 potest.
1005 2792 1278 2862 Tanquam
1307 2794 1352 2847 si
1383 2792 1554 2847 bonus
1581 2790 1719 2845 [ilius
1737 2797 1943 2859 patrem
1970 2803 2063 2844 ve-

477 2884 541 2939 lit
577 2885 790 2951 vivere,
822 2900 983 2955 quem
1012 2885 1153 2939 Deus
1184 2885 1318 2939 bona
1350 2884 1623 2938 voluntate
1664 2882 1777 2935 vult
1803 2880 1959 2936 mori.
1992 2880 2060 2934 Et

475 2989 663 3031 rursus
693 2976 806 3031 ﬁeri
835 2983 1009 3045 potest
1038 2986 1092 3028 ut
1122 2974 1223 3029 hoc
1250 2974 1379 3028 velit
1405 2972 1567 3027 homo
1591 2971 1866 3026 voluntate
1895 2970 2059 3038 mala,

480 3067 624 3139 quod
652 3068 791 3122 Deus
824 3068 934 3121 vult
962 3067 1100 3121 bona
1126 3084 1139 3119 :
1168 3065 1311 3121 velut
1330 3065 1376 3119 si
1405 3064 1577 3119 malus
1603 3062 1744 3118 filius
1769 3061 1896 3117 velit
1924 3060 2061 3116 mori

482 3170 711 3232 patrem,
732 3161 861 3216 velit
877 3161 980 3216 hoc
995 3161 1155 3216 etiam
1174 3160 1330 3215 Deus.
1347 3157 1549 3227 Nempe
1568 3157 1656 3212 ille
1670 3156 1783 3211 vult
1797 3154 1939 3226 quod
1957 3169 2064 3209 non

478 3256 590 3310 vult
619 3254 759 3309 Deus
777 3296 791 3321 ,
826 3254 926 3309 iste
955 3268 1082 3308 vero
1113 3252 1164 3306 id
1186 3251 1296 3305 vult
1315 3249 1457 3319 quod
1486 3250 1601 3304 vult
1624 3256 1678 3303 et
1707 3249 1847 3302 Deus
1866 3264 1880 3300 :
1899 3254 1953 3302 et
1982 3255 2065 3301 ta-

2138 598 2350 654 semper
2374 585 2568 640 invicta
2596 594 2681 641 est
2702 604 2714 639 :
2739 602 2857 658 quae
2883 588 3020 643 mala
3050 604 3170 644 esse
3209 605 3477 659 nunquam
3509 599 3717 659 potest;

2140 676 2264 745 quia
2294 677 2454 731 etiam
2476 677 2494 708 ί
2515 692 2636 733 cum
2659 678 2796 734 mala
2825 678 3026 750 irrogat
3045 720 3059 745 ,
3084 680 3227 750 justa
3255 690 3371 749 est,
3403 689 3457 735 et
3482 681 3723 751 profecto

2141 783 2261 837 qua:
2284 767 2427 838 justa
2468 778 2551 824 est
2567 771 2612 836 ³,
2641 770 2779 827 mala
2819 786 2927 827 non
2972 780 3076 827 est.
3118 772 3259 828 Deus
3288 774 3449 843 igitur
3473 775 3721 845 omnipo~

2145 867 2265 913 tens
2307 859 2420 915 sive
2446 874 2543 929 per
2585 859 3002 918 misericordiam
3044 863 3195 934 cujus
3233 865 3347 919 vult
3385 865 3720 933 misereatur,

2144 951 2258 1007 sive
2286 967 2382 1022 per
2396 951 2655 1022 judicium
2680 970 2838 1024 quem
2862 956 2977 1011 vult
2999 956 3224 1012 obduret
3243 998 3259 1024 ,
3291 972 3391 1012 nec
3419 958 3597 1028 inique
3624 959 3723 1013 ali—

2145 1043 2272 1112 quid
2303 1043 2457 1111 facit,
2489 1060 2587 1101 nec
2618 1045 2719 1100 nisi
2749 1046 2937 1102 volens
2962 1048 3248 1119 quidquam
3278 1048 3433 1115 facit,
3466 1056 3523 1105 et
3549 1051 3749 1106 omnia

2147 1148 2495 1205 qumcumque
2521 1137 2662 1202 vult,
2693 1136 2840 1193 facit.

2219 1225 2445 1281 CAPUT
2473 1225 2604 1282 CIII.
2632 1258 2705 1268 —
2725 1227 2818 1282 27.
2857 1227 3131 1285 Excutitur
3158 1232 3345 1286 dictum
3390 1233 3619 1302 Apostoli
3661 1235 3730 1289 ad

2149 1314 2468 1371 Timotheum
2486 1359 2502 1384 ,
2540 1336 2559 1370 ι
2592 1318 2691 1389 Qui
2719 1321 2831 1376 vult
2851 1336 3039 1378 omnes
3061 1322 3308 1380 homines
3329 1325 3506 1381 salvos
3532 1326 3667 1382 fieri.
3706 1346 3725 1382 ι

2150 1409 2230 1465 Ac
2251 1425 2349 1480 per
2375 1411 2477 1466 hoc
2490 1426 2610 1466 cum
2631 1412 2873 1469 audimus
2890 1423 2944 1469 et
2968 1414 3023 1469 in
3038 1418 3206 1471 sacris
3224 1417 3440 1476 Litteris
3470 1418 3691 1490 legimus
3712 1462 3728 1487 ,

2151 1502 2295 1572 quod
2321 1504 2448 1559 velit
2473 1519 2662 1561 omnes
2685 1504 2929 1561 homines
2952 1508 3129 1563 salvos
3159 1509 3273 1564 ﬁeri
3295 1550 3309 1573 ,
3339 1513 3585 1581 quamvis
3610 1527 3733 1568 cer-

2153 1603 2267 1651 tum
2292 1596 2362 1651 sit
2403 1597 2555 1653 nobis
2594 1614 2702 1656 non
2742 1615 2928 1656 omnes
2965 1600 3207 1657 homines
3235 1603 3412 1658 salvos
3439 1605 3590 1674 fieri,
3628 1622 3735 1663 non

2156 1695 2334 1742 tamen
2356 1689 2477 1743 ideo
2502 1688 2761 1745 debemus
2786 1691 3322 1760 omnipotentissimae
3347 1695 3439 1748 Dei
3471 1697 3739 1754 voluntati

2155 1778 2353 1849 aliquid
2394 1778 2683 1850 derogare;
2715 1781 2809 1836 sed
2850 1781 2919 1836 ita
2954 1783 3250 1854 intelligere
3295 1786 3437 1854 quod
3477 1787 3739 1857 scriptum

2156 1877 2268 1937 est,
2298 1868 2396 1936 Qui
2420 1886 2592 1924 omnes
2621 1870 2847 1926 homines
2880 1873 2987 1926 vult
3013 1874 3177 1927 salvos
3208 1875 3348 1943 fieri,
3378 1884 3630 1946 tanquam
3658 1876 3743 1931 di-

2157 1968 2369 2015 ceretur
2394 1961 2601 2017 nullum
2620 1961 2896 2018 hominem
2918 1964 3032 2020 licri
3057 1965 3260 2021 salvum
3278 2007 3293 2034 ,
3317 1967 3419 2021 nisi
3440 1983 3599 2036 quem
3625 1968 3743 2025 ﬁeri

2158 2049 2275 2120 ipse
2315 2050 2714 2107 voluerit:non
2757 2054 2901 2123 quod
2948 2055 3125 2110 nullus
3177 2057 3247 2111 sit
3295 2056 3602 2125 hominum,
3637 2058 3744 2117 nisi

2158 2157 2319 2213 quem
2348 2143 2553 2199 salvum
2600 2145 2716 2201 ﬁeri
2759 2146 2915 2213 velit;
2947 2145 3041 2202 sed
3084 2148 3228 2219 quod
3269 2149 3443 2205 nullus
3482 2150 3608 2218 ﬁat,
3642 2153 3745 2209 nisi

2160 2250 2319 2305 quem
2348 2237 2516 2302 velit;
2543 2246 2599 2293 et
2641 2237 2762 2293 ideo
2799 2238 2868 2293 sit
2905 2238 3173 2310 rogandus
3216 2250 3273 2295 ut
3316 2242 3475 2309 velit,
3502 2244 3622 2312 quia
3652 2258 3745 2300 ne-

2161 2343 2315 2384 cesse
2337 2337 2420 2383 est
2439 2328 2554 2384 ﬁeri
2574 2329 2620 2384 si
2651 2329 2894 2386 voluerit.
2924 2330 2999 2385 De
3024 2331 3226 2385 orando
3255 2333 3451 2402 quippe
3486 2334 3595 2389 Deo
3621 2350 3748 2405 age-

2162 2422 2254 2477 bat
2272 2422 2557 2491 Apostolus
2580 2462 2597 2489 ,
2627 2430 2687 2477 ut
2706 2422 2808 2477 hoc
2831 2422 3054 2478 diceret.
3081 2422 3172 2479 Sic
3198 2425 3340 2480 enim
3365 2426 3742 2497 intelligimus,

2163 2522 2218 2569 et
2238 2514 2380 2584 quod
2411 2513 2466 2567 in
2492 2514 2788 2584 Evangelio
2818 2515 3073 2585 scriptum
3098 2525 3181 2571 est
3198 2557 3214 2584 ,
3241 2516 3341 2584 Qui
3363 2517 3615 2573 illuminat
3634 2537 3748 2574 om-

2164 2621 2278 2659 nem
2307 2605 2557 2659 hominem
2586 2605 2762 2677 (Joan.
2790 2622 2837 2674 ι,
2859 2606 2915 2677 9)
2938 2623 2953 2661 :
2979 2623 3084 2661 non
3114 2608 3237 2678 quia
3259 2610 3433 2665 nullus
3458 2618 3540 2665 est
3578 2610 3750 2665 homi-

2167 2714 2292 2754 num
2320 2699 2412 2768 qui
2438 2714 2546 2754 non
2566 2699 2918 2766 illuminetur,
2940 2700 3035 2756 sed
3061 2702 3182 2773 quia
3208 2703 3309 2757 nisi
3341 2704 3407 2759 ab
3434 2704 3549 2774 ipso
3574 2705 3751 2761 nullus

2166 2790 2516 2847 illuminatur.
2543 2793 2651 2847 Aut
2678 2801 2826 2849 certe
2853 2793 2931 2848 sic
2959 2792 3160 2850 dictum
3186 2803 3296 2859 est,
3334 2794 3434 2862 Qui
3457 2812 3627 2851 omnes
3653 2796 3750 2850 lio-

2166 2885 2325 2938 mines
2348 2884 2452 2939 vult
2476 2884 2640 2939 salvos
2665 2884 2809 2954 ﬁeri;
2826 2900 2937 2941 non
2951 2886 3093 2957 quod
3113 2887 3288 2945 nullus
3314 2887 3586 2942 hominum
3609 2897 3753 2944 esset

2170 2992 2332 3047 quem
2374 2978 2580 3032 salvum
2611 2977 2727 3032 fieri
2768 2978 2967 3047 nollet,
2994 2978 3085 3049 qui
3114 2979 3336 3035 virtutes
3374 2980 3754 3036 miraculorum

2112 3128 2119 3133 Α
2169 3069 2347 3126 facere
2366 3070 2539 3126 noluit
2563 3071 2705 3141 apud
2724 3086 2817 3127 eos
2836 3087 2970 3142 quos
2992 3071 3120 3126 dicit
3144 3081 3358 3128 acturos
3387 3073 3549 3129 fuisse
3576 3074 3753 3144 poeni-

2170 3162 2389 3216 tentiam
2417 3162 2461 3215 si
2489 3160 2705 3217 fecisset
2728 3180 2740 3215 :
2764 3162 2857 3217 sed
2885 3173 2943 3217 ut
2967 3179 3136 3217 omnes
3157 3163 3384 3218 homines
3404 3180 3561 3220 omne
3585 3181 3755 3236 genus

2168 3249 2462 3306 humanum
2485 3250 2507 3282 ⁸
2536 3251 2891 3322 intelligamus
2920 3266 3015 3322 per
3040 3268 3400 3324 quascumque
3425 3254 3756 3313 differentias

478 3362 605 3404 men
633 3348 788 3403 bonae
811 3347 903 3401 Dei
925 3345 1178 3400 voluntati
1208 3344 1375 3413 pit-tas
1402 3341 1545 3396 illius
1575 3341 1752 3409 potius
1768 3346 2064 3405 consonat,
2095 3336 2100 3341 ’

481 3439 726 3510 quamvis
767 3437 910 3491 aliud
953 3436 1216 3499 volentis,
1249 3448 1406 3502 quam
1452 3431 1611 3501 hujus
1652 3430 1793 3485 idem
1840 3428 2067 3484 volentis

480 3528 748 3601 impietas.
787 3530 1013 3583 Tantum
1056 3528 1279 3581 interest
1318 3525 1443 3595 quid
1486 3523 1625 3579 velle
1670 3523 1908 3589 homini,
1938 3521 2066 3592 quid

482 3624 600 3682 Deo
621 3631 906 3694 congruat,
934 3631 989 3676 et
1024 3620 1088 3675 ad
1118 3634 1274 3690 quem
1298 3617 1467 3673 linem
1487 3631 1640 3670 suam
1668 3616 1893 3687 quisque
1920 3612 2068 3670 refe-
2124 3621 2130 3627 ‘

484 3727 573 3776 rat
591 3719 913 3773 voluntatem
934 3758 948 3780 ,
974 3700 1032 3769 ut
1052 3722 1142 3768 aut
1167 3711 1418 3782 probetur
1444 3719 1535 3765 aut
1558 3708 1906 3779 improbetur.
1932 3707 2070 3762 Nam

483 3811 628 3867 Deus
665 3808 919 3880 quasdam
963 3807 1264 3862 voluntates
1293 3819 1450 3870 suas,
1482 3802 1663 3873 utique
1692 3802 1857 3857 bonas
1882 3799 2070 3871 implet
2175 3802 2367 3873 linguis
2414 3801 2695 3869 omnibus,
2744 3802 2800 3856 in
2843 3803 3083 3857 moribus
3124 3802 3408 3868 omnibus,
3456 3804 3509 3857 in
3554 3803 3761 3858 artibus

484 3917 584 3972 per
612 3902 871 3957 malorum
899 3898 1171 3954 hominum
1212 3896 1509 3952 voluntates
1550 3894 1716 3949 malas
1749 3911 1762 3947 :
1796 3893 1931 3949 sicut
1973 3907 2072 3962 per

486 3991 703 4048 Iudaeos
745 3990 1039 4046 malevolos
1081 3989 1220 4044 bona
1262 3987 1534 4043 voluntate
1572 3985 1747 4040 Patris
1775 3999 1872 4055 pro
1915 3983 2070 4039 nobis

487 4081 732 4138 Christus
755 4082 964 4136 occisus
989 4089 1101 4144 est;
1124 4078 1263 4149 quod
1294 4085 1496 4132 tantum
1522 4076 1719 4131 bonum
1750 4075 1944 4130 factum
1964 4082 2069 4141 εει,
2110 4066 2141 4151 ’ξ
2177 4090 2230 4135 et
2257 4081 2302 4134 si
2325 4079 2451 4151 quid
2479 4079 2623 4135 aliud
2645 4079 3065 4135 dilferentiarum
3086 4090 3168 4134 est
3192 4080 3245 4134 in
3277 4079 3601 4136 hominibus.
3624 4079 3762 4147 Quid

488 4182 549 4229 ut
576 4172 848 4241 apostolus
877 4172 1063 4224 Petrus
1097 4169 1312 4238 quando
1349 4167 1402 4222 id
1428 4167 1543 4221 ﬁeri
1585 4165 1827 4228 nolebat,
1857 4173 2072 4221 satanas

2171 3341 2541 3408 distributum,
2568 3356 2752 3412 reges,
2785 3341 3020 3412 privatos
3041 3384 3057 3410 ,
3086 3342 3323 3410 nobiles,
3358 3344 3638 3415 ignobiles,
3665 3360 3760 3400 su-

2128 3508 2133 3518 ,
2171 3434 2381 3503 blimes,
2414 3433 2669 3500 humiles,
2698 3432 2917 3499 doctos,
2946 3433 3220 3503 indoctos,
3254 3435 3445 3505 integri
3482 3436 3754 3507 corporis,

2136 3526 2408 3590 ﬁdebiles,
2462 3525 2800 3596 ingeniosos,
2864 3525 3220 3593 tardicordes,
3271 3526 3481 3597 fatuos,
3527 3528 3756 3597 divites,

2174 3631 2463 3689 pauperes,
2517 3615 2845 3685 mediocres,
2905 3632 3123 3686 mares,
3174 3617 3433 3685 feminas,
3490 3616 3756 3685 infantes,

2125 3763 2136 3797 ἦ
2173 3724 2403 3780 pueros,
2434 3706 2832 3774 adolescentes,
2874 3708 3134 3778 juvenes,
3164 3709 3437 3776 seniores,
3480 3724 3667 3775 senes;
3703 3709 3758 3766 in

2122 3900 2133 3969 ς
2174 3895 2422 3951 omnibus
2444 3937 2459 3962 ,
2492 3894 2546 3949 in
2574 3892 2995 3965 professionibus
3035 3895 3312 3960 omnibus,
3343 3895 3397 3949 in
3428 3894 3762 3951 voluntatum

2124 3979 2141 4031 Ϊ
2177 3997 2231 4044 et
2254 3990 2705 4044 conscientiarum
2734 3989 2991 4043 varietate
3017 3989 3391 4044 innumerabili
3416 3989 3758 4059 constitutos,

490 4264 560 4318 ab
588 4264 704 4333 ipso
725 4263 815 4331 qui
832 4260 1002 4314 occidi
1020 4269 1240 4312 venerat
1264 4258 1534 4312 diceretur
1562 4254 1776 4326 (Matth.
1808 4272 1926 4320 xw,
1947 4255 2067 4329 25).
2104 4266 2107 4267 '

491 4354 661 4421 Quam
690 4352 846 4406 bonae
869 4349 1195 4421 apparebant
1222 4349 1520 4403 voluntates
1557 4347 1767 4415 piorum
1799 4346 2070 4417 ﬁdelium,
2128 4352 2132 4356 ‘

492 4447 582 4517 qui
622 4444 874 4501 nolebant
911 4442 1209 4513 apostolum
1241 4440 1461 4494 Paulum
1490 4437 1788 4493 Jerusalem
1815 4453 2069 4508 pergere,

490 4552 560 4593 ne
604 4536 675 4591 ibi
704 4541 975 4605 pateretur
1012 4532 1184 4598 mala,
1212 4545 1333 4601 qua:
1378 4529 1593 4600 Agabus
1634 4527 1891 4599 propheta
1931 4544 2075 4599 prae-

491 4624 699 4683 dixerat
728 4626 865 4698 (Act.
892 4640 988 4680 xxi
1007 4665 1023 4691 ,
1057 4620 1280 4694 1042)?
1307 4628 1361 4675 et
1404 4628 1581 4675 tamen
1611 4619 1751 4675 Deus
1777 4620 1892 4675 haec
1926 4618 2077 4674 illum

491 4719 602 4790 pati
630 4716 842 4773 volebat
888 4730 983 4785 pro
1012 4712 1374 4769 annuntianda
1405 4711 1512 4767 ﬁde
1551 4711 1782 4778 Christi,
1819 4725 2077 4767 exercens

491 4819 786 4883 martyrem
821 4808 1039 4865 Christi.
1080 4806 1263 4878 Neque
1291 4807 1450 4862 istam
1480 4805 1497 4837 ¹
1521 4804 1717 4862 bonam
1744 4804 2075 4861 voluntatem

492 4918 644 4961 suam
673 4901 911 4973 implevit
944 4913 1044 4970 per
1078 4896 1502 4954 Christianorum
1543 4896 1847 4953 voluntates
1874 4896 2072 4965 bonas,

494 5086 627 5142 baut
662 5084 754 5153 qui
791 5083 1045 5139 nolebant
1067 5080 1210 5154 quod
1241 5080 1486 5150 volebat,
1517 5095 1675 5150 quam
1702 5079 1777 5134 illi
1817 5094 1915 5149 per
1941 5091 2074 5149 quos

493 5177 736 5234 volentes
763 5174 959 5231 factum
985 5183 1068 5231 est
1091 5173 1234 5247 quod
1262 5174 1501 5239 volebat;
1527 5171 1653 5242 quia
1688 5172 1917 5242 idipsum
1955 5169 2074 5242 qui;

2100 4548 2137 4693 ἃ

2180 4180 2261 4226 est
2285 4171 2428 4226 enim
2451 4186 2635 4225 eorum
2657 4168 2799 4225 unde
2824 4184 2930 4225 non
2958 4171 3097 4226 Deus
3124 4184 3220 4239 per
3248 4169 3590 4241 Unigenitum
3606 4185 3763 4226 suum

2182 4264 2463 4318 Dominum
2490 4274 2730 4319 nostrum
2756 4277 2854 4333 per
2882 4277 3069 4318 omnes
3097 4272 3282 4333 gentes
3308 4261 3487 4317 salvos
3518 4262 3631 4316 lieri
3658 4260 3761 4316 ho-

2181 4354 2352 4411 mines
2381 4356 2543 4420 velit,
2576 4365 2631 4411 et
2666 4355 2787 4410 ideo
2826 4354 2983 4409 faciat
3008 4354 3051 4420 ‘,
3082 4356 3205 4424 quia
3255 4355 3595 4425 omnipotens
3622 4353 3765 4410 velle

2183 4447 2412 4502 inaniter
2449 4462 2555 4502 non
2585 4455 2762 4516 potest
2798 4445 3172 4516 quodcumque
3200 4446 3459 4499 voluerit?
3489 4443 3769 4514 Praecepe-

2182 4549 2266 4593 rat
2293 4540 2436 4594 enim
2463 4538 2750 4608 Apostolus
2776 4546 2833 4592 ut
2857 4546 3101 4592 oraretur
3129 4553 3219 4609 pro
3260 4536 3521 4590 omnibus“
3543 4536 3767 4591 homini-

2141 4614 2273 4697 δότω
2298 4675 2313 4697 ,
2371 4639 2425 4687 et
2450 4600 2753 4701 specialiter
2776 4628 3052 4683 addiderat
3076 4600 3167 4699 pro
3204 4628 3401 4699 regibus
3434 4636 3480 4682 et
3516 4627 3577 4681 iis
3602 4628 3690 4697 qui
3714 4628 3769 4681 in

2182 4726 2491 4781 sublimitate
2521 4732 2667 4789 sunt,
2695 4722 2784 4792 qui
2815 4720 2991 4792 putari
3019 4731 3300 4791 poterant,
3330 4719 3467 4775 fastu
3494 4728 3547 4775 et
3584 4736 3771 4789 super-

2181 4817 2268 4873 bia
2298 4816 2542 4872 saeculari
2571 4829 2602 4869 a
2639 4813 2762 4868 fidei
2791 4813 3098 4868 christiana:
3127 4812 3425 4867 humilitate
3454 4811 3768 4867 abhorrere.

868 4903 911 4991 ηίι
944 4913 1044 4970 Per
1078 4903 1502 4991 θητίείίθηοΐιξπι
1543 4903 1847 4953 mmmam
1876 4903 2072 4965 δοηθεν
2114 4940 2136 4991 χ
2183 4910 2414 4967 Proinde
2442 4908 2657 4975 dicens,
2693 4905 2807 4961 Hoc
2846 4907 2976 4961 enim
3016 4907 3294 4961 bonumest
3324 4921 3493 4958 coram
3522 4903 3775 4957 salvatore

496 4996 592 5053 sed
618 5011 717 5066 per
750 4988 1057 5051 Judieorum
1082 4991 1250 5047 malas
1274 5008 1286 5045 :
1307 4999 1362 5047 et
1385 4988 1453 5045 ad
1481 5005 1603 5046 eum
1634 4989 1810 5060 potius
1836 4988 2075 5059 pertine—
2128 4980 2137 4999 ¹

495 5268 651 5336 dem,
678 5267 774 5324 sed
800 5267 916 5337 ipse
938 5281 1035 5338 per
1065 5280 1161 5325 eos
1197 5265 1336 5323 bona
1354 5306 1372 5332 ,
1399 5264 1477 5321 illi
1503 5271 1682 5321 autem
1704 5263 1845 5320 mala
1881 5262 2075 5322 volun-
2139 5302 2143 5306 ι

493 5370 604 5419 tate
628 5360 886 5417 fecerunt.

470 5561 751 5616 nunquam
794 5544 964 5612 mala,
1025 5540 1129 5596 sive
1173 5537 1489 5608 misereatur,
1532 5539 1635 5594 sive
1695 5536 1927 5593 obduret.
1968 5532 2077 5592 Sed

497 5635 842 5707 quantaelibet
869 5638 976 5693 sint
999 5632 1305 5691 voluntates
1329 5633 1416 5688 vel
1443 5629 1756 5703 angelorum
1782 5630 1872 5690 vel
1895 5627 2073 5688 homi-

566 5750 587 5782 ι
610 5750 808 5804 sicuss.
835 5742 1683 5814 Attov.etArn..nequsenimists.

2184 5009 2353 5055 nostro
2380 4998 2485 5053 Deo
2506 5040 2520 5066 ,
2564 4998 2618 5053 id
2645 5005 2761 5065 est,
2790 5005 2849 5052 ut
2877 4998 3037 5053 etiam
3068 5011 3164 5066 pro
3192 4995 3384 5050 talibus
3410 5002 3625 5057 oretur;
3659 5002 3771 5046 sta-

2185 5097 2278 5150 tim
2323 5103 2383 5150 ut
2420 5093 2847 5164 desperationem
2900 5091 3141 5155 tolleret,
3170 5086 3407 5153 addidit,
3452 5084 3553 5151 Qui
3598 5100 3774 5139 omnes

2185 5187 2409 5244 homines
2434 5186 2539 5241 vult
2580 5185 2744 5240 salvos
2771 5183 2882 5253 ﬁeri
2900 5223 2913 5244 ,
2940 5189 2985 5236 et
3011 5181 3064 5234 in
3092 5178 3401 5250 agnitionem
3426 5175 3649 5229 veritatis
3677 5190 3767 5228 ve-

2248 5306 2265 5336 ι
2300 5301 2497 5363 Quidam
2519 5299 2647 5363 libri,
2684 5310 2794 5363 qua

2247 5369 2269 5400 '
2301 5350 2431 5422 ibi,
2456 5360 2571 5425 quia
2583 5350 2720 5425 ju'su'z
2748 5364 2835 5425 est.
2861 5357 2946 5407 Alii
2967 5354 3179 5425 codices,
3202 5350 3457 5425 quwjusta
3475 5353 3563 5425 est.

568 5450 794 5508 CAPUT
836 5448 945 5506 Cll.
983 5477 1059 5493 -
1105 5444 1356 5503 Voluntas
1401 5446 1502 5503 Dei
1544 5447 1736 5503 invicta
1782 5461 2000 5517 semper,
2026 5453 2077 5500 et

2249 5429 2270 5461 ³
2302 5412 2521 5477 homith
2560 5412 2665 5475 nIss.
2699 5422 2962 5485 omitt.unt,_
2986 5412 3282 5485 humanum;
3321 5412 3384 5464 ἐι
3422 5412 3619 5477 quidam
3660 5421 3776 5460 cum

2187 5476 2403 5541 editione
2426 5487 2605 5545 Danazi,
2633 5486 2739 5547 ejus
2762 5482 2869 5532 loco
2889 5481 3089 5547 habent,
3106 5476 3368 5528 hominum.

2249 5551 2270 5582 δ
2303 5558 2432 5600 Unus
2453 5562 2483 5597 e
2505 5540 2741 5596 Vaticanis
2763 5553 2890 5603 Mss,
2914 5540 3018 5608 ﬁat.
