4124 6206
261 270 359 336 981

260 398 373 453 nire
394 394 438 469 (Ι
467 393 603 451 Tim.
632 409 694 463 ιι,
717 391 860 464 1-4).
892 388 1007 448 Hoc
1026 387 1221 461 quippe
1250 387 1391 443 Deus
1422 388 1616 442 bonum
1644 384 1851 456 judica-

258 491 370 556 vit,
393 497 447 544 ut
468 486 803 544 orationibus
830 483 1109 540 humilium
1136 482 1446 552 dignaretur
1471 479 1691 534 salutem
1718 492 1854 547 prte-

260 592 406 641 stare
429 580 743 639 sublimium
764 597 777 633 :
800 578 941 651 quod
960 578 1143 647 utique
1161 577 1271 644 jam
1287 573 1529 629 videmus
1554 570 1850 641 impletum.

260 676 370 733 Isto
394 673 682 730 locutionis
706 670 869 728 modo
899 678 955 726 et
978 668 1235 725 Dominus
1264 676 1343 722 est
1374 680 1504 720 usus
1534 665 1586 718 in
1609 664 1851 733 Evange-

258 769 335 825 lio
352 810 371 837 ,
398 767 489 823 ubi
526 767 603 822 ait
629 763 917 821 Pharismis
941 803 956 829 ,
991 760 1263 815 Decimatis
1289 767 1507 812 mentum
1530 799 1545 825 ,
1578 764 1624 809 et
1649 763 1816 809 rutam
1835 796 1850 819 ,

258 869 310 916 et
338 877 486 914 omne
515 859 628 913 olus
655 856 806 929 (Luc.
848 871 936 922 ιιι,
976 852 1092 925 42).
1123 851 1304 922 Neque
1332 850 1476 906 enim
1507 846 1760 903 Phariszni
1801 855 1855 900 et

258 966 614 1025 quaecumque
637 950 812 1005 aliena
839 956 894 1004 et
930 946 1168 1001 omnium
1194 959 1291 1015 per
1317 957 1507 999 omnes
1529 949 1699 997 terras
1721 938 1853 993 alie-

259 1047 575 1117 nigenarum
604 1043 785 1099 omnia
827 1040 971 1095 olera
1016 1036 1372 1093 decimabant.
1399 1033 1547 1090 Sicut
1592 1047 1719 1102 ergo
1766 1029 1853 1084 hic

262 1156 412 1198 anule
434 1141 549 1194 olus
567 1178 585 1206 ,
612 1151 773 1193 omne
800 1134 1005 1191 olerum
1027 1147 1228 1203 genus;
1254 1130 1324 1183 ita
1355 1136 1409 1183 et
1426 1127 1538 1181 illic
1566 1140 1735 1180 omnes
1759 1124 1854 1176 Ito-

261 1233 460 1298 mines,
492 1245 652 1287 omne
675 1227 954 1284 hominum
985 1239 1154 1296 genus
1193 1221 1491 1292 intelligere
1529 1232 1811 1289 possumus
1837 1235 1850 1269 :

263 1335 316 1383 et
337 1338 679 1397 quocumque
703 1321 810 1377 alio
833 1318 994 1375 modo
1022 1315 1246 1386 intelligi
1275 1321 1489 1385 potest,
1517 1311 1643 1366 dum
1677 1322 1853 1365 tamen

263 1416 487 1472 credere
535 1428 642 1468 non
688 1426 944 1482 cogamur
985 1406 1181 1478 aliquid
1226 1405 1644 1473 omnipotentem
1688 1401 1853 1454 Deum

263 1509 499 1565 voluisse
522 1506 636 1562 fieri
655 1548 670 1574 ,
698 1504 1003 1572 facturaque
1030 1516 1136 1555 non
1161 1513 1307 1565 esse;
1340 1498 1429 1568 qui
1457 1497 1571 1550 sine
1598 1494 1718 1548 ullis
1743 1508 1857 1546 am-

264 1598 646 1672 biguitatibus,
674 1597 719 1651 si
748 1598 802 1650 in
827 1594 950 1648 caelo
974 1603 1021 1648 et
1046 1594 1099 1646 in
1132 1600 1285 1654 terra,
1318 1589 1455 1643 sicut
1479 1602 1602 1643 eum
1624 1585 1819 1640 veritas
1836 1584 1852 1613 ί

265 1700 466 1759 cantat,
506 1689 673 1744 omnia
725 1700 1051 1759 quaecumque
1098 1682 1289 1747 voluit,
1314 1681 1467 1750 fecit,
1497 1678 1668 1749 (Psal.
1699 1691 1852 1742 cxut,

266 1784 379 1858 Il),
413 1782 653 1853 profecto
676 1780 853 1836 facere
881 1777 1053 1832 uoluit
1077 1775 1447 1847 quodcumque
1470 1787 1576 1827 non
1604 1770 1745 1825 fecit.

332 1874 563 1932 CAPUT
603 1873 736 1929 CIV.
779 1902 850 1912 -—
873 1870 964 1924 ‘28.
1002 1868 1130 1934 Qua:
1159 1866 1308 1940 fuerit
1352 1865 1582 1920 voluntas
1612 1862 1706 1916 Dei
1736 1878 1857 1932 erga

265 1968 550 2029 Arionium,
598 1980 745 2035 quem
797 1970 1119 2032 peccaturum
1171 1958 1484 2030 prazsciebat.
1525 1956 1858 2023 Quapropter

266 2061 422 2118 etiam
446 2060 679 2131 primum
703 2057 973 2111 hominem
1004 2054 1144 2108 Deus
1166 2053 1220 2106 in
1248 2067 1307 2107 ea
1331 2050 1501 2104 salute
1522 2049 1573 2102 iu
1600 2064 1701 2117 qua
1723 2063 1856 2099 con-

266 2153 405 2208 ditus
451 2159 601 2218 erat,
647 2148 918 2217 custpdire
961 2147 1247 2212 voluisset,
1283 2158 1512 2213 eumque
1559 2149 1858 2210 opportuno

267 2256 506 2317 tempore
545 2253 666 2316 post
694 2244 904 2314 genitos
932 2240 1070 2295 ﬁlios
1096 2241 1212 2293 sine
1238 2236 1643 2307 interpositione
1673 2234 1859 2287 mortis

265 2337 330 2393 ad
358 2338 584 2393 meliora
613 2335 905 2407 perducere
925 2375 941 2400 ,
976 2331 1062 2386 ubi
1088 2331 1199 2401 jam
1242 2345 1348 2384 non
1379 2328 1553 2384 solum
1584 2332 1857 2395 peccatum

265 2445 369 2485 non
395 2432 417 2462 ³
442 2428 814 2492 committere,
843 2425 936 2479 scd
970 2439 1068 2477 nec
1091 2423 1415 2476 voluntatem
1450 2427 1631 2488 posset
1659 2416 1859 2469 habere

269 2520 558 2591 peccandi,
606 2519 651 2573 si
698 2517 763 2571 ad
815 2513 1236 2585 permanendum
1281 2512 1396 2565 sine
1444 2516 1690 2579 peccato,
1721 2506 1862 2561 sicut

266 2612 435 2666 lactus
479 2618 636 2674 erat,
668 2615 976 2678 perpetuam
1020 2607 1345 2660 voluntatem
1389 2602 1692 2656 habiturum
1741 2612 1861 2652 esse

268 2702 591 2770 pra-scisset.
625 2700 758 2767 Quia
786 2715 913 2753 vero
949 2713 1071 2753 eum
1099 2696 1236 2749 male
1264 2708 1482 2748 usurum
1515 2690 1683 2745 libero
1713 2688 1857 2743 arbi-

270 2796 402 2860 trio,
430 2796 535 2850 hoc
578 2803 661 2849 est
705 2802 1047 2862 peccaturum
1092 2805 1210 2845 esse
1262 2785 1611 2861 praesciebat,
1641 2783 1708 2837 ad
1758 2783 1861 2837 hoc

269 2888 445 2956 potius
472 2886 795 2956 praeparavit
820 2884 1148 2938 voluntatem
1181 2895 1360 2945 suam,
1390 2888 1447 2933 ut
1472 2879 1608 2933 bene
1637 2877 1751 2947 ipse
1778 2875 1859 2929 fa-

268 2988 412 3034 ceret
438 2979 600 3033 etiam
626 2977 695 3032 de
726 2960 863 3031 male
893 2975 1150 3040 faciente,
1183 2988 1245 3027 ac
1290 2972 1368 3026 sic
1410 2968 1642 3025 hominis
1667 2969 1860 3022 volun-

271 3080 375 3125 tate
400 3071 540 3125 mala
572 3086 679 3124 non
712 3077 1082 3132 evacuaretur,
1114 3065 1209 3121 sed
1232 3063 1579 3119 nihilominus
1610 3060 1861 3131 implere-

273 3171 357 3216 tur
381 3161 763 3231 omnipotentis
790 3160 949 3214 bona.
1778 3217 1783 3221 ρ

338 3253 566 3310 CAPUT
608 3253 720 3308 CV.
753 3283 825 3293 —-
860 3252 1105 3306 Voluntas
1130 3250 1349 3305 hominis
1372 3248 1440 3302 ad
1469 3247 1651 3301 bonum
1680 3253 1726 3301 et
1752 3261 1862 3299 ma-

271 3346 373 3401 lum
396 3348 544 3401 aliter
573 3346 729 3401 libera
757 3346 810 3399 in
837 3346 999 3415 primo
1043 3353 1214 3410 statu,
1247 3342 1393 3396 aliter
1438 3343 1491 3395 in
1533 3340 1731 3394 ultimo.
1773 3337 1863 3394 Sic

269 3441 407 3494 enim
437 3440 719 3511 oportebat
748 3438 891 3507 prius
921 3436 1189 3490 hominem
1218 3434 1329 3489 fieri
1350 3475 1366 3500 ,
1396 3441 1454 3488 ut
1482 3441 1536 3488 et
1566 3432 1702 3487 bene
1725 3430 1861 3486 velle

268 3541 475 3601 posset,
502 3542 560 3585 ct
585 3530 759 3595 male;
802 3545 900 3584 nec
926 3530 1111 3599 gratis,
1144 3527 1190 3581 si
1219 3527 1386 3590 bene;
1416 3540 1515 3580 nec
1542 3526 1787 3595 impune,
1815 3523 1861 3578 si

269 3624 406 3679 male
433 3643 445 3678 :
479 3632 664 3694 postea
689 3637 817 3677 vero
847 3622 922 3676 sic
951 3621 1075 3685 erit,
1108 3628 1165 3673 ut
1191 3618 1328 3673 male
1356 3617 1493 3672 velle
1524 3632 1628 3672 non
1658 3616 1856 3687 possit;

269 3731 367 3771 nec
389 3717 508 3772 ideo
533 3717 705 3771 libero
735 3715 935 3771 carebit
959 3713 1202 3767 arbitrio.
1227 3711 1392 3765 Multo
1420 3711 1616 3780 quippe
1638 3708 1858 3762 liberius

268 3812 368 3866 erit
395 3812 711 3877 arbitrium,
737 3808 879 3880 quod
906 3809 1128 3864 omnino
1154 3822 1260 3861 non
1290 3806 1484 3876 poterit
1514 3805 1715 3860 servire
1736 3819 1860 3874 pec-

268 3910 407 3956 cato.
436 3901 621 3972 Neque
646 3901 789 3956 enim
829 3899 1089 3970 culpanda
1130 3907 1211 3953 est
1240 3898 1516 3962 voluntas,
1547 3906 1639 3950 aut
1665 3896 1860 3950 volun-

267 3999 350 4047 tas
377 4008 482 4047 non
525 4000 642 4057 est,
668 4001 761 4046 aut
793 3990 961 4046 libera
1005 3988 1229 4045 dicenda
1275 4003 1379 4042 non
1425 3995 1540 4053 est,
1573 4001 1676 4056 qua
1718 3985 1859 4040 beati

264 4097 391 4138 esse
417 4082 497 4136 sic
520 4082 799 4148 volumus,
831 4091 888 4134 ut
914 4095 1033 4134 esse
1060 4078 1239 4134 miseri
1271 4093 1376 4132 non
1406 4077 1580 4131 solum
1602 4075 1856 4139 nolimus,

264 4174 366 4231 sed
413 4188 739 4244 nequaquam
779 4187 1000 4244 prorsus
1028 4171 1165 4226 velle
1204 4169 1491 4240 possimus.
1541 4166 1690 4222 Sicut
1730 4180 1859 4236 ergo

264 4268 445 4322 anima
472 4276 655 4321 nostra
680 4268 837 4322 etiam
860 4280 1001 4320 nunc
1027 4265 1170 4320 nolle
1198 4261 1589 4327 infelicitatem,
1618 4261 1689 4315 ita
1715 4260 1859 4316 nolle

266 4359 600 4429 iniquitatem
649 4374 862 4428 semper
907 4356 1152 4412 habitura
1195 4363 1297 4411 est.
1330 4354 1437 4410 Sed
1470 4353 1602 4410 ordo
1630 4362 1858 4423 praeter-

266 4452 561 4508 mittendus
606 4468 713 4507 non
761 4451 892 4518 fuit,
922 4451 974 4505 iu
1020 4466 1127 4521 quo
1178 4450 1320 4505 Deus
1364 4449 1530 4505 voluit
1575 4447 1859 4502 ostendere

266 4559 427 4614 quam
468 4543 671 4599 bonum
719 4543 790 4597 sit
830 4541 1026 4595 animal
1068 4541 1329 4595 rationale
1371 4539 1515 4611 quod
1559 4540 1719 4595 etiam
1751 4553 1857 4593 non

265 4649 492 4706 peccare
540 4634 708 4705 possit
739 4633 780 4699 ³,
810 4633 1058 4703 quamvis
1103 4632 1174 4686 sit
1221 4632 1412 4687 melius
1452 4630 1593 4702 quod
1637 4645 1860 4702 peccare

264 4743 371 4782 non
394 4727 565 4797 possit
596 4742 609 4777 :
639 4724 778 4780 sicut
800 4725 973 4779 minor
993 4724 1090 4779 fuit
1119 4724 1491 4779 immortalitas
1512 4765 1525 4789 ,
1559 4723 1655 4778 sed
1683 4732 1859 4778 tamen

265 4819 397 4886 fuit,
429 4820 485 4873 in
528 4834 632 4888 qua
677 4827 857 4887 posset
884 4818 1043 4871 etiam
1074 4832 1182 4871 non
1209 4818 1343 4873 mori
1365 4859 1378 4883 ,
1409 4817 1655 4888 quamvis
1690 4816 1861 4888 major

261 4912 438 4968 futura
470 4911 540 4965 sit
568 4911 619 4964 in
652 4926 754 4980 qua
776 4926 880 4965 non
911 4910 1078 4980 possit
1106 4910 1260 4964 mori.

329 5005 565 5063 CAPUT
605 5004 737 5059 CVI.
757 5034 826 5043 —
852 5002 1036 5058 Libero
1080 5004 1289 5057 arbitrio
1311 5005 1478 5074 gratia
1504 5006 1783 5058 necessaria
1806 5004 1860 5058 in

260 5103 428 5173 primo
452 5109 501 5154 et
522 5097 745 5154 secundo
788 5108 943 5152 statu.
996 5097 1144 5153 Illam
1167 5096 1243 5168 (a)
1266 5105 1452 5152 natura
1483 5096 1713 5152 humana
1736 5112 1860 5167 per-

321 5256 339 5285 ι
373 5253 456 5301 sic
476 5258 586 5299 uss.
612 5249 729 5298 Editi
750 5261 888 5309 vero,
904 5250 1029 5301 sicut
1049 5254 1097 5300 et
1116 5246 1310 5300 veritas.

317 5318 340 5347 ³
376 5315 550 5371 Abest,
578 5324 692 5369 non,
713 5311 777 5360 ab
797 5313 1021 5363 omnibus
1041 5324 1199 5374 prope,
1217 5318 1325 5363 Mss.

318 5379 341 5409 ³
375 5383 485 5439 Arn.
510 5376 588 5421 Fr.
613 5380 729 5421 Dan.
756 5379 806 5422 et
829 5379 960 5439 pom,
987 5372 1114 5439 quod
1134 5372 1280 5439 etiam
1302 5387 1503 5439 peccare
1517 5377 1692 5439 possit;
1716 5380 1858 5430 etin-

249 5439 342 5498 fra,
368 5437 423 5488 in
459 5448 561 5499 qua
593 5441 750 5502 posset
777 5434 924 5502 etiam
944 5434 1109 5502 mori:
1143 5434 1320 5486 omissa
1341 5434 1557 5499 negante
1595 5434 1857 5502 particula;

424 5494 648 5570 utroque
795 5497 846 5545 in
878 5496 1126 5560 plerisque
1155 5506 1258 5548 Mss.
1282 5494 1573 5563 reperimus,
1596 5494 1786 5553 hecnon
1807 5494 1857 5554 iii

249 5557 484 5614 editione
507 5557 718 5607 Arualdi.

312 5625 392 5688 (a)
428 5626 631 5670 Frustra
644 5626 814 5670 monet
833 5621 1113 5673 Lambertus
1131 5630 1330 5675 Demens
1348 5632 1406 5675 ut
1430 5623 1569 5677 Illam
1589 5625 1859 5680 referamus

246 5687 309 5738 ad
328 5684 654 5736 voluntatem
693 5682 931 5738 hominis.
967 5685 1031 5734 de
1062 5698 1157 5738 (tua
1192 5689 1430 5738 suneriori
1466 5690 1644 5738 canite.
1691 5694 1857 5738 Verior

246 5696 309 5738 ad
328 5696 654 5736 votuntatem
693 5696 931 5742 nomtms,
967 5696 1031 5734 ae
1062 5698 1157 5748 qua
1192 5696 1430 5748 superiori
1466 5696 1644 5750 capite.
1691 5696 1857 5743 Verior

245 5750 384 5802 Petri
430 5743 693 5797 Lombardi
722 5745 1063 5808 interpretatio
1100 5749 1170 5799 sic
1190 5747 1348 5800 locum
1368 5751 1560 5802 citantis
1590 5750 1852 5820 ἱιιὲδειιιη

1686 256 1889 320 LIBER
1928 254 2127 325 vivus.

3439 278 3548 350 ess

1965 386 2097 444 didit
2119 404 2214 458 per
2233 391 2456 449 liberum
2490 395 2766 453 arbitrium
2793 416 2807 466 ;
2840 398 2977 457 hanc
2999 409 3081 458 est
3127 411 3407 473 acceptura
3441 421 3540 475 per

1962 483 2207 551 gratiam,
2235 500 2390 554 quam
2414 486 2605 557 fuerat,
2638 491 2683 545 si
2712 507 2814 546 non
2838 502 3421 565 peccasset,acceptura
3449 511 3546 565 per

1961 575 2209 629 meritum
2244 595 2255 630 :
2304 581 2546 648 quamvis
2574 582 2689 637 sine
2714 586 2878 654 gratia
2915 600 3014 640 nec
3034 594 3158 641 tunc
3184 586 3347 642 ullum
3378 588 3548 642 meri-

1962 672 2076 720 tum
2100 683 2217 723 esse
2261 671 2535 740 potuisset.
2559 674 2689 741 Quia
2722 676 2820 731 etsi
2852 686 3125 747 peccatum
3154 679 3204 732 in
3235 679 3350 732 solo
3373 679 3543 736 libero

1961 759 2182 814 arbitrio
2207 772 2321 816 erat
2341 766 2703 834 constitutum,
2738 776 3037 825 nontamen
3062 768 3282 839 justitim
3305 771 3544 826 retinen-

1962 849 2045 904 da:
2091 853 2386 909 sufﬁciebat
2414 857 2637 912 liberum
2679 859 2975 925 arbitrium,
3006 861 3106 914 nisi
3129 861 3540 931 participatione

1962 944 2313 1003 immutabilis
2362 949 2485 1003 boni
2533 950 2769 1006 divinum
2819 953 3138 1022 adjutorium
3188 955 3544 1025 prteberctur.

1962 1036 2109 1093 Sicut
2129 1040 2269 1093 enim
2298 1043 2431 1095 mori
2476 1052 2555 1097 est
2586 1043 2636 1097 in
2667 1043 2898 1099 hominis
2944 1053 3206 1114 potestate
3251 1061 3369 1100 cum
3396 1046 3545 1112 velit,

1964 1146 2120 1185 nemo
2149 1142 2230 1186 est
2250 1134 2391 1187 enim
2416 1136 2501 1203 qui
2530 1149 2634 1189 non
2652 1136 2904 1205 seipsum,
2935 1145 2992 1191 ut
3018 1137 3147 1192 nihil
3173 1137 3314 1192 aliud
3344 1138 3542 1204 dicam,

1960 1224 2043 1277 vel
2072 1240 2176 1279 non
2194 1226 2458 1281 vescendo
2502 1228 2669 1297 possit
2696 1228 2980 1294 occidere;
3023 1229 3089 1284 ad
3113 1231 3274 1284 vitam
3310 1245 3439 1285 vero
3466 1240 3546 1284 te-

1962 1318 2190 1373 nendam
2216 1319 2459 1374 voluntas
2505 1335 2608 1374 non
2644 1321 2774 1375 satis
2801 1330 2904 1387 est,
2936 1321 2981 1376 si
3008 1321 3269 1391 adjutoria
3297 1322 3410 1378 sive
3450 1321 3549 1376 ali-

1963 1420 2261 1466 mentorum
2279 1412 2391 1466 sive
2408 1428 2861 1484 quormncumque
2879 1415 3192 1469 tutaminum
3214 1414 3390 1470 desint
3419 1430 3435 1470 ι
3466 1414 3545 1470 sic

1963 1504 2125 1558 homo
2151 1504 2204 1557 in
2247 1504 2492 1570 paradiso
2511 1503 2574 1559 ad
2607 1520 2665 1559 se
2692 1505 3043 1561 occidendum
3087 1504 3437 1576 relinquendo
3457 1506 3558 1575 ju-.

1963 1596 2159 1650 stitiam
2190 1594 2409 1650 idoneus
2431 1606 2546 1650 erat
2571 1612 2666 1666 per
2692 1596 3040 1663 voluntatem,
3072 1605 3130 1653 ut
3163 1606 3341 1654 autem
3385 1597 3453 1651 ab
3477 1613 3544 1653 eo

1965 1697 2240 1743 teneretur
2258 1690 2360 1743 vita
2385 1688 2622 1759 justitite,
2654 1705 2839 1760 parum
2866 1699 2983 1746 erat
3010 1690 3171 1754 velle.
3209 1690 3311 1746 nisi
3338 1689 3426 1746 ille
3450 1688 3543 1761 qui

1963 1794 2086 1833 eum
2104 1778 2301 1834 fecerat
2328 1779 2621 1848 adjuvaret.
2649 1779 2755 1836 Sed
2784 1790 2903 1850 post
2927 1781 3071 1836 illam
3118 1781 3326 1836 ruinam
3367 1778 3540 1850 maior

1963 1880 2047 1925 est
2066 1870 2429 1925 misericordia
2453 1871 2566 1935 Dei,
2595 1871 2806 1941 quando
2826 1880 2882 1928 et
2919 1872 3092 1942 ipsum
3121 1872 3399 1927 arbitrium
3430 1873 3447 1905 ¹
3478 1872 3548 1926 Ιί-

1963 1960 2255 2016 berandnm
2280 1970 2364 2016 est
2393 1976 2420 2015 a
2448 1964 2724 2028 servitute,
2757 1962 2844 2018 cui
2891 1962 3196 2018 dominatur
3218 1978 3342 2019 cum
3376 1971 3550 2018 morte

1964 2061 2259 2121 peccatum.
2292 2052 2400 2108 Nec
2442 2053 2662 2109 omnino
2707 2069 2802 2125 per
2842 2056 3102 2125 seipsum,
3132 2055 3226 2111 sed
3259 2071 3354 2126 per
3375 2055 3545 2132 solam

1966 2143 2057 2197 Dei
2084 2144 2325 2213 gratiam,
2350 2160 2469 2215 quae
2500 2145 2551 2198 in
2582 2144 2686 2200 fide
2713 2144 2912 2201 Christi
2932 2148 3102 2217 posita
3129 2155 3234 2215 est,
3255 2147 3547 2212 liberatur;

1964 2244 2023 2289 ut
2046 2237 2292 2291 voluntas
2330 2237 2462 2306 ipsa,
2491 2238 2629 2292 sicut
2658 2240 2919 2309 scriptum
2945 2247 3045 2306 est,
3070 2255 3102 2295 a
3144 2239 3371 2294 Domino
3411 2255 3551 2310 prte-

1966 2336 2179 2397 parelur
2205 2330 2223 2398 (
2252 2328 2407 2382 Prov.
2459 2346 2570 2396 Vill,
2596 2331 2687 2398 35,
2733 2348 2833 2386 sec.
2857 2330 3004 2387 LXX
3030 2332 3071 2403 ),
3092 2349 3194 2402 qua
3235 2342 3426 2388 caetera
3457 2332 3552 2389 Dei

1966 2436 2187 2476 munera
2257 2422 2570 2491 capiantur,
2632 2438 2727 2493 per
2772 2439 2892 2496 quae
2958 2425 3201 2481 veniatur
3239 2425 3304 2480 ad
3356 2440 3551 2480 munus

1967 2520 2247 2567 aeternum.

2037 2604 2263 2660 CAPUT
2302 2604 2457 2660 CVII.
2494 2636 2559 2649 -—-
2596 2605 2713 2661 Vita
2737 2615 2925 2662 (eterna
2946 2623 3134 2663 merces
3162 2617 3208 2662 et
3237 2616 3403 2663 tamen
3422 2625 3544 2679 gra-

1966 2696 2057 2749 tia.
2090 2694 2336 2752 Voluntas
2360 2696 2457 2751 Dei
2483 2698 2546 2752 de
2569 2700 2769 2754 homine
2812 2710 3047 2771 peccante
3081 2701 3306 2771 impleta.
3331 2701 3485 2758 Unde
3501 2710 3559 2756 et

1967 2787 2134 2858 ipsam
2164 2790 2326 2843 vitam
2379 2800 2657 2855 aeternam,
2688 2808 2806 2864 quae
2832 2802 2979 2849 certe
3007 2796 3027 2826 ³
3054 2809 3264 2850 merces
3308 2804 3391 2850 est
3419 2811 3552 2866 ope-

1965 2894 2086 2934 rum
2105 2880 2389 2950 bonorum,
2416 2884 2643 2953 gratiam
2671 2885 2762 2939 Dei
2790 2887 3027 2956 appellat
3071 2888 3362 2958 Apostolus
3394 2907 3406 2942 :
3442 2890 3553 2944 Sti-

1967 2971 2210 3042 pendium
2230 2974 2380 3039 enim,
2411 2974 2603 3045 inquit,
2628 2979 2819 3045 peccati
2856 2995 2993 3033 mors
3021 2996 3040 3045 ;
3066 2980 3229 3050 gratia
3274 2991 3439 3035 autem
3461 2980 3558 3037 Dei

1965 3063 2069 3116 vita
2092 3074 2282 3118 (eterna
2302 3065 2357 3118 in
2396 3064 2596 3121 Christo
2629 3067 2757 3121 Iesu
2795 3067 3024 3124 Domino
3053 3080 3226 3125 nostra
3252 3072 3269 3142 (
3301 3070 3455 3127 Rom.
3479 3089 3553 3139 vi,

1966 3151 2038 3207 25
2062 3153 2102 3223 ).
2133 3152 2464 3223 Stipendium
2489 3170 2587 3225 pro
2613 3172 2776 3226 opere
2802 3158 3008 3214 militia:
3032 3159 3267 3215 debitum
3291 3163 3551 3231 redditur,

1967 3260 2074 3300 non
2095 3243 2324 3300 donatur
2354 3264 2367 3299 :
2401 3246 2520 3302 ideo
2565 3246 2716 3314 dixit,
2776 3248 3100 3319 Stipendium
3148 3254 3340 3322 peccati
3375 3272 3555 3320 mors;

1966 3347 2025 3394 ut
2050 3347 2276 3394 mortem
2312 3350 2529 3410 peccato
2545 3356 2653 3397 non
2676 3342 2942 3398 immerito
2967 3344 3189 3412 illatam,
3210 3346 3303 3402 sed
3322 3346 3554 3404 debitam

1967 3431 2380 3488 demonstraret.
2417 3432 2598 3488 Gratia
2623 3449 2753 3491 vero
2800 3435 2903 3490 nisi
2923 3437 3087 3507 gratis
3112 3445 3216 3502 est,
3253 3439 3417 3509 gratia
3448 3457 3556 3497 non

1966 3533 2068 3579 est.
2093 3524 2497 3595 Intelligendum
2528 3535 2612 3582 est
2638 3527 2798 3598 igitur
2818 3528 2980 3584 etiam
3018 3529 3133 3601 ipsa
3161 3529 3391 3588 hominis
3418 3532 3556 3590 bona

1967 3616 2156 3671 merita
2194 3631 2314 3671 esse
2355 3617 2450 3672 Dei
2499 3633 2762 3685 munera;
2792 3620 2985 3691 quibus
3036 3636 3155 3676 cum
3200 3623 3305 3679 vita
3346 3634 3548 3681 mter-ua

1966 3707 2229 3775 redditur,
2253 3708 2380 3779 quid
2406 3709 2507 3764 nisi
2534 3712 2702 3780 gratia
2748 3726 2846 3781 pro
2886 3712 3055 3783 gratia
3084 3712 3324 3770 redditur
3351 3715 3544 3785 (Jomi.

1962 3816 2005 3868 ι,
2037 3801 2105 3855 16
2133 3799 2194 3872 )?
2215 3799 2302 3855 Sic
2330 3816 2459 3872 ergo
2503 3799 2673 3857 lactus
2697 3810 2781 3858 est
2810 3802 2975 3859 homo
3003 3812 3202 3870 rectus,
3224 3814 3351 3860 utet
3376 3822 3558 3860 mane-

1964 3894 2091 3947 rein
2119 3907 2181 3947 ea
2198 3892 2517 3948 rectitudine
2541 3902 2724 3962 posset
2752 3908 2858 3948 non
2885 3894 3001 3949 sine
3044 3894 3311 3963 adjutorio
3338 3895 3541 3964 divino,

1966 3994 2021 4041 et
2064 4002 2162 4041 suo
2189 3986 2306 4041 fieri
2361 4000 2645 4056 pervorsus
2698 3986 2944 4041 arbitrio.
3000 3985 3330 4044 Utrumlibet
3360 3989 3553 4047 horum

1966 4078 2236 4149 elegisset,
2269 4078 2368 4134 Dei
2417 4077 2664 4134 voluntas
2712 4078 2885 4147 fieret,
2914 4087 3008 4135 aut
3033 4079 3191 4136 etiam
3234 4080 3302 4136 ab
3328 4080 3439 4145 illo.
3466 4091 3558 4139 aut

1965 4182 2111 4230 certe
2125 4172 2194 4228 de
2214 4172 2325 4227 illo.
2353 4171 2582 4228 Proinde
2608 4172 2732 4244 quia
2770 4187 2920 4228 suam
2958 4173 3146 4229 maluit
3185 4172 3360 4230 facere
3391 4191 3551 4244 quant

1968 4267 2085 4337 Dei,
2109 4265 2177 4322 de
2207 4267 2296 4322 illo
2316 4264 2455 4323 facta
2480 4275 2564 4323 est
2584 4266 2830 4322 voluntas
2853 4266 2970 4335 Dei,
2993 4268 3083 4339 qui
3104 4283 3169 4324 ex
3196 4269 3382 4325 eadem
3414 4287 3558 4327 ιιιιιεο

1967 4374 2025 4415 sa
2077 4360 2412 4431 perditionis,
2440 4375 2561 4431 qua:
2611 4359 2679 4416 de
2733 4359 2879 4415 illius
2919 4361 3089 4431 stirpe
3117 4361 3392 4431 profluxit,
3429 4362 3555 4420 facit

1965 4452 2107 4507 aliud
2131 4466 2223 4507 vas
2248 4452 2299 4506 in
2331 4452 2613 4518 honorem,
2647 4452 2793 4507 aliud
2837 4452 2893 4506 in
2946 4455 3367 4525 contumeliam(
3400 4455 3550 4511 "om.

1967 4560 2043 4612 ix,
2071 4543 2135 4599 21
2169 4544 2188 4615 )
2220 4563 2233 4597 :
2265 4544 2317 4598 in
2342 4543 2625 4609 honorem,
2649 4558 2746 4613 per
2784 4543 3208 4598 misericordiam
3238 4561 3253 4610 ;
3287 4545 3337 4598 in
3368 4558 3558 4601 contu-

1967 4636 2203 4699 mellam,
2233 4649 2332 4704 per
2351 4634 2606 4702 judicium
2641 4650 2655 4686 :
2686 4641 2918 4689 utnemo
2943 4635 3201 4706 glorietur
3229 4635 3554 4706 inbomiuc;

1966 4741 2029 4781 ac
2059 4740 2152 4795 per
2176 4723 2300 4789 hoc,
2326 4736 2425 4777 nec
2450 4723 2504 4776 in
2533 4738 2614 4778 se.

2037 4814 2265 4871 CAPUT
2302 4812 2482 4869 CVIII.
2504 4842 2572 4854 —-
2601 4810 2688 4868 Ea:
2729 4813 2839 4869 Deo
2868 4815 3010 4869 salus
3058 4825 3250 4882 nostra,
3299 4818 3371 4870 ita
3397 4827 3557 4872 utnec

1968 4924 2058 4979 per
2083 4906 2337 4963 Christum
2357 4907 2708 4971 liberaremur,
2753 4908 2797 4961 si
2821 4923 2921 4961 non
2944 4916 3068 4963 esset
3094 4906 3249 4962 Deus.
3281 4908 3413 4963 Nam
3460 4926 3555 4965 nc-

1967 5016 2070 5071 que
2088 5015 2181 5071 per
2206 5000 2379 5069 ipsum
2408 5000 2759 5055 liberaremur
2804 5014 2971 5054 unum
2999 4998 3347 5055 Mcdiatorem
3378 5002 3469 5056 Dei
3503 5015 3556 5057 et

1966 5091 2241 5146 hominum
2275 5090 2546 5145 hominem
2590 5089 2773 5145 Iesum
2816 5088 3316 5161 Christum(ITim.
3351 5109 3409 5159 ιι,
3461 5096 3561 5165 δ),-

1967 5185 2070 5241 nisi
2095 5191 2241 5240 esset
2267 5192 2320 5239 et
2350 5183 2510 5238 Deus.
2542 5182 2652 5238 Sed
2705 5198 2827 5238 cum
2855 5181 3025 5239 factus
3054 5192 3137 5240 cst
3164 5184 3354 5251 Adam,
3400 5186 3559 5239 homo

1965 5276 2172 5333 scilicet
2198 5283 2398 5340 rectus,
2426 5273 2720 5329 mediatore
2754 5288 2861 5329 non
2877 5288 3012 5345 opus
3054 5286 3171 5331 erat
3190 5276 3231 5330 ³.
3258 5275 3389 5331 Cum
3428 5291 3558 5328 vero

1964 5386 2076 5436 dist.
2120 5384 2210 5443 29,
2252 5397 2357 5446 cap.
2386 5384 2446 5432 l:
2494 5382 2684 5443 «illam,
2742 5385 2926 5447 inquit,
2952 5385 3355 5436 immormlitalem
3393 5386 3438 5432 in
3466 5399 3559 5445 qna

1975 5466 1997 5495 ιι
2032 5453 2222 5509 poterat
2244 5460 2353 5509 non,
2376 5459 2499 5494 mort
2523 5453 2693 5495 natura
2723 5446 2962 5505 humana,
2992 5449 3197 5509 perdidit
3224 5461 3311 5508 per
3353 5446 3560 5495 liberum

1973 5527 1995 5556 ει
2027 5508 2279 5557 arbitrium
2304 5521 2315 5555 :
2342 5508 2465 5556 hanc
2490 5522 2607 5557 vero
2630 5510 2679 5557 in
2704 5522 2799 5570 qua
2824 5523 2919 5558 non
2939 5508 3116 5571 peterit
3141 5522 3279 5567 mort,
3304 5516 3559 5569 acceptura

1972 5590 1994 5617 α
2029 5577 2105 5619 est
2122 5584 2211 5632 per
2234 5572 2454 5632 gratiam,
2476 5586 2498 5613 ιο

2030 5635 2045 5665 ι
2084 5628 2135 5679 m‘
2157 5628 2368 5689 excusis,
2394 5628 2595 5681 liberum
2617 5631 2889 5684 arbitrium.
2920 5634 3082 5693 Abest,
3110 5632 3329 5694 liberum,
3350 5643 3376 5679 a
3400 5637 3506 5682 Mss.

2028 5698 2048 5726 ²
2086 5702 2185 5757 Arn.
2207 5701 2278 5740 Er.
2307 5702 2420 5741 Dan.
2449 5702 2499 5742 et
2522 5694 2705 5757 aliquot
2724 5704 2850 5753 Mssa,
2868 5700 3016 5744 certa.

2030 5758 2051 5790 ³
2082 5756 2272 5820 Aliquot
2293 5764 2397 5806 Mss.
2427 5770 2439 5805 :
2462 5757 2694 5809 mediator
2715 5756 2761 5810 ei
2782 5770 2875 5807 non
2896 5769 3014 5821 opus
3036 5762 3159 5807 erat.
