4124 6206
509 252 618 328 285

507 381 680 440 genus
703 362 990 433 humanum
1025 367 1244 437 peccata
1279 358 1437 430 longe
1464 355 1847 426 separaverunt
1888 361 1921 401 a
1958 343 2096 414 Deo,

508 475 608 531 per
627 457 994 521 Mediatorem,
1045 452 1133 523 qui
1179 451 1324 518 solus
1357 449 1472 503 sine
1511 451 1728 518 peccato
1777 445 1932 495 natus
1980 443 2094 504 est,

511 553 660 618 vixit,
691 551 896 604 occisus
937 556 1038 614 est,
1062 542 1391 600 reconciliari
1425 556 1520 595 nos
1559 534 1836 609 oportebat
1864 533 1974 587 Deo
2010 545 2102 584 us-

515 663 617 714 que
644 644 707 698 ad
744 642 919 700 carnis
948 638 1394 694 resurrectionem
1434 635 1484 686 in
1514 633 1673 686 vitam
1711 636 1965 683 :eternam
1993 642 2009 679 :
2037 631 2096 678 ut

517 737 744 790 lmmana
777 731 1024 802 superbia
1059 745 1154 802 per
1179 726 1528 781 humilitatem
1562 723 1651 778 Dei
1692 725 2002 791 argueretur
2038 731 2102 772 ac

511 836 809 901 Sanan-tur,
867 836 920 878 et
947 824 1406 876 demonstraretur
1455 814 1657 870 homini
1699 826 1857 884 quam
1887 810 2046 878 longe
2069 821 2099 860 a

513 922 620 976 Deo
657 925 981 977 recesserat,
1025 931 1143 970 cum
1175 929 1268 984 per
1312 912 1647 965 incarnalum
1679 906 1845 959 Deum
1877 914 2099 955 revoca-

510 1022 681 1076 retur,
717 1022 768 1064 el
795 1008 1098 1075 evemphun
1139 1002 1456 1060 obedientizc
1493 1015 1586 1070 per
1611 995 1881 1051 hominem
1931 991 2097 1048 Deum

509 1105 809 1162 contumaci
843 1101 1044 1158 homini
1101 1097 1426 1169 praibcretur
1457 1111 1472 1160 ;
1525 1101 1578 1145 et
1618 1085 1903 1158 Unigenito
1929 1083 2102 1137 susci-

511 1199 689 1270 piente
731 1196 954 1252 formam
985 1191 1149 1256 servi,
1181 1204 1300 1260 qua:
1331 1185 1459 1240 nihil
1496 1193 1620 1237 aute
1649 1183 1938 1240 meruerat,
1989 1173 2106 1227 fons

509 1267 690 1362 gratiae
738 1285 1184 1358 panderetur;et
1231 1277 1407 1334 carnis
1435 1275 1592 1329 etiam
1647 1267 1968 1326 resurrectio
2019 1281 2107 1319 re-

507 1378 740 1450 demptis
769 1375 1029 1453 promissa
1054 1375 1105 1428 in
1130 1373 1246 1442 ipso
1279 1368 1634 1438 ltedemptore
1655 1369 2100 1434 praemonstrare-

513 1449 714 1537 [ιιι-ζει
736 1449 832 1542 per
865 1465 1106 1523 eamdem
1137 1473 1378 1518 naturam
1421 1472 1580 1530 quam
1607 1471 1666 1511 se
1709 1449 2100 1521 (lecepissclm-

513 1539 753 1627 labatur,
791 1557 1038 1616 diabolus
1084 1555 1428 1617 vinceretur;
1465 1563 1565 1602 nec
1593 1555 1768 1600 tamen
1799 1544 1958 1596 l.:>::‘.o
1989 1539 2106 1610 glo-

513 1654 759 1718 riaretur,
791 1667 861 1708 ne
909 1650 1104 1705 iterum
1143 1643 1392 1716 superbia
1438 1643 1861 1694 nascereturzet
1887 1631 1932 1686 si
1976 1627 2106 1701 quid

512 1743 653 1800 aliud
682 1743 750 1798 de
776 1751 922 1797 tanto
953 1735 1257 1794 Mediatoris
1285 1737 1622 1788 sacramento
1647 1742 1677 1782 a
1699 1720 2110 1800 proﬁcientibus

522 1834 692 1892 videri
714 1844 767 1888 et
797 1832 902 1888 dici
929 1835 1125 1902 potest,
1167 1835 1260 1880 aut
1284 1833 1491 1880 tantum
1519 1818 1706 1884 videri,
1751 1813 1958 1872 etiamsi
1999 1810 2105 1867 dici

513 1941 620 1986 non
652 1933 844 1996 potest.

587 2013 813 2072 CAPUT
851 2011 986 2070 CIX.
1013 2040 1087 2052 -
1111 2007 1201 2064 29.
1225 2007 1526 2061 Animarum
1550 1998 1866 2075 receptacula
1887 2003 2005 2050 ante
2027 2010 2111 2050 re-

517 2107 894 2164 surrectionem.
916 2103 1152 2170 Tempus
1173 2108 1350 2156 autem
1373 2093 1512 2166 quod
1534 2093 1673 2148 inter
1700 2087 1934 2144 hominis
1957 2099 2104 2140 mor-

517 2206 624 2252 tem
681 2205 734 2252 et
783 2194 1030 2250 ultimam
1070 2188 1518 2248 resurrectionem
1580 2180 1950 2256 interpositum
2006 2181 2110 2243 est,

518 2288 724 2342 animas
753 2285 947 2340 abditis
1001 2279 1360 2352 receptaculis
1402 2275 1660 2339 continet,
1687 2273 1825 2328 sicut
1851 2281 2112 2338 unaquaz-

517 2393 622 2449 que
646 2377 804 2448 digna
847 2383 928 2430 est
954 2375 1038 2429 vel
1071 2373 1258 2442 requie
1307 2369 1390 2424 vel
1446 2379 1685 2422 aerumna
1709 2403 1726 2430 ,
1760 2375 1856 2434 pro
1883 2374 1948 2414 co
1973 2355 2114 2428 quod

517 2469 705 2524 sortita
727 2476 810 2520 est
851 2466 903 2519 in
930 2479 1092 2519 carne
1107 2479 1227 2518 cum
1253 2461 1482 2515 viveret.

589 2558 814 2616 CAPUT
850 2555 964 2613 CX.
993 2586 1065 2597 -
1102 2553 1427 2624 Sacriﬁcium
1475 2548 1655 2604 altaris
1683 2553 1732 2600 et
1775 2543 2106 2613 eleemosyme

520 2669 613 2725 pro
647 2651 917 2722 defunctis,
964 2658 1212 2721 quatenus
1256 2657 1302 2699 et
1350 2643 1652 2715 quibusnam
1679 2638 1892 2710 prosint.
1919 2635 2106 2704 Neque

520 2743 819 2814 negandum
863 2748 947 2794 est
995 2739 1367 2794 defunctorum
1397 2735 1604 2789 animas
1654 2731 1850 2799 pietate
1895 2740 2114 2781 suorum

521 2833 808 2889 viventium
835 2830 1080 2896 relevari,
1106 2845 1229 2884 cum
1254 2843 1350 2898 pro
1371 2825 1475 2880 illis
1506 2821 1824 2876 sacriﬁcium
1858 2816 2117 2872 Mediato-

521 2927 601 2984 ris
617 2925 854 2990 offertur,
910 2922 994 2978 vel
1048 2923 1408 2994 eleemosyute
1459 2918 1510 2971 in
1541 2913 1782 2970 Ecclesia
1814 2912 1966 2966 ﬁunt.
1997 2907 2107 2964 Sed

523 3019 605 3074 eis
635 3017 748 3073 haec
774 3021 1016 3088 prosunt,
1039 3013 1270 3084 quicum
1297 3013 1556 3073 viverent,
1585 3015 1642 3061 ut
1671 3006 1786 3060 haec
1835 3002 1936 3058 sibi
1966 3007 2118 3073 post-

528 3123 594 3167 ea
641 3109 846 3182 possint
902 3106 1176 3179 prodesse,
1223 3111 1554 3160 meruerunt.
1584 3101 1677 3155 Est
1713 3097 1854 3154 enim
1893 3095 2110 3168 quidam

522 3201 734 3259 vivendi
761 3200 973 3267 modus,
1021 3213 1122 3254 nec
1164 3207 1268 3252 tam
1306 3198 1476 3252 bonus
1503 3203 1561 3250 ut
1602 3209 1706 3248 non
1753 3190 1989 3262 requirat
2019 3191 2118 3242 ista

523 3304 645 3368 post
678 3304 938 3353 mortem:
971 3307 1071 3347 nec
1117 3299 1224 3346 tam
1273 3291 1446 3344 malus
1473 3296 1532 3342 ut
1567 3300 1674 3340 non
1699 3285 1748 3340 ei
1778 3283 1981 3354 prosint
2019 3281 2119 3335 ista

523 3396 645 3458 post
678 3395 902 3442 mortem
936 3403 950 3438 :
981 3392 1066 3438 est
1091 3398 1224 3437 vero
1257 3381 1377 3436 talis
1404 3381 1456 3434 in
1487 3384 1652 3446 bono,
1680 3385 1737 3432 ut
1770 3377 1871 3430 ista
1903 3389 2009 3429 non
2034 3388 2121 3429 re-

523 3477 700 3548 quirat
723 3485 810 3542 ;et
835 3482 919 3529 est
962 3487 1148 3528 rursus
1178 3471 1298 3524 talis
1318 3472 1370 3524 in
1402 3469 1566 3532 malo,
1595 3477 1654 3522 ut
1682 3481 1781 3521 nec
1807 3465 1890 3520 his
1912 3465 2114 3532 valeat,

524 3583 645 3624 cum
673 3583 738 3622 ex
767 3567 868 3620 hac
917 3567 1024 3619 vita
1075 3563 1405 3628 trausierit‘,
1441 3560 1704 3632 adjuvari.
1732 3557 1990 3626 Quocirca
2017 3556 2107 3610 hic

525 3673 685 3715 omne
702 3657 950 3712 meritum
981 3664 1344 3724 comparatur,
1371 3667 1478 3723 quo
1527 3651 1697 3721 possit
1725 3657 1845 3720 post
1867 3647 2005 3702 hanc
2033 3647 2114 3702 vi-

528 3761 634 3808 tam
662 3749 888 3806 relevari
923 3747 1185 3818 quispiam
1241 3746 1321 3801 vel
1374 3745 1604 3815 gravari.
1654 3743 1820 3798 Nemo
1856 3757 1914 3796 se
1939 3749 2119 3796 autem

525 3851 728 3915 speret,
760 3839 901 3913 quod
918 3838 1006 3896 hic
1023 3838 1379 3909 neglexerit’,
1403 3853 1526 3892 cum
1547 3836 1762 3903 obierit,
1785 3832 1926 3904 apud
1944 3835 2108 3888 Deum

528 3935 841 4009 premereri.
886 3934 1000 3989 Non
1031 3932 1190 4004 igitur
1219 3933 1316 3986 ista
1367 3947 1486 4002 qua:
1528 3945 1622 4000 pro
1673 3927 1940 3984 defunctis
1973 3940 2122 3980 com-

525 4028 845 4088 mcndandis
895 4025 1196 4098 frequentat
1236 4024 1499 4088 Ecclesia,
1549 4023 1622 4077 illi
1649 4021 1956 4092 apostolicm
1988 4024 2116 4074 sunt

529 4124 753 4177 adversa
772 4119 1073 4183 sementim,
1103 4133 1205 4186 qua
1233 4117 1430 4170 dictum
1464 4125 1566 4186 est,
1601 4113 1785 4168 Omnes
1813 4112 1946 4167 enim
1965 4119 2105 4165 asta-

535 4211 696 4266 bimus
723 4219 839 4262 ante
877 4207 1096 4261 tribunal
1122 4198 1332 4271 Christi,
1365 4215 1420 4258 ut
1457 4207 1646 4275 referat
1669 4203 2010 4274 unusquisque
2037 4217 2122 4255 se-

529 4300 751 4356 cundum
777 4316 834 4352 ea
850 4314 962 4372 qua:
1005 4311 1094 4368 per
1117 4312 1299 4366 corpus
1326 4297 1499 4366 gessit,
1533 4296 1632 4349 sive
1659 4296 1862 4358 bonum,
1894 4296 1997 4348 sive
2017 4309 2126 4346 ma-

531 4395 637 4449 lum
664 4395 680 4463 (
708 4391 856 4446 Rom.
907 4405 1015 4452 xxv,
1043 4387 1129 4453 10,
1155 4397 1200 4442 et
1226 4386 1270 4441 ll
1287 4386 1406 4442 Cor.
1438 4403 1492 4454 v,
1516 4385 1584 4442 10
1604 4385 1656 4459 );
1686 4385 1808 4456 quia
1833 4385 1992 4439 etiam
2024 4383 2127 4439 hoc

530 4487 785 4543 meritum
807 4483 906 4538 sibi
949 4481 1172 4551 quisque
1201 4479 1327 4534 dum
1353 4479 1406 4534 in
1436 4493 1662 4548 corpore
1687 4477 1889 4532 viveret
1905 4489 2125 4544 compa-

532 4579 689 4646 ravit,
722 4587 780 4632 ut
807 4577 855 4631 ei
876 4576 1082 4646 possint
1130 4574 1231 4628 ista
1260 4572 1539 4643 prodesse.
1568 4571 1684 4628 Non
1715 4571 1858 4626 enim
1877 4569 2128 4624 omnibus

531 4678 789 4742 prosunt;
821 4676 874 4723 et
924 4681 1090 4738 quare
1140 4680 1246 4720 non
1283 4665 1532 4720 omnibus
1581 4670 1824 4734 prosunt,
1879 4661 1980 4716 nisi
2008 4675 2130 4730 pro-

530 4772 650 4834 pter
675 4759 1024 4818 diﬁ‘erentiam
1051 4759 1174 4812 vita:
1202 4773 1360 4828 quam
1398 4758 1625 4827 quisque
1662 4755 1827 4828 gessit
1853 4755 1907 4808 in
1933 4767 2130 4823 corpo-

531 4855 637 4912 re?
661 4851 791 4912 Cum
819 4867 946 4924 ergo
975 4849 1232 4907 sacriﬁcia
1259 4849 1371 4904 sive
1397 4851 1582 4904 altaris
1611 4849 1729 4903 sive
1751 4860 2130 4918 quarumcum-

532 4961 636 5019 que
661 4947 1120 5016 eleemosynarum
1164 4956 1260 5012 pro
1281 4941 1563 5010 baptizatis
1587 4939 1854 4994 defunctis
1880 4937 2130 4990 omnibus

533 5039 848 5103 offeruntur,
871 5051 968 5108 pro
995 5035 1152 5090 valde
1179 5034 1336 5089 bonis
1365 5032 1656 5101 gratiarum
1683 5030 1921 5085 actiones
1955 5036 2080 5081 sunt
2108 5043 2124 5092 ;

533 5142 634 5200 pro
659 5140 765 5182 non
795 5126 949 5181 valde
978 5125 1132 5180 malis
1179 5122 1589 5194 propitiatioues
1633 5129 1798 5184 sunt;
1835 5133 1932 5188 pro
1973 5115 2132 5172 valde

535 5219 691 5278 malis
736 5218 942 5274 etiamsi
994 5218 1134 5272 nulla
1193 5224 1318 5272 sunt
1371 5215 1676 5285 adiumenta
1743 5221 2125 5278 mortuorum;

534 5313 952 5386 qualescumque
995 5309 1238 5362 vivorum
1293 5307 1694 5362 consolationes
1753 5312 1898 5358 sunt.
1929 5302 2134 5368 Quibus

537 5417 714 5462 autem
743 5409 987 5474 prosunt,
1032 5410 1122 5454 aut
1167 5401 1232 5454 ad
1261 5401 1365 5456 hoc
1391 5407 1632 5470 prosunt,
1663 5407 1722 5451 ut
1751 5398 1821 5452 sit
1848 5397 2006 5466 plena
2031 5411 2124 5450 re-

602 5521 620 5552 ³
657 5527 757 5566 sm.
779 5521 854 5566 Er.
880 5516 934 5564 et
955 5516 1152 5575 quidam
1175 5517 1300 5567 Mss,
1325 5523 1435 5560 cum
1457 5516 1562 5560 tunc
1583 5516 1679 5558 vita
1699 5516 1962 5557 transient.

599 5581 621 5612 ¹
636 5577 804 5639 Plures
823 5575 1132 5639 probtenotze
1155 5579 1260 5620 Mss.
1280 5586 1291 5620 :
1321 5581 1462 5639 senio
1476 5585 1526 5620 se
1540 5577 1700 5639 (uitem
1722 5573 1985 5632 prteparet,
2002 5566 2132 5630 quod

541 5640 621 5692 hic
939 5635 1204 5704 Itidemque.
1236 5645 1347 5682 cum
1383 5631 1491 5682 aliis
1526 5633 1776 5702 plerisque
1821 5631 2121 5704 prosequun-

539 5689 618 5754 ἀξί-
631 5689 855 5765 stc,'cum
873 5695 1042 5750 abierit
1063 5689 1320 5748 Dbininwn
1340 5689 1642 5758 promereri;
1665 5689 1862 5752 oinisso,
1885 5689 2037 5756 apud.

955 5509 1152 5575 quidam
1175 5517 1300 5567 MSS...
1325 5523 1435 5560 cum
1457 5508 1562 5560 lucc
1583 5506 1679 5558 vita
1699 5503 1962 5575 transierit.

1014 235 1476 304 ENCHIRIDION,
1519 233 1669 292 SIVE
1707 231 1798 290 DE
1838 224 2021 302 FIDE,
2062 225 2190 298 SPE
2231 225 2321 282 ET
2357 223 2778 292 CHARITATE,
2821 223 2879 280 S.
2924 221 3292 281 AUGUSTINI

2207 341 2414 408 missio,
2441 350 2534 398 aut
2577 349 2726 398 certe
2771 348 2831 400 ut
2874 340 3208 400 tolerabilior
3251 341 3343 399 ﬁat
3369 340 3387 374 ¹
3415 340 3529 416 ipsa
3579 341 3802 412 damna-

2205 435 2282 492 tio
2311 433 2414 510 (a).
3611 455 3618 462 -

2277 525 2503 584 CAPUT
2538 525 2672 583 CXI.
2709 556 2785 570 —
2840 525 2968 584 Dure
3005 527 3228 582 civitates
3281 536 3395 598 post
3442 527 3697 599 judicium
3744 529 3800 586 in

2207 627 2394 673 (eterna
2421 618 2500 674 vel
2520 618 2828 674 beatitudine
2871 618 2951 675 vel
2993 620 3212 674 miseria.
3265 620 3392 674 Post
3445 623 3796 686 resurrectio-

2208 725 2331 764 nem
2362 725 2490 766 vero
2537 708 2678 766 facto
2713 712 2964 768 universo
2991 711 3367 783 completoque
3405 713 3628 782 judicio,
3662 729 3790 770 suos

2209 802 2348 859 ﬁnes
2394 801 2666 862 habebunt
2721 805 2960 858 civitates
3003 803 3142 870 duas,
3177 820 3281 859 una
3333 806 3536 860 scilicet
3581 804 3798 876 Christi,

2209 895 2377 951 altera
2394 895 2586 950 diaboli
2622 915 2636 962 ;
2665 912 2767 950 una
2800 897 3085 960 bonorum,
3118 898 3285 951 altera
3329 899 3626 958 malorum:
3659 909 3804 955 utra-

2210 1003 2314 1056 que
2341 996 2520 1042 tamen
2541 997 2594 1041 et
2621 988 2932 1056 angelorum
2963 998 3018 1044 et
3045 987 3342 1042 hominum.
3389 988 3506 1044 Istis
3531 991 3798 1060 voluntas,

2212 1079 2315 1133 illis
2338 1078 2558 1133 facultas
2603 1096 2705 1137 non
2744 1080 2939 1150 poterit
2991 1079 3092 1134 ulla
3126 1095 3246 1135 esse
3283 1083 3557 1150 peccandi,
3593 1083 3678 1138 vel
3699 1083 3801 1138 ulla

2211 1171 2444 1227 conditio
2474 1168 2766 1240 moriendi;
2796 1175 2910 1230 istis
2950 1175 3000 1228 in
3029 1185 3229 1230 aeterna
3263 1176 3372 1230 vita
3401 1191 3526 1231 vere
3546 1174 3803 1232 feliciter-

2212 1278 2316 1334 que
2344 1263 2658 1330 viventibus,
2692 1263 2798 1318 illis
2847 1265 3131 1320 infeliciter
3158 1266 3211 1320 in
3242 1275 3442 1322 :eterna
3471 1275 3644 1323 morte
3686 1268 3805 1325 sine

2212 1355 2474 1410 moriendi
2506 1363 2769 1426 potestate
2793 1357 2815 1387 ¹
2853 1355 3190 1424 durantibus,
3217 1357 3464 1427 quoniam
3488 1359 3700 1428 utrique
3731 1359 3808 1415 si-

2212 1463 2284 1502 ne
2310 1448 2436 1505 ﬁne.
2466 1448 2570 1504 Sed
2602 1449 2653 1506 in
2705 1449 3034 1506 beatitudine
3086 1451 3173 1505 isti
3200 1451 3336 1506 alius
3380 1452 3488 1507 alio
3525 1453 3804 1522 praestabi-

2214 1539 2338 1610 lius,
2369 1541 2423 1596 in
2442 1541 2655 1598 miseria
2672 1556 2802 1598 vero
2827 1541 2902 1597 illi
2923 1542 3060 1598 alius
3099 1542 3207 1597 alio
3229 1543 3564 1600 tolerabilius
3591 1560 3805 1618 perma-

2215 1635 2440 1688 nebunt.

2287 1723 2512 1782 CAPUT
2548 1724 2707 1780 CXII.
2734 1755 2808 1766 --
2833 1725 3046 1782 Poenam
3089 1727 3451 1783 damnatorum
3466 1738 3704 1784 (sternam
3727 1733 3801 1802 fo-

2215 1832 2288 1870 re.
2313 1815 2534 1872 Frustra
2564 1817 2743 1889 itaque
2770 1819 3036 1884 nonnulli,
3069 1817 3177 1873 imo
3198 1835 3355 1890 quam
3386 1820 3623 1890 plurimi,
3645 1830 3797 1878 aeter-

2217 1923 2340 1961 nam
2362 1907 2732 1964 damnatorum
2761 1923 2973 1980 poenam
3017 1919 3072 1964 et
3090 1911 3358 1966 cruciatus
3384 1911 3501 1966 sine
3529 1911 3806 1966 intermis-

2219 2001 2369 2056 sione
2383 2011 2670 2072 perpetuos
2689 2001 2924 2060 humano
2953 2003 3276 2059 miserantur
3304 2004 3520 2072 affectu,
3539 2011 3698 2075 atque
3727 2004 3801 2060 ita

2218 2091 2457 2148 futurum
2481 2109 2602 2149 esse
2648 2109 2754 2149 non
2785 2093 3014 2150 credunt
3033 2093 3055 2126 ³
3081 2111 3095 2160 ;
3122 2109 3228 2149 non
3259 2095 3477 2166 quidem
3503 2094 3799 2166 Scripturis

2219 2181 2414 2238 divinis
2461 2184 2832 2252 adversando,
2861 2183 2954 2239 sed
2985 2199 3084 2256 pro
3119 2199 3219 2240 suo
3245 2190 3394 2240 metu
3419 2185 3551 2241 dura
3577 2201 3808 2257 qumque

2220 2275 2531 2340 molliendo,
2562 2285 2616 2330 et
2641 2275 2694 2331 in
2719 2275 2978 2330 leniorem
3011 2274 3272 2331 ﬂectendo
3301 2278 3646 2345 sententiam,
3679 2293 3806 2348 quae

2219 2375 2407 2437 putant
2437 2369 2488 2421 in
2532 2367 2611 2422 eis
2661 2366 2949 2422 terribilius
2984 2364 3007 2398 ⁸
3049 2381 3171 2423 esse
3222 2367 3386 2434 dicta,
3421 2385 3580 2441 quam
3631 2371 3812 2428 verius

2221 2457 2321 2534 (b).
2350 2457 2469 2512 Non
2492 2459 2634 2514 enim
2673 2457 3009 2526 obliviscetur,
3059 2459 3324 2530 inquiunt,
3379 2463 3605 2518 misereri
3650 2462 3808 2529 Deus,

2221 2561 2310 2605 aut
2335 2550 2601 2605 continebit
2621 2551 2674 2604 in
2694 2551 2770 2604 ira
2789 2566 2885 2605 sua
2915 2551 3260 2607 miserationes
3285 2570 3406 2606 suas
3425 2551 3599 2626 (Psal.
3625 2570 3810 2618 um,

2223 2641 2354 2716 10).
2402 2640 2742 2712 Hocquidem
2786 2640 2838 2695 in
2864 2641 3070 2712 psalmo
3097 2641 3288 2712 legitur
3339 2653 3566 2710 sancto;
3615 2645 3709 2700 sed
3740 2643 3810 2699 de

2223 2735 2308 2790 his
2331 2735 2445 2790 sine
2463 2735 2570 2788 ullo
2595 2733 2844 2804 scrupulo
2868 2733 3198 2804 intelligitur,
3219 2732 3309 2804 qui
3337 2751 3462 2789 vasa
3504 2735 3812 2792 misericor-

2223 2828 2325 2882 dia:
2347 2834 2737 2895 nuncupantur,
2786 2824 2909 2895 quia
2937 2834 2992 2879 et
3018 2825 3119 2894 ipsi
3159 2840 3265 2880 non
3296 2841 3395 2896 pro
3424 2828 3631 2882 meritis
3674 2827 3810 2892 suis,

2223 2918 2317 2974 sed
2346 2919 2455 2976 Deo
2481 2919 2772 2974 miserante
2808 2917 2875 2972 de
2904 2917 3122 2973 miseria
3148 2900 3465 2973 liberantur.
3493 2921 3598 2974 Aut
3637 2921 3682 2975 si
3709 2919 3816 2978 hoc

2225 3011 2292 3065 ad
2317 3026 2504 3066 omnes
2523 3011 2834 3066 existimant
2863 3010 3154 3084 pertinere,
3186 3025 3292 3066 non
3341 3012 3460 3068 ideo
3485 3028 3704 3068 necesse
3733 3023 3818 3069 est

2225 3103 2698 3159 utdamnationem
2713 3103 2996 3172 opinentur
3021 3117 3178 3172 posse
3208 3101 3347 3158 ﬁniri
3375 3119 3561 3159 eorum
3593 3103 3661 3159 de
3691 3106 3806 3175 qui-

2224 3283 2450 3394 be;
2487 3278 2659 3343 plures
2688 3279 2914 3330 omittunt
2927 3311 2943 3339 ,
2988 3275 3112 3344 ﬁat;
3153 3279 3292 3342 cujus
3327 3279 3436 3330 loco
3473 3281 3691 3332 nonnulli
3734 3282 3820 3334 ha-

2265 3356 2368 3404 ent,
2383 3356 2462 3394 su.

2289 3399 2528 3517 Zagttiﬁlstee
2557 3401 2794 3454 vaticanis
2825 3407 2878 3452 et
2897 3401 3022 3452 alius
3040 3413 3072 3451 e
3099 3399 3388 3455 Colbertinis
3403 3437 3418 3465 ,
3441 3401 3544 3456 sine
3575 3404 3820 3460 moriendi

2363 3482 2386 3516 δ
2506 3503 2518 3514 .

2223 3474 2518 3518 necessitate.

2289 3531 2310 3596 ξ
2343 3528 2533 3596 Aliquot
2553 3533 2680 3584 Mm”
2703 3529 2847 3596 atque
2864 3523 2936 3576 ita
2956 3525 3264 3596 [inurasesse
3279 3538 3373 3576 non
3393 3526 3616 3578 στιάων.

2285 3590 2310 3624 δ
2341 3585 2508 3640 Plures
2531 3595 2654 3650 Mss,
2680 3585 2849 3650 putant
2862 3585 3016 3650 magis
3035 3585 3313 3640 terribilius.

2288 3649 2756 3719 (aipamnation‘em
2779 3649 2858 3719 hic
2883 3649 2969 3719 pro
2993 3651 3244 3719 punitione
3267 3664 3439 3719 eorum
3461 3651 3542 3719 qui
3575 3658 3682 3719 post
3703 3666 3820 3714 pur-

2225 3708 2401 3779 gatbrii
2419 3723 2587 3779 pientis
2617 3708 2832 3779 salvandi
2863 3708 3008 3779 sunt;
3033 3712 3147 3779 neci;
3165 3711 3359 3779 iendam
3394 3708 3822 3779 doc—uitiAlbe'rtus

2224 3771 2736 3850 magnuginflseﬂtrz
2759 3771 2978 3850 dist;
2997 3773 3162 3850 argi,
3181 3774 3238 3822 ad
3264 3776 3287 3846 i
3312 3789 3326 3834 ;
3352 3787 3558 3850 eamque
3581 3777 3822 3836 interpre-

2224 3833 2458 3889 tationem
2479 3835 2740 3898 probarunt
2773 3834 2978 3896 Magistri
3013 3833 3246 3896 deinceps
3275 3833 3325 3898 in
3353 3833 3578 3898 eumdem
3619 3833 3822 3886 Senten-

2226 3902 2402 3950 tiarum
2426 3897 2602 3948 locum.
2629 3901 2847 3960 Attamen
2872 3901 3041 3945 Petrus
3062 3897 3354 3960 Lornbardus
3375 3911 3439 3947 eo
3471 3897 3562 3948 loci
3585 3898 3698 3949 dist.
3725 3898 3788 3950 45
3803 3934 3820 3960 ,

2225 3974 2333 4030 cap.
2359 3969 2516 4024 Neque
2546 3957 2830 4030 negandum
2847 3962 2958 4030 est,
2986 3971 3072 4020 pro
3100 3957 3446 4030 damnatorum
3475 3957 3820 4030 quorumdam,

2327 4010 2833 4096 nunquamliberagdi
2867 4010 3250 4096 sitit,'punitione
3269 4010 3506 4096 accepit;
3497 4021 3687 4083 quando
3709 4010 3823 4096 sub;

2227 4080 2346 4135 inde
2365 4080 2660 4134 oonHudens
2679 4080 2804 4129 dixit
2826 4097 2838 4130 :
2873 4097 2895 4127 ε
2919 4080 3218 4130 Mediocriter
3241 4080 3726 4142 malis'suﬁi‘agantur
3757 4083 3821 4132 ad

2236 4163 2260 4194 ι
2273 4159 2430 4208 perite
2447 4145 2840 4208 mitigationernm
2858 4149 2968 4208 Nam
2991 4144 3052 4191 ab
3075 4143 3180 4192 istis
3199 4143 3510 4208 mediocriter
3533 4144 3668 4208 malis
3690 4157 3825 4208 pror-

2229 4203 2318 4259 sus
2335 4203 2661 4267 secernitfeos
2681 4205 2763 4267 qui
2789 4216 2816 4252 a
2839 4203 2995 4267 pennis
3017 4205 3308 4266 purgatoriis
3339 4207 3443 4253 sive
3477 4203 3700 4254 celerius
3712 4207 3820 4254 sive

2229 4269 2416 4320 tardius
2435 4264 2753 4328 absolvuntur
2764 4264 2854 4328 per
2871 4264 3095 4314 EecleSiae
3121 4264 3312 4326 preces,
3329 4267 3634 4328 appellatque
3649 4279 3826 4328 omnes

2228 4330 2377 4398 huius
2391 4329 2598 4398 generis
2611 4325 2920 4398 mediocriter
2937 4325 3216 4398 l_)o.ios._ltes
3233 4325 3371 4388 l‘atct‘
3385 4325 3614 4398 perlectis
3633 4327 3819 4398 ibidem

2230 4386 2633 4454 capitulis,_sotet
2670 4386 2881 4448 moveri;
2914 4395 2994 4454 et,
3031 4389 3121 4438 sed
3147 4386 3340 4438 iterum.
3372 4386 3484 4436 uiue
3507 4387 3666 4454 classa
3699 4389 3750 4454 in
3769 4388 3818 4450 2,

2449 4452 2524 4510 13,
2550 4462 2654 4513 esp.
2692 4458 2925 4518 Tempus,
2950 4450 3056 4518 haec
3085 4455 3296 4518 apposita
3333 4456 3436 4499 est:
3481 4467 3502 4493 α
3522 4449 3824 4502 mediocriter

2241 4511 2267 4562 ἱ
2285 4513 2424 4565 malis
2439 4511 2642 4572 prosunt
2685 4511 2742 4562 ad
2768 4511 2858 4562 hoc
2895 4519 2949 4562 ut
2979 4512 3139 4561 minus
3178 4511 3458 4572 puniantur,
3480 4523 3724 4572 nunquam
3753 4519 3826 4561 ta-

2241 4593 2266 4622 α
2287 4589 2403 4624 men
2439 4569 2800 4622 liberabuntur.
2825 4589 2847 4616 ao
2879 4581 2966 4621 Pro
3011 4573 3098 4620 hac
3135 4569 3233 4631 ipsa
3271 4572 3497 4631 mixtione
3523 4569 3826 4622 ab'Alberto

2234 4645 2401 4700 stagno
2425 4639 2598 4700 citetur
2619 4634 2964 4700 Praepositivus.
2988 4632 3519 4700 tn‘Gelloueusicodiee
3539 4641 3826 4700 pervetustis

2237 4694 2400 4750 exstat
2422 4699 2651 4758 inscripta
2674 4714 2696 4742 α
2718 4694 2848 4759 inissa
2874 4710 2961 4759 pro
2983 4697 3120 4757 cujus
3143 4695 3297 4743 anima
3315 4694 3580 4759 dubitatur»
3603 4711 3625 4739 ν
3655 4695 3704 4743 in
3728 4708 3828 4759 (1'13

2235 4761 2403 4812 lsthzec
2421 4757 2600 4820 legitur
2615 4758 2767 4806 oratio
2791 4771 2803 4805 :
2839 4775 2861 4803 «
2874 4757 3198 4820 Omnipotens
3211 4762 3260 4803 et
3281 4757 3554 4820 misericors
3577 4763 3720 4820 Deus,
3741 4757 3827 4820 qui

2244 4841 2269 4870 α
2289 4823 2444 4874 habes
2467 4817 2758 4882 potestatem
2781 4818 3086 4882 mortiﬁcare,
3114 4823 3166 4882 et
3186 4819 3364 4867 iterum
3383 4817 3624 4868 viviﬁcare
3642 4832 3656 4874 ;
3673 4817 3829 4866 dedu-

2245 4902 2269 4931 tt
2290 4896 2406 4932 cere
2449 4879 2506 4930 ad
2526 4883 2732 4936 inferos,
2759 4885 2810 4927 et
2848 4881 3026 4930 itcrum
3060 4879 3328 4941 reducere;
3357 4886 3408 4931 et
3439 4892 3580 4930 vocas
3614 4891 3673 4928 ea
3712 4892 3826 4942 qua

2245 4963 2270 4992 α
2291 4957 2388 4992 non
2402 4949 2532 5000 sunt,
2556 4949 2780 5002 tamiuam
2802 4953 2859 4989 ca
2874 4954 2984 5004 quze
3007 4948 3146 4999 sunt;
3167 4943 3304 5004 cujus
3317 4939 3541 5004 potestas
3557 4946 3606 4990 et
3630 4943 3678 4988 in
3697 4939 3828 5004 caelo

2245 5024 2270 5054 ι
2293 5008 2409 5076 etin
2433 5012 2582 5076 terra,
2608 5001 2727 5076 etin
2751 5005 2868 5052 mari
2888 5001 2946 5076 et
2966 5005 3016 5053 in
3053 5001 3258 5066 inferis]
3277 5001 3591 5076 leha_assis}it
3614 5016 3626 5052 :
3653 5009 3703 5076 te
3731 5001 3825 5076 bu-

2247 5086 2271 5115 tl
2293 5066 2434 5116 miles
2464 5071 2833 5126 trementesque
2870 5066 3190 5127 deprecamur
3213 5063 3309 5127 pro
3329 5065 3486 5127 aiiima
3525 5063 3684 5112 famuli
3725 5065 3827 5127 tui,

2248 5147 2271 5176 α
2293 5141 2436 5200 quam
2492 5127 2680 5200 traxisti
2720 5125 2784 5198 de
2818 5125 3046 5200 praesenti
3083 5125 3260 5196 sacculo
3298 5125 3482 5196 alisque
3528 5125 3829 5185 paenitentia

2247 5209 2272 5238 ι
2292 5185 2472 5252 spatio;
2497 5189 2612 5238 utsi
2648 5185 2842 5252 tersitan
2878 5190 2946 5252 _ob
2993 5189 3278 5252 gravit-item
3309 5185 3674 5252 crimiuum‘non
3709 5199 3828 5252 _me-

2248 5269 2273 5300 ς
2293 5245 2430 5321 retur
2451 5245 2660 5321 surgere
2683 5250 2752 5321 ad.
2768 5245 3104 5321 δ-Ιριιίξηιςυςξι·
3127 5248 3230 5321 haec
3251 5250 3388 5321 sacra
3422 5245 3679 5321 oblationis
3705 5247 3830 5321 libav-

2248 5331 2272 5360 σι
2295 5313 2440 5372 mina,
2468 5307 2562 5362 vel
2586 5307 2865 5372 tolerabilia
2891 5307 3144 5372 ﬁaut’iisa
3184 5313 3441 5372 tormenta.
3461 5323 3482 5352 η
3519 5307 3832 5372 adrevaldus,

2240 5374 2327 5425 lib.
2351 5365 2687 5424 de'uiraculis
2721 5371 2871 5422 sancti
2903 5369 3177 5424 Benedicti,
3207 5380 3312 5428 cap.
3337 5365 3392 5415 21
3417 5401 3432 5426 ,
3455 5369 3626 5418 scribit
3658 5365 3836 5420 Floria;

2240 5448 2419 5488 censes
2433 5435 2782 5499 proanimabus
2805 5430 3147 5499 irredonumin
3168 5429 3273 5477 acie
3298 5440 3533 5499 caesorum
3575 5443 3750 5492 preces
3768 5431 3836 5483 ad

2241 5491 2490 5552 Dominu'm
2515 5497 2721 5552 fudisse;
2748 5510 2772 5539 α
2789 5491 3030 5555 Quatenus
3053 5491 3144 5540 etsi
3179 5492 3432 5555 perpetuis
3452 5505 3549 5555 non
3569 5491 3834 5544 mereren-

2250 5577 2274 5607 ι
2297 5570 2372 5610 tur
2409 5557 2592 5608 absolvi
2618 5551 2924 5610 cruciatibus,
2947 5551 3121 5602 saltem
3159 5551 3425 5604 minoribus
3455 5553 3778 5607 multarentur
3797 5565 3832 5606 ι

2247 5641 2275 5672 ι
2295 5624 2464 5673 sti-Zeto
2483 5621 2650 5670 iudice
2677 5616 2848 5677 poenis.
2867 5633 2889 5662 ν

2307 5685 2379 5749 (b)
2414 5682 2515 5734 vid.
2539 5680 2607 5732 de
2626 5673 2828 5730 civitate
2844 5677 2932 5728 Dei
2953 5673 3039 5728 lib.
3063 5675 3144 5739 21,
3171 5688 3314 5740 capp.
3339 5673 3419 5738 t8,
3439 5674 3522 5728 24.
