4124 6206
1787 172 1835 217 Ι

283 297 398 357 985

282 415 394 473 bus
415 412 615 472 dictum
663 419 765 478 est,
799 410 884 478 Et,
903 410 1043 465 ibunt
1064 410 1147 465 isti
1175 408 1227 464 in
1257 408 1559 481 supplicium
1585 416 1827 465 teternum
1858 423 1876 462 :

285 509 482 565 neisto
507 503 670 561 modo
701 511 916 576 putetur
943 503 1185 557 habitura
1212 501 1374 557 tinem
1404 500 1722 572 quandoque
1756 500 1879 556 fell-

285 602 421 674 citas
441 599 602 656 etiam
630 598 863 663 illorum,
892 596 959 651 de
986 596 1178 667 quibus
1201 610 1231 651 e
1260 595 1528 667 contrario
1551 594 1750 651 dictum
1771 602 1876 659 est,

283 692 427 767 Iusti
469 701 636 745 autem
658 690 710 743 in
736 688 887 742 vitam
909 686 1183 757 wternam(
1208 685 1395 739 Matth.
1436 700 1569 752 xxv,
1599 684 1667 740 46
1770 684 1878 741 Sed

284 799 477 857 ptpnas
492 782 863 838 damnatorum
894 781 1056 835 certis
1095 789 1396 849 temporum
1443 778 1739 834 intervallis
1757 778 1875 834 exi-

285 876 527 947 stiment.
573 872 619 929 si
661 871 766 926 hoc
813 871 892 926 eis
944 870 1139 941 placet,
1180 868 1561 940 aliquatenus‘
1607 868 1856 939 mitigari.

286 966 463 1022 Etiam
491 964 569 1019 sic
599 963 795 1039 quippe
838 961 1057 1032 intelligi
1105 968 1284 1031 potest
1309 975 1526 1016 manere
1567 960 1623 1015 in
1667 960 1773 1015 illis
1797 958 1877 1015 ira

286 1054 610 1129 Dei(Joan.
663 1070 743 1121 ιιι,
781 1054 850 1109 56
879 1052 921 1125 ),
967 1054 1069 1108 hoc
1120 1061 1203 1109 est
1249 1053 1361 1125 ipsa
1413 1052 1685 1109 damnatio
1712 1051 1733 1126 (
1763 1052 1879 1108 haec

287 1146 431 1204 enim
456 1154 679 1201 vocatur
703 1145 780 1199 ira
813 1144 929 1210 Dei,
951 1159 1055 1209 non
1082 1143 1248 1198 divini
1278 1143 1446 1198 animi
1477 1143 1809 1219 perturbatio
1826 1142 1872 1223 l,

287 1236 429 1293 utin
478 1236 557 1292 ira
586 1250 702 1300 sua,
752 1234 854 1289 hoc
909 1242 992 1290 est
1035 1241 1287 1290 manente
1321 1234 1399 1289 ira
1418 1249 1533 1300 sua,
1564 1250 1670 1290 non
1700 1244 1875 1291 tamen

296 1328 570 1385 contineat
610 1325 983 1383 miserationes
1023 1339 1148 1381 suas
1176 1343 1190 1391 ;
1218 1340 1323 1380 non
1353 1334 1558 1380 aeterno
1603 1326 1867 1398 supplicio

289 1421 451 1488 tinem
478 1417 675 1489 dando,
728 1417 823 1473 sed
875 1418 1116 1473 levamen
1170 1417 1472 1473 adhibendo
1519 1418 1602 1473 vel
1640 1419 1876 1490 interpo-

287 1511 466 1568 nendo
492 1510 835 1567 cruciatibus.
859 1509 995 1578 Quia
1024 1524 1123 1564 nec
1169 1509 1416 1564 Psalmus
1445 1509 1538 1575 ait,
1571 1508 1653 1564 Ad
1683 1510 1874 1566 ﬁnien-

288 1605 413 1661 dam
444 1605 577 1659 iram
602 1619 774 1668 suam,
806 1601 913 1677 vel,
970 1610 1094 1675 post
1145 1602 1279 1657 iram
1340 1616 1494 1657 suam
1522 1617 1536 1668 ;
1565 1600 1681 1668 sed,
1713 1602 1768 1655 in
1791 1601 1871 1655 ira

287 1714 400 1753 sua.
422 1693 554 1764 Quae
583 1695 627 1750 si
655 1694 769 1751 sola
789 1702 932 1749 esset
959 1703 1156 1767 quanta
1184 1694 1253 1748 ibi
1281 1693 1501 1748 minima
1524 1692 1747 1763 cogitari
1776 1707 1867 1763 po.

288 1796 427 1857 test;
458 1787 630 1857 perire
675 1801 709 1841 a
746 1800 914 1859 regno
964 1785 1082 1849 Dei,
1112 1785 1366 1842 exsulare
1413 1801 1444 1841 a
1474 1786 1690 1841 civitate
1741 1784 1860 1852 Dei,

286 1876 511 1933 alienari
545 1892 576 1931 a
604 1876 709 1931 vita
750 1877 867 1944 Dei,
912 1891 1098 1932 carere
1145 1885 1252 1930 tam
1286 1891 1477 1948 magna
1530 1875 1873 1933 multitudine

287 1967 591 2025 dulcedinis
633 1968 728 2023 Det
762 1981 921 2039 quam
980 1967 1260 2023 abscondit
1308 1967 1622 2023 timentibus
1666 1982 1726 2023 se
1764 1966 1868 2039 (a),

288 2062 509 2134 perfecit
558 2070 737 2117 autem
789 2059 1126 2132 sperantibus
1185 2060 1239 2114 in
1268 2075 1327 2115 se
1348 2059 1517 2132 (Psat.
1548 2076 1675 2126 xxx,
1723 2059 1795 2115 20
1826 2058 1869 2130 ),

288 2163 396 2213 tam
424 2153 645 2226 grandis
673 2161 974 2224 estmna,
998 2161 1056 2207 ut
1098 2152 1146 2207 ei
1177 2151 1321 2207 nulla
1365 2152 1571 2223 possint
1600 2159 1869 2229 tormenta

287 2261 407 2325 qua:
435 2246 675 2300 novimus
695 2243 1014 2316 comparari,
1045 2243 1090 2297 si
1112 2243 1201 2297 illa
1228 2242 1298 2298 sit
1321 2250 1544 2311 aeterna,
1565 2243 1666 2298 ista
1688 2250 1870 2299 autem

286 2337 395 2393 sint
418 2337 708 2407 quamlibet
727 2335 907 2390 multis
929 2335 1140 2391 szeculis
1160 2335 1336 2407 longa.

362 2427 588 2486 CAPUT
610 2427 791 2485 CXIII.
822 2457 890 2469 —-
921 2427 1062 2483 Mors
1086 2428 1377 2501 impiorum,
1411 2436 1467 2481 at
1495 2428 1595 2481 vita
1630 2427 1828 2499 piorum
1851 2468 1868 2496 ,

288 2530 553 2592 perpetua.
583 2518 813 2574 Manebit
851 2533 982 2589 ergo
1007 2518 1124 2573 sine
1163 2518 1267 2573 line
1300 2531 1446 2573 mors
1488 2516 1581 2571 illa
1612 2526 1870 2588 perpetua

286 2612 681 2678 damnatorum,
714 2610 765 2665 id
795 2619 876 2666 est
902 2609 1153 2666 alienatio
1191 2625 1221 2664 a
1262 2610 1369 2664 vita
1402 2608 1518 2677 Del,
1543 2617 1596 2665 et
1621 2608 1871 2665 omnibus

286 2704 389 2763 erit
416 2704 531 2774 ipsa
557 2703 873 2769 communis,
916 2682 1165 2773 quaelibet
1191 2703 1212 2732 '
1243 2699 1490 2757 homines
1518 2699 1586 2757 de
1613 2699 1872 2757 varietate

288 2812 564 2869 poenarum
586 2836 603 2861 ,
630 2794 698 2851 de
721 2795 966 2851 dolorum
1006 2794 1334 2850 relevatione
1361 2793 1445 2850 vel
1476 2794 1871 2852 intermissione

285 2903 384 2959 pro
411 2886 523 2943 suis
547 2886 792 2943 humanis
816 2887 1047 2942 motibus
1068 2885 1405 2956 suspicentdr
1432 2903 1447 2941 :
1475 2886 1614 2942 sicut
1634 2886 1872 2943 manebit

287 2979 640 3037 communiter
654 2979 891 3034 omnium
919 2978 1026 3034 vita
1056 2989 1253 3035 aeterna
1281 2988 1604 3045 sanctorum,
1634 2978 1872 3052 qualibet

285 3069 547 3133 bonorum
576 3069 827 3127 distantia
852 3071 1190 3127 concorditer
1218 3070 1475 3143 fulgeant.

355 3160 580 3217 CAPUT
617 3160 801 3216 CXIV.
830 3191 901 3202 —-
926 3161 1015 3217 50.
1042 3160 1293 3237 Exposita
1330 3161 1452 3231 ﬁde,
1498 3161 1606 3233 agit
1640 3160 1704 3215 de
1738 3175 1830 3237 spe
1851 3174 1872 3215 :

288 3272 397 3335 gnte
424 3256 521 3309 huc
560 3257 808 3326 pertinent
847 3257 1092 3310 contineri
1130 3255 1359 3311 oratione
1394 3255 1671 3319 dominica.
1710 3255 1869 3325 Spem

287 3346 341 3403 in
366 3367 416 3405 se
445 3350 556 3421 ipso
570 3367 765 3422 ponens
807 3350 1119 3405 ntaledictus.
1139 3348 1219 3403 Ex
1241 3350 1341 3403 ista
1362 3348 1485 3404 fidei
1508 3348 1864 3415 confessione,

288 3455 404 3511 qute
427 3441 665 3497 breviter
692 3440 948 3513 Symbolo
975 3439 1296 3506 continetur,
1329 3448 1379 3495 et
1409 3440 1694 3495 carnaliter
1722 3438 1869 3510 cogi-

286 3539 393 3587 tata
419 3533 502 3588 lae
523 3533 864 3609 parvulorum
893 3540 995 3599 est,
1040 3532 1385 3604 spiritualiter
1411 3540 1587 3586 autem
1620 3529 1866 3586 conside-

286 3635 398 3682 rata
423 3633 583 3697 atque
611 3632 831 3680 tractata
866 3625 1013 3679 cibus
1049 3632 1133 3678 est
1176 3623 1388 3678 fortium
1415 3664 1428 3683 ,
1477 3623 1710 3689 nascitur
1747 3636 1870 3694 spes

284 3714 422 3773 bona
454 3716 712 3783 ﬁdelium,
741 3716 828 3771 cui
859 3715 1091 3771 Charitas
1120 3724 1298 3770 sancta
1332 3716 1637 3770 comitatur.
1670 3714 1772 3770 Sed
1802 3715 1869 3770 de

286 3800 355 3863 iis
379 3807 625 3863 omnibus
657 3822 774 3880 qua:
820 3805 1045 3862 fideliter
1086 3815 1209 3861 sunt
1252 3806 1538 3872 credenda,
1571 3821 1631 3860 ea
1662 3814 1866 3861 tantum

286 3897 357 3956 ad
398 3913 544 3970 Spem
586 3899 853 3969 pertinent
879 3914 996 3971 quae
1027 3899 1267 3953 oratione
1293 3897 1559 3953 dominica
1588 3899 1866 3952 continen-

286 3998 392 4047 tur.
442 3989 743 4047 Maledictus
785 3991 925 4045 enim
962 3990 1161 4056 omnis,
1203 3990 1339 4045 sicut
1385 3990 1562 4043 divina
1609 3997 1870 4044 testantur

287 4082 524 4153 eloquia,
550 4084 634 4152 qui
655 4098 795 4154 spem
821 4081 962 4155 ponit
991 4082 1042 4135 in
1068 4081 1268 4135 homine
1295 4078 1502 4151 (Jerem.
1529 4096 1654 4146 xvn,
1687 4080 1741 4152 5)
1769 4098 1780 4134 :
1807 4095 1871 4137 ac

280 4190 387 4247 per
414 4173 516 4228 hoc
543 4183 597 4228 et
625 4174 676 4228 in
701 4189 758 4230 se
784 4176 899 4249 ipso
926 4175 1014 4246 qui
1048 4190 1195 4245 spem
1230 4175 1394 4243 ponit,
1424 4172 1581 4243 ltujus
1602 4173 1868 4229 maledicti

283 4265 503 4321 vinculo
528 4265 829 4320 innectitur.
859 4265 982 4321 Ideo
1006 4281 1113 4319 non
1142 4264 1286 4319 nisia
1308 4265 1530 4319 Domino
1562 4265 1669 4318 Deo
1687 4273 1869 4333 petere

286 4357 567 4422 debemus,
591 4358 846 4429 quidquid
875 4373 1153 4430 Speramus
1170 4374 1267 4412 nos
1284 4360 1363 4413 vel
1391 4358 1527 4414 bene
1557 4366 1870 4428 operaturos

287 4449 375 4505 vel
401 4466 496 4522 pro
526 4450 548 4482 ⁸
575 4450 731 4505 bonis
756 4450 1005 4521 operibus
1034 4451 1340 4521 adepturus.

357 4540 583 4599 CAPUT
620 4540 780 4599 CXV.
821 4573 892 4582 —
935 4542 1196 4597 Orationis
1242 4542 1505 4596 dominica:
1543 4541 1682 4613 apud
1726 4539 1869 4595 Mat-

284 4634 473 4689 theam
501 4633 764 4705 petitiones
802 4642 1009 4707 septem.
1057 4635 1284 4690 Proinde
1313 4634 1450 4705 apud
1491 4635 1867 4705 evangelistam

281 4726 588 4782 Matthmum
624 4734 829 4799 septem
874 4727 1153 4798 petitiones
1194 4729 1467 4784 continere
1496 4728 1759 4783 dominica
1790 4729 1865 4782 vi-

281 4821 441 4877 detur
463 4823 637 4877 oratio
679 4839 692 4875 :
736 4837 956 4893 quarum
990 4822 1157 4878 tribus
1182 4829 1379 4877 acterna
1410 4832 1718 4894 poscuntur,
1740 4820 1867 4877 relil

280 4913 403 4986 quis
429 4921 681 4985 quatuor,
712 4913 1022 4985 temporalia
1045 4956 1059 4981 ,
1088 4930 1205 4986 quae
1234 4923 1408 4969 tamen
1438 4924 1651 4984 prepter
1670 4924 1868 4969 mterna

278 5004 660 5077 consequenda
699 5015 823 5061 sunt
866 5008 1191 5062 necessaria.
1233 5006 1366 5061 Nam
1416 5008 1556 5078 quod
1603 5008 1866 5076 dicimus,

277 5093 647 5167 Sanctiﬁcetur
670 5114 847 5152 nomen
871 5108 1029 5165 tuum,
1056 5098 1300 5152 Adveniat
1322 5114 1531 5168 regnum
1557 5107 1717 5166 tuum,
1750 5099 1870 5153 Fiat

339 5255 360 5320 ξ
394 5253 598 5320 cpidum
618 5261 746 5317 Mss,
766 5253 1077 5320 utiquanturn.

335 5318 360 5349 ³
393 5310 471 5383 sic
494 5325 602 5366 MSS.
650 5324 705 5366 At
727 5310 862 5377 editi,
887 5316 1142 5383 quamlibet
1170 5315 1294 5378 :qui
1335 5319 1388 5363 et
1422 5311 1561 5374 inira,
1604 5310 1864 5375 bonorum,

270 5390 382 5442 pro,
400 5390 657 5428 nonarum.

337 5441 361 5513 ξ
394 5439 667 5513 particula,
685 5452 795 5513 pro,
816 5442 958 5492 abest
978 5441 1241 5513 apiaribus
1527 5500 1540 5513 ‘

333 5501 426 5563 (a),
448 5498 735 5552 lambentis
768 5498 971 5553 Danaaus
1003 5498 1107 5554 loco
1142 5500 1444 5559 timentibus,
1468 5498 1733 5563 substituit
1752 5502 1871 5549 tem-

442 5577 516 5621 us,
542 5577 639 5612 non
658 5571 881 5613 veterum
898 5565 1127 5615 librorum
1145 5558 1444 5622 auctoritate,
1466 5562 1553 5613 sed
1580 5558 1869 5622 tostulante,

268 5626 340 5689 uti
365 5626 877 5689 sedicitconjectare,
894 5630 1118 5677 autitltesi
1142 5630 1199 5676 ad
1225 5626 1349 5675 aliud
1368 5626 1637 5676 membrum
1677 5632 1873 5689 speran-

264 5685 481 5761 ςεθιέδέπ
495 5700 557 5761 ΞΕ
574 5699 593 5737 -‘
614 5684 705 5761 se“
743 5684 1205 5761 ιιξξιειμςοιμᾶυρευεω
1244 5698 1297 5761 et
1320 5697 1453 5761 tam
1476 5684 1870 5761 eamme

258 5750 319 5808 in
336 5748 471 5800 Paul.
494 5748 576 5807 30,
601 5757 655 5800 et
679 5762 745 5799 ex
769 5749 853 5799 lib.
870 5751 923 5801 21
951 5742 1016 5802 de
1033 5742 1234 5803 civitate
1251 5742 1355 5811 Dei,
1376 5764 1512 5815 capp.
1532 5748 1609 5812 {8,
1630 5742 1708 5794 24.

1714 291 1914 349 LIBER
1954 290 2155 381 UNUS.

3530 139 3549 173 )

3005 223 3105 239 “"o».
3118 231 3157 241 -σ
3178 232 3203 239 ε.

3461 302 3570 369 986

1986 409 2219 464 voluntas
2243 417 2332 463 tua
2354 409 2483 465 sicut
2505 411 2562 468 il
2585 409 2713 471 uete
2736 420 2787 471 et
2806 411 2862 475 ἐκ
2882 420 3017 483 tem
3217 430 3323 489 non
3339 419 3570 480 absurde

1984 500 2198 570 quidam
2228 500 2627 570 intellexerunt,
2658 504 2716 563 in
2738 504 2933 575 spiritu
2953 516 3011 563 et
3033 510 3305 582 corpore),
3351 514 3575 571 omnino

1985 590 2100 646 sine
2127 591 2233 650 ﬁne
2258 593 2534 649 retinenda
2562 603 2687 650 sunt
2718 613 2733 652 :
2759 603 2816 655 et
2837 595 2925 657 hic
2952 597 3197 665 inchoata
3221 601 3261 666 ‘.
3283 610 3572 673 quantum-

1984 695 2213 752 cumque
2235 682 2562 753 proﬁcimtts,
2580 696 2843 756 augeatur
2862 687 2915 747 in
2934 688 3123 756 nobis;
3156 690 3389 761 perfacte
3417 709 3570 763 vero,

1983 770 2126 840 quod
2151 772 2206 831 in
2233 773 2334 827 alia
2362 773 2470 831 vita
2498 775 2821 845 sperandum
2841 787 2942 844 est,
2973 793 3189 849 semper
3213 781 3568 850 possidebune

1985 871 2089 919 tur.
2121 863 2273 933 Quod
2307 880 2435 922 vero
2460 865 2705 931 dicimus.
2738 867 2934 935 Panem
2961 880 3187 941 nostram
3215 873 3568 943 quotidianum

1983 954 2054 1008 da
2079 956 2224 1019 nobis
2252 956 2421 1025 hodie,
2454 957 2522 1013 Et
2557 957 2749 1019 dimitte
2782 960 2926 1025 nobis
2955 960 3122 1029 debita
3145 972 3337 1035 nostra,
3365 965 3493 1027 sicut
3518 974 3567 1023 et

1982 1064 2075 1104 nos
2102 1048 2398 1106 dimittimus
2424 1050 2726 1115 debitoribus
2746 1054 2951 1124 nostris,
2981 1052 3050 1111 Et
3084 1071 3148 1111 ne
3172 1072 3264 1113 nos
3288 1056 3476 1127 inferas
3512 1058 3570 1123 in

1982 1143 2310 1207 tentatioaem
2327 1183 2342 1207 ,
2375 1141 2482 1207 Sed
2509 1143 2666 1201 libere
2692 1161 2785 1199 nos
2812 1162 2845 1209 β
2867 1143 3002 1209 maio
3025 1145 3239 1216 (Hatth.
3264 1164 3335 1215 vt,
3358 1147 3518 1225 9-15)
3542 1191 3565 1217 ,

1981 1232 2099 1303 quis
2124 1248 2231 1288 non
2257 1233 2437 1291 videat
2464 1233 2531 1293 ad
2563 1236 2840 1305 praesentis
2866 1236 2988 1303 vita:
3024 1237 3369 1310 indigentiam
3396 1242 3569 1313 perti-

1980 1327 2219 1383 neretln
2248 1328 2336 1382 illa
2359 1327 2536 1399 itaque
2557 1329 2661 1389 vita
2689 1337 2887 1391 aeterna
2906 1329 2994 1395 ubi
3020 1345 3116 1392 nos
3138 1345 3353 1404 semper
3380 1347 3565 1404 spera-

1980 1433 2099 1473 mus
2125 1417 2354 1486 fnturos,
2382 1428 2438 1474 et
2465 1420 2698 1477 nominis
2726 1420 2821 1485 Dei
2848 1421 3226 1495 sanctiﬁcatio,
3254 1433 3310 1491 et
3340 1438 3568 1499 regqu

1980 1510 2117 1580 ejus,
2146 1519 2202 1565 et
2232 1510 2478 1567 voluntas
2520 1511 2637 1582 eius
2680 1514 2733 1569 in
2780 1521 2964 1581 nostra
3014 1514 3201 1585 spiritu
3243 1523 3297 1579 et
3339 1528 3569 1589 corpore

1979 1601 2215 1674 perfecte
2241 1612 2401 1675 atque
2426 1604 2799 1665 immortaliter
2819 1605 3221 1677 peruiencbunt.
3253 1605 3411 1671 Panis
3435 1620 3569 1677 vero

1979 1695 2317 1767 quotidianus
2341 1695 2464 1752 ideo
2490 1695 2666 1752 dictus
2690 1704 2774 1754 est
2801 1696 2923 1768 quia
2960 1696 3047 1763 hit:
3070 1706 3153 1757 est
3180 1696 3516 1759 necessarius
3538 1736 3563 1775 ,

1978 1796 2205 1858 quantus
2231 1788 2422 1844 animat
2456 1788 2709 1859 cernique
2748 1788 3064 1847 tribuendus
3099 1796 3219 1859 est,
3264 1789 3378 1853 sive
3404 1788 3563 1860 spiris:

1978 1879 2222 1947 tualiter,
2261 1880 2378 1936 sive
2423 1879 2743 1945 carnaliter,
2803 1880 2918 1937 sive
2962 1888 3188 1950 utroque
3236 1879 3564 1951 intelligatur

1977 1970 2157 2026 modo.
2185 1969 2287 2026 Hic
2310 1979 2395 2028 est
2420 1970 2580 2029 etiam
2608 1984 2769 2042 quam
2795 1969 3064 2041 poscimus
3082 1968 3348 2039 remissio,
3367 1969 3457 2029 ubi
3480 1976 3567 2031 est
3608 2032 3609 2035 η

1976 2062 2283 2118 commissio
2308 2070 2682 2133 peccatorum;
2722 2061 2809 2118 hic
2845 2060 3169 2121 tentationes
3201 2074 3319 2131 qua:
3359 2073 3457 2119 nos
3493 2058 3564 2121 ad

1975 2154 2305 2224 peccandum
2330 2153 2419 2210 vel
2456 2152 2697 2219 alliciunt
2740 2152 2827 2209 vel
2868 2151 3178 2223 impellunt;
3216 2149 3305 2207 hic
3327 2150 3562 2225 denique

1975 2246 2173 2302 malum
2198 2246 2344 2303 unde
2366 2246 2612 2318 cupimus
2638 2245 2854 2305 liberari
2880 2263 2896 2303 ε
2920 2245 3031 2303 illic
3052 2253 3233 2305 autem
3264 2244 3399 2305 nihil
3423 2244 3563 2309 isto.-

1975 2348 2233 2396 rumest.

2045 2432 2271 2490 CAPUT
2311 2431 2495 2489 CXVI.
2523 2461 2598 2474 —-
2624 2430 2898 2489 Petitionss
2933 2439 3130 2493 tantum
3166 2430 3386 2501 quinque
3422 2428 3564 2502 apud

1973 2522 2189 2594 Lucam,
2208 2526 2297 2596 qui
2315 2541 2428 2581 cum
2457 2524 2717 2597 llattlwo}
2732 2523 3053 2582 conciliatur.
3070 2522 3413 2597 Evangelista
3428 2537 3561 2591 vero

1974 2618 2147 2676 Lucas
2173 2617 2231 2675 in
2252 2618 2495 2675 oratione
2532 2617 2799 2675 dominica
2841 2617 3124 2690 petitiones
3161 2632 3269 2675 non
3309 2625 3515 2688 septem
3539 2656 3561 2686 ,

1975 2712 2070 2768 sed
2090 2710 2324 2783 quinque
2347 2710 2659 2781 complexus
2675 2718 2758 2766 est
2777 2728 2791 2766 :
2810 2725 2911 2767 nec
2933 2710 3002 2766 ab
3028 2711 3134 2767 isto
3159 2710 3338 2781 utique
3356 2710 3564 2773 discus:

1973 2804 2146 2876 pavit,
2169 2790 2264 2859 sed
2296 2801 2565 2874 quomodo
2590 2800 2709 2858 ista:
2744 2809 2953 2872 septem
2991 2800 3101 2858 sint
3129 2799 3486 2871 intelligenda:
3507 2801 3555 2871 ν,

1973 2894 2089 2966 ipsa
2131 2909 2227 2950 sua
2271 2894 2535 2951 brevitate
2576 2893 2928 2953 commonuit.
2978 2892 3184 2951 Nomen
3224 2893 3420 2963 quippe
3460 2892 3557 2960 Dei

1974 2987 2334 3044 sanctificatur
2370 2986 2425 3042 in
2463 2985 2685 3057 spiritu,
2720 2986 2815 3042 Dei
2840 2996 3019 3043 autem
3044 3001 3268 3056 regnum
3295 2985 3350 3049 in
3382 2985 3564 3054 carnis

1973 3082 2367 3140 resurrectione
2403 3089 2688 3138 venturum
2727 3087 2831 3136 est.
2875 3078 3176 3145 Ostendens
3214 3094 3341 3149 ergo
3386 3078 3565 3147 Lucas

1975 3174 2185 3231 tertiam
2217 3172 2526 3246 petitionem
2552 3171 2779 3227 duarum
2808 3169 3145 3240 superiorum
3182 3183 3301 3227 esse
3326 3167 3561 3238 quodam

1973 3267 2135 3325 modo
2161 3266 2535 3338 repetitionem
2551 3306 2568 3333 ,
2595 3265 2766 3335 magis
2793 3277 2912 3320 eam
2949 3259 3407 3333 praetermittendo
3432 3258 3564 3326 facit

1972 3361 2213 3433 intelligi.
2249 3358 2452 3415 Deinde
2492 3367 2602 3414 tres
2641 3357 2776 3413 alias
2802 3355 3061 3427 adiungit,
3105 3353 3173 3409 de
3211 3368 3345 3423 pane
3385 3351 3562 3422 quosi,

1972 3456 2131 3511 diano
2149 3496 2164 3522 ,
2199 3452 2272 3511 de
2312 3450 2630 3510 remissione
2656 3456 2991 3521 peccatorum
3012 3488 3028 3515 ,
3057 3446 3126 3503 de
3154 3444 3446 3509 tentatione
3476 3442 3558 3513 γε-

1973 3547 2133 3604 tanda
2183 3545 2334 3618 (Luc.
2371 3562 2424 3601 XI
2448 3585 2464 3613 ,
2500 3542 2644 3618 3-4).
2692 3543 2763 3599 At
2813 3556 2943 3598 vero
2979 3540 3118 3612 quod
3151 3539 3241 3594 ille
3282 3539 3333 3611 in
3372 3536 3560 3605 ultiqu

1973 3641 2169 3712 posuit,
2199 3640 2304 3695 Sed
2331 3639 2487 3695 libera
2506 3630 2839 3702 nosamato;
2863 3636 2966 3690 iste
2988 3649 3094 3703 non
3125 3633 3318 3704 posuit,
3369 3641 3425 3691 ut
3472 3631 3560 3697 in,

1975 3735 2337 3805 telligercmus
2361 3733 2429 3787 ad
2458 3731 2588 3787 illud
2609 3730 2853 3801 superius
2884 3727 3024 3798 quod
3057 3727 3125 3781 de
3159 3724 3456 3783 tentatione
3475 3723 3558 3785 ίιίτ

1973 3833 2116 3881 ctum
2145 3833 2249 3893 est,
2278 3823 2565 3895 pertinere.
2598 3820 2723 3880 Ideo
2757 3820 2956 3891 quippe
2984 3818 3078 3883 ait,
3102 3816 3208 3871 Sed
3235 3816 3390 3877 libera
3410 3831 3429 3877 ;
3448 3830 3554 3879 anon

1973 3918 2065 3981 ait,
2083 3917 2152 3971 Et
2178 3916 2365 3981 libera,
2393 3924 2646 3983 tanquam
2667 3925 2825 3966 unam
2858 3909 3167 3979 petitionem
3192 3920 3313 3961 esse
3335 3904 3558 3969 damon.

1974 4016 2150 4063 strans
2183 4004 2314 4078 (noli
2343 4004 2447 4059 hoc
2465 4002 2508 4068 ³,
2524 4001 2622 4056 sed
2644 4000 2781 4072 hoc)
2808 4017 2821 4052 :
2844 4008 2902 4053 ut
2938 3998 3071 4053 sciat
3102 3995 3461 4065 unusquiqu
3500 3995 3555 4073 ill

1974 4114 2039 4154 eo
2052 4095 2336 4152 seliberari
2360 4109 2390 4150 a
2410 4094 2568 4157 malo,
2588 4091 2729 4164 quod
2749 4105 2853 4147 non
2875 4089 3099 4148 infertur
3121 4088 3171 4145 in
3186 4087 3556 4157 Imitationem,

2044 4186 2270 4245 CAPUT
2307 4184 2511 4242 CXVII.
2538 4214 2610 4225 —
2630 4185 2717 4239 51.
2739 4181 2820 4237 De
2841 4182 3086 4238 rltaritate
3112 4195 3226 4249 quia
3240 4195 3356 4239 sua»
3371 4177 3473 4248 ﬁde
3496 4194 3559 4245 ap

1974 4299 2062 4353 spe
2088 4281 2264 4335 adesse
2290 4277 2453 4333 debet.
2494 4276 2612 4337 iam
2657 4289 2820 4346 porro
2842 4272 3078 4341 cbaritas
3100 4314 3114 4339 ,
3154 4287 3312 4343 quam
3353 4268 3562 4339 duabus

1972 4374 2110 4438 istis,
2132 4373 2185 4428 id
2206 4380 2306 4438 est,
2332 4370 2434 4426 fide
2453 4384 2516 4424 ae
2533 4382 2629 4440 spe
2648 4366 2902 4437 majorem
2921 4365 3061 4421 dixit
3074 4360 3416 4434 Apostolus“
3437 4360 3558 4429 Cor.

1976 4483 2090 4532 nn,
2127 4466 2235 4538 15),
2263 4473 2461 4535 quanto
2490 4462 2542 4517 in
2567 4474 2905 4531 quocumque
2930 4459 3103 4527 major
3126 4465 3237 4523 est,
3268 4464 3419 4519 tanto
3447 4469 3565 4513 me-

1974 4558 2076 4615 lior
2101 4565 2182 4613 est
2210 4556 2260 4610 in
2289 4570 2395 4625 quo
2413 4563 2513 4608 est.
2535 4552 2667 4606 Cum
2690 4551 2831 4606 enim
2850 4550 3124 4619 quaaritur.
3144 4556 3319 4602 utrum
3332 4543 3557 4615 quisque

1976 4654 2046 4708 sit
2072 4652 2230 4705 homo
2257 4648 2449 4713 bonus,
2479 4660 2582 4703 non
2609 4644 2861 4714 quau-itur
2877 4640 3000 4711 quid
3024 4639 3227 4704 credat,
3243 4645 3335 4691 aut
3354 4644 3551 4704 speret,

1973 4744 2071 4800 sed
2099 4741 2222 4812 quid
2249 4748 2411 4793 amet.
2452 4735 2583 4791 Nam
2622 4735 2712 4805 qni
2760 4742 2910 4789 recte
2946 4739 3127 4793 amat.
3174 4729 3356 4800 procul
3396 4727 3558 4789 dubio

1976 4845 2123 4893 recte
2149 4831 2317 4888 credit
2342 4839 2397 4886 et
2420 4838 2599 4901 sperat
2628 4845 2642 4883 :
2673 4827 2763 4897 qui
2794 4839 2923 4882 vero
2952 4839 3057 4885 non
3102 4831 3247 4879 amat
3271 4863 3286 4889 ,
3331 4822 3551 4897 inaniter

1974 4924 2166 4991 credit,
2194 4921 2406 4980 etiamsi
2441 4921 2549 4976 sint
2574 4933 2700 4973 vera
2734 4931 2853 4987 qum
2877 4913 3081 4975 credit;
3107 4912 3333 4967 inaniter
3353 4918 3556 4985 sperat,

1976 5018 2183 5074 etiamsi
2210 5016 2276 5072 ad
2304 5028 2482 5070 veram
2504 5011 2809 5071 felicitatem
2829 5007 3123 5061 doceantur
3149 5004 3419 5074 pertinere
3440 5017 3559 5071 qua:

1974 5119 2156 5179 Sperat
2187 5127 2200 5162 :
2234 5107 2335 5162 nisi
2357 5116 2412 5162 et
2436 5104 2538 5160 hoc
2565 5101 2751 5158 credat
2769 5114 2832 5155 ac
2852 5106 3055 5168 speret,
3072 5094 3211 5167 quod
3233 5094 3331 5157 sibi
3357 5095 3557 5166 petenti

1975 5198 2161 5253 donari
2204 5196 2375 5267 possit
2411 5205 2467 5249 ut
2494 5200 2656 5251 amet.
2700 5188 2957 5259 Quamvis
2999 5187 3141 5244 enim
3184 5202 3407 5256 sperare
3443 5187 3561 5245 sine

1974 5305 2159 5349 amore
2182 5305 2288 5353 non
2310 5286 2502 5360 possit,
2534 5285 2645 5353 fieri
2676 5293 2852 5353 tamen
2879 5289 3056 5354 potest
3085 5291 3141 5337 ut
3167 5281 3215 5337 id
3244 5296 3350 5349 non
3376 5289 3518 5339 amet
3539 5320 3556 5345 ,

1976 5385 2090 5440 sine
2132 5399 2237 5455 quo
2281 5382 2346 5437 ad
2395 5380 2443 5436 id
2482 5379 2622 5451 quod
2666 5387 2847 5455 sperat
2890 5393 2995 5432 non
3044 5384 3221 5447 potest
3260 5370 3557 5443 pervenire.

1976 5476 2247 5546 Tanquam
2284 5475 2327 5529 si
2367 5481 2546 5541 speret
2582 5471 2741 5526 vitam
2775 5477 3049 5528 aeternam.
3082 5464 3274 5540 (quam
3307 5461 3424 5534 quis
3450 5475 3559 5518 non

2526 5560 3561 5688 eammeam:

2036 5702 2064 5740 ιι
2100 5704 2149 5739 a.

1971 5702 2149 5757 seeae-

2041 5753 2063 5785 ³
2093 5754 2170 5803 sie
2186 5760 2293 5803 Mss.
2319 5751 2439 5802 Editi
2461 5756 2646 5806 autem.
2666 5759 2762 5800 non
2774 5744 2884 5799 hoc.
