4144 6212
514 279 621 342 287

517 406 661 457 amat
686 393 773 467 μἰ)
813 400 870 448 et
904 404 1011 445 non
1045 392 1187 442 amet
1211 364 1469 451 justitiam
1491 416 1505 439 ,
1542 373 1659 427 sine
1696 381 1798 438 qua
1838 375 1995 417 nemo
2022 357 2089 412 ad

519 455 661 547 illam
709 455 971 558 pervenit.
1018 478 1136 547 Ipsa
1176 481 1260 529 est
1295 482 1470 525 autem
1515 464 1648 519 tldes
1682 455 1905 558 Christi,
1934 464 2093 522 quam

519 552 858 638 commendat
886 566 1195 640 Apostolus,
1222 576 1342 633 qua:
1380 573 1474 631 per
1518 552 1858 609 dilectionem
1902 556 2097 640 opera-

521 635 609 730 tur
635 668 845 745 (Galat.
859 681 914 731 v,
929 635 1008 733 ii);
1031 671 1087 716 et
1109 655 1250 729 quod
1278 654 1331 708 in
1352 648 1639 706 dilectione
1659 641 1893 698 nondum
1916 635 2094 735 habet,

681 724 739 814 ut
762 724 1007 825 accipiat,
1039 724 1230 820 quaerit
1249 752 1307 800 ut
1328 740 1581 805 inveniat,
1612 734 1785 806 pulsat
1806 738 1865 784 ut
1889 725 2098 835 aperia-
2132 724 2135 725 ⁷

523 818 609 911 iur
624 857 671 908 ei
691 818 910 926 (Matth.
929 862 1021 909 vn,
1047 818 1124 913 ἧ).
1154 839 1312 895 Fides
1332 847 1559 904 namque
1583 830 1832 898 impetrat
1845 819 1991 926 quod
2013 818 2103 922 lex

522 912 772 1019 imperat.
813 941 945 996 Nam
978 937 1093 993 sine
1134 932 1227 988 Dei
1265 931 1440 994 dono,
1491 924 1541 979 id
1586 927 1699 984 est,
1744 918 1860 972 sine
1903 912 2103 982 Spiritu

524 1009 745 1107 sancto,
788 1051 884 1108 per
938 1046 1097 1103 quem
1144 1018 1726 1084 diﬂ‘uuditur-charitas
1763 1014 1817 1068 in
1855 1009 2106 1066 cordibus
2142 1056 2147 1059 Α

523 1103 927 1198 nostrisa—iam.
956 1140 1008 1188 v,
1041 1121 1122 1191 ὅ),
1153 1118 1339 1189 jubere
1367 1115 1450 1169 lex
1480 1108 1709 1182 poterit,
1736 1119 1843 1159 non
1880 1103 2102 1172 juvare;
2142 1148 2145 1151 λ

526 1234 580 1281 et
606 1220 1062 1295 praevaricatorem
1090 1214 1305 1281 insuper
1334 1206 1511 1261 facere
1531 1245 1546 1270 ,
1587 1201 1675 1271 qui
1708 1198 1776 1252 de
1815 1190 2109 1265 ignorantia

527 1331 587 1371 se
607 1280 872 1370 .excusare
891 1322 999 1363 non
1021 1304 1210 1375 possit.
1240 1302 1443 1370 Regnat
1466 1295 1609 1351 enim
1640 1287 1872 1346 carnalis
1907 1280 2112 1353 cupidi-

531 1417 635 1473 tas,
656 1404 749 1460 ubi
773 1417 879 1457 non
900 1407 985 1455 est
1010 1396 1101 1451 Dei
1131 1393 1383 1449 cliaritas.

602 1468 827 1550 CAPUT
857 1486 1083 1546 CXVIII.
1107 1514 1180 1527 -—
1205 1483 1381 1539 Status
1422 1476 1499 1532 vel
1526 1484 1697 1531 tetates
1727 1468 1945 1525 hominis
1978 1481 2112 1536 qua-

534 1597 668 1653 tuor,
695 1592 813 1639 ante
837 1581 1039 1651 Legem,
1072 1575 1162 1631 sub
1188 1573 1338 1643 Lege,
1370 1568 1461 1624 sub
1487 1566 1672 1638 gratia,
1695 1561 1818 1653 etin
1845 1573 1986 1653 pace.
2009 1552 2115 1609 Sed

534 1646 665 1734 cum'
685 1676 739 1729 iu
768 1646 1038 1727 altissimis
1064 1662 1375 1737 ignorantiae
1407 1656 1638 1714 tenebris
1660 1650 1808 1707 nulla
1836 1646 2115 1702 resistente
2142 1700 2146 1705 ,

534 1767 740 1823 ratione
780 1759 1071 1818 secundum
1115 1768 1331 1811 carnem
1378 1749 1589 1811 vivitur,
1637 1744 1752 1798 hinc
1785 1747 1910 1795 sunt
1947 1737 2118 1808 prima

541 1856 793 1915 hominis.
827 1851 1030 1908 Deinde
1053 1863 1172 1903 cum
1203 1861 1295 1916 per
1329 1843 1497 1911 legem
1529 1835 1760 1906 cognitio
1796 1829 1955 1886 fuerit
1981 1826 2120 1882 facta

543 1947 766 2021 peccati,
787 1944 830 1999 si
852 1941 1085 1998 nondum
1101 1936 1312 1992 divinus
1338 1924 1811 2000 adjuvatSpiritus,
1828 1916 2122 1975 secundum

539 2018 711 2110 legem
738 2036 921 2091 volens
950 2033 1129 2087 vivere
1151 2025 1398 2089 vincitur,
1424 2029 1479 2077 et
1501 2019 1675 2074 sciens
1704 2018 1902 2084 peccat,
1930 2021 2122 2078 pecca-

542 2105 703 2202 toque
732 2128 973 2185 subditus
1013 2122 1175 2179 servit
1210 2138 1223 2175 :
1265 2119 1310 2172 Α
1338 2132 1437 2188 quo
1462 2113 1592 2167 enim
1616 2109 1727 2180 quis
1759 2105 1981 2159 devictus
2004 2108 2077 2155 est
2103 2140 2121 2166 ,

545 2194 662 2276 huic
687 2229 731 2275 et
759 2235 930 2274 servus
953 2214 1182 2269 addictus
1208 2219 1279 2264 est
1309 2206 1393 2279 (ll
1425 2204 1565 2259 Petr.
1595 2217 1667 2266 11,
1701 2196 1821 2267 19);
1855 2194 1906 2250 id
1934 2198 2128 2263 agente

543 2313 765 2370 scientia
815 2308 1071 2371 mandati,
1103 2315 1161 2359 ut
1195 2309 1467 2375 peccatum
1512 2301 1763 2365 operetur
1805 2290 1856 2343 in
1912 2285 2128 2340 homine

543 2418 756 2460 omnem
785 2373 1291 2468 concupiscentiam,
1322 2387 1538 2445 cumulo
1564 2377 2011 2455 prievaricationis
2031 2373 2128 2430 ad-

538 2496 703 2565 jecto,
733 2503 891 2561 atque
938 2465 1006 2553 ita
1057 2484 1199 2557 quod
1247 2481 1502 2551 scriptum
1554 2482 1638 2532 est
1683 2470 1985 2542 impleatur,
2022 2465 2131 2519 Lea:

545 2559 842 2641 subintravit
862 2624 876 2648 ,
913 2589 967 2635 ut
1000 2577 1279 2633 abundaret
1304 2572 1541 2628 delictum
1569 2567 1745 2639 (Rom.
1777 2579 1831 2631 v,
1859 2560 1974 2632 20).
2004 2559 2133 2615 Hice

548 2687 674 2735 sunt
697 2675 930 2733 secunda
961 2670 1209 2728 hominis.
1250 2667 1307 2722 Si
1345 2673 1520 2720 autem
1563 2657 1857 2730 respexerit
1884 2654 2047 2717 Deus,
2073 2659 2134 2706 ut

549 2769 617 2826 ad
644 2767 910 2840 implenda
938 2776 1057 2836 qua:
1093 2759 1309 2817 mandat
1335 2758 1446 2828 ipse
1472 2754 1727 2824 adjuvare
1767 2747 2048 2811 credatur,
2080 2749 2135 2798 et

551 2862 636 2933 agi
664 2838 826 2916 homo
858 2857 1080 2929 coeperit
1106 2853 1201 2908 Dei
1228 2850 1449 2922 Spiritu,
1466 2842 1857 2914 concupiscitur
1880 2838 2135 2894 adversus

556 2931 771 3011 carnem
813 2951 1031 3008 fortiore
1070 2949 1266 3002 robore
1300 2939 1573 2999 charitatis
1612 2934 1808 3008 (Colat.
1840 2949 1893 2999 v,
1926 2931 2051 3000 i7);
2081 2934 2139 2984 ut

553 3047 796 3120 quamvis
824 3043 997 3099 adhuc
1022 3042 1092 3096 sit
1115 3037 1258 3111 quod
1286 3034 1486 3092 homini
1515 3036 1771 3102 repugnet
1805 3042 1873 3082 ex
1897 3024 2135 3088 homine,

556 3115 792 3194 nondum
821 3142 929 3189 tota
958 3131 1268 3187 infirmitate
1299 3134 1504 3188 sanata,
1535 3137 1602 3177 ex
1634 3119 1735 3174 fide
1763 3128 1937 3173 tamen
1960 3115 2138 3186 justus

554 3231 699 3287 vivat
722 3228 897 3302 (Rom.
938 3242 975 3293 ι,
1023 3224 1135 3296 l7),
1182 3223 1431 3292 justeque
1460 3218 1637 3280 vivat,
1672 3214 1723 3268 in
1750 3220 2003 3283 quantum
2036 3223 2143 3263 non

557 3323 699 3383 cedit
741 3322 894 3377 mala:
928 3315 1373 3387 concupiscentiae
1396 3356 1412 3379 ,
1459 3311 1704 3365 vincente
1747 3301 2141 3360 delectatione’

554 3416 798 3489 iustitiae.
847 3412 973 3468 Ilaec
1022 3418 1146 3466 sunt
1177 3407 1331 3462 tertia
1361 3406 1514 3461 bona:
1534 3401 1646 3471 spei
1675 3398 1928 3465 hominis;
1948 3396 2001 3469 in
2018 3394 2140 3464 qui-

560 3510 662 3566 bus
703 3509 747 3564 si
790 3507 873 3578 pia
906 3500 1297 3576 perseverantia
1326 3496 1551 3568 quisque
1578 3490 1837 3564 proﬁciat,
1879 3496 2146 3559 postrema

561 3616 666 3674 pax
695 3607 881 3665 restat,
911 3611 1029 3667 quae
1064 3601 1188 3665 post
1226 3591 1365 3645 hanc
1396 3588 1560 3642 vitam
1592 3584 1644 3639 in
1675 3583 1858 3652 requie
1887 3580 2105 3651 spiritus
2128 3620 2144 3645 ,

564 3671 758 3748 deinde
793 3689 845 3744 in
879 3684 1268 3743 resurrectione
1295 3681 1453 3737 etiam
1479 3677 1656 3733 carnis
1685 3672 2008 3744 implebitur.
2039 3671 2148 3726 Ha-

565 3801 685 3843 rum
723 3791 953 3855 qualuor
991 3777 1412 3835 differentiarum
1453 3771 1622 3843 prima
1654 3776 1738 3825 est
1763 3776 1887 3821 ante
1910 3764 2106 3835 Legem
2128 3805 2144 3830 ,

567 3873 802 3935 secunda
831 3875 931 3930 sub
958 3873 1121 3942 Lege,
1145 3868 1307 3924 tertia
1348 3865 1448 3920 sub
1475 3861 1672 3934 gratia.
1703 3867 1887 3930 quarta
1929 3856 1981 3911 in
2021 3870 2152 3926 pace

568 3973 724 4044 plena
748 3980 906 4040 atque
936 3965 1188 4038 perfecta.
1213 3961 1303 4017 Sic
1319 3966 1476 4015 estet
1506 3956 1600 4012 Dei
1629 3954 1851 4025 populus
1876 3950 2153 4005 ordinatus

572 4041 668 4136 per
696 4072 995 4131 temporum
1036 4053 1311 4112 intervalla
1338 4093 1353 4118 ,
1396 4050 1533 4106 sicut
1577 4048 1687 4102 Deo
1725 4043 1952 4115 placuit,
1984 4041 2154 4112 quiin

576 4131 825 4210 mensura
851 4158 907 4205 et
932 4161 1153 4202 numero
1173 4154 1228 4199 et
1256 4142 1489 4213 pondere
1524 4147 1713 4194 cuncta
1740 4135 1974 4204 disponit
1991 4131 2149 4205 (Sap.

577 4261 655 4309 xI,
686 4241 800 4312 ‘21).
829 4240 961 4295 Nam
988 4237 1083 4292 fuit
1108 4237 1352 4306 primitus
1378 4241 1500 4287 ante
1526 4230 1755 4300 Legem;
1788 4224 2021 4280 secundo
2058 4224 2157 4278 sub

577 4335 717 4404 Lege
740 4372 755 4398 ,
794 4346 914 4402 qua:
951 4328 1071 4384 data
1097 4334 1181 4382 est
1204 4341 1299 4395 per
1322 4323 1569 4394 Moysen;
1610 4317 1804 4375 deinde
1829 4317 1927 4372 sub
1951 4315 2118 4386 gratia
2139 4356 2154 4379 ,

577 4442 697 4500 qua:
734 4424 963 4481 revelata
1008 4429 1092 4476 est
1134 4434 1229 4489 per
1268 4416 1492 4487 primum
1531 4411 1837 4469 Mediatoris
1873 4408 2158 4463 adventum

579 4495 760 4593 ('Joan.
793 4535 844 4583 ι,
878 4514 991 4587 17).
1022 4514 1151 4579 Quae
1190 4506 1402 4577 quidem
1448 4504 1613 4575 gratia
1644 4518 1743 4558 nec
1770 4508 1925 4555 antea
1953 4495 2159 4562 defuit,

581 4590 774 4685 quibus
798 4625 916 4665 eam
947 4603 1181 4676 oportuit
1212 4599 1491 4670 impertiri,
1523 4594 1762 4666 quamvis
1786 4608 1884 4664 pro
1911 4590 2163 4659 temporis

585 4699 983 4768 dispensatione
1008 4694 1182 4749 velata
1206 4700 1260 4747 et
1285 4690 1508 4746 occulta.
1538 4686 1721 4756 Neque
1745 4685 1888 4740 enim
1917 4684 2157 4753 antiquo-

585 4803 703 4844 rum
741 4787 1058 4856 quicumque
1091 4784 1355 4855 justorum
1401 4789 1592 4851 praeter
1612 4778 1809 4833 Christi
1836 4775 1993 4830 fidem
2022 4774 2166 4829 salu-

586 4890 694 4938 tem
721 4879 895 4951 potuit
934 4877 1208 4941 invenire,
1257 4882 1348 4928 aut
1388 4888 1514 4928 vero
1553 4871 1654 4925 nisi
1691 4877 1745 4924 et
1787 4868 1892 4924 illis
1926 4866 2169 4937 cognitus

586 4974 775 5030 fuisset
791 4971 835 5041 ³,
867 4970 1126 5042 potuisset
1150 4967 1302 5024 nobis
1332 4980 1427 5037 per
1451 4980 1637 5020 eorum
1657 4961 2009 5019 ministerium
2035 4959 2170 5013 alias

587 5067 842 5136 apertius,
871 5063 1002 5119 alias
1030 5061 1288 5118 occultius
1320 5056 1651 5130 prophetazi.

656 5157 884 5217 CAPUT
921 5154 1108 5213 CXIX.
1134 5184 1205 5195 --
1230 5150 1562 5224 Regeneratio
1604 5155 1809 5219 peccata
1854 5144 2017 5200 abolet
2061 5143 2174 5199 uni-

653 5288 671 5320 ¹
705 5284 828 5336 Editi
851 5291 950 5333 Am.
973 5288 1048 5331 Er.
1063 5288 1179 5331 Dan.
1208 5285 1260 5331 et
1280 5279 1464 5343 aliquot
1484 5286 1614 5336 Mss.,
1629 5272 1846 5343 quamvis
1867 5285 1962 5322 non
1984 5269 2174 5343 habent,

589 5332 1178 5422 ιερζοῖι-ἱιίὴέὶριιδιὶιέαηι.Ι
1196 5332 1541 5422 [etsigna
1568 5332 1791 5422 gub-meis
1812 5348 1907 5422 non
1936 5338 2061 5422 amet
2083 5332 2173 5394 ju-

589 5408 805 5522 ;
826 5402 1021 5467 omisso,
1043 5417 1138 5455 non
1159 5402 1329 5454 habeat
1351 5402 1737 5454 eti-linendantur
1754 5402 1935 5448 auxilio
1954 5402 2179 5445 veterum

613 5490 626 5522 ι
661 5484 840 5522 rorum.

656 5508 895 5584 ἷνῶῗέι
914 5537 1047 5590 Ανη..
1072 5527 1358 5589 dilectione;
1379 5525 1781 5577 dissentientibus
1802 5521 1946 5571 editis
1968 5516 2077 5567 aliis
2123 5523 2176 5566 et

593 5596 819 5648 munibus
836 5594 946 5645 fere
968 5600 1075 5644 Mss.
1198 5610 1199 5613 η

653 5640 905 5727 isiussi
922 5640 1279 5727 autem;
1305 5657 1361 5702 At
1382 5662 1493 5703 vero
1512 5647 1607 5701 nisi
1626 5654 1671 5700 et
1691 5645 1791 5699 illis
1822 5643 2036 5711 cognitus
2063 5640 2183 5705 litis-

597 5715 1331 5784 MmpotuissetnoMetc.
1958 5740 1967 5749 τ
2094 5728 2097 5731 ν

782 266 1242 336 ENCHIRIDION,
1281 258 1434 322 SIVE
1471 257 1563 316 DE
1597 252 1781 320 FIDE,
1820 247 1947 304 SPE
1989 244 2074 301 ET
2110 237 2530 304 CHARI’I‘ATE,
2571 236 2627 291 S.
2671 229 3037 292 AUGUSTINI
3084 225 3289 284 LIBER
3316 220 3517 280 UNUS.

3675 219 3781 274 9.8-3

2201 370 2343 410 versa
2381 354 2435 408 in
2484 351 2659 422 quavis
2705 356 2871 405 aztate.
2929 346 3155 401 Servitus
3196 342 3287 398 sub
3334 340 3461 409 Lege
3522 336 3782 391 nonnultis

2197 448 2480 517 inexperta.
2512 443 2568 498 In
2594 454 2925 513 quacumque
2946 447 3123 494 autem
3147 444 3369 506 quatuor
3398 434 3616 486 istarum
3642 429 3787 484 velut

2200 545 2413 593 aetatum
2441 536 2705 607 singulum
2731 548 2994 604 quemque
3022 530 3290 584 hominem
3312 526 3480 597 gratia
3503 537 3789 594 regenera-

2204 629 2363 683 tionis
2389 626 2671 691 invenerit,
2704 625 2774 679 ibi
2803 625 2851 678 ei
2878 622 3217 678 remittuntur
3242 616 3507 689 prmterita
3541 614 3789 669 universa

2207 726 2449 789 peccata;
2470 728 2523 772 et
2546 728 2724 772 reatus
2749 715 2835 770 ille
2857 712 3122 769 nascendo
3147 718 3475 773 contractus,
3503 719 3791 761 renascen-

2206 811 2276 866 do
2302 810 2629 866 dissolvitur.
2664 809 2899 877 Tamque
2946 805 3171 860 multum
3207 802 3354 857 valet
3381 799 3522 871 quod
3564 797 3793 869 Spiritus

2208 902 2294 956 ubi
2310 902 2414 955 vult
2430 901 2610 972 spirat.
2631 898 2808 969 (Joan.
2828 914 2904 964 In,
2923 896 3000 970 8),
3025 905 3081 950 ut
3100 895 3312 965 quidam
3328 890 3617 947 secundam
3649 890 3796 944 illam

2211 993 2519 1047 servitutem
2567 990 2664 1044 sub
2710 990 2853 1059 Lege
2894 1004 2998 1043 non
3025 987 3269 1041 noverint
3298 985 3340 1050 ί,
3370 982 3463 1038 sed
3489 998 3609 1037 cum
3641 997 3797 1036 mau-

2213 1082 2337 1138 dato
2366 1082 2618 1151 incipiant
2644 1078 2961 1149 adjutorium
2991 1077 3184 1132 habere
3211 1074 3470 1129 divinum.

2285 1171 2510 1227 CAPUT
2544 1170 2703 1227 CXX.
2740 1200 2809 1209 —
2852 1169 3148 1240 Regenerati
3195 1166 3461 1220 morientes
3504 1173 3620 1218 ante
3652 1180 3803 1217 nsunt

2215 1262 2425 1315 rationis
2475 1278 2574 1314 non
2611 1269 2836 1331 pereunt.
2880 1261 3174 1329 Antequam
3223 1256 3390 1326 possit
3432 1262 3608 1310 autem
3640 1254 3802 1309 homo

2217 1368 2385 1423 capax
2410 1367 2531 1407 esse
2560 1351 2811 1415 mandati,
2837 1349 3127 1405 secundum
3170 1362 3386 1402 carnem
3414 1346 3557 1400 vivat
3580 1360 3804 1400 necesse

2218 1452 2303 1499 est
2335 1463 2348 1498 :
2379 1443 2474 1499 sed
2514 1443 2559 1498 si
2593 1442 2703 1511 jam
2748 1441 3093 1497 Sacramento
3121 1437 3538 1509 regenerationis
3569 1436 3805 1490 imbutus

2220 1542 2322 1601 est,
2353 1533 2486 1587 nihil
2513 1534 2563 1589 ei
2602 1533 2773 1588 oberit
2806 1535 2862 1586 .si
2894 1540 3020 1586 tunc
3060 1546 3125 1586 ex
3171 1529 3271 1583 hac
3313 1529 3418 1582 vita
3474 1525 3803 1597 migraverit.

2222 1624 2354 1691 Quia
2384 1625 2495 1678 ideo
2526 1623 2754 1678 Christus
2776 1631 3003 1677 mortuus
3041 1630 3114 1675 est
3136 1630 3181 1674 et
3202 1619 3495 1685 resurrexit,
3521 1628 3575 1671 ut
3599 1626 3644 1671 et
3666 1617 3808 1671 vivo-

2222 1734 2333 1770 rum
2361 1726 2407 1771 et
2435 1726 2744 1770 mortuorum
2763 1715 3044 1769 dominetur
3080 1711 3253 1783 (Rom.
3282 1725 3393 1776 xiv,
3421 1707 3506 1777 9);
3531 1724 3628 1763 nec
3658 1717 3812 1762 tene-

2223 1810 2302 1865 bit
2327 1824 2545 1879 regnum
2568 1809 2758 1863 mortis
2773 1823 2913 1873 eum,
2943 1821 3040 1877 pro
3065 1821 3171 1876 quo
3192 1812 3433 1859 mortuus
3458 1812 3539 1857 est
3562 1801 3650 1857 ille
3675 1800 3812 1856 liber

2227 1902 2280 1957 in
2304 1903 2529 1957 mortuis
2555 1901 2724 1975 (Psal.
2758 1915 2990 1965 Lxxxvu,
3022 1898 3101 1970 6).

2297 1994 2519 2051 CAPUT
2547 1994 2735 2051 CXXI.
2760 2025 2833 2034 —
2861 1994 2949 2050 ⁸52.
2972 1992 3206 2047 Charitas
3233 1991 3350 2061 finis
3374 1989 3599 2044 omnium
3627 2003 3815 2059 praece-

2229 2097 2449 2159 ptorum.
2494 2087 2684 2142 Omnia
2727 2086 2885 2158 igitur
2919 2095 3181 2157 prmcepta
3213 2083 3389 2138 divina
3414 2081 3718 2136 referuntur
3746 2077 3817 2133 ad

2230 2178 2635 2247 charitatem,de
2651 2194 2752 2248 qua
2763 2177 2890 2233 dicit
2903 2176 3210 2248 Apostolus:
3231 2173 3374 2227 Finis
3394 2182 3563 2225 autem
3578 2168 3819 2241 praecepti

2232 2281 2304 2326 est
2333 2272 2556 2326 charitas
2582 2271 2644 2324 de
2671 2270 2824 2324 corde
2852 2284 2978 2339 puro
2999 2308 3013 2332 ,
3059 2275 3103 2320 ct
3134 2264 3440 2319 conscientia
3466 2262 3618 2327 bona,
3646 2270 3693 2315 et
3715 2261 3820 2329 [ide

2234 2380 2335 2441 non
2361 2364 2481 2432 ficta
2507 2363 2560 2434 (Ι
2593 2361 2723 2415 Tim.
2750 2376 2799 2424 ι,
2831 2360 2909 2430 5).
2937 2357 3122 2414 Omnis
3172 2357 3350 2426 itaque
3396 2354 3648 2426 praecepti
3692 2351 3818 2407 linis

2235 2466 2318 2510 est
2338 2455 2603 2520 charitas;
2628 2453 2681 2509 id
2698 2461 2800 2519 est,
2824 2452 2890 2507 ad
2916 2451 3230 2507 charitatem
3255 2449 3486 2504 refertur
3504 2462 3665 2502 omne
3683 2460 3821 2516 prie-

2236 2558 2467 2620 ceptum.
2495 2547 2647 2615 Quod
2680 2561 2808 2601 vero
2836 2547 2907 2600 ita
2938 2544 2996 2598 fit
3025 2544 3108 2599 vel
3134 2544 3325 2598 timore
3351 2556 3544 2612 pinnae,
3596 2539 3680 2595 vel
3718 2538 3821 2593 ali-

2237 2656 2338 2713 qua
2380 2642 2675 2697 intentione
2729 2639 2953 2703 carnali,
3006 2645 3066 2692 ut
3114 2648 3219 2692 non
3268 2634 3533 2690 referatur
3576 2632 3642 2687 ad
3678 2631 3827 2686 illam

2239 2733 2552 2790 charitatem
2579 2746 2737 2802 quam
2777 2729 3026 2786 diffundit
3068 2727 3296 2798 Spiritus
3327 2735 3543 2781 sanctus
3573 2725 3626 2778 in
3650 2721 3828 2778 cordi-

2238 2823 2339 2879 bus
2386 2822 2583 2878 nostris
2625 2820 2800 2893 (Rom.
2833 2836 2887 2885 v,
2925 2820 3005 2890 5),
3033 2817 3269 2873 nondum
3298 2817 3355 2870 fit
3380 2812 3829 2886 quemadmodum

2240 2914 2359 2971 fieri
2385 2922 2617 2984 Oportet,
2648 2911 2892 2982 quamvis
2922 2910 3036 2965 fieri
3067 2909 3329 2964 videatur.
3359 2906 3605 2963 Charitas
3632 2904 3831 2975 quippe

2242 3005 2343 3060 ista
2385 3005 2477 3060 Dei
2508 3012 2592 3059 est
2625 3014 2679 3058 et
2708 3002 2937 3073 proximi
2970 3019 2982 3054 :
3011 3008 3066 3056 et
3092 3000 3272 3070 utique
3296 2999 3349 3052 in
3373 2997 3457 3055 his.
3475 2996 3667 3051 duobus
3696 3010 3833 3066 pra:-

2244 3097 2400 3168 ceptis
2446 3104 2551 3150 tota
2592 3093 2700 3149 Lea:
2728 3093 2909 3165 pendet
2938 3102 2984 3146 et
3014 3089 3290 3162 PrOphetae
3314 3088 3526 3161 (Matth.
3557 3103 3685 3153 xxii,
3714 3083 3830 3157 40).

2244 3187 2397 3244 Adde
2427 3185 2793 3256 Evangelium,
2814 3182 2947 3239 adde
2966 3181 3254 3252 Apostolos
3278 3198 3289 3234 :
3316 3195 3420 3236 non
3448 3180 3588 3234 enim
3617 3175 3833 3232 aliunde

2244 3294 2349 3334 vox
2394 3279 2492 3332 ista
2531 3286 2642 3342 est,
2690 3274 2837 3329 Finis
2883 3274 3118 3345 pra-copti
3164 3280 3236 3327 est
3272 3272 3525 3338 charitas;
3569 3279 3643 3336 et,
3699 3267 3834 3323 Deus

2247 3370 2467 3424 Charitas
2493 3376 2563 3423 est
2592 3366 2648 3439 (l
2676 3367 2833 3421 Joan.
2873 3380 2952 3433 iv,
2998 3362 3113 3437 16).
3143 3363 3500 3433 Quaecumque
3529 3376 3656 3432 ergo
3684 3374 3836 3414 man-

2249 3464 2339 3519 dat
2358 3465 2517 3528 Deus,
2542 3476 2607 3516 ex
2628 3459 2822 3531 quibus
2839 3473 3001 3513 unum
3022 3466 3126 3525 est,
3144 3456 3266 3511 Non
3293 3455 3615 3511 mmchaberis
3636 3451 3833 3523 (Exod.

2251 3571 2341 3617 xx,
2365 3553 2461 3618 M;
2493 3550 2683 3604 Matth.
2712 3566 2765 3618 v,
2793 3549 2921 3621 27);
2955 3557 3010 3604 et
3035 3563 3383 3619 qumcumque
3410 3561 3514 3601 non
3543 3545 3795 3616 iubentur
3816 3584 3836 3612 ,

2251 3644 2347 3701 sed
2394 3642 2654 3714 spirituali
2683 3641 2906 3697 consilio
2934 3649 3219 3696 monentur
3244 3641 3288 3706 ²,
3328 3653 3393 3694 ex
3434 3638 3624 3708 quibus
3669 3650 3839 3690 unum

2253 3746 2355 3803 est,
2400 3734 2601 3789 Bonum
2648 3743 2721 3788 est
2761 3733 2951 3787 homini
2993 3733 3249 3786 mulierem
3277 3746 3375 3783 non
3404 3737 3607 3800 tangere
3634 3726 3690 3801 (l
3717 3724 3839 3783 Cor.

2254 3846 2347 3898 vn,
2377 3829 2430 3901 1)
2468 3849 2480 3884 :
2511 3837 2637 3883 tunc
2666 3835 2811 3882 recte
2840 3826 2997 3889 fiunt,
3038 3839 3159 3879 cum
3187 3820 3494 3877 referuntur
3521 3820 3585 3873 ad
3615 3819 3840 3890 diligen-

2256 3921 2383 3977 dum
2421 3920 2608 3983 Deum,
2638 3925 2695 3972 et
2732 3916 3029 3987 proximum
3075 3922 3292 3984 pr0pter
3333 3912 3522 3976 Deum,
3559 3919 3613 3965 et
3653 3910 3705 3963 in
3738 3909 3842 3964 hoc

2258 4014 2474 4079 saeculo,
2501 4020 2555 4068 et
2582 4012 2633 4066 in
2659 4010 2862 4075 futuro;
2897 4024 3038 4063 nunc
3067 4008 3231 4062 Deum
3258 4020 3354 4075 per
3382 4003 3561 4068 fidem,
3594 4010 3722 4058 tunc
3750 4016 3846 4071 per

2259 4108 2526 4178 speciem,
2558 4113 2612 4160 et
2642 4105 2815 4175 ipsum
2845 4102 3145 4173 proximum
3189 4112 3331 4152 nunc
3372 4112 3466 4166 per
3509 4094 3687 4149 fidem.
3726 4091 3845 4147 Non

2261 4200 2402 4253 enim
2435 4197 2632 4251 scimus
2663 4193 2913 4249 mortales
2940 4191 3101 4248 corda
3133 4188 3455 4255 mortalium,
3498 4197 3622 4240 tunc
3667 4194 3847 4239 autem

2262 4286 2565 4343 illuminabit
2606 4286 2858 4340 Dominus
2900 4284 3194 4339 abscondita
3242 4281 3575 4341 tenebrarum,
3608 4286 3654 4330 et
3683 4275 3849 4330 mani-

2265 4378 2458 4451 festabit
2480 4378 2807 4447 cogitationes
2832 4375 3039 4439 cordis;
3066 4384 3111 4428 et
3143 4372 3254 4427 laus
3280 4372 3370 4426 erit
3395 4369 3658 4439 unicuique
3680 4385 3713 4421 a
3740 4367 3849 4422 Deo

2268 4471 2376 4542 (Id.
2410 4487 2480 4537 tv,
2508 4469 2562 4542 5)
2604 4487 2616 4523 :
2646 4469 2769 4539 quia
2795 4467 2847 4522 id
2876 4466 3178 4521 laudabitur
3207 4474 3261 4519 et
3286 4463 3537 4532 diligetur
3557 4478 3584 4515 a
3608 4460 3851 4531 proximo

2269 4567 2320 4621 in
2350 4563 2612 4635 proximo,
2640 4560 2779 4631 quod
2808 4574 2875 4613 nc
2900 4560 3079 4625 lateat,
3102 4558 3169 4610 ab
3190 4557 3305 4625 ipso
3324 4554 3704 4608 illuminabitur
3718 4552 3849 4606 Deo.

2269 4658 2520 4713 Minuitur
2546 4656 2565 4686 ³
2589 4662 2763 4709 autem
2790 4650 3050 4723 cupiditas
3076 4649 3333 4715 charitate
3363 4656 3655 4709 crescente,
3683 4644 3854 4700 donec

2272 4750 2447 4806 veniat
2476 4748 2562 4802 hic
2582 4746 2605 4778 ⁸
2634 4745 2699 4800 ad
2722 4751 2921 4798 tantam
2945 4739 3386 4811 magnitudinem,
3419 4754 3517 4809 qua
3548 4737 3716 4806 major
3736 4751 3856 4791 esse

2275 4857 2378 4897 non
2429 4837 2639 4911 possit:
2675 4834 2927 4906 Majorem
2959 4834 3091 4887 enim
3138 4832 3431 4884 charitatem
3478 4844 3625 4883 nemo
3670 4828 3855 4895 habet,

2275 4949 2425 5006 quam
2445 4941 2500 4986 ut
2523 4931 2746 4984 animam
2766 4945 2911 4982 suam
2926 4926 3038 4998 quis
3060 4934 3214 4997 ponat
3238 4940 3328 4995 pro
3349 4923 3523 4976 amicis
3546 4921 3651 4975 suis
3677 4918 3854 4991 (Joan.

2275 5042 2364 5092 xv,
2390 5024 2501 5096 15).
2534 5023 2610 5077 lbi
2639 5028 2816 5076 autem
2843 5020 2962 5090 quis
2991 5018 3222 5087 explicet
3249 5024 3445 5087 quanta
3471 5010 3838 5067 cbaritas‘erit

2343 5204 2361 5236 ι
2394 5200 2533 5260 Editi,
2556 5196 2816 5249 secundum
2842 5191 3267 5260 illamservitutem
3289 5187 3377 5240 sub
3397 5198 3499 5260 tege
3521 5200 3622 5237 esse
3648 5198 3743 5260 non
3779 5196 3864 5234 ηοω

2282 5262 2449 5316 terim.
2478 5253 2646 5310 verius
2669 5266 2794 5319 Mss,
2816 5256 3075 5307 secundum
3094 5267 3110 5315 ;
3127 5255 3311 5314 absque
3332 5253 3512 5319 verbo,
3536 5262 3655 5299 esse.
3682 5256 3866 5308 Nempe

2281 5312 2544 5376 secundam
2568 5323 2689 5371 hanc
2710 5312 2922 5381 appellat
2956 5312 3245 5367 servitutem
3271 5313 3362 5362 sub
3387 5312 3500 5375 lege
3518 5349 3531 5372 ,
3558 5323 3705 5374 quam
3737 5319 3867 5370 pra-

2284 5388 2433 5438 cessit
2452 5384 2664 5433 servitus
2686 5384 2777 5430 sub
2801 5386 3014 5443 peccato.

2349 5451 2368 5481 ²
2404 5454 2450 5495 In
2472 5453 2598 5501 Mss,
2623 5451 2860 5493 uouentur.

2352 5511 2372 5543 ³
2406 5516 2511 5557 ων.
2547 5496 2945 5554 dissmticutilius
2962 5502 3105 5551 editis
3126 5500 3232 5549 aliis
3256 5505 3306 5547 et
3328 5504 3454 5557 διες,
3480 5496 3735 5546 minuetur.

2350 5571 2373 5603 ⁸
2406 5552 2533 5619 Unus
2552 5552 2888 5621 Cermanensis
2922 5570 3003 5612 Ms.
3029 5564 3231 5620 omittit,
3257 5561 3333 5610 hic
3352 5574 3369 5621 ,'
3413 5552 3555 5622 quam
3594 5552 3874 5622 tuniculam

2288 5635 2395 5704 loco
2411 5613 2835 5704 ieiunamus,
2861 5613 2912 5676 et
2934 5623 3047 5674 illuc
3071 5613 3313 5674 transtulit
3333 5613 3604 5684 {majorem
3635 5618 3712 5668 hic
3744 5613 3875 5669 enim

2293 5695 2591 5754 charitatem
2616 5698 2709 5742 etc.
