4144 6212
260 474 271 483 ⁸
338 482 442 547 cit,
484 462 680 535 iactam
705 491 828 536 esse
853 473 1230 533 miserrimam.
1279 474 1471 532 Dicunt
1503 472 1662 529 etiam
1684 485 1801 526 eam
1835 485 1929 539 per

337 569 509 642 ipsam
540 564 975 624 commixtionem
1012 563 1310 635 perdidisse
1340 563 1666 619 intellectum
1691 573 1743 616 et
1766 562 1934 616 beati-

335 660 579 716 tudinem
622 672 775 714 suam
798 697 817 725 ,
848 665 903 711 et
928 654 1136 726 magnis
1169 655 1440 711 errorious
1466 663 1516 707 et
1540 654 1780 708 cladibus
1809 668 1928 709 esse

336 744 690 824 intplicatam.
738 749 910 820 Quam
950 749 997 803 si
1046 747 1331 817 aliquando
1376 747 1459 803 vel
1502 755 1667 801 totam
1718 748 1932 817 purgari

338 842 625 908 dicerent,
674 855 923 913 magnam
970 848 1147 894 tamen
1186 839 1510 910 impietatem
1549 850 1734 894 contra
1762 840 1936 894 omni-

337 941 613 1010 potentem
643 932 817 991 Deum
843 931 1207 1000 affirmarent,
1233 931 1387 1004 cujus
1416 918 1621 1002 partem
1651 932 1937 989 crederent

338 1034 493 1085 tanto
529 1030 775 1097 tempore
816 1023 870 1080 in
905 1025 1181 1082 erroribus
1219 1032 1273 1079 et
1310 1024 1485 1094 poenis
1521 1039 1641 1079 esse
1679 1023 1934 1094 jactatam

337 1118 462 1178 sine
493 1115 672 1186 aliquo
705 1118 912 1188 peccati
938 1113 1183 1172 crimine.
1231 1112 1386 1170 Nunc
1411 1129 1541 1170 vero
1571 1113 1807 1171 infelices
1833 1131 1934 1170 au-

338 1208 470 1267 dent
520 1202 698 1263 adbuc
757 1204 939 1263 dicere
990 1220 1093 1261 nec
1146 1213 1312 1260 totam
1362 1221 1521 1277 posse
1576 1206 1821 1277 purgari;
1878 1214 1935 1263 et

337 1297 511 1372 ipsam
561 1307 767 1371 partem
803 1316 921 1369 qua:
962 1297 1174 1368 purgari
1215 1313 1325 1353 non
1363 1298 1626 1368 potuerit,
1670 1297 1936 1368 proﬁcere

336 1392 409 1449 ad
445 1392 719 1450 vinculum
742 1433 759 1458 ,
786 1399 845 1447 ut
878 1389 1002 1446 inde
1037 1390 1338 1446 involvatur
1362 1401 1417 1447 et
1445 1392 1678 1462 illigetur
1710 1393 1929 1449 malitia:

337 1484 599 1555 sepulcro
631 1483 690 1551 ¹;
732 1492 787 1539 et
825 1484 902 1540 sic
941 1480 1015 1538 ibi
1056 1498 1270 1555 semper
1295 1483 1367 1539 sit
1404 1499 1525 1554 pars
1567 1484 1683 1556 ipsa
1712 1485 1805 1540 Dei
1833 1484 1936 1541 mi-

337 1589 462 1632 sera
486 1616 503 1641 ,
544 1589 664 1647 quae
708 1572 839 1630 nihil
880 1573 1152 1646 peccavit,
1192 1582 1247 1629 et
1272 1562 1540 1645 afﬂigatur
1572 1576 1627 1630 in
1668 1586 1932 1631 aeternum

336 1678 559 1723 carcere
590 1662 930 1721 tenebrarum
958 1664 1002 1719 ί.
1044 1662 1158 1721 Hoc
1192 1664 1267 1721 illi
1303 1665 1522 1732 dicunt,
1564 1671 1623 1721 ut
1655 1667 1928 1738 simplices

335 1755 547 1812 animas
572 1753 775 1813 fallant.
806 1752 911 1812 Sed
932 1756 1052 1825 quis
1079 1765 1187 1810 tam
1219 1752 1445 1827 simplex
1467 1764 1548 1813 est
1566 1796 1582 1826 ,
1606 1766 1664 1812 ut
1693 1757 1794 1813 ista
1823 1772 1931 1813 non

334 1847 538 1904 sentiat
580 1860 702 1903 esse
747 1845 1003 1918 sacrilega
1027 1887 1042 1913 ,
1076 1847 1268 1917 quibus
1295 1845 1564 1903 afﬁrmant
1592 1848 1931 1919 omnipoten-

334 1942 447 1993 tem
499 1934 663 1993 Deum
709 1938 1030 1993 necessitate
1073 1952 1389 2008 oppressum
1436 1953 1595 2004 esse,
1641 1947 1698 1993 ut
1722 1946 1931 2011 partem

333 2036 489 2083 suam
526 2027 720 2082 bonam
751 2035 805 2083 et
849 2028 1186 2083 innocentem
1232 2026 1390 2082 tantis
1428 2020 1666 2083 cladibus
1693 2029 1929 2085 obruen-

330 2119 460 2176 dam
489 2120 545 2176 et
586 2126 729 2174 tanta
758 2116 1091 2173 immunditia
1117 2116 1494 2189 inquinandam
1525 2112 1710 2184 daret,
1741 2128 1795 2173 et
1822 2134 1930 2175 non

334 2214 504 2269 tetulit
526 2211 755 2268 liberare
782 2218 962 2281 posset
987 2224 1003 2277 ;
1027 2216 1084 2265 et
1109 2210 1250 2281 quod
1282 2208 1509 2265 liberare
1535 2226 1641 2264 non
1674 2211 1927 2279 potuerit,

332 2304 559 2360 aeternis
598 2302 825 2359 vinculis
853 2301 1172 2373 colligaret?
1216 2301 1345 2370 Quis
1384 2316 1514 2372 ergo
1553 2301 1654 2357 ista
1698 2318 1805 2356 non
1835 2319 1930 2357 ex-

330 2396 621 2453 secretur?
648 2396 765 2466 quis
792 2406 898 2450 non
952 2394 1209 2464 intelligat
1235 2391 1395 2464 impia
1424 2409 1544 2448 esse
1577 2402 1631 2447 et
1664 2393 1931 2449 nefanda?

328 2480 442 2546 Sed
480 2484 556 2544 illi
584 2486 798 2560 Quando
822 2485 1335 2557 capionthomines,
1384 2502 1487 2540 non
1524 2485 1623 2540 ista
1669 2487 1814 2555 prius
1843 2486 1928 2540 di-

330 2590 499 2648 cunt;
528 2594 647 2652 quae
675 2582 718 2636 si
747 2578 1010 2648 dicerent,
1042 2579 1378 2643 riderentur,
1409 2591 1499 2634 aut
1529 2578 1836 2651 ingerentur
1860 2580 1929 2635 ab

332 2671 630 2729 omnibus'
658 2686 675 2728 :
705 2672 798 2728 sed
847 2671 1048 2743 eligunt
1093 2672 1320 2742 capitula
1351 2668 1417 2726 de
1460 2666 1747 2740 Scriptnris
1767 2712 1780 2735 ,
1809 2687 1929 2741 qua:

332 2762 610 2833 simplices
649 2762 891 2817 homines
934 2777 1037 2817 non
1082 2762 1413 2833 intelligunt;
1453 2771 1508 2817 et
1546 2776 1641 2831 per
1670 2753 1758 2815 illa
1785 2760 1930 2815 deci—

331 2856 489 2929 piunt
522 2858 726 2912 animas
755 2856 1062 2925 imperitas,
1108 2853 1396 2925 quaerendo
1436 2852 1576 2909 unde
1602 2854 1670 2907 sit
1700 2853 1923 2907 malum.

333 2948 489 3007 Sicut
517 2942 567 3004 in
597 2951 697 3004 isto
728 2949 960 3018 capitulo
990 2947 1208 3014 faciunt,
1240 2946 1384 3017 quod
1411 2946 1477 3003 ab
1505 2946 1760 3016 Apostolo
1791 2944 1927 3000 scri-

331 3051 483 3112 ptum
511 3048 626 3106 est,
678 3041 911 3095 Hectore!
950 3039 1127 3093 Irarum
1167 3037 1481 3092 tenebrarum
1504 3079 1517 3102 ,
1564 3032 1610 3091 et
1640 3037 1929 3107 spiritantia

331 3133 568 3204 nequitiae
595 3130 648 3187 in
676 3133 975 3187 amicalibus.
1023 3131 1279 3200 Qumruut
1318 3130 1459 3185 enim
1488 3126 1801 3200 deceptores
1828 3130 1924 3197 illi,

332 3233 389 3280 et
418 3225 746 3295 interrogant
771 3223 1041 3279 hominem
1071 3222 1373 3293 Scripturas
1403 3218 1609 3277 divinas
1630 3236 1734 3275 non
1760 3219 1921 3275 intel-

337 3316 609 3386 ligentem,
652 3315 791 3369 unde
813 3314 921 3369 sint
950 3314 1001 3368 in
1029 3314 1167 3370 ccelo
1195 3324 1433 3370 rectores
1457 3313 1794 3369 tenebrarum
1825 3330 1838 3366 :
1872 3321 1930 3368 ut

332 3420 454 3464 cum
484 3406 804 3477 respondere
831 3418 937 3461 non
976 3409 1236 3476 potuerit,
1286 3405 1590 3461 traducatur
1623 3408 1692 3463 ab
1724 3408 1801 3462 eis
1834 3424 1928 3478 per

332 3500 734 3563 curiositatem;
765 3499 887 3569 quia
915 3500 1089 3552 Omnis
1131 3500 1305 3553 anima
1340 3496 1546 3553 indocta
1580 3498 1789 3555 curiosa
1819 3510 1924 3555 est.

330 3592 435 3659 Qui
470 3601 647 3646 autem
692 3589 849 3644 ﬁdem
880 3582 1196 3644 Catholicam
1242 3589 1381 3644 bene
1425 3588 1648 3657 didicit,
1682 3600 1736 3645 et
1771 3590 1926 3646 bonis

328 3685 568 3742 uxoribus
594 3693 649 3739 et
672 3694 794 3738 vera
834 3685 1032 3754 pietate
1060 3683 1292 3737 munitus
1318 3691 1431 3749 est,
1460 3684 1703 3752 quamvis
1735 3699 1924 3739 eorum

332 3778 578 3833 hmresim
622 3775 828 3831 nesciat
855 3816 868 3837 ,
914 3772 1201 3843 reSpondet
1247 3774 1350 3828 illis
1399 3783 1596 3829 tamen.
1643 3772 1754 3830 Nec
1781 3776 1922 3829 enim

329 3869 501 3939 decipi
549 3872 759 3938 potest,
791 3863 880 3935 qui
906 3864 1016 3933 jam
1057 3864 1206 3919 novit
1230 3863 1359 3934 quid
1394 3856 1653 3932 pertineat.
1691 3864 1756 3918 ad
1778 3862 1924 3918 chri-

329 3960 555 4015 s'ianam
586 3959 766 4023 fidem,
791 3964 911 4027 qua:
939 3953 1199 4011 catholica
1222 3954 1446 4021 dicitur,
1482 3966 1578 4025 per
1600 3955 1782 4010 orbem
1819 3962 1924 4011 ter-

327 4064 508 4109 rarum
538 4064 743 4120 sparsa,
776 4058 827 4104 et
853 4046 1038 4104 contra
1064 4060 1250 4103 omnes
1285 4048 1477 4117 impios
1509 4057 1562 4102 et
1589 4056 1920 4117 peccatores,

329 4145 661 4215 negligentes
688 4144 862 4196 autem
912 4140 1073 4196 etiam
1104 4153 1230 4195 suos
1254 4134 1299 4208 ⁸,
1332 4139 1565 4195 Domino
1593 4137 1925 4210 gubernante

328 4252 541 4293 secura.

394 4325 628 4384 CAPUT
668 4325 735 4380 Υ.
774 4353 845 4365 -
884 4324 935 4381 Β.
983 4320 1284 4395 Spirituulia
1325 4322 1559 4397 nequitia?
1612 4325 1665 4378 in
1707 4312 1921 4380 cwlesti-

328 4422 436 4477 bus.
465 4429 564 4488 quo
593 4422 743 4469 sensu
773 4414 982 4468 dictum.
1016 4412 1275 4483 Quoniam
1305 4428 1432 4485 ergo
1458 4413 1766 4470 dicebamus
1794 4431 1924 4487 apo-

327 4512 524 4568 Stelum
568 4509 798 4563 Paulum
848 4506 1049 4563 dixisse
1102 4506 1302 4563 habere
1344 4520 1446 4563 nos
1489 4509 1921 4565 colluctationem

325 4603 581 4657 adversas
616 4609 851 4655 rectores
877 4598 1222 4656 tenebrarum
1251 4604 1302 4656 et
1332 4600 1629 4670 splrilualia
1670 4602 1922 4674 nequitice

326 4695 378 4748 in
427 4691 772 4757 cmlestibus;
828 4692 885 4745 et
937 4688 1274 4759 probavimus
1323 4690 1483 4745 etiam
1530 4692 1689 4745 istum
1738 4708 1921 4747 aerem

325 4793 487 4839 terra:
507 4783 812 4852 proximum
840 4781 1039 4835 emtum
1086 4780 1262 4836 voeari
1296 4801 1311 4835 :
1342 4788 1550 4852 oportet
1578 4782 1799 4838 credere
1828 4783 1922 4838 ad-

326 4886 545 4929 versum
581 4871 851 4927 diabolum
881 4877 936 4928 et
971 4870 1191 4941 angelus
1228 4874 1346 4943 ejus
1371 4886 1468 4927 nos
1498 4870 1785 4940 dimicare,
1829 4874 1917 4945 qui

323 4964 554 5034 gaudent
599 4963 1087 5033 perturbationibus
1130 4964 1348 5018 nostris.
1403 4958 1533 5018 Nam
1560 4974 1613 5018 et
1640 4966 1751 5035 ipse
1780 4967 1921 5035 Apo-

322 5057 491 5114 stolas
518 5056 625 5111 alio
662 5056 783 5110 loco
817 5055 1089 5111 diabolum
1126 5055 1422 5125 principem
1463 5057 1741 5124 potestatis
1779 5057 1919 5114 aeris

383 5284 401 5315 ι
434 5291 623 5343 omnes,
638 5288 770 5341 κει,

378 5336 647 5409 ‘_ttonn_ulli
676 5334 801 5403 me,
818 5334 1043 5409 uiﬁgutur
1067 5334 1194 5406 (vel,
1218 5334 1453 5406 afﬁgttur)
1469 5337 1520 5388 tn
1545 5340 1781 5388 aeternum
1802 5349 1915 5387 car-

306 5405 423 5457 ceri
443 5404 769 5456 tenebrarum.

288 5458 301 5483 δ
379 5469 401 5500 ³
436 5468 506 5516 sic
527 5474 664 5515 Parv.
709 5471 761 5516 et
784 5463 953 5527 plures
974 5472 1081 5516 Mss.
1110 5470 1165 5514 At
1185 5462 1429 5527 editiones
1449 5461 1587 5527 alii?)
1629 5461 1915 5526 {vectemur

303 5530 373 5580 ab
398 5527 637 5592 oneribus.
663 5522 795 5577 Tres
810 5532 936 5586 Mss,
972 5528 1255 5592 ﬂigarentnr
1277 5525 1338 5574 ab
1362 5522 1648 5573 hominibus.

374 5591 399 5623 δ
434 5591 552 5656 aditi
572 5599 677 5640 Am.
716 5595 792 5637 Er.
826 5597 880 5639 et
917 5582 1058 5656 id}:
1098 5587 1574 5656 negligentespntem
1603 5585 1698 5656 sui.
1743 5582 1915 5656 Melius

297 5663 448 5705 Parv.
465 5654 543 5702 cui
561 5658 756 5715 septem
779 5659 886 5701 Mss.
913 5647 1255 5713 suffragantur,
1271 5647 1567 5715 negligentes
1591 5654 1749 5698 autent
1769 5647 1917 5715 etiam

295 5730 441 5770 suos.
479 5708 663 5776 Nempe
686 5726 817 5772 suos,
837 5720 1005 5776 contra
1024 5708 1149 5776 quos
1168 5708 1487 5776 negligentes
1523 5721 1746 5776 ecetram
1762 5708 1915 5776 ﬁdem

295 5768 456 5835 dicit,
486 5768 812 5835 intelligimus
830 5768 1091 5835 catholicos
1121 5768 1179 5823 iid
1188 5768 1545 5835 elésfouamor
1563 5780 1669 5823 uss.
1696 5771 1881 5823 labent

292 5841 368 5893 de
389 5833 744 5903 negligentibus
765 5843 926 5889 autem
949 5834 1079 5897 suis;
1111 5834 1200 5887 sed
1231 5833 1376 5886 male.

1771 355 1972 411 LIBER
2013 355 2216 416 UNUS.

3525 372 3633 433 394

2048 470 2205 540 hujus
2235 472 2463 542 appellat
2488 473 2702 547 (Ep/tes.
2725 492 2797 544 tt,
2821 476 2899 550 2).
2930 478 3183 547 Quamvis
3210 482 3299 540 ille
3323 484 3508 553 locus,
3535 489 3636 546 ubi

2044 564 2152 630 ait,
2185 564 2489 634 Spiritualia
2514 570 2747 639 nequitia:
2772 572 2824 624 in
2849 573 3127 629 aetatibus
3146 615 3161 640 ,
3192 578 3362 646 possit
3381 589 3438 635 et
3475 581 3635 640 aliter

2045 654 2300 725 intelligi,
2344 667 2399 710 ut
2424 674 2527 712 non
2560 660 2701 730 ipsos
2728 663 3163 731 prmvaricatores
3202 671 3419 738 angelos
3449 673 3502 727 in
3522 686 3637 730 cte-

2045 746 2265 802 lestibus
2295 764 2415 804 esse
2439 748 2634 807 dixerit
2657 793 2671 815 ,
2698 753 2793 809 sed
2822 769 2922 810 nos
2949 757 3124 826 potius
3148 798 3162 822 ,
3212 760 3278 815 de
3311 763 3505 831 quibus
3524 767 3636 823 alio

2044 837 2163 893 loco
2185 837 2346 907 dicit,
2379 840 2700 897 Conversatio
2722 856 2895 901 nostra
2918 848 2971 902 in
3001 847 3139 902 cretis
3161 859 3237 904 est
3265 851 3521 925 (Philipp.
3552 873 3632 925 tu,

2043 929 2141 1001 20)
2172 948 2188 985 :
2219 942 2276 987 ut
2301 948 2401 989 nos
2427 934 2479 988 iu
2507 938 2816 994 caelestibus
2839 942 3149 1010 constituti,
3181 944 3233 998 id
3255 953 3356 1013 est,
3397 948 3452 1002 in
3472 951 3630 1019 spiri-

2045 1022 2276 1078 tualibus
2309 1027 2589 1095 praeceptis
2637 1028 2733 1082 Dei
2781 1030 3146 1098 ambulantes;
3191 1034 3507 1094 dimiremus
3535 1042 3632 1095 ad-

2041 1128 2231 1170 versus
2260 1117 2551 1187 spiritualia
2597 1121 2881 1191 nequitias,
2928 1139 3046 1193 quas
3082 1138 3180 1179 nos
3221 1128 3343 1182 inde
3371 1134 3631 1188 conantur

2040 1205 2377 1263 abstrahere.
2421 1208 2587 1280 Magis
2626 1226 2754 1280 ergo
2793 1212 2924 1267 illud
2963 1216 3309 1282 quaerendum
3338 1226 3454 1287 est,
3503 1238 3633 1291 quo-

2041 1297 2205 1352 modo
2236 1298 2494 1354 adversus
2518 1315 2613 1355 eos
2632 1316 2767 1371 quos
2793 1319 2898 1358 non
2925 1304 3198 1372 videmus,
3241 1318 3475 1379 pugnare
3507 1318 3633 1381 pus-

2040 1387 2241 1453 simus,
2282 1398 2336 1445 et
2378 1390 2627 1455 vincere;
2673 1407 2742 1448 ne
2785 1402 2974 1464 putent
2996 1396 3146 1452 stulti
3170 1397 3425 1455 adversus
3451 1416 3633 1458 acrem

2042 1494 2141 1533 nos
2165 1479 2361 1536 debere
2386 1493 2612 1537 certare.

2110 1569 2334 1628 CAPUT
2373 1573 2462 1629 Vl.
2487 1604 2563 1615 —
2590 1575 2644 1631 6.
2674 1574 2870 1647 Corpus
2906 1580 3287 1651 castigandum,
3328 1593 3382 1637 tu
3405 1585 3636 1642 diabolus

2038 1666 2086 1717 et
2107 1664 2324 1718 mundus
2360 1664 2640 1719 vincantur.
2674 1667 2838 1722 Docet
2868 1667 3045 1740 itaque
3067 1673 3353 1740 Apostolus
3378 1675 3510 1744 ipse,
3545 1677 3632 1732 di-

2038 1768 2169 1808 cens
2199 1772 2213 1808 :
2247 1752 2369 1807 Non
2393 1755 2466 1808 sic
2508 1772 2711 1826 pugno,
2754 1759 2901 1828 quasi
2940 1776 3105 1815 aerem
3143 1762 3377 1831 cedens,-
3418 1770 3508 1821 sed
3541 1785 3634 1822 ca-

2037 1847 2169 1917 stigo
2211 1863 2395 1917 corpus
2434 1864 2632 1915 meum,
2674 1857 2722 1902 et
2756 1849 2810 1904 in
2841 1852 3127 1907 servitutem
3158 1856 3365 1926 redigo,
3400 1874 3465 1913 ne
3506 1862 3637 1931 forte

2042 1935 2159 1989 aliis
2187 1937 2471 2008 pradicans
2496 1976 2510 2002 ,
2540 1937 2648 2008 ipse
2675 1940 2919 2009 reprobus
2944 1942 3172 1997 inveniar
3201 1943 3248 2014 (ι
3272 1942 3390 2000 Cor.
3415 1963 3472 2002 ιι
3495 1989 3509 2012 ,
3538 1948 3632 2018 26,

2039 2025 2159 2099 27).
2211 2028 2339 2111 item
2376 2029 2550 2084 dicit:
2582 2028 2871 2087 lmitatores
2914 2034 3012 2088 mei
3051 2044 3237 2103 estote,
3283 2038 3410 2092 sicut
3456 2048 3504 2094 et
3541 2056 3634 2112 ego

2037 2120 2222 2176 Christi
2268 2120 2378 2193 (1d.
2404 2139 2493 2188 ιιι,
2524 2123 2602 2196 1).
2656 2124 2832 2190 Quare
2875 2125 3276 2198 intelligendum
3314 2139 3431 2199 est,
3470 2133 3632 2188 etiam

2037 2212 2208 2279 ipsum
2256 2213 2571 2282 Apostolum
2616 2214 2669 2269 in
2711 2217 3001 2286 semetipso
3038 2218 3399 2289 triumphasse
3427 2222 3494 2278 de
3534 2240 3631 2293 po-

2038 2304 2319 2357 testatibus
2379 2304 2536 2374 hujus
2581 2306 2796 2372 numdi,
2849 2307 2990 2362 sicut
3038 2309 3106 2365 de
3149 2311 3377 2368 Domino
3422 2313 3634 2372 dixerat

2043 2388 2110 2463 (ll
2141 2392 2258 2447 Cor.
2292 2411 2347 2459 ιι,
2375 2396 2461 2459 14,
2488 2394 2747 2451 etColoss.
2778 2412 2853 2464 ιι,
2877 2397 2967 2471 15)
2995 2439 3009 2464 ,
3043 2400 3196 2471 cujus
3219 2417 3280 2458 se
3311 2403 3633 2464 imitatorem

2038 2498 2159 2539 esse
2181 2486 2476 2554 protitetur.
2503 2485 2773 2542 Imitemur
2792 2502 2922 2558 ergo
2950 2497 3005 2543 et
3032 2505 3132 2546 nos
3156 2492 3328 2559 illum,
3357 2495 3496 2551 sicut
3517 2495 3633 2553 ber-

2040 2585 2201 2642 tatur,
2232 2586 2287 2632 et
2311 2578 2633 2648 castigemus
2659 2593 2855 2650 corpus
2868 2588 3133 2651 nostrum,
3162 2585 3292 2640 etin
3318 2588 3630 2646 servitutem

2034 2670 2340 2740 redigamus
2364 2712 2379 2735 .
2423 2672 2466 2727 si
2495 2672 2751 2726 mundum
2792 2672 3041 2729 volumus
3078 2675 3314 2732 vincere.
3370 2679 3505 2745 Quia
3528 2695 3628 2751 per

2040 2762 2253 2816 illicitas
2295 2762 2677 2818 delectationes
2715 2778 2843 2819 suas
2866 2773 2921 2819 et
2950 2780 3169 2836 pompas
3197 2776 3251 2823 et
3276 2770 3630 2839 perniciosam

2036 2853 2398 2908 curiositatem
2438 2855 2591 2909 nobis
2635 2854 2900 2910 dominari
2946 2866 3121 2926 potest
3146 2858 3235 2914 hic
3257 2860 3523 2926 mundus.
3574 2863 3630 2920 id

2036 2953 2155 3008 est,
2208 2959 2271 2999 ea
2313 2960 2433 3014 quae
2478 2944 2527 2998 in
2574 2944 2678 3000 hoc
2705 2945 2907 3001 mundo
2953 2948 3253 3018 perniciosa
3276 2950 3631 3021 delectatione

2036 3028 2294 3103 colligant
2330 3044 2597 3091 amatores
2647 3051 2828 3093 rerum
2880 3040 3292 3108 temporalium,
3340 3052 3395 3098 et
3415 3044 3630 3107 diabolo

2042 3133 2203 3195 atque
2251 3127 2455 3195 angelis
2494 3127 2611 3196 ejus
2653 3129 2856 3183 servire
2896 3143 3094 3198 cogunt
3126 3149 3141 3185 :
3169 3133 3360 3203 quibus
3383 3136 3631 3194 omnibus

2033 3214 2080 3270 si
2110 3215 2528 3272 renuntiavimus
2549 3258 2566 3283 ,
2613 3217 2916 3289 redigamus
2947 3220 2967 3253 ⁸
2997 3220 3051 3275 in
3083 3222 3394 3279 servitutem
3430 3241 3629 3297 corpus

2034 3315 2298 3361 nostrum.
3584 3376 3587 3383 b

2103 3396 2329 3454 CAPUT
2356 3397 2466 3452 Vll.
2492 3429 2564 3439 —
2595 3399 2647 3454 7.
2684 3399 2750 3456 Ut
2776 3417 2961 3473 corpus
2984 3403 3127 3459 nobis
3154 3406 3480 3478 subjiciatur,
3510 3408 3628 3464 sub-

2022 3489 2269 3561 jiciamus
2298 3508 2389 3545 nos
2410 3490 2552 3560 ipsos
2581 3490 2685 3546 Deo
2704 3532 2719 3557 ,
2753 3495 2833 3547 cui
2866 3496 3028 3550 omnis
3052 3506 3283 3551 creatura
3306 3499 3487 3569 servit,
3511 3502 3629 3557 odit

2034 3580 2179 3634 uelit.
2196 3577 2462 3635 Justorum
2484 3590 2530 3636 et
2549 3582 2852 3653 injustorum
2873 3585 2926 3639 in
2952 3585 3102 3657 hujus
3126 3590 3240 3643 vita
3267 3591 3409 3645 bonis
3432 3578 3478 3646 et
3507 3609 3623 3646 ma-

2033 3672 2095 3725 tis
2139 3672 2425 3727 discrimen.
2479 3674 2582 3728 Sed
2626 3690 2691 3729 ne
2729 3675 2848 3746 quis
2876 3677 3014 3733 forte
3059 3679 3159 3735 hoc
3197 3680 3372 3750 ipsum
3400 3694 3622 3753 quaerat,

2032 3763 2302 3833 quomodo
2358 3766 2531 3818 ﬁatut
2576 3782 2771 3836 corpus
2808 3780 3048 3823 nostrum
3093 3773 3332 3827 servituti
3372 3775 3625 3844 subjicia—

2033 3869 2188 3919 mus;
2223 3852 2374 3908 facile
2405 3853 2627 3923 intelligi
2652 3864 2707 3909 et
2738 3854 2850 3911 ﬁeri
2882 3868 3073 3926 potest,
3107 3862 3150 3914 si
3179 3862 3329 3932 prius
3355 3879 3451 3918 nos
3473 3866 3620 3933 ipsos

2032 3942 2373 4010 subjiciatnus
2400 3944 2509 3997 Deo
2530 3985 2543 4009 ,
2570 3942 2704 3997 bona
2730 3948 3005 4002 voluntate
3030 3958 3084 4002 et
3108 3950 3315 4007 sincera
3339 3955 3620 4012 charilate.

2030 4032 2163 4089 Nam
2190 4035 2364 4089 omnis
2384 4044 2626 4089 creatura
2647 4077 2662 4102 ,
2691 4036 2819 4090 velit
2847 4038 3017 4107 nolit,
3048 4042 3137 4096 uni
3168 4042 3276 4098 Deo
3305 4054 3359 4099 et
3398 4045 3624 4103 Domino

2031 4143 2130 4183 suo
2159 4128 2396 4198 subjecta
2419 4137 2520 4184 est.
2561 4127 2666 4184 Sed
2698 4128 2800 4184 hoc
2828 4128 3199 4202 admonemur,
3226 4147 3282 4192 ut
3310 4146 3420 4194 tota
3440 4138 3624 4194 volun-
3706 4171 3719 4177 ·

2032 4222 2141 4273 tate
2174 4217 2467 4275 serviamus
2497 4218 2724 4276 Domino
2757 4220 2864 4277 Deo
2895 4234 3100 4281 nostro.
3151 4227 3410 4296 Quoniam
3448 4231 3625 4301 justus

2028 4309 2320 4366 liberaliter
2358 4310 2556 4381 servit,
2605 4311 2834 4384 injustas
2861 4324 3039 4372 autem
3067 4319 3400 4389 compeditus
3430 4325 3615 4380 servit.

2029 4402 2226 4458 Omnes
2266 4410 2444 4458 tamen
2472 4404 2663 4459 divina:
2702 4406 3051 4476 providentiae
3091 4411 3372 4467 serviunt:
3403 4416 3495 4470 sed
3534 4408 3624 4473 alii

2028 4494 2289 4550 obediunt
2313 4506 2558 4567 tanquam
2586 4498 2697 4563 lilii,
2722 4508 2775 4553 et
2796 4498 2995 4555 faciunt
3019 4516 3139 4555 cum
3169 4518 3231 4558 ea
3260 4494 3399 4574 quod
3423 4505 3622 4562 bonum

2028 4597 2141 4653 est;
2188 4588 2276 4642 alii
2318 4604 2444 4643 vero
2490 4588 2720 4658 ligantur
2760 4598 3011 4660 tanquatn
3038 4593 3212 4657 servi,
3245 4604 3301 4650 et
3330 4596 3389 4648 tit
3412 4595 3481 4650 de
3516 4597 3623 4654 illis

2027 4679 2173 4749 quod
2193 4679 2393 4749 justum
2425 4684 2525 4733 est.
2560 4678 2632 4733 lta
2662 4679 2801 4734 Deus
2826 4681 3189 4750 omnipotens,
3221 4684 3477 4740 Dominus
3499 4688 3618 4743 uni-

2028 4784 2196 4823 versa:
2217 4778 2474 4822 creatura:
2493 4809 2508 4834 ,
2537 4768 2628 4838 qui
2658 4768 2775 4840 fecit
2803 4770 2973 4824 omnia
2997 4810 3012 4835 ,
3063 4772 3200 4826 sicut
3227 4774 3484 4844 scripturn
3512 4787 3616 4843 est,

2027 4859 2157 4914 bona
2182 4861 2326 4914 valde
2367 4860 2517 4935 (Gen.
2550 4877 2599 4925 ι,
2647 4860 2738 4935 51)
2765 4903 2781 4929 ,
2829 4862 2905 4918 sic
2932 4879 2993 4919 ea
3024 4864 3324 4933 ordinavit,
3372 4876 3429 4921 ut
3472 4877 3524 4921 et
3554 4868 3623 4924 de

2028 4950 2181 5008 bonis
2220 4951 2363 5007 etde
2402 4953 2554 5007 malis
2592 4952 2729 5008 bene
2768 4954 2943 5009 faciat.
2986 4953 3138 5023 Quod
3187 4957 3331 5012 enim
3370 4956 3514 5027 juste
3538 4962 3619 5023 tit,

2026 5043 2162 5098 bene
2197 5044 2271 5098 fit.
2325 5044 2473 5099 Juste
2516 5055 2693 5101 autem
2735 5057 2857 5099 sunt
2882 5042 3022 5101 beati
3057 5048 3219 5116 boni,
3249 5058 3303 5104 et
3326 5050 3467 5120 justo
3495 5053 3619 5108 mali

2027 5150 2212 5203 ptenas
2244 5136 2533 5204 patiuntur.
2582 5135 2722 5206 Ergo
2756 5145 2809 5191 et
2833 5136 2899 5191 de
2926 5136 3082 5193 bonis
3110 5149 3163 5194 et
3191 5139 3258 5196 de
3298 5143 3453 5198 malis
3478 5142 3623 5200 bene

2026 5222 2153 5279 facit
2179 5225 2317 5280 Deus
2346 5269 2361 5292 ,
2387 5227 2637 5296 quoniam
2664 5227 2807 5296 juste
2846 5228 3023 5283 omnia
3045 5228 3187 5286 facit.
3216 5234 3347 5289 Boni
3377 5244 3500 5291 sunt
3524 5250 3619 5290 au-

2025 5324 2134 5372 tem
2160 5358 2173 5385 ,
2208 5317 2296 5386 qui
2334 5327 2440 5372 tota
2474 5318 2746 5374 voluntate
2784 5319 2892 5373 Deo
2932 5322 3204 5390 serviunt;
3253 5325 3377 5380 mali
3424 5335 3605 5381 autem

2024 5410 2344 5465 necessitate
2382 5411 2619 5466 serviunt
2652 5428 2665 5465 :
2695 5424 2851 5467 nemo
2896 5414 3038 5469 enim
3070 5415 3214 5486 leges
3261 5417 3610 5487 Omnipoten~

2025 5502 2092 5555 tis
2121 5502 2317 5558 evadit.
2359 5502 2463 5557 Sed
2490 5502 2631 5557 aliud
2659 5510 2743 5558 est
2770 5505 2945 5560 facere
2974 5506 3114 5576 quod
3143 5509 3225 5562 lex
3250 5509 3436 5578 jubet,
3464 5498 3628 5569 aliud.

2024 5595 2131 5666 pati
2163 5596 2303 5666 quod
2330 5597 2416 5651 lex
2440 5595 2611 5665 jubet.
2636 5595 2973 5673 Quapropter
3000 5599 3125 5652 boni
3147 5601 3436 5656 secundum
3470 5604 3611 5675 leges

2087 5773 2103 5804 ¹
2141 5771 2256 5821 Bditi
2277 5807 2290 5831 ,
2335 5770 2380 5823 si
2404 5771 2732 5836 renuntiamus
2750 5808 2764 5832 ,
2790 5771 3154 5836 redigimtts.gst
3176 5783 3278 5826 Mss.
3304 5782 3476 5831 omnes
3528 5794 3608 5832 re-

2024 5832 2245 5897 digamus
2269 5846 2286 5885 :
2312 5841 2365 5887 et
2388 5848 2453 5890 ex
2473 5834 2647 5887 iisdem
2672 5833 2839 5898 plures
2853 5872 2867 5898 ,
2896 5832 3289 5893 ienuntt‘avimus.
