4124 6206
536 311 646 371 295

542 425 761 491 faciunt,
790 421 914 478 mali
944 418 1233 477 secundum
1265 418 1409 488 leges
1434 416 1724 486 patiuntur.

614 517 667 572 8.
701 514 809 570 Nec
852 527 951 568 nos
991 521 1207 566 moveat
1246 509 1387 580 quod
1433 509 1485 562 in
1533 508 1637 563 hac
1677 508 1784 561 vita
1827 503 2124 560 secundum

543 622 760 663 carnem
799 619 955 675 quam
986 611 1231 673 portant,
1271 601 1398 671 justi
1440 599 1605 655 multa
1636 596 1815 669 gravia
1846 605 1901 652 et
1934 610 2126 666 aspera

544 702 796 755 tolerant.
823 699 965 755 Nihil
993 700 1138 754 enim
1165 698 1289 752 mali
1322 696 1618 765 patiuntur,
1651 694 1741 764 qui
1770 695 1881 763 jam
1905 699 2130 762 possunt

543 789 722 845 dicere
747 789 888 860 quod
930 790 1018 845 ille
1055 788 1137 843 vir
1180 787 1468 857 spiritualis
1499 786 1731 841 exsultat
1776 792 1832 838 et
1876 781 2131 853 praedicat

543 883 851 954 Apostolus,
871 880 1055 935 dicens
1078 898 1090 933 :
1121 878 1411 934 Gloriamur
1436 878 1490 931 in
1516 876 1958 941 tribulationibus;
1977 875 2134 929 scien-

544 983 619 1032 tes
652 973 892 1045 quoniam
939 971 1194 1026 tribulatio
1238 969 1531 1041 patientiam
1578 976 1850 1038 operatur,
1891 966 2134 1037 patientia

545 1068 920 1141 probationem,
949 1063 1178 1135 probatio
1199 1079 1315 1117 vero
1343 1079 1484 1130 spem
1504 1102 1518 1127 ,
1548 1077 1661 1131 spes
1683 1069 1852 1114 autem
1879 1076 1980 1113 non
2008 1074 2133 1113 con-

546 1160 715 1234 fundit
742 1173 761 1213 :
785 1158 907 1230 quia
930 1157 1153 1211 charitas
1179 1153 1274 1209 Dei
1301 1152 1491 1221 diffusa
1522 1163 1594 1208 est
1617 1154 1670 1206 in
1694 1152 1926 1205 cordibus
1952 1150 2134 1205 nostris

543 1266 636 1323 per
680 1248 935 1319 Spiritum
976 1256 1206 1302 sanctum
1251 1246 1337 1316 qui
1381 1246 1530 1299 datus
1579 1253 1650 1299 est
1690 1244 1833 1298 nobis
1860 1241 2033 1312 (Rom.
2063 1257 2129 1308 v,

544 1336 690 1415 5-5).
741 1338 802 1396 Si
833 1353 963 1410 ergo
1001 1338 1057 1393 in
1086 1337 1187 1393 hac
1210 1338 1315 1392 vita
1337 1377 1352 1403 ,
1394 1336 1484 1390 ubi
1526 1344 1669 1390 tanta
1698 1342 1961 1390 tormenta
1988 1342 2130 1400 sunt,

546 1439 773 1505 possunt
811 1431 936 1487 boni
967 1440 1024 1486 et
1045 1430 1175 1501 justi
1206 1429 1349 1497 viri,
1378 1443 1500 1484 cum
1543 1427 1667 1482 talia
1698 1428 2000 1497 patiuntur,
2027 1440 2135 1480 non

545 1524 719 1581 solum
745 1538 899 1594 aequo
927 1522 1106 1578 animo
1148 1522 1379 1577 tolerare
1403 1562 1419 1588 ,
1447 1519 1541 1574 sed
1568 1520 1728 1575 etiam
1755 1520 1808 1574 in
1838 1519 1933 1574 Dei
1959 1518 2136 1573 chari-

546 1625 658 1674 tate
682 1616 898 1688 gloriari
929 1617 945 1649 ⁸
972 1633 988 1682 ;
1017 1615 1143 1685 quid
1171 1614 1512 1686 cogitandum
1540 1624 1623 1669 est
1650 1614 1717 1669 de
1747 1615 1836 1668 illa
1856 1614 1985 1679 vita,
2017 1629 2137 1684 qua:

545 1708 702 1765 nobis
729 1708 1074 1779 promittitur,
1106 1706 1195 1762 ubi
1224 1705 1424 1760 nullam
1471 1705 1537 1760 de
1568 1720 1794 1774 corpore
1834 1704 2134 1759 molestiam

544 1800 876 1858 sentiemus?
902 1798 1165 1868 Quoniam
1192 1812 1297 1852 non
1323 1797 1390 1851 ad
1430 1796 1535 1852 hoc
1561 1806 1807 1866 resurget
1834 1811 2028 1866 corpus
2051 1796 2137 1866 ju-

545 1901 750 1949 storum
778 1933 794 1961 ,
833 1891 901 1946 ad
928 1890 1068 1962 quod
1116 1900 1360 1960 resurget
1406 1904 1600 1959 corpus
1642 1888 1925 1958 impiorum
1958 1907 1970 1941 :
2000 1888 2137 1941 sicut

546 1984 802 2056 scriptum
825 1992 927 2048 est,
964 1982 1151 2037 Omnes
1172 1998 1509 2051 resurgemus,
1537 1981 1625 2035 sed
1647 1997 1746 2034 non
1769 1997 1939 2035 onmes
1964 1981 2136 2033 inmut-

550 2074 788 2129 tabimur.
819 2073 886 2128 Et
912 2088 981 2129 ne
1005 2075 1284 2143 quisquam
1327 2080 1477 2142 putet
1497 2087 1602 2126 non
1628 2071 1785 2141 justis
1808 2070 2135 2125 immutatio-

548 2181 673 2222 nem
714 2166 870 2221 istam
898 2164 1170 2235 promitti,
1199 2164 1292 2219 sed
1327 2164 1502 2234 potius
1527 2163 1768 2233 injustis,
1799 2172 1852 2217 et
1887 2178 2003 2217 eam
2026 2161 2137 2215 exi-

546 2258 731 2314 stimet
768 2273 890 2314 esse
927 2257 1193 2328 ptenalem
1215 2298 1230 2325 ,
1277 2256 1516 2326 sequitur
1561 2265 1616 2311 et
1649 2256 1817 2310 dicit:
1848 2255 1915 2310 Et
1953 2256 2137 2309 mortui

545 2360 810 2424 resurgent
846 2351 1159 2420 incorrupti,
1193 2358 1237 2404 et
1274 2365 1366 2403 nos
1404 2348 1781 2403 intmulabimur
1826 2347 1869 2420 (l
1894 2348 2012 2403 Cor.
2044 2364 2131 2415 xv,

545 2442 637 2508 5i,
664 2440 778 2516 52).
807 2442 1138 2512 Quicumque
1164 2455 1292 2511 ergo
1311 2440 1435 2495 mali
1458 2449 1602 2507 sunt,
1622 2441 1701 2498 sic
1724 2440 1950 2495 ordinati
1971 2449 2093 2494 sunt
2118 2458 2130 2494 :

454 2600 457 2601 ν
543 2532 670 2604 quis
699 2540 754 2589 et
782 2532 1148 2603 unusquisque
1171 2531 1311 2598 sibi,
1350 2540 1404 2586 et
1441 2545 1627 2585 omnes
1653 2531 1878 2586 invicem
1907 2530 2007 2585 sibi
2034 2546 2135 2584 ne-

547 2632 692 2680 cent.
741 2623 856 2679 ﬂoc
884 2624 1027 2678 enim
1057 2630 1317 2692 appetunt
1359 2622 1502 2692 quod
1544 2623 1844 2692 perniciose
1877 2620 2133 2690 diligitur,

545 2725 602 2774 et
624 2716 768 2788 quod
792 2717 870 2772 eis
900 2715 1058 2771 facile
1082 2716 1277 2770 auferri
1307 2723 1518 2784 potest;
1551 2723 1603 2770 et
1636 2714 1738 2768 hoc
1762 2713 1862 2767 sibi
1891 2714 2138 2768 auferunt

544 2809 794 2875 invicem,
822 2808 1035 2878 quando
1055 2825 1113 2864 se
1139 2817 1547 2879 persequuntur.
1597 2807 1665 2861 Et
1693 2806 1812 2863 ideo
1832 2806 2137 2862 cruciantur

542 2901 737 2972 quibus
763 2899 1076 2956 auferuntur
1114 2898 1428 2968 temporalia
1454 2939 1469 2965 ,
1510 2897 1632 2968 quia
1672 2897 1899 2968 diligunt
1926 2912 1987 2952 ea
2018 2915 2033 2952 :
2060 2897 2136 2953 illi

543 3004 721 3051 autem
745 2994 835 3066 qui
861 2992 1136 3060 auferunt,
1168 2992 1420 3063 gaudent.
1465 2990 1573 3047 Sed
1611 2991 1730 3046 talis
1754 2991 1937 3046 laetitia
1965 2991 2125 3046 caeci-

544 3094 628 3143 tas
653 3095 738 3143 est
756 3127 771 3153 ,
798 3094 852 3142 et
876 3099 1082 3140 summa
1107 3084 1324 3139 miseria
1353 3100 1366 3136 :
1398 3083 1511 3154 ipsa
1538 3083 1680 3138 enim
1707 3082 1874 3153 magis
1900 3081 2137 3152 implicat

542 3179 775 3236 animam
799 3219 815 3245 ,
856 3186 911 3234 et
937 3177 1004 3233 ad
1041 3176 1244 3247 majora
1268 3183 1531 3231 tormenta
1563 3174 1823 3245 perducit.
1849 3173 1979 3227 Nam
2009 3188 2138 3244 gau-

540 3269 636 3327 det
657 3278 713 3327 et
734 3270 893 3341 piscis
912 3310 929 3337 ,
961 3268 1173 3340 quando
1210 3266 1428 3322 hamum
1453 3282 1561 3323 non
1582 3267 1797 3332 videns,
1828 3282 2006 3323 escam
2037 3267 2132 3322 de-

541 3370 695 3417 vorat
724 3378 740 3416 :
765 3358 861 3416 sed
889 3374 1010 3414 cum
1052 3359 1283 3428 piscator
1307 3373 1430 3413 eum
1460 3358 1725 3413 adducere
1754 3360 1998 3427 coeperit,
2030 3359 2136 3412 vis-

542 3467 667 3511 cera
705 3452 821 3524 ejus
858 3459 1172 3523 torquentur
1211 3451 1420 3520 primo;
1462 3449 1655 3505 deinde
1678 3449 1747 3503 ab
1772 3451 1915 3504 omni
1950 3451 2135 3506 lautitia

543 3557 637 3603 sua
666 3560 763 3616 per
785 3544 955 3616 ipsam
982 3558 1160 3599 escam
1203 3543 1271 3599 de
1297 3557 1400 3613 qua
1427 3542 1635 3597 laetatus
1662 3553 1762 3609 est,
1791 3544 1857 3598 ad
1886 3558 2133 3599 consum-

541 3637 779 3709 ptionem
811 3636 1057 3691 trahitur.
1100 3634 1189 3691 Sic
1228 3644 1351 3689 sunt
1376 3648 1562 3690 omnes
1591 3635 1679 3704 qui
1714 3635 1780 3690 dc
1810 3634 1964 3690 bonis
1994 3644 2131 3691 tem-

542 3729 817 3802 poralibus
840 3729 1023 3785 beatos
1048 3744 1105 3784 se
1122 3737 1309 3798 putant
1340 3747 1352 3781 :
1386 3727 1602 3783 hamum
1624 3729 1765 3783 enim
1789 3737 2129 3799 acceperunt,

541 3830 740 3879 etcum
780 3821 870 3878 illo
896 3821 997 3877 sibi
1020 3830 1316 3892 vagantur;
1360 3820 1539 3876 veniet
1578 3828 1789 3890 tempus
1818 3829 1874 3875 ut
1897 3821 2132 3877 sentiant

539 3923 738 3986 quanta
766 3922 1027 3971 tormenta
1053 3929 1176 3970 cum
1202 3912 1459 3968 aviditate
1492 3913 1884 3969 devoraverint.
1918 3915 1985 3969 Et
2013 3914 2131 3969 ideo

539 4007 696 4065 bonis
732 4007 861 4064 nihil
905 4018 1139 4073 nocent;
1190 4008 1310 4078 quia
1354 4006 1455 4062 hoc
1481 4007 1559 4061 eis
1583 4005 1831 4063 auferunt
1857 4007 1999 4078 quod
2024 4023 2127 4062 non

539 4100 804 4171 diligunt:
836 4116 957 4155 nam
983 4099 1125 4171 quod
1152 4099 1397 4170 diligunt,
1438 4108 1489 4154 et
1520 4098 1661 4154 unde
1691 4099 1829 4154 beati
1860 4109 2002 4165 sunt,
2030 4115 2129 4153 au-

540 4190 683 4246 ferre
712 4190 813 4245 illis
842 4205 1001 4245 nemo
1022 4199 1217 4259 potest.
1247 4189 1526 4246 Cruciatus
1546 4206 1674 4246 vero
1697 4194 1938 4261 corporis
1963 4191 2129 4247 malas

540 4280 747 4335 animas
798 4279 1171 4335 miserabiliter
1217 4280 1432 4350 amigit,
1485 4282 1654 4336 bonas
1697 4291 1874 4336 autem
1919 4282 2130 4339 fortiter

540 4380 751 4445 purgat.
797 4371 886 4428 Sic
914 4370 973 4426 ﬁt
1012 4378 1073 4427 ut
1108 4381 1164 4427 et
1205 4372 1375 4426 malus
1406 4373 1566 4428 homo
1606 4381 1661 4427 et
1704 4374 1872 4428 malus
1909 4376 2128 4445 angelus

540 4464 734 4520 divina:
763 4462 1109 4534 providentim
1151 4462 1415 4529 militent;
1454 4463 1549 4519 sed
1576 4464 1819 4519 nesciunt
1848 4465 1972 4534 quid
2004 4466 2129 4520 boni

540 4555 609 4613 de
634 4555 739 4613 illis
764 4564 1017 4628 operetur
1044 4556 1204 4611 Deus.
1241 4554 1358 4610 Non
1386 4556 1562 4626 itaque
1598 4571 1693 4626 pro
1720 4558 1924 4613 meritis
1943 4558 2124 4626 ofﬁcii,

541 4647 635 4705 sed
669 4662 764 4719 pro
791 4647 996 4703 meritis
1024 4646 1241 4702 malitiae
1266 4645 1674 4716 stipendiantur.

610 4737 838 4795 CAPUT
868 4737 1002 4793 Vlll.
1023 4768 1093 4778 ——
1121 4738 1175 4793 9.
1207 4737 1390 4792 Omnia
1406 4737 1577 4792 divina
1606 4739 1918 4809 providentia
1946 4740 2128 4811 guber-

540 4832 674 4887 nari.
733 4830 838 4887 Sed
884 4840 943 4885 ut
991 4832 1073 4886 lue
1115 4831 1346 4898 animae,
1401 4847 1519 4901 quae
1564 4831 1760 4887 habent
1801 4833 2127 4889 voluntatem

539 4924 769 4980 nocendi
811 4932 867 4981 et
904 4924 1167 4979 rationem
1206 4924 1514 4993 cogitandi,
1566 4925 1665 4979 sub
1693 4925 1887 4979 divinis
1918 4926 2125 4997 legibus

538 5020 798 5075 ordinata:
822 5026 965 5085 sunt,
994 5033 1062 5073 ne
1090 5015 1289 5088 aliquid
1318 5016 1570 5086 injustam
1597 5017 1821 5089 quisque
1853 5019 2122 5088 patiatur;

539 5108 615 5165 ita
640 5111 815 5166 omnia
846 5118 899 5165 et
938 5110 1189 5165 animalia
1227 5117 1281 5165 et
1307 5110 1604 5180 corporalia
1643 5111 1697 5166 in
1720 5126 1917 5181 genere
1953 5127 2050 5168 suo
2073 5122 2127 5169 et

541 5203 596 5258 in
625 5201 814 5257 ordine
840 5217 937 5257 suo
960 5202 1154 5257 divinae
1178 5202 1526 5274 providentia:
1555 5201 1757 5273 legibus
1792 5204 1997 5260 subdita
2025 5206 2122 5261 ad-

540 5295 930 5352 ministrantur.
962 5294 1087 5349 Ideo
1101 5294 1358 5350 Dominus
1377 5295 1502 5349 dicit
1533 5311 1547 5348 :
1578 5292 1761 5350 Nonne
1783 5295 1884 5349 duo
1901 5314 2124 5368 passeres

541 5408 654 5446 asse
677 5397 926 5455 veneunt,
974 5395 1019 5441 et
1044 5404 1176 5443 unus
1213 5404 1385 5442 eorum
1423 5404 1525 5442 non
1550 5388 1685 5441 cadit
1717 5389 1767 5441 in
1809 5399 1992 5445 (errant
2017 5393 2124 5445 sine

539 5483 795 5537 uoluntate
814 5479 988 5535 Patris
1007 5478 1153 5532 uestri
1175 5475 1383 5550 (Matth.
1413 5493 1471 5543 x,
1498 5476 1590 5549 29)
1613 5477 1637 5532 ?
1660 5476 1772 5533 Hoc
1797 5481 1937 5534 enim
1969 5480 2120 5547 dixit,

549 5574 735 5630 volens
771 5572 1053 5629 ostendere
1095 5567 1350 5641 quidquid
1391 5568 1709 5625 vilissimum
1749 5569 1994 5628 homines
2020 5588 2121 5643 pu-

769 5718 902 5761 Parv.
950 5714 1130 5762 etuas.
1155 5711 1215 5759 At
1251 5711 1354 5757 Am.
1396 5711 1629 5770 Er.l.ov.,
1669 5705 1906 5760 charitate
1936 5707 1992 5761 in
2021 5717 2122 5763 Deo

1496 302 1588 357 DE
1627 298 1856 358 AGONE
1893 292 2327 361 CHRISTIANO,
2367 294 2425 350 S.
2468 294 2831 353 AUGUSTINI

2234 417 2377 479 tant,
2427 414 2811 482 omnipotentia
2842 413 2936 469 Dei
2962 415 3268 487 gubernari.
3319 419 3408 477 Sic
3436 422 3578 478 enim
3599 430 3655 481 et
3676 426 3829 485 vola-

2236 500 2347 555 tilia
2367 502 2495 558 cteli
2522 502 2592 557 ab
2617 519 2684 559 eo
2707 505 2872 574 pasci,
2904 516 2958 562 et
2986 507 3093 562 lilia
3116 510 3228 581 agri
3254 510 3323 566 ab
3351 528 3417 569 eo
3443 516 3648 587 vestiri,
3671 518 3828 578 Veri-

2236 602 2317 648 tas
2363 595 2596 665 loquitur
2622 594 2835 670 (Matth.
2864 614 2915 653 vi
2934 639 2949 663 ,
2977 599 3070 667 26,
3101 601 3201 668 28,
3229 602 3323 671 29,
3353 603 3466 679 50),
3513 624 3633 679 quae
3656 612 3828 683 capil-

2233 684 2317 776 los
2344 686 2507 741 etiam
2549 696 2762 745 nostros
2783 691 3110 747 numeratos
3137 708 3261 750 esse
3299 694 3429 751 dicit
3470 697 3581 771 (Id.
3612 717 3646 756 x
3667 743 3682 769 ,
3714 703 3829 776 30).

2236 774 2343 830 Sed
2374 778 2624 847 quoniam
2664 780 2891 836 mandas
2916 782 3123 838 animas
3151 786 3440 844 rationales
3482 805 3579 861 per
3617 808 3678 849 se
3716 774 3832 865 ipse

2237 866 2379 922 Deus
2404 878 2555 924 curat
2579 912 2593 936 ,
2647 872 2759 926 sive
2792 873 2842 926 in
2867 873 3083 943 optimis
3112 885 3167 931 et
3199 879 3405 949 magnis
3432 881 3649 952 Angelis
3674 924 3688 949 ,
3717 885 3831 942 sive

2237 959 2291 1014 in
2323 960 2628 1017 hominibus
2651 971 2760 1018 tota
2789 965 2888 1019 sibi
2919 966 3192 1023 voluntate
3220 971 3606 1040 servientibus;
3635 983 3828 1033 caetera

2237 1068 2366 1108 vero
2393 1069 2490 1124 per
2517 1054 2661 1125 ipsos
2688 1055 2988 1126 gubernat;
3039 1061 3318 1117 verissime
3342 1062 3447 1119 dici
3468 1067 3639 1134 potuit
3667 1068 3830 1125 etiam

2238 1144 2366 1199 illud
2405 1144 2473 1199 ab
2508 1147 2801 1216 Apostolo,
2851 1148 2973 1203 Non
3014 1152 3149 1205 enim
3182 1152 3246 1206 de
3286 1153 3440 1210 bobus
3475 1172 3598 1211 cura
3623 1167 3695 1213 est
3719 1159 3829 1216 Deo

2240 1235 2282 1306 (Ι
2305 1234 2424 1292 Cor.
2458 1253 2532 1303 ix,
2566 1238 2648 1310 9).
2698 1240 2752 1293 In
2779 1240 3069 1312 Scripturis
3095 1245 3237 1299 enim
3266 1249 3464 1305 sanctis
3487 1249 3625 1306 Deus
3651 1251 3831 1308 homi-

2238 1344 2333 1383 nes
2359 1328 2516 1385 docet
2562 1333 2833 1402 quomodo
2863 1349 2986 1390 cum
3025 1336 3332 1394 hominibus
3378 1352 3572 1412 agant,
3625 1354 3679 1401 et
3725 1346 3830 1417 ipsi

2242 1421 2350 1476 Deo
2372 1424 2606 1478 serviant
2637 1442 2648 1477 :
2682 1428 2953 1495 quomodo
2981 1437 3159 1486 autem
3200 1442 3361 1503 agant
3387 1450 3508 1491 cum
3543 1439 3831 1507 pecoribus

2239 1514 2352 1569 suis
2372 1558 2387 1583 ,
2417 1516 2516 1586 ipsi
2541 1518 2717 1572 sciunt
2741 1559 2757 1585 ,
2791 1520 2843 1574 id
2870 1530 2954 1575 est
2972 1562 2986 1588 ,
3030 1524 3301 1595 quomodo
3321 1527 3547 1585 salutem
3573 1545 3831 1600 pecorum

2239 1620 2456 1661 suorum
2491 1607 2794 1678 gubernent
2822 1626 2919 1667 usu
2946 1621 3002 1668 et
3030 1615 3220 1684 peritia
3245 1627 3302 1672 et
3325 1619 3534 1676 ratione
3564 1623 3827 1691 naturali;

2239 1715 2357 1770 qua:
2386 1700 2598 1770 quidem
2637 1704 2815 1758 omnia
2842 1704 2911 1760 de
2949 1708 3155 1777 magnis
3198 1709 3280 1764 sui
3326 1708 3600 1769 Creatoris
3641 1715 3831 1786 opibus
3900 1718 3909 1725 ’

2240 1801 2581 1863 acceperunt.
2637 1796 2741 1863 Qui
2792 1813 2922 1869 ergo
2972 1810 3146 1869 potest
3199 1802 3502 1875 intelligere
3558 1809 3831 1880 quomodo

2239 1884 2503 1940 universae
2545 1896 2806 1944 creaturae
2845 1892 3093 1948 conditor
3120 1894 3260 1950 Deus
3282 1897 3549 1967 gubernet
3576 1914 3698 1957 eam
3729 1918 3829 1973 per

2240 1977 2446 2033 animas
2480 1989 2728 2050 sanctas,
2768 1997 2888 2052 quae
2923 1985 3217 2042 ministeria
3251 1988 3267 2019 ⁵
3298 1989 3414 2059 ejus
3441 1999 3566 2046 sunt
3592 1992 3647 2048 in
3678 1994 3832 2051 castis

2240 2078 2294 2121 et
2346 2068 2397 2122 in
2441 2070 2640 2137 terris;
2691 2073 2814 2143 quia
2859 2084 2913 2131 et
2964 2076 3095 2147 ipsae
3138 2089 3338 2136 sancta:
3379 2082 3572 2139 anima:
3596 2084 3665 2140 ab
3708 2086 3828 2157 ipso

2240 2157 2393 2215 facta:
2442 2169 2606 2228 sunt,
2654 2174 2709 2218 et
2753 2164 2806 2220 in
2837 2166 2954 2236 ejus
2996 2178 3242 2226 creatura
3280 2172 3563 2242 primatum
3602 2184 3827 2235 tenent:

2240 2251 2330 2320 qui
2378 2267 2505 2324 ergo
2550 2261 2728 2322 potest
2769 2256 3071 2330 intelligere
3095 2302 3110 2329 ,
3139 2261 3437 2335 intelligat,
3477 2275 3531 2321 et
3572 2266 3737 2325 intret
3772 2269 3833 2326 in

2239 2344 2488 2412 gaudium
2519 2346 2727 2403 Domini
2753 2350 2835 2404 sui
2869 2349 3078 2422 (Matth.
3105 2368 3238 2420 xxv,
3266 2331 3376 2426 Ξῖ).

2312 2433 2536 2491 CAPUT
2574 2436 2666 2491 lX.
2692 2470 2765 2479 —
2791 2439 2879 2496 ‘10.
2913 2439 3153 2497 Hortatio
3176 2444 3245 2497 ad
3262 2444 3567 2517 gustandam
3596 2447 3829 2506 dulcedi-

2241 2540 2354 2578 nem
2378 2525 2496 2581 Dei.
2529 2527 2586 2583 Si
2615 2539 2794 2586 autem
2831 2531 2934 2588 hoc
2961 2548 3065 2588 non
3097 2549 3414 2605 possumus,
3460 2539 3712 2609 quamdiu
3741 2556 3833 2596 su-
3860 2524 3864 2533 ’

2243 2632 2361 2672 mus
2391 2618 2443 2672 in
2483 2633 2712 2691 corpore
2734 2663 2750 2690 ,
2782 2631 2836 2679 et
2880 2627 3283 2695 peregrinamur
3305 2643 3336 2683 a
3368 2628 3592 2686 Domino
3614 2629 3679 2702 (ll
3707 2630 3829 2688 Cor.

2241 2723 2308 2776 v,
2337 2707 2430 2780 6),
2478 2719 2753 2781 gustemus
2781 2715 2970 2770 saltem
3018 2732 3176 2788 quam
3227 2720 3405 2776 suavis
3430 2729 3514 2777 est
3550 2722 3828 2790 Dominus,

2241 2799 2414 2870 (Psal.
2442 2818 2645 2869 χχχιιι,
2696 2804 2751 2876 9)
2782 2806 2900 2876 quia
2929 2806 3076 2862 dedit
3121 2810 3275 2865 nobis
3304 2813 3326 2843 ²
3349 2812 3539 2884 pignus
3575 2813 3832 2884 Spiritum

2244 2893 2309 2965 (ll
2333 2892 2453 2949 Cor.
2486 2912 2533 2962 ι,
2563 2896 2635 2950 22
2654 2939 2669 2965 ,
2697 2907 2745 2952 et
2775 2913 2810 2952 v
2829 2941 2846 2968 ,
2877 2898 2969 2971 5),
3011 2902 3062 2955 in
3099 2917 3206 2972 quo
3234 2905 3529 2963 sentiamus
3569 2907 3686 2979 ejus
3710 2908 3833 2965 dul-

2240 2986 2483 3042 cedinem
2532 3006 2545 3041 :
2591 2998 2644 3044 et
2686 2989 3053 3047 desideremus
3098 2993 3273 3065 ipsum
3301 2997 3425 3053 vitae
3454 2997 3686 3066 fontem,
3738 3001 3831 3057 ubi

2240 3077 2415 3133 sobria
2436 3080 2695 3137 ebrietate
2717 3082 3041 3139 inundemur
3066 3094 3121 3141 et
3142 3086 3439 3159 irrigemur,
3464 3090 3602 3146 sicut
3628 3092 3831 3164 lignum

2239 3171 2380 3242 quod
2412 3173 2707 3242 plantatum
2734 3184 2817 3230 est
2839 3176 3130 3232 secundum
3163 3179 3422 3237 decursus
3451 3197 3708 3253 aquarum
3732 3226 3747 3250 ,
3777 3193 3832 3241 et

2239 3262 2331 3316 dat
2358 3262 2589 3320 fructum
2629 3266 2681 3320 in
2726 3275 2967 3337 tempore
2996 3283 3126 3337 suo,
3159 3279 3214 3325 et
3247 3271 3369 3327 folia
3407 3274 3523 3343 ejus
3549 3291 3655 3331 non
3681 3276 3831 3333 deci-

2238 3355 2368 3412 dent
2393 3357 2564 3429 (Psal.
2597 3375 2644 3425 ι,
2671 3359 2771 3431 5)?
2798 3361 3090 3416 Dicitenim
3111 3362 3339 3432 Spiritus
3394 3375 3609 3423 sanctus
3646 3384 3660 3421 :
3704 3368 3831 3425 Filii

2237 3456 2409 3502 autem
2435 3451 2698 3504 hominum
2726 3452 2780 3504 in
2806 3453 3021 3523 tegmine
3038 3453 3233 3508 alarum
3258 3463 3459 3511 tuarum
3481 3458 3757 3528 sperabunt
3810 3478 3829 3516 :

2236 3539 2614 3596 inebriabuntur
2664 3544 2726 3597 ab
2757 3544 2977 3600 ubertate
3004 3545 3183 3601 domus
3229 3556 3361 3616 tuaz,
3401 3558 3446 3604 et
3475 3560 3694 3609 torrente
3738 3570 3830 3610 uo-

2239 3630 2447 3701 luptatis
2472 3642 2571 3688 tua:
2608 3635 2803 3704 potabis
2828 3653 2933 3691 eos.
2974 3638 3228 3706 Quoniam
3254 3642 3397 3713 apud
3419 3652 3467 3697 te
3486 3654 3558 3698 est
3582 3645 3697 3714 fons
3716 3648 3830 3702 vita:

2238 3724 2413 3796 (Psal.
2456 3742 2635 3795 xxxv,
2683 3728 2856 3800 8-10).
2888 3730 3031 3786 Talis
3052 3732 3284 3790 ebrietas
3313 3751 3420 3791 non
3458 3739 3649 3794 evertit
3673 3756 3827 3797 men-

2237 3824 2382 3883 tem,
2425 3818 2521 3873 sed
2566 3827 2744 3874 tamen
2782 3822 2921 3891 rapit
2944 3836 3187 3890 sursum,
3232 3835 3288 3881 et
3314 3827 3636 3886 oblivionem
3684 3848 3824 3903 pra:-

2234 3926 2341 3973 stat
2369 3919 2606 3974 omnium
2632 3927 2967 3975 terrenorum
3000 3936 3015 3974 :
3044 3921 3141 3977 sed
3161 3923 3206 3977 si
3235 3938 3517 3993 possumus
3542 3934 3656 3984 toto
3695 3929 3825 3985 alio.

2234 4018 2323 4065 ctu
2358 4010 2468 4080 jam
2496 4010 2710 4077 dicere,
2761 4011 3201 4080 Quemadmodum
3239 4015 3491 4071 desiderat
3536 4035 3709 4074 cervus
3754 4021 3827 4075 ad

2236 4105 2398 4175 fontes
2438 4119 2717 4177 aquarum,
2760 4104 2833 4159 ita
2861 4104 3114 4160 desiderat
3150 4108 3323 4163 anima
3351 4126 3461 4165 mea
3485 4111 3553 4165 ad
3578 4121 3654 4180 te,
3685 4112 3826 4170 Deus

2235 4194 2406 4263 (Psal.
2434 4213 2552 4263 xu,
2577 4195 2657 4268 2).

2304 4282 2531 4341 CAPUT
2568 4286 2638 4340 Χ.
2668 4317 2740 4327 -
2759 4289 2847 4343 Η.
2874 4287 3046 4345 Filius
3070 4289 3170 4347 Dei
3207 4303 3411 4366 propter
3434 4311 3527 4349 nos
3565 4296 3713 4352 homo
3736 4299 3823 4369 fa-

2233 4378 2359 4430 ctus.
2402 4375 2640 4432 Liberum
2662 4379 2947 4436 arbitrium.
2983 4381 3136 4452 Quod
3159 4385 3205 4439 si
3233 4383 3373 4442 forte
3402 4386 3575 4442 adhuc
3601 4398 3827 4460 propter

2232 4467 2573 4537 mgritudines
2596 4470 2821 4541 animae,
2860 4488 2994 4543 quas
3029 4474 3098 4532 de
3131 4477 3311 4532 saeculi
3334 4492 3518 4534 amore
3535 4482 3783 4551 concepit
3803 4524 3821 4551 ,

2232 4574 2333 4613 nec
2358 4568 2574 4629 gustare
2597 4577 2782 4619 sumus
2824 4563 3002 4622 idonei
3030 4582 3188 4638 quam
3216 4568 3388 4624 dulcis
3414 4580 3496 4624 est
3523 4569 3780 4628 Dominus
3804 4614 3822 4642 ,

2232 4652 2319 4708 vel
2347 4652 2628 4709 credamus
2667 4654 2861 4711 divinae
2885 4659 3218 4727 auctoritati,
3248 4675 3405 4731 quam
3430 4661 3598 4717 voluit
3618 4677 3738 4719 esse
3767 4664 3823 4720 in

2233 4741 2522 4814 Scripturis
2547 4745 2748 4801 sanctis
2770 4745 2838 4801 de
2857 4747 2997 4803 Filio
3021 4763 3118 4805 suo
3137 4792 3154 4819 ,
3183 4751 3270 4819 qui
3293 4752 3457 4823 factus
3485 4760 3559 4807 est
3586 4752 3634 4807 ei
3654 4769 3717 4808 ex
3741 4770 3825 4808 se-

2233 4837 2368 4891 mine
2398 4835 2566 4891 David
2591 4838 2868 4894 secundum
2904 4857 3106 4898 carnem
3124 4885 3140 4911 ,
3168 4843 3306 4899 sicut
3331 4845 3618 4916 Apostolus
3643 4846 3821 4917 loqui-

2233 4937 2318 4983 tur
2343 4928 2519 4999 (Rom.
2545 4944 2591 4996 ι,
2633 4928 2714 5000 5).
2746 4929 2932 4986 Omnia
2956 4935 3091 4988 enim
3130 4952 3220 5006 per
3264 4936 3433 5002 ipsum
3478 4941 3617 5007 facta
3664 4947 3819 5006 sunt,

2231 5019 2369 5074 sicut
2398 5020 2449 5073 in
2479 5019 2768 5091 Evangelio
2810 5023 3066 5094 scriptum
3093 5034 3210 5095 est,
3252 5036 3300 5081 et
3342 5028 3451 5081 sine
3494 5029 3605 5098 ipso
3626 5026 3823 5098 factum

2231 5120 2303 5165 est
2332 5108 2463 5165 nihil
2503 5110 2680 5184 (Joan.
2704 5127 2754 5179 ι,
2789 5114 2868 5184 5).
2922 5114 3025 5182 Qui
3057 5124 3252 5173 nostra:
3296 5117 3673 5174 imbecillitatis
3713 5122 3821 5176 mi-

2229 5214 2406 5261 sertus
2446 5215 2555 5273 est;
2585 5223 2745 5278 quam
2774 5208 3189 5265 imbecillitatem
3224 5224 3328 5265 non
3355 5210 3470 5279 ejus
3493 5225 3691 5282 Opere,
3724 5217 3822 5272 sed

2231 5304 2413 5353 nostra
2459 5298 2734 5355 voluntate
2779 5300 3089 5354 meruimus.
3144 5299 3276 5355 Nam
3340 5300 3480 5357 Deus
3543 5300 3819 5362 hominem

2230 5390 2748 5447 inexterminabilem
2779 5390 2903 5445 fecit
2956 5390 3118 5461 (Sap.
3140 5406 3211 5455 ιι,
3234 5390 3365 5463 25),
3416 5400 3472 5448 et
3509 5393 3558 5448 ei
3588 5394 3817 5452 liberum

2230 5479 2519 5536 voluntatis
2548 5480 2826 5537 arbitrium
2862 5479 3031 5535 dedit.
3058 5478 3177 5536 Non
3203 5481 3346 5537 enim
3373 5493 3516 5539 esset
3541 5486 3775 5555 optimus
3799 5530 3817 5557 ,

2230 5572 2276 5626 si
2302 5572 2397 5628 Dei
2423 5572 2701 5644 praeceptis
2738 5571 3090 5642 necessitate,
3118 5587 3231 5630 non
3265 5574 3541 5634 voluntate
3569 5580 3815 5637 serviret.

2293 5715 2309 5745 ι
2344 5711 2418 5761 sic
2438 5718 2575 5762 νει-ν.
2596 5722 2707 5760 arm
2727 5715 2834 5760 Mss.
2858 5708 2981 5761 Editt
2999 5722 3125 5762 vero
3142 5707 3245 5775 alii,
3265 5714 3513 5779 macria.

2294 5777 2315 5807 s
2348 5780 2463 5807 mp-
2508 5778 2556 5807 al
2583 5769 2809 5807 nim
2831 5779 2931 5807 Μαι
3002 5772 3228 5807 nan-8....
3270 5774 3355 5807 ηυξ
3374 5774 3511 5807 ante:

2347 5780 2481 5826 Pan.
2508 5769 2964 5835 etpleriqneuss.,
2992 5769 3511 5843 maritauit
3536 5773 3687 5828 nobis.
