4124 6206
307 307 418 363 297

304 400 597 475 Έεοὶἰθέει
643 416 899 484 omnino,
945 423 1199 486 quantum
1225 415 1472 471 existimo
1505 434 1518 471 :
1546 416 1686 486 quod
1716 417 1908 473 intelli-

305 525 442 580 gere
473 508 700 574 nolunt,
734 509 824 578 qui
872 507 1190 562 catholicam
1239 507 1590 562 deseruerunt
1619 507 1774 562 ﬁdem
1795 549 1809 575 ,
1855 517 1910 564 et

302 601 588 656 christiani
639 599 820 653 vocari
861 598 1061 652 volunt.
1101 598 1233 653 Nam
1273 600 1317 653 si
1348 600 1627 655 nobiscum
1674 599 1910 656 fatentur

303 699 557 746 naturam
611 699 851 745 nostram
899 705 1005 744 non
1050 690 1227 744 sanari
1272 689 1374 745 nisi
1414 699 1557 746 recte
1621 689 1904 759 faciendo;

304 783 575 838 fateantur
605 799 725 838 eam
757 800 863 837 non
913 784 1171 838 inﬁrmari
1225 782 1326 838 nisi
1357 785 1648 854 peccando.
1680 786 1746 840 Et
1789 787 1908 842 ideo

270 881 271 884 “
303 890 413 930 non
442 885 525 930 est
568 874 896 929 credendum
939 875 1169 928 animam
1198 884 1433 929 nostram
1460 875 1561 932 hoc
1602 891 1722 934 esse
1763 878 1906 948 quod

307 971 455 1026 Deus
480 978 564 1024 cst
593 987 606 1022 :
639 968 760 1035 quia
790 967 836 1022 si
874 969 974 1022 hoc
1003 977 1174 1034 esset,
1212 983 1312 1022 nec
1345 984 1440 1024 sua
1470 969 1774 1038 voluntate,
1807 985 1906 1027 nec

300 1062 483 1131 aliqua
528 1062 850 1116 necessitate
895 1061 949 1114 in
979 1061 1214 1115 deterius
1239 1070 1537 1117 mutaretur
1563 1063 1617 1128 ¹;
1649 1063 1918 1134 quoniam-

300 1154 450 1206 omni
482 1153 642 1207 modo
672 1152 1121 1208 incommutabilis
1162 1153 1472 1224 intelligitur
1502 1154 1676 1222 Deus,
1709 1155 1804 1210 sed
1835 1156 1902 1210 ab

298 1245 378 1298 cis
409 1247 501 1314 qui
551 1259 654 1298 non
703 1245 753 1298 in
787 1245 1130 1299 contentione
1176 1252 1232 1300 et
1259 1246 1600 1301 aemulatione
1648 1255 1704 1302 et
1749 1262 1902 1302 vanae

299 1337 485 1406 gloriae
526 1336 813 1406 cupiditate
868 1346 1048 1391 amant
1077 1337 1221 1407 loqui
1273 1337 1416 1407 quod
1469 1340 1746 1406 nesciunt,
1805 1339 1902 1395 sed

298 1427 602 1481 humilitate
630 1427 919 1482 christiana
946 1427 1183 1482 sentiunt
1209 1427 1277 1482 de
1304 1428 1534 1484 Domino
1562 1431 1613 1485 in
1638 1431 1895 1498 bonitate,

298 1532 349 1573 et
380 1521 436 1573 in
481 1520 819 1590 simplicitate
871 1520 1050 1575 cordis
1101 1529 1346 1590 quzerunt
1374 1536 1496 1576 eum
1542 1522 1694 1595 (Sap.
1738 1540 1786 1590 ι,
1819 1525 1894 1595 1).

300 1610 450 1666 llanc
475 1627 602 1682 ergo
632 1611 1047 1666 imbecillitatem
1087 1620 1322 1666 nostram
1353 1613 1623 1682 suscipere
1652 1613 1897 1683 dignatus

296 1714 380 1760 est
408 1704 575 1761 Filius
606 1706 732 1772 Dei,
759 1713 804 1758 et
839 1704 1056 1759 Verbum
1082 1721 1199 1759 caro
1218 1709 1407 1776 factum
1437 1714 1509 1760 est
1529 1747 1543 1771 ,
1581 1716 1627 1760 et
1657 1707 1898 1761 habitavit

293 1797 348 1850 in
374 1798 517 1850 nobis
542 1795 717 1867 (Joan.
748 1812 798 1859 ι,
833 1795 921 1867 li)
953 1813 966 1849 :
996 1810 1101 1850 non
1131 1796 1253 1866 quia
1283 1797 1554 1852 aeternitas
1579 1799 1667 1854 illa
1691 1808 1894 1855 mutata

294 1896 379 1942 cst
403 1927 418 1954 ,
449 1886 543 1942 sed
570 1887 693 1957 quia
733 1886 1045 1941 mutabilem
1090 1895 1389 1942 creaturam
1420 1890 1762 1946 mutabilibus
1793 1890 1892 1946 ho-

295 1980 499 2035 minum
540 1979 710 2035 oculis
737 1977 1006 2046 ostendit,
1038 1993 1202 2049 quam
1246 1980 1670 2036 incommutabili
1719 1982 1890 2052 maje-

292 2078 432 2126 state
457 2071 712 2140 suscepit.
735 2119 758 2148 ο

364 2162 591 2218 CAPUT
630 2163 723 2217 XI.
750 2163 938 2218 -12.
983 2163 1171 2218 Modus
1218 2163 1468 2220 liberandi
1505 2166 1759 2222 hominem
1802 2186 1893 2240 per

295 2253 492 2307 Filium
517 2253 616 2308 Dei
654 2256 975 2309 incarnatum
1017 2272 1168 2326 quant
1192 2258 1513 2312 conveniens.
1544 2257 1682 2314 Sunt
1712 2269 1890 2316 autem

293 2347 441 2401 stulti
482 2349 572 2418 qui
625 2348 836 2414 dicunt,
863 2347 980 2404 Non
1027 2357 1236 2420 poterat
1272 2350 1428 2406 aliter
1473 2351 1742 2422 Sapientia
1793 2354 1890 2410 Dei

293 2437 539 2496 homines
565 2439 794 2495 liberare
815 2482 828 2505 ,
862 2440 965 2494 nisi
1022 2441 1317 2511 susciperet
1353 2441 1659 2511 hominem,
1691 2452 1746 2499 et
1789 2459 1888 2499 na-

291 2539 534 2586 sceretur
560 2531 630 2586 de
669 2530 865 2586 femina
886 2573 900 2596 ,
934 2539 988 2588 et
1029 2546 1060 2586 a
1089 2533 1459 2603 peccatoribus
1482 2534 1659 2589 omnia
1687 2535 1774 2590 illa
1798 2552 1890 2606 pa-

294 2626 532 2680 teretur?
584 2625 787 2693 Quibus
832 2625 1060 2681 dicimus
1093 2642 1106 2678 :
1137 2625 1357 2682 Poterat
1407 2628 1626 2683 omnino
1649 2669 1662 2693 ,
1695 2629 1790 2684 sed
1839 2629 1886 2685 si

295 2717 452 2773 aliter
483 2718 712 2784 faceret,
749 2719 997 2774 similiter
1044 2728 1238 2774 vestrae
1278 2720 1519 2777 stultitiae
1561 2721 1882 2793 displiceret.

295 2807 353 2863 Si
399 2808 542 2863 enim
573 2823 680 2863 non
731 2818 1016 2879 appareret
1062 2809 1230 2866 oculis
1279 2821 1654 2882 peccatorum,
1707 2814 1887 2871 lumen

294 2901 413 2972 ejus
440 2910 701 2958 aeternum
724 2903 906 2973 utique
923 2944 938 2968 ,
971 2903 1114 2973 quod
1153 2919 1250 2974 per
1287 2905 1569 2962 interiores
1593 2907 1776 2963 oculos
1801 2909 1884 2964 vi-

294 2991 477 3058 detur,
508 2993 799 3064 inquinatis
844 2993 1110 3048 mentibus
1158 2993 1330 3051 videri
1360 3011 1466 3051 non
1492 3008 1691 3067 posset.
1735 2999 1886 3056 Nunc

294 3092 469 3139 autem
500 3085 622 3154 quia
655 3085 938 3140 visibiliter
970 3101 1070 3140 nos
1099 3100 1444 3144 commonere
1485 3087 1731 3160 dignatus
1761 3098 1881 3157 est,

298 3182 357 3228 ut
377 3173 441 3228 ad
485 3175 768 3230 invisibilia
825 3186 1181 3245 przepararet,
1228 3177 1478 3248 displicet
1523 3181 1730 3246 avaris,
1763 3183 1884 3251 quia

295 3280 402 3320 non
426 3281 646 3320 aureum
678 3281 871 3336 corpus
901 3266 1118 3334 habuit;
1147 3267 1393 3339 displicet
1419 3269 1697 3341 impudicis
1717 3313 1732 3339 ,
1762 3274 1884 3343 quia

295 3355 364 3411 de
389 3357 579 3412 femina
609 3366 764 3412 natus
793 3366 876 3412 est
905 3357 1151 3428 (multum
1181 3360 1325 3415 enim
1355 3361 1583 3417 oderunt
1608 3363 1880 3434 impudici,

297 3447 433 3518 quod
458 3448 766 3518 concipiunt
790 3457 845 3503 et
875 3449 1088 3518 pariunt
1121 3448 1390 3522 feminae);
1420 3452 1665 3523 displicet
1693 3470 1881 3526 super-

297 3538 376 3594 bis
396 3581 410 3606 ,
440 3539 584 3610 quod
625 3541 978 3596 contumelias
1007 3542 1398 3610 patientissime
1427 3545 1672 3613 pertulit;
1700 3546 1886 3616 displi-

296 3640 382 3686 cet
421 3631 665 3687 delicatis
687 3674 703 3698 ,
733 3632 854 3703 quia
904 3633 1170 3688 cruciatus
1200 3642 1314 3700 est;
1365 3635 1608 3706 displicet
1647 3639 1843 3694 timidis
1865 3682 1878 3707 ,

296 3723 413 3792 quia
440 3732 684 3778 mortuus
728 3732 828 3779 est.
861 3723 930 3777 Et
959 3731 1015 3779 ut
1043 3738 1149 3779 non
1180 3725 1304 3780 vitia
1351 3741 1448 3782 sua
1471 3729 1753 3785 videantur
1791 3731 1885 3788 de-

297 3812 512 3868 fendere
532 3856 548 3880 ,
578 3828 687 3868 non
716 3814 771 3868 in
804 3813 1021 3869 homine
1049 3815 1234 3870 dicunt
1277 3816 1378 3872 sibi
1408 3816 1512 3874 hoc
1557 3819 1840 3891 displicere
1863 3862 1878 3889 ,

297 3903 391 3957 sed
419 3904 472 3958 in
501 3904 638 3960 Filio
665 3904 779 3959 Dei.
823 3903 942 3959 Non
969 3906 1111 3960 enim
1150 3906 1449 3978 intelligunt
1472 3910 1597 3980 quid
1626 3912 1696 3967 sit
1727 3921 1884 3968 aeter-

297 3993 432 4049 nitas
459 3995 586 4062 Dei,
640 4011 759 4066 quae
803 3995 1076 4053 hominem
1127 4000 1445 4069 assumpsit;
1503 4009 1558 4056 et
1594 4001 1721 4072 quid
1768 4003 1884 4073 ipsa

297 4087 530 4140 humana
574 4097 812 4142 creatura
837 4128 851 4153 ,
883 4104 1002 4159 quae
1049 4089 1435 4146 mutationibus
1462 4092 1572 4147 suis
1601 4093 1659 4148 in
1700 4095 1882 4164 pristi-

298 4193 425 4232 nam
457 4179 752 4236 ﬁrmitatem
782 4182 1133 4238 revocabatur
1153 4226 1167 4251 ,
1197 4193 1255 4239 ut
1278 4184 1628 4256 disceremus,
1656 4187 1883 4253 docente

299 4272 414 4342 ipso
443 4272 700 4342 Domino,
733 4275 1068 4331 inﬁrmitates
1093 4293 1226 4349 quas
1250 4279 1524 4349 peccando
1547 4280 1876 4352 collegimus,

299 4372 440 4418 recte
465 4363 710 4419 faciendo
752 4381 909 4436 posse
939 4367 1136 4421 sanari.
1177 4365 1568 4425 Ostendebatur
1593 4372 1738 4427 enim
1779 4389 1880 4429 no-

300 4452 380 4508 bis
399 4453 464 4509 ad
491 4470 650 4526 quam
682 4454 1017 4527 fragilitatem
1044 4457 1205 4513 homo
1238 4473 1334 4514 sua
1355 4460 1508 4531 culpa
1539 4464 1879 4531 pervenerit,

301 4555 352 4599 et
377 4560 442 4601 ex
467 4561 570 4616 qua
617 4546 903 4617 fragilitate
947 4548 1124 4604 divino
1163 4550 1359 4605 auxilio
1397 4551 1672 4608 liberetur.
1700 4552 1882 4625 Itaque

299 4637 460 4693 Filius
491 4638 584 4694 Dei
633 4639 907 4694 hominem
956 4642 1275 4711 assumpsit,
1327 4651 1381 4698 et
1423 4644 1479 4698 in
1522 4644 1612 4702 illo
1648 4645 1882 4702 humana

299 4744 582 4799 perpessus
623 4739 724 4786 est.
787 4731 914 4786 llaec
965 4733 1228 4788 medicina
1271 4734 1545 4792 hominum
1605 4745 1748 4793 tanta
1774 4748 1878 4808 est,

297 4832 486 4891 quanta
508 4838 612 4878 non
645 4831 821 4893 potest
846 4826 1086 4894 cogitari.
1119 4825 1250 4880 Nam
1281 4843 1400 4898 quae
1431 4831 1681 4901 superbia
1704 4833 1881 4888 sanari

295 4923 500 4984 potest,
556 4916 603 4970 si
654 4916 951 4972 humilitate
1002 4917 1120 4973 Filii
1149 4919 1244 4974 Dei
1297 4935 1404 4976 non
1445 4925 1700 4979 sanatur?
1753 4924 1882 4993 Quae

293 5006 512 5058 avaritia
539 5007 715 5060 sanari
744 5015 950 5077 potest,
979 5008 1025 5063 si
1050 5019 1358 5080 paupertate
1395 5011 1513 5068 Filii
1544 5014 1638 5070 Dei
1666 5030 1773 5072 non
1795 5032 1883 5073 sa-

294 5098 490 5150 natur?
515 5096 644 5163 Quze
673 5097 948 5155 iracundia
973 5104 1150 5156 sanari
1180 5111 1390 5172 potest,
1414 5104 1459 5159 si
1483 5107 1734 5174 patientia
1761 5109 1883 5166 Filii

291 5189 390 5244 Dei
421 5205 526 5244 non
551 5195 803 5247 sanatur?
833 5194 961 5261 Qua:
991 5196 1232 5265 impietas
1262 5196 1438 5250 sanari
1470 5207 1661 5267 pOIest,
1689 5201 1733 5255 si
1757 5201 1886 5258 cha-

289 5283 451 5336 ritate
481 5281 602 5337 Filii
634 5284 728 5339 Dei
767 5301 874 5340 non
900 5289 1156 5342 sanatur?
1185 5288 1461 5342 Postremo
1488 5305 1606 5360 quae
1633 5292 1885 5351 timiditas

287 5372 474 5426 sanari
501 5382 710 5443 potest,
761 5375 804 5430 si
850 5379 1240 5435 resurrectione
1267 5381 1508 5449 corporis
1549 5381 1747 5440 Christi
1783 5387 1886 5442 Do-

285 5463 426 5518 mini
451 5465 472 5495 ²
503 5479 609 5519 non
654 5468 905 5523 sanatur?
935 5469 1115 5541 Erigat
1139 5485 1287 5541 spem
1317 5487 1465 5527 suam
1491 5489 1660 5544 genus
1698 5476 1886 5534 buma-

285 5569 423 5610 num
443 5598 456 5621 ,
487 5566 540 5612 et
566 5569 918 5629 recognoscat
947 5571 1191 5618 naturam
1222 5579 1405 5630 suam;
1431 5565 1608 5623 videat
1630 5579 1884 5639 quantum

353 5694 372 5724 ι
405 5701 582 5757 omnes
604 5694 712 5745 fere
738 5703 864 5757 Mss,
888 5705 1174 5749 moveretur.

351 5757 375 5785 ⁸
412 5755 530 5804 Editi
555 5764 817 5822 Parv._Am.
852 5755 1010 5822 'Er.iet
1043 5769 1147 5809 MSS.
1173 5762 1425 5822 omittunt,
1475 5763 1653 5818 Christi
1675 5765 1878 5819 Domini.

281 5825 426 5867 Unus
441 5823 606 5867 tamen
620 5819 774 5868 codex
803 5822 910 5882 ejus
933 5821 1036 5870 loco
1058 5822 1224 5884 habet,
1251 5824 1360 5876 Filii
1383 5819 1489 5877 Dei.

583 5902 808 5967 SANCT.
857 5910 1132 5968 Aueusr.
1167 5909 1270 5969 Vl.

1739 305 1943 362 LIBER
1981 306 2186 364 UNUS.

3501 327 3610 386 298

2017 419 2193 475 locum
2217 419 2409 477 habeat
2443 422 2496 478 in
2527 424 2778 494 operibus
2801 427 2918 484 Dei.
2961 429 3134 486 Nolite
3157 446 3254 487 vos
3280 434 3426 506 ipsos
3470 452 3609 496 con-

2020 517 2285 577 temnere,
2309 511 2442 578 viri;
2495 513 2661 569 Filius
2687 516 2782 570 Dei
2828 519 3000 574 virum
3027 523 3280 592 suscepit.
3308 524 3483 582 Nolite
3510 544 3607 585 vos

2015 599 2158 670 ipsas
2203 611 2578 672 contemnere,
2629 606 2872 674 femina};
2915 611 3079 666 Filius
3135 613 3229 668 Dei
3259 627 3414 672 natus
3435 634 3502 674 ex
3523 619 3606 676 fe-

2013 690 2158 744 mina
2188 700 2290 747 est.
2318 692 2492 748 Nolite
2515 704 2692 751 tamen
2718 713 2900 755 amare
2924 703 3193 769 carnalia;
3225 707 3348 776 quia
3375 708 3432 763 in
3460 708 3601 767 Filio

2012 781 2104 836 Dei
2136 797 2235 838 nec
2277 785 2546 840 masculus
2584 802 2684 843 nec
2730 788 2929 846 femina
2970 807 3174 849 sumus.
3207 795 3380 853 Nolite
3420 815 3606 858 amare

2013 874 2359 943 temporalia;
2390 875 2509 945 quia
2531 877 2576 931 si
2601 879 2738 934 bene
2763 892 3068 938 amarentur
3086 926 3100 950 ,
3124 897 3327 944 amaret
3352 905 3416 946 ea
3436 891 3601 951 homo

2011 978 2169 1033 quem
2198 966 2432 1036 suscepit
2459 966 2626 1024 Filius
2667 969 2786 1026 Dei.
2817 972 2992 1030 Nolite
3022 975 3211 1034 timere
3248 983 3601 1040 contumelias

2007 1060 2063 1108 et
2106 1068 2292 1110 cruces
2321 1065 2376 1110 et
2403 1067 2666 1125 mortem;
2697 1062 2819 1131 quia
2846 1064 2892 1117 si
2930 1076 3187 1124 nocerent
3225 1070 3462 1141 homini,
3490 1090 3602 1132 non

2007 1160 2071 1200 ea
2099 1156 2372 1214 pateretur
2418 1149 2579 1206 homo
2607 1168 2768 1223 quem
2815 1158 3050 1228 suscepit
3095 1159 3262 1218 Filius
3302 1163 3419 1220 Dei.
3470 1167 3600 1224 Haec

2007 1239 2181 1293 omnis
2221 1239 2484 1309 hortatio,
2515 1259 2634 1313 quae
2654 1244 2765 1314 jam
2793 1245 2990 1318 ubique
3020 1251 3368 1321 praedicatur,
3398 1257 3598 1329 ubique

2007 1339 2324 1398 veneratur,
2354 1350 2472 1404 qum
2511 1349 2723 1393 omnem
2763 1339 3102 1398 obedientem
3140 1345 3376 1403 animam
3404 1359 3596 1419 sanat,

2005 1439 2111 1478 non
2149 1433 2291 1480 esset
2318 1427 2372 1481 in
2397 1428 2561 1484 rebus
2588 1429 2871 1498 humanis,
2902 1432 3075 1490 sinon
3115 1448 3298 1494 essent
3325 1442 3464 1497 facta
3505 1443 3597 1500 illa

2003 1516 2182 1570 omnia
2236 1532 2354 1587 qua:
2397 1519 2726 1577 stultissimis
2777 1522 3078 1595 displicent.
3127 1528 3296 1596 Quem
3346 1532 3595 1604 dignatur

2003 1604 2196 1661 imitari
2227 1608 2414 1664 vitiosa
2438 1609 2712 1681 jactantia,
2746 1622 2803 1668 ut
2831 1615 2897 1670 ad
2923 1617 3172 1674 virtutem
3193 1623 3596 1694 percipiendam

2003 1697 2172 1766 possit
2207 1698 2429 1767 adduci,
2477 1703 2521 1757 si
2565 1705 2835 1760 erubescit
2879 1707 3075 1782 imitari
3104 1726 3227 1767 eum
3261 1712 3330 1769 de
3376 1731 3483 1786 quo
3507 1718 3595 1774 di-

1999 1797 2144 1844 ctum
2169 1800 2249 1846 est
2277 1800 2560 1862 antequam
2585 1805 2897 1852 nasceretur
2915 1840 2931 1866 ,
2959 1800 3102 1870 quod
3131 1801 3301 1859 Filius
3330 1806 3597 1866 Altissimi

1998 1882 2274 1937 vocabitur
2317 1883 2468 1956 (Luc.
2515 1901 2568 1954 ι,
2600 1887 2726 1959 52),
2775 1898 2831 1944 et
2857 1905 2953 1960 per
2987 1906 3176 1949 omnes
3213 1895 3326 1965 jam
3370 1908 3592 1968 gentes,

1999 1973 2143 2042 quod
2173 1989 2371 2044 negare
2396 1992 2557 2032 nemo
2595 1987 2802 2048 potest,
2836 1980 3002 2037 Filius
3030 1983 3294 2041 Altissimi
3331 1997 3550 2046 vocatur
3568 1992 3594 2046 ?

1999 2062 2056 2119 Si
2084 2063 2310 2120 multum
2331 2065 2399 2121 de
2427 2068 2582 2123 nobis
2611 2071 2874 2126 sentimus
2893 2113 2908 2139 ,
2935 2073 3216 2144 dignemur
3241 2075 3438 2134 imitari
3465 2097 3593 2138 eum

1995 2154 2084 2224 qui
2108 2153 2273 2211 Filius
2307 2156 2571 2214 Altissimi
2615 2169 2833 2216 vocatur
2863 2181 2876 2216 :
2906 2164 2950 2219 si
2979 2179 3165 2237 parum
3185 2167 3254 2224 de
3281 2170 3436 2228 nobis
3458 2187 3590 2231 sen-

1996 2246 2194 2314 timus,
2238 2247 2530 2304 audeamus
2569 2250 2764 2307 imitari
2806 2254 3101 2324 piscatores
3135 2265 3192 2314 et
3238 2261 3591 2335 publicanos,

1994 2338 2087 2408 qui
2126 2352 2250 2394 eum
2289 2340 2481 2395 imitati
2510 2350 2657 2398 sunt.
2690 2343 2735 2399 Ο
2758 2346 3076 2404 medicinam
3121 2352 3370 2410 omnibus
3397 2370 3594 2414 consu-

1995 2429 2194 2483 lentem
2215 2469 2231 2495 ,
2260 2431 2441 2486 omnia
2490 2434 2744 2490 tumentia
2783 2439 3261 2511 comprimentem,
3291 2445 3472 2503 omnia
3510 2454 3595 2503 ta-

1993 2518 2270 2575 bescentia
2307 2519 2639 2578 reﬁcientcm
2659 2564 2674 2591 ,
2705 2527 2884 2582 omnia
2909 2530 3174 2600 superflua
3218 2545 3590 2608 resecantem,

1993 2610 2172 2665 omnia
2201 2613 2502 2668 necessaria
2527 2616 2947 2686 custodientem,
2976 2625 3154 2678 omnia
3181 2625 3389 2695 perdita
3427 2644 3590 2702 repa-

1992 2709 2236 2768 rantem,
2277 2703 2455 2758 omnia
2497 2704 2782 2775 depravata
2808 2711 3194 2782 corrigentem!
3228 2715 3359 2784 Quis
3379 2717 3494 2788 jam
3525 2733 3588 2778 se

1992 2791 2211 2848 extollat
2238 2803 2424 2849 contra
2454 2795 2648 2851 Filium
2674 2797 2806 2854 Dei?
2831 2799 2962 2869 Quis
2981 2802 3052 2859 de
3083 2819 3146 2862 se
3172 2805 3459 2878 deSperet,
3490 2826 3591 2882 pro

1993 2898 2102 2954 quo
2142 2892 2250 2940 tam
2292 2884 2508 2944 humilis
2544 2903 2666 2946 esse
2706 2892 2873 2948 voluit
2899 2893 3068 2952 Filius
3113 2897 3246 2954 Dei?
3287 2899 3419 2968 Quis
3460 2901 3592 2961 bea-

1992 2981 2102 3028 tam
2133 2975 2297 3030 vitam
2343 2991 2463 3033 esse
2499 2978 2786 3036 arbitretur
2828 2984 2880 3038 in
2921 2985 2987 3040 iis
3031 3001 3151 3058 qua:
3193 2994 3591 3054 contemnenda

1990 3079 2110 3120 esse
2140 3065 2321 3121 docuit
2347 3066 2516 3124 Filius
2556 3070 2685 3126 Dei?
2710 3071 2914 3140 Quibus
2947 3075 3360 3139 adversitatibus
3393 3085 3589 3158 cedat,

1991 3155 2084 3223 qui
2112 3164 2357 3210 naturam
2396 3158 2631 3214 hominis
2677 3163 2838 3217 tantis
2868 3164 2886 3194 ί
2915 3169 3380 3234 persecutionibus
3405 3155 3589 3233 custo-

1991 3243 2157 3299 ditam
2181 3246 2354 3302 credit
2384 3247 2436 3302 in
2466 3247 2600 3303 Filio
2623 3249 2758 3305 Dei?
2787 3251 2916 3320 Quis
2959 3254 3058 3310 sibi
3088 3272 3209 3314 esse
3233 3260 3474 3320 clausum
3499 3282 3588 3324 re-

1990 3353 2152 3408 gnum
2190 3338 2449 3394 ccelorum
2487 3349 2672 3412 putet,
2714 3345 2804 3414 qui
2849 3350 3125 3418 cognoscit
3164 3353 3476 3422 publicanos
3528 3369 3586 3418 et

1989 3430 2302 3485 meretrices
2358 3431 2594 3488 imitatos
2623 3445 2744 3490 esse
2785 3435 2976 3492 Filium
3027 3439 3123 3496 Dei
3149 3443 3170 3474 ³
3199 3443 3410 3516 (Matth.
3451 3465 3584 3519 xxi,

1990 3518 2121 3594 51)?
2156 3521 2270 3590 Qua
2301 3524 2654 3593 perversitate
2699 3542 2805 3583 non
2834 3538 3048 3600 careat,
3074 3533 3166 3603 qui
3200 3533 3341 3592 facta
3369 3547 3423 3594 et
3443 3518 3586 3598 dicta

1988 3611 2225 3668 intuetur
2275 3621 2331 3668 et
2389 3613 2561 3686 diligit
2617 3625 2671 3672 et
2719 3627 2954 3676 sectatur
3008 3622 3152 3679 illius
3208 3624 3477 3697 hominis,
3526 3632 3586 3689 in

1987 3718 2094 3773 quo
2139 3719 2200 3759 se
2249 3704 2405 3760 nobis
2469 3705 2537 3760 ad
2591 3710 2896 3780 exemplum
2949 3713 3074 3770 vitae
3128 3717 3356 3786 praebuit
3415 3722 3584 3780 Filius

1989 3793 2122 3852 Dei?

2059 3886 2284 3943 CAPUT
2323 3887 2439 3942 Xll.
2469 3919 2540 3930 —
2569 3891 2656 3946 15.
2688 3889 2979 3948 Christiana
3012 3895 3140 3965 ﬁdes
3176 3901 3359 3971 ubique
3383 3905 3511 3974 viget
3533 3914 3583 3960 et

1987 3977 2158 4030 vincit.
2186 3977 2366 4047 Itaque
2415 3978 2523 4048 jam
2577 3989 2634 4034 et
2674 3983 2900 4037 masculi
2928 3993 2985 4039 et
3022 3985 3264 4057 feminae,
3310 4000 3364 4046 et
3403 3997 3581 4052 omnis

1986 4075 2151 4133 aetas,
2203 4077 2258 4123 et
2298 4069 2474 4124 omnis
2514 4069 2673 4140 hujus
2699 4074 2882 4129 saeculi
2911 4073 3140 4146 dignitas
3169 4079 3238 4135 ad
3278 4095 3428 4152 spem
3455 4087 3580 4142 vitae

1986 4168 2200 4216 aeternae
2243 4171 2509 4218 commota
2548 4172 2630 4220 est
2657 4164 2700 4219 ³.
2752 4165 2857 4221 Alii
2887 4169 3144 4241 neglectis
3190 4179 3578 4247 temporalibus

1987 4251 2144 4308 bonis
2173 4254 2457 4310 convolant
2498 4257 2566 4312 ad
2591 4257 2796 4314 divina.
2828 4261 2933 4317 Alii
2959 4263 3156 4321 cedunt
3183 4282 3374 4326 eorum
3404 4275 3576 4330 virtu-

1987 4345 2127 4400 tibus
2175 4345 2268 4415 qui
2307 4344 2422 4403 haec
2452 4346 2682 4418 faciunt,
2718 4361 2770 4406 et
2800 4352 3020 4410 laudant
3045 4357 3188 4427 quod
3229 4359 3424 4418 imitari
3470 4382 3578 4423 non

1987 4436 2204 4493 audent.
2246 4437 2410 4494 Pauci
2436 4449 2612 4496 autem
2650 4441 2825 4498 adhuc
2852 4458 3215 4517 murmurant,
3245 4463 3301 4507 et
3344 4454 3486 4511 inani
3515 4459 3579 4513 li-

1985 4545 2116 4588 vore
2145 4540 2490 4604 torquentur;
2543 4543 2636 4591 aut
2673 4537 2765 4606 qui
2795 4553 2890 4592 sua
2935 4552 3182 4610 quaerunt
3209 4544 3261 4598 in
3301 4546 3572 4617 Ecclesia,

1987 4625 2229 4695 quamvis
2255 4625 2536 4681 videantur
2565 4626 2846 4694 catholici,
2879 4641 2972 4685 aut
3007 4645 3075 4686 ex
3103 4632 3221 4702 ipso
3250 4633 3450 4690 Christi
3480 4655 3578 4694 no-

1986 4717 2133 4772 mine
2161 4717 2382 4787 gloriam
2412 4728 2714 4788 quazrentes
2740 4720 3016 4790 haeretici,
3043 4733 3134 4778 aut
3169 4735 3449 4796 peccatum
3477 4731 3578 4787 im-

1989 4810 2202 4880 pietatis
2241 4825 2352 4865 suae
2378 4809 2663 4868 defendere
2692 4813 2970 4883 cupientes
2997 4814 3164 4871 Judzei
3185 4857 3200 4882 ,
3232 4829 3325 4874 aut
3351 4823 3573 4880 curiosi.

1986 4908 2153 4956 tatem
2180 4915 2328 4956 vana:
2374 4901 2601 4958 licentia:
2627 4902 2649 4934 "
2674 4903 2900 4974 perdere
2930 4906 3176 4963 timentes
3213 4909 3432 4981 Pagani.
3466 4915 3573 4972 Sed

1988 4990 2229 5048 Ecclesia
2274 4992 2535 5048 catholica
2564 5009 2662 5064 per
2708 5002 2876 5049 totum
2926 4997 3111 5052 orbem
3162 4999 3318 5072 longe
3361 5004 3575 5077 lateque
3628 5075 3635 5080 _

1990 5080 2216 5150 diﬁ'usa,
2262 5083 2492 5153 impetus
2529 5099 2717 5139 eorum
2747 5085 3013 5155 prioribus
3055 5093 3383 5160 temporibus
3430 5097 3575 5156 fran-

1991 5189 2158 5245 gens,
2190 5176 2360 5246 magis
2383 5179 2656 5248 magisque
2679 5177 2928 5235 roborata
2966 5191 3084 5249 est;
3121 5199 3224 5241 non
3251 5192 3572 5263 resistendo,

1997 5265 2092 5320 sed
2139 5265 2479 5335 perferendo.
2527 5267 2678 5323 Nunc
2701 5283 2831 5324 vero
2878 5270 3158 5331 insidiosas
3202 5293 3386 5334 eorum
3432 5299 3577 5351 quae-

1991 5357 2193 5411 stiones
2234 5356 2340 5412 ﬁde
2380 5358 2599 5426 irridet,
2646 5358 2920 5432 diligentia
2956 5364 3204 5435 discutit,
3228 5369 3574 5442 intelligentia

1991 5446 2236 5504 dissolvit
2269 5465 2282 5500 :
2315 5448 2687 5507 criminatores
2712 5452 2985 5522 palearum
3009 5471 3227 5514 suarum
3253 5475 3358 5516 non
3386 5474 3572 5532 curat;

2056 5585 2074 5663 ξ
2108 5583 2245 5663 ΞΛΜ,
2269 5583 2478 5663 ahenis.
2503 5585 2596 5663 sed
2622 5599 2798 5663 omnes
2817 5598 2922 5663 tuss.
2949 5601 3116 5643 mrem
3139 5597 3496 5663 praepositione,
3523 5613 3575 5650 a.

2053 5647 2074 5710 ξ
2109 5652 2240 5695 Parv.
2269 5653 2320 5696 et
2338 5645 2522 5710 aliquot
2545 5657 2672 5710 Mss,
2694 5649 2956 5703 imitatores
2977 5668 3079 5705 esse
3100 5645 3214 5705 Filii

2056 5708 2082 5781 3_
2107 5713 2240 5781 Lov_.,
2266 5708 2552 5759 committam
2588 5708 2674 5762 est.
2717 5712 2884 5762 Melius
2909 5715 3026 5766 editi
3067 5716 3148 5766 alii
3190 5725 3240 5766 et
3263 5727 3400 5781 mss,
3441 5734 3571 5776 com-

1987 5775 2116 5820 mota
2137 5775 2225 5820 est.

2054 5833 2076 5863 ⁸
2110 5839 2238 5881 Unus
2261 5845 2290 5882 e
2314 5833 2548 5884 Vaticanis
2577 5842 2706 5896 Mssa,
2731 5837 2959 5888 scientire.

3075 5926 3298 6003 [Βίας]
