4124 6206
547 444 674 519 quia
697 451 910 515 tempus
934 440 1158 506 messis,
1185 446 1240 495 et
1282 446 1492 510 tempus
1531 452 1775 494 arearum
1795 479 1811 504 ,
1842 444 1897 491 et
1924 443 2134 506 tempus

547 536 867 596 horreorum
911 544 1067 591 caute
1113 534 1501 605 diligenterque
1540 532 1819 604 distinguit
1884 548 1898 585 :
1958 531 2138 586 erimi-

544 639 763 688 natores
806 638 982 683 autem
1044 626 1295 681 frumenti
1360 626 1476 694 sui,
1532 633 1623 680 aut
1658 630 1901 680 errantes
1962 621 2136 680 corri-

543 724 651 795 git,
681 730 771 775 aut
790 718 1088 775 invidentes
1116 717 1445 786 interspinas
1472 724 1527 771 et
1546 716 1745 785 zizania
1771 722 2061 786 computat.

616 810 843 868 CAPUT
880 810 1017 865 XIII.
1045 810 1223 865 -14.
1254 806 1410 863 Fides
1441 817 1578 863 recta
1619 810 1712 877 sit,
1739 818 1785 864 et
1823 810 1955 864 actio
1981 809 2133 863 bona.

546 905 694 967 Mens
721 904 943 958 veritatis
981 919 1146 974 capax
1180 919 1281 957 non
1333 911 1437 969 est,
1469 901 1569 957 nisi
1607 901 1739 957 uitiis
1776 901 1950 956 libera.
1977 899 2136 957 Fides

549 999 789 1053 Ecclesia!
814 997 876 1050 de
903 994 1173 1051 Trinitate.
1195 994 1557 1066 Subjiciamus
1585 1008 1713 1065 ergo
1742 994 1978 1050 animam
1999 993 2131 1057 Deo,

544 1095 589 1149 si
615 1093 862 1148 volumus
885 1090 1131 1146 servituti
1170 1090 1433 1159 subjicere
1460 1104 1656 1158 corpus
1682 1094 1924 1142 nostrum
1945 1129 1959 1154 ,
1987 1095 2041 1142 et
2064 1084 2135 1142 de

544 1184 757 1241 diabolo
804 1180 1152 1254 triumphare.
1195 1179 1355 1235 Fides
1407 1186 1489 1233 est
1532 1178 1703 1249 prima
1727 1193 1846 1248 qua:
1886 1176 2136 1248 subjugat

546 1278 773 1331 animam
820 1275 961 1340 Deo;
995 1271 1189 1327 deinde
1220 1280 1485 1343 praecepta
1517 1268 1767 1336 vivendi,
1799 1268 1993 1340 quibus
2034 1282 2134 1323 eus

544 1366 757 1422 stoditis
783 1382 905 1437 spes
934 1377 1115 1419 nostra
1147 1365 1422 1430 tinuatur,
1453 1369 1506 1416 et
1530 1360 1760 1415 nutritur
1784 1357 2046 1424 eharitas,
2078 1363 2134 1412 et

541 1457 724 1513 lucere
771 1456 955 1525 incipit
1001 1454 1144 1525 quod
1190 1463 1347 1508 antea
1396 1449 1765 1507 tantummodo
1790 1446 2129 1505 credebatur.

544 1548 676 1605 Cum
731 1548 872 1603 enim
925 1544 1157 1617 cognitio
1204 1551 1259 1599 et
1304 1542 1445 1597 actio
1491 1541 1706 1597 beatum
1744 1539 2016 1595 hominem
2054 1537 2133 1595 fa-

548 1640 691 1695 ciant
722 1639 738 1670 ³
762 1655 778 1706 ;
809 1637 945 1692 sicut
972 1636 1025 1690 in
1051 1633 1353 1705 cognitione
1373 1632 1641 1687 cavendus
1660 1640 1745 1687 est
1762 1645 1943 1696 error,
1973 1628 2052 1685 sic
2075 1628 2131 1684 in

547 1731 759 1788 actione
786 1728 1023 1785 cavenda
1069 1736 1151 1781 est
1192 1725 1448 1796 nequitia.
1482 1724 1639 1778 Errat
1676 1730 1853 1778 autem
1888 1721 2132 1793 quisquis

543 1831 696 1895 putat
747 1823 1020 1876 veritatem
1074 1835 1131 1874 se
1185 1834 1342 1889 posse
1387 1830 1749 1889 cognoscere,
1790 1830 1912 1870 cum
1953 1813 2133 1871 ahbue

542 1913 793 1985 nequiter
811 1911 972 1969 vivat.
998 1912 1239 1983 Nequitia
1262 1922 1346 1967 est
1372 1920 1553 1966 autem
1584 1908 1840 1964 mundum
1866 1907 2025 1963 istum
2051 1907 2133 1963 di-

546 2008 712 2079 ligere
730 2048 745 2075 ,
777 2011 834 2061 et
856 2022 915 2061 ea
939 2022 1056 2077 qum
1080 2015 1371 2060 nascuntur
1392 2014 1444 2058 et
1474 2011 1783 2071 transeunt,
1812 2016 1910 2072 pro
1938 2014 2133 2071 magno

542 2097 778 2165 habere;
807 2106 861 2153 et
904 2112 968 2152 ea
995 2096 1374 2167 concupiscere
1396 2137 1410 2162 ,
1432 2103 1487 2150 et
1526 2109 1623 2163 pro
1653 2091 1736 2147 his
1760 2090 2039 2160 laborare,
2072 2100 2132 2146 ut

542 2189 920 2261 acquirantur;
956 2196 1012 2242 et
1052 2187 1220 2242 laetari
1244 2228 1259 2253 ,
1289 2202 1412 2242 cum
1440 2183 1861 2250 abundaverint;
1892 2190 1948 2238 et
1986 2183 2131 2239 time-

543 2298 638 2349 re,
671 2298 739 2338 ne
786 2289 1042 2352 pereant;
1082 2288 1136 2335 et
1181 2278 1512 2345 contristari,
1546 2294 1665 2333 cum
1698 2285 1941 2348 pereunt.
1987 2274 2132 2331 Talis

542 2374 649 2429 vita
677 2389 785 2429 non
811 2381 987 2444 potest
1022 2386 1208 2442 puram
1249 2370 1391 2424 illam
1417 2378 1470 2424 et
1509 2369 1772 2423 sinceram
1800 2367 1822 2399 ²
1844 2376 1899 2423 et
1924 2366 2129 2422 incom-

543 2463 850 2520 mutabilem
879 2461 1062 2518 videre
1090 2459 1397 2526 veritatem,
1445 2466 1500 2513 et
1536 2458 1802 2514 inhaerere
1831 2457 1937 2526 illi,
1977 2465 2033 2512 et
2076 2457 2132 2512 in

541 2564 800 2611 aeternum
821 2555 933 2624 jam
976 2570 1081 2607 nou
1110 2552 1311 2607 moveri
1339 2550 1380 2605 ³.
1426 2548 1605 2626 Itaque
1629 2550 1940 2621 priusquam
1979 2562 2132 2603 mens

543 2657 723 2700 nostra
768 2651 1050 2715 purgetur,
1098 2642 1355 2697 debemus
1402 2639 1622 2694 credere
1647 2639 1788 2710 quod
1834 2636 2132 2709 intelligere

545 2738 784 2793 nondum
812 2738 1087 2801 valemus;
1114 2734 1365 2805 quoniam
1393 2732 1673 2788 verissime
1698 2730 1897 2787 dictum
1930 2739 2013 2786 est
2034 2744 2132 2799 per

543 2829 893 2903 prophetam,
938 2824 1057 2881 Nisi
1104 2825 1449 2892 credideritis,
1497 2842 1598 2879 non
1644 2824 1934 2895 intelligetis
1976 2821 2126 2897 (Isai.

543 2937 636 2987 vn,
669 2918 723 2987 9,
754 2933 853 2973 sec.
881 2916 1068 2990 LXX).

617 3010 703 3066 15.
741 3007 900 3064 Fides
929 3009 981 3062 in
1028 3005 1269 3063 Ecclesia
1313 3005 1627 3061 brevissime
1672 3005 1916 3073 traditur,
1948 3005 2003 3060 in
2026 3020 2130 3076 qua

544 3100 986 3159 commendantur
1032 3108 1261 3167 aeterna,
1307 3115 1425 3171 qua:
1473 3098 1696 3170 intelligi
1752 3114 1780 3152 a
1829 3097 2133 3155 carnalibus

543 3193 780 3250 nondum
820 3200 1087 3266 possunt;
1115 3202 1168 3249 et
1198 3192 1509 3262 temporalia
1546 3190 1811 3262 praeterita
1837 3199 1891 3246 et
1913 3188 2089 3247 futura
2111 3230 2127 3257 ,

541 3303 660 3359 quae
688 3302 783 3357 pro
812 3285 986 3341 salute
1016 3283 1296 3339 hominum
1334 3283 1502 3353 gessit
1531 3291 1586 3336 et
1625 3293 1840 3352 gestura
1869 3291 1953 3337 est
1975 3291 2132 3337 aeter-

542 3382 682 3435 nitas
710 3376 903 3434 divina:
929 3374 1301 3447 providentiae.
1345 3372 1637 3429 Credamus
1677 3388 1805 3443 ergo
1834 3373 1887 3430 in
1913 3372 2130 3430 Patrem

543 3481 597 3529 et
626 3470 813 3526 Filium
844 3478 897 3525 et
923 3466 1176 3538 Spiritum
1222 3472 1460 3519 sanctum
1486 3479 1501 3518 :
1529 3463 1645 3518 haec
1671 3475 1868 3518 aeterna
1911 3472 2035 3519 sunt
2078 3474 2133 3520 et

542 3560 1016 3626 incommutabilia,
1049 3555 1104 3614 id
1134 3567 1248 3625 est,
1278 3570 1416 3611 unus
1445 3554 1606 3622 Deus,
1635 3554 1792 3610 unius
1818 3555 2130 3611 substantia:

545 3655 778 3711 Trinitas
802 3664 999 3709 aeterna
1024 3669 1039 3721 ;
1070 3651 1210 3707 Deus
1238 3667 1305 3707 ex
1334 3664 1442 3721 quo
1470 3648 1645 3704 omnia
1666 3689 1682 3716 ,
1708 3664 1804 3718 per
1822 3664 1980 3720 quem
2008 3664 2129 3706 om-

544 3749 653 3815 nia,
685 3749 736 3802 in
766 3762 872 3818 quo
898 3745 1076 3800 omnia
1108 3744 1285 3816 (Rom.
1319 3758 1378 3798 χι
1398 3784 1413 3811 ,
1444 3741 1563 3813 '56).

613 3839 838 3897 CAPUT
873 3837 1017 3895 XIV.
1041 3867 1111 3878 —
1133 3837 1219 3892 I6.
1246 3834 1372 3890 Non
1392 3834 1633 3890 audiendi
1652 3834 1739 3900 qui
1763 3843 1865 3889 tres
1889 3849 2130 3905 personas

544 3942 744 4006 negant.
773 3929 881 3987 Nec
907 3945 1001 3987 eos
1028 3928 1326 3996 audiamus,
1346 3927 1435 3998 qui
1456 3924 1639 3981 dicunt
1658 3925 1867 3981 Patrem
1897 3934 2132 3980 tantum-

542 4025 702 4081 modo
724 4038 866 4089 esse,
894 4036 994 4077 nec
1021 4021 1219 4076 habere
1237 4018 1429 4074 Filium
1454 4061 1467 4085 ,
1500 4032 1598 4073 nec
1620 4031 1740 4072 esse
1770 4032 1893 4073 cum
1923 4033 1987 4071 eo
2007 4016 2098 4087 Spi
2114 4047 2130 4058 -

542 4116 703 4170 ritum
733 4121 1013 4176 sanctum;
1042 4110 1133 4164 sed
1165 4109 1337 4179 ipsum
1385 4109 1595 4163 Patrem
1639 4106 1924 4177 aliquando
1949 4106 2132 4179 appel-

543 4205 641 4260 lari
677 4202 903 4268 Filium,
936 4198 1216 4270 aliquando
1264 4198 1519 4268 Spiritum
1564 4207 1826 4252 sanctum.
1875 4197 2132 4253 Nesciunt

545 4296 686 4352 enim
723 4291 1046 4362 Principium
1089 4305 1153 4344 ex
1207 4304 1314 4360 quo
1356 4299 1479 4343 sunt
1517 4289 1730 4354 omnia,
1761 4297 1815 4343 et
1843 4288 2128 4361 Imaginem

546 4387 662 4458 ejus
684 4401 778 4455 per
798 4398 954 4455 quam
976 4380 1272 4436 formantur
1291 4379 1467 4434 omnia
1487 4420 1503 4447 ,
1534 4388 1589 4436 et
1626 4377 1971 4436 Sanctitatem
2015 4380 2130 4451 ejus

545 4479 600 4533 in
630 4492 731 4550 qua
758 4474 1072 4531 ordinantur
1091 4472 1288 4528 omnia.

615 4568 841 4627 CAPUT
880 4566 997 4624 XV.
1025 4597 1087 4609 —
1117 4566 1205 4622 i7.
1248 4562 1359 4620 Nec
1388 4563 1626 4620 audiendi
1654 4564 1737 4636 qui
1765 4563 2007 4619 inducunt
2032 4574 2130 4622 (res

547 4665 686 4719 deos.
710 4662 818 4717 Nec
845 4676 939 4717 eos
986 4657 1263 4714 audiamus
1283 4699 1298 4725 ,
1328 4657 1419 4729 qui
1466 4656 1804 4728 indignantur
1832 4667 1886 4714 et
1926 4668 2128 4713 stoma-

496 4803 503 4817 .
546 4755 803 4823 cbantur,
836 4754 958 4827 quia
1003 4768 1107 4808 non
1135 4760 1245 4809 tres
1298 4751 1427 4807 deos
1448 4751 1704 4807 colendos
1742 4752 1988 4808 dicimus.
2020 4751 2129 4808 Ne-

546 4849 717 4906 sciunt
768 4848 909 4903 enim
959 4844 1083 4918 quid
1126 4846 1193 4901 sit
1241 4861 1343 4900 una
1386 4844 1679 4916 eademque
1722 4846 2050 4912 substantia;
2077 4855 2131 4904 et

547 4940 1006 5013 pliantasmatibus
1054 4938 1165 4993 suis
1219 4935 1528 5002 illuduntur,
1580 4936 1701 5006 quia
1740 4929 1920 4991 solent
1949 4935 2129 4992 videre

454 5053 464 5063 -
547 5033 896 5102 corporaliter
924 5029 1008 5084 vel
1051 5027 1295 5083 animalia
1336 5029 1435 5083 tria
1461 5070 1475 5094 ,
1504 5028 1586 5083 vel
1617 5042 1962 5097 quzecumque
2006 5042 2127 5082 cor-

547 5136 676 5191 pora
696 5121 789 5174 tria
808 5121 939 5177 locis
965 5121 1073 5175 suis
1094 5137 1211 5176 esse
1234 5127 1472 5190 separata
1493 5136 1504 5171 :
1524 5119 1599 5173 sic
1614 5128 1798 5189 putant
1826 5119 2126 5191 intelligen-

546 5211 668 5266 dam
698 5211 1044 5265 substantiam
1067 5210 1181 5271 Dei;
1207 5220 1259 5265 ct
1285 5211 1507 5265 multum
1530 5219 1742 5274 errant,
1772 5211 2017 5281 quoniam
2036 5226 2127 5266 su-

547 5301 694 5373 perbi
713 5310 854 5363 sunt;
868 5308 921 5354 et
941 5316 1044 5353 non
1070 5309 1291 5371 possunt
1308 5299 1532 5366 discere,
1551 5300 1668 5370 quia
1689 5300 1873 5356 nolunt
1890 5301 2124 5358 credere.

617 5391 843 5449 CAPUT
882 5390 1021 5446 XVI.
1050 5421 1121 5431 —
1150 5390 1236 5447 18.
1270 5392 1377 5446 Nec
1415 5390 1495 5446 illi
1522 5393 1606 5463 qui
1649 5403 1835 5465 negant
1861 5396 2128 5465 (equalita-

609 5526 627 5558 ³
647 5526 781 5587 Editi,
806 5532 851 5576 et
872 5524 997 5591 actio
1011 5523 1140 5591 dona
1158 5522 1250 5572 sint
1280 5523 1381 5591 pei,
1399 5522 1650 5591 et_beatum
1671 5524 1908 5576 hominem
1927 5527 2127 5591 faciam.

547 5593 730 5655 At_Mss.
756 5584 849 5637 non
874 5590 1088 5642 habent,
1108 5585 1234 5655 dona
1249 5584 1472 5655 pet”,
1496 5590 1557 5655 et.

608 5650 629 5680 ³
660 5655 825 5699 Plures
846 5658 982 5710 Mss,
1023 5659 1117 5697 non
1155 5650 1305 5711 potest
1324 5645 1458 5697 illam
1494 5645 1766 5712 sinceram;
1810 5654 2020 5713 omisso,
2042 5665 2130 5717 pu-

543 5720 653 5759 ram
669 5717 731 5761 et.
1282 5768 1294 5778 _

612 5771 632 5801 ³
664 5771 884 5835 Plerique
905 5779 1032 5832 Mss,
1056 5784 1148 5821 non
1169 5783 1309 5822 mors.

1509 325 1598 380 DE
1634 320 1865 380 AGONE
1899 316 2328 386 CIIliISTIANU,
2369 319 2428 375 S.
2468 320 2829 380 AUGUSTINI

2250 444 2350 490 tem
2387 445 2433 490 et
2474 438 2803 492 aeternitatem
2842 452 3193 509 personarum.
3220 434 3335 495 Nec
3374 450 3473 497 eos
3512 439 3833 518 audiamus,

2244 529 2336 600 qui
2365 528 2575 585 Patrem
2598 529 2769 585 solum
2802 545 2985 586 verum
3016 530 3183 587 Deum
3212 538 3268 587 et
3301 530 3688 603 sempiternum
3712 550 3835 595 esse

2243 619 2463 688 dicunt;
2492 622 2684 678 Filium
2722 632 2900 679 autem
2949 638 3055 678 non
3084 623 3154 680 de
3178 622 3295 696 ipso
3321 624 3559 698 genitum
3580 668 3598 695 ,
3627 628 3725 685 sed
3764 631 3835 689 ab

2243 714 2362 785 ipso
2389 712 2586 771 factum
2616 716 2684 771 de
2727 716 2892 771 nihilo
2911 757 2926 783 ,
2953 724 3008 772 et
3045 714 3215 773 fuisse
3248 726 3457 789 tempus
3484 720 3701 791 quando
3725 737 3832 781 non

2243 814 2361 862 erat
2378 847 2393 872 ,
2415 806 2510 863 sed
2540 814 2715 863 tamen
2759 809 2988 878 primum
3014 810 3189 865 locum
3217 819 3400 868 tenere
3423 812 3477 868 in
3504 813 3654 870 omni
3679 829 3834 872 crea-

2243 903 2398 967 tura;
2428 908 2484 955 et
2524 899 2780 971 Spiritum
2809 911 3053 957 sanetum
3102 902 3322 961 minoris
3369 905 3666 978 majestatis
3709 922 3833 966 esse

2242 1002 2401 1059 quam
2434 989 2625 1046 Filium
2650 1034 2665 1060 ,
2690 1003 2742 1048 et
2778 994 2953 1063 ipsum
2984 995 3177 1051 factum
3207 1011 3327 1054 esse
3353 1006 3475 1070 post
3511 997 3746 1069 Filium;
3776 1009 3834 1058 et

2243 1080 2434 1136 horum
2467 1082 2624 1138 trium
2649 1083 2889 1140 diversas
2925 1100 3046 1141 esse
3085 1087 3434 1157 substantias,
3458 1098 3706 1164 tanquam
3731 1106 3831 1149 au-

2241 1187 2358 1228 rum
2386 1182 2442 1229 et
2465 1185 2743 1247 argentum
2773 1186 2828 1233 et
2870 1188 3240 1234 mramentum.
3264 1180 3516 1238 Nesciunt
3534 1185 3677 1240 enim
3701 1185 3832 1257 quid

2240 1262 2545 1336 loquantur,
2575 1265 2721 1324 etde
2769 1267 2850 1323 his
2895 1268 3053 1324 rebus
3080 1285 3212 1342 quas
3255 1286 3351 1342 per
3375 1275 3557 1330 oculos
3604 1289 3831 1333 carneos

2238 1356 2426 1415 videre
2450 1369 2879 1428 consueverunt,
2912 1376 3075 1417 vanas
3115 1364 3371 1436 imagines
3400 1365 3468 1422 ad
3513 1366 3832 1439 disputatio-
3918 1394 3921 1399 ν

2238 1464 2338 1506 nes
2366 1464 2492 1508 suas
2514 1452 2863 1510 transferunt.
2894 1455 3027 1522 Quia
3056 1472 3238 1513 revera
3269 1468 3514 1531 magnum
3545 1471 3628 1517 est
3649 1470 3830 1520 alente

2238 1543 2551 1612 conspicere
2572 1545 2993 1615 generationem,
3026 1564 3144 1618 quae
3170 1564 3276 1604 non
3307 1551 3363 1605 fit
3390 1566 3453 1607 ex
3491 1553 3668 1623 aliquo
3689 1562 3831 1608 tem-

2238 1647 2392 1703 pore,
2419 1633 2515 1690 sed
2557 1644 2759 1692 aeterna
2789 1647 2910 1705 est;
2938 1648 2991 1695 et
3038 1640 3204 1710 ipsam
3235 1640 3561 1698 Cbaritatem
3604 1655 3658 1700 et
3694 1645 3831 1702 San-

2237 1725 2498 1795 ctitatem,
2524 1742 2627 1799 qua
2648 1727 2947 1786 Generator
2964 1740 3019 1787 et
3036 1730 3331 1789 Generatus
3371 1735 3710 1793 inclfabiliter
3729 1739 3830 1794 sibi

2236 1815 2556 1888 copulantur
2587 1836 2602 1873 :
2628 1834 2876 1891 magnum
2914 1831 2968 1877 et
2994 1820 3212 1878 difﬁcile
3237 1833 3318 1879 est
3346 1822 3459 1880 haec
3500 1837 3679 1882 mente
3700 1844 3831 1883 con-

2238 1907 2467 1978 spicere,
2496 1908 2707 1964 etiamsi
2758 1920 2940 1981 pacata
2972 1921 3026 1967 et
3069 1912 3352 1983 tranquilla
3395 1915 3483 1969 sit.
3512 1916 3626 1970 Non
3656 1925 3831 1988 potest

2236 2011 2364 2069 ergo
2385 1997 2502 2054 ﬁeri
2525 2008 2584 2054 ut
2631 1998 2708 2055 illi
2754 2000 2869 2056 haec
2898 2000 3147 2068 videant,
3176 2003 3269 2074 qui
3318 2013 3559 2063 terrenas
3606 2022 3831 2078 genera-

2238 2087 2411 2143 tiones
2449 2089 2610 2144 nimis
2657 2090 2958 2157 intuentur,
2984 2102 3041 2147 et
3083 2095 3147 2147 ad
3178 2094 3308 2150 istas
3348 2097 3600 2153 tenebras
3627 2099 3832 2155 addunt

2236 2174 2412 2233 adhuc
2449 2176 2675 2246 fumum,
2705 2194 2861 2248 quem
2899 2180 2997 2236 sibi
3033 2185 3459 2242 contentionibus
3483 2196 3535 2243 et
3580 2192 3830 2244 certami-

2237 2266 2396 2323 nibus
2423 2268 2746 2339 quotidianis
2764 2270 2999 2327 excitare
3026 2284 3132 2327 non
3161 2284 3405 2343 cessant;
3435 2274 3690 2334 habentes
3715 2279 3830 2335 anl-

2236 2371 2354 2415 mas
2404 2359 2582 2416 carnis
2632 2358 2910 2416 aﬂectibus
2960 2359 3262 2421 difﬂuentes
3291 2367 3344 2434 ⁸,
3386 2374 3639 2440 tanquam
3687 2368 3828 2441 ligna

2237 2448 2464 2506 humore
2492 2450 2762 2521 saginata,
2794 2451 2849 2506 in
2894 2453 3088 2523 quibus
3123 2455 3262 2526 ignis
3294 2454 3498 2513 fumum
3539 2459 3709 2513 solum
3735 2474 3832 2515 vo-

2235 2541 2375 2609 mit’
2404 2550 2458 2597 et
2479 2539 2675 2598 habere
2717 2540 2960 2600 ﬂammas
2997 2543 3202 2602 lucidas
3244 2561 3349 2603 non
3391 2558 3584 2620 potest.
3616 2549 3683 2606 Et
3729 2551 3832 2610 hoc

2236 2633 2453 2704 quidem
2481 2633 2550 2690 de
2575 2636 2823 2693 omnibus
2851 2636 3118 2694 haereticis
3154 2640 3456 2698 rectissime
3495 2642 3599 2699 dici
3628 2652 3827 2715 potest.

2308 2721 2537 2781 CAPUT
2571 2724 2735 2781 XVII.
2779 2756 2850 2768 --
2877 2727 2964 2785 I9.
3018 2727 3177 2785 Fides
3212 2731 3576 2789 incarnationis
3621 2732 3828 2791 Christi.

2238 2814 2498 2886 Negantes
2519 2815 2773 2872 Christum
2794 2833 2900 2874 esse
2922 2817 3090 2875 Deum
3108 2863 3123 2887 ,
3166 2837 3268 2876 non
3293 2824 3553 2879 audiendi.
3585 2825 3828 2883 Credon-

2236 2913 2320 2961 tes
2339 2919 2468 2977 ergo
2497 2907 2986 2967 incommutabilem
3006 2910 3341 2981 Trinitatem,
3363 2915 3644 2973 credamus
3667 2918 3828 2976 etiam

2235 2996 2690 3069 dispensationem
2733 3004 3082 3073 temporalem
3124 3018 3222 3075 pro
3263 3006 3435 3063 salute
3475 3009 3687 3079 generis
3730 3008 3829 3066 hu~

2237 3093 2383 3148 mani
2411 3092 2450 3148 ³.
2479 3091 2592 3150 Nec
2635 3108 2729 3150 eos
2771 3095 3086 3164 audiamus,
3137 3098 3229 3168 qui
3275 3097 3464 3155 Filium
3509 3101 3603 3157 Dei
3644 3100 3827 3159 Iesum

2235 3182 2509 3241 Christum
2553 3187 2683 3241 nihil
2723 3200 2846 3243 esse
2888 3189 3033 3244 aliud
3082 3205 3240 3259 quam
3272 3191 3548 3248 hominem
3595 3193 3781 3251 dicunt
3808 3236 3825 3263 ,

2237 3276 2333 3332 sed
2354 3277 2427 3331 ita
2466 3276 2704 3347 justum,
2730 3286 2788 3332 ut
2824 3278 3016 3350 dignus
3037 3280 3107 3333 sit
3135 3280 3393 3351 appellari
3424 3280 3588 3340 Filius
3618 3284 3733 3341 Dei.
3760 3285 3829 3343 Et

2238 3368 2337 3423 hos
2389 3369 2531 3424 enim
2577 3368 2837 3425 catholica
2874 3370 3151 3441 disciplina
3187 3372 3331 3427 misit
3371 3374 3547 3443 foras;
3573 3379 3828 3447 quoniam

2238 3471 2389 3513 vanae
2408 3458 2592 3529 gloriae
2619 3459 2909 3528 cupiditate
2929 3460 3160 3532 decepti,
3192 3465 3526 3522 contentiose
3551 3466 3829 3538 disputare

2234 3549 2517 3604 voluerunt
2534 3590 2549 3615 ,
2577 3556 2859 3620 antequam
2888 3550 3246 3623 intelligerent
3272 3554 3399 3624 quid
3437 3556 3507 3611 sit
3530 3556 3624 3614 Dei
3646 3557 3828 3616 Virtus

2236 3650 2293 3697 et
2341 3641 2435 3697 Dei
2471 3640 2739 3713 Sapientia
2766 3641 2829 3713 (l
2859 3642 2976 3699 Cor.
3005 3659 3056 3711 ι,
3082 3643 3222 3717 24),
3252 3647 3384 3703 etin
3415 3647 3664 3722 principia
3697 3650 3825 3707 Ver-

2235 3734 2372 3805 bum,
2396 3752 2493 3808 per
2515 3736 2656 3807 quod
2693 3735 2830 3807 facta
2854 3746 2975 3792 sunt
3000 3739 3172 3792 omnia
3187 3781 3203 3806 ,
3226 3747 3281 3794 et
3304 3741 3571 3811 quomodo
3614 3741 3827 3800 Verbum

2236 3842 2355 3882 caro
2408 3830 2595 3899 factum
2641 3836 2742 3895 est,
2786 3835 2835 3881 et
2874 3826 3115 3882 habitavit
3155 3828 3210 3883 in
3267 3832 3409 3886 nobis
3458 3830 3632 3904 (Joan.
3673 3848 3726 3904 ι,
3757 3835 3784 3891 ί
3803 3876 3820 3903 ,

2235 3918 2290 3985 3,
2315 3917 2426 3992 it).

2306 4008 2530 4067 CAPUT
2558 4007 2743 4065 XVIII.
2772 4039 2842 4051 —
2859 4008 2950 4066 20.
2980 4009 3095 4065 Nec
3134 4013 3376 4068 audiendi
3408 4025 3645 4087 negantes
3669 4015 3822 4074 Chri-

2235 4111 2369 4158 stum
2415 4102 2647 4157 habuisse
2689 4117 2859 4157 verum
2895 4117 3099 4175 corpus.
3128 4103 3235 4160 Nec
3279 4118 3373 4162 eos
3396 4108 3701 4177 audiamus,
3732 4108 3824 4182 qui

2236 4209 2342 4249 non
2372 4208 2554 4249 verum
2606 4194 2878 4251 hominem
2912 4197 3212 4266 suscepisse
3235 4195 3417 4253 dicunt
3448 4198 3638 4255 Filium
3684 4200 3779 4258 Dei
3805 4245 3820 4270 ,

2237 4300 2411 4356 neque
2448 4298 2629 4341 natum
2660 4299 2782 4342 esse
2808 4285 2878 4342 de
2906 4286 3135 4355 femina,
3169 4288 3264 4346 sed
3294 4289 3479 4347 falsam
3508 4306 3726 4349 carnem
3767 4304 3825 4352 et

2236 4379 2519 4446 imaginem
2555 4378 2853 4433 simulatam
2874 4378 3120 4449 corporis
3148 4380 3364 4436 humani
3402 4382 3703 4440 ostendisse
3731 4386 3819 4442 vi-

2235 4469 2503 4524 dentibus.
2535 4467 2791 4525 Nesciunt
2815 4469 2958 4527 enim
2997 4472 3267 4543 quomodo
3294 4473 3585 4531 substantia
3612 4475 3707 4533 Dei
3727 4477 3823 4534 ad-

2235 4559 2541 4615 ministrans
2591 4560 2891 4615 universam
2937 4569 3236 4617 creaturam
3286 4563 3549 4634 inquinari
3600 4569 3821 4625 omnino

2234 4664 2341 4705 non
2385 4649 2553 4720 possit
2581 4665 2594 4702 :
2623 4659 2678 4704 et
2708 4659 2883 4705 tamen
2918 4651 3211 4721 praedicant
3254 4652 3414 4709 istum
3438 4655 3702 4713 visibilem
3732 4673 3821 4715 so-

2234 4739 2337 4797 lem
2364 4739 2542 4795 radios
2567 4753 2694 4795 suos
2722 4755 2818 4812 per
2838 4757 3025 4799 omnes
3054 4742 3212 4800 faeces
3236 4752 3291 4800 et
3316 4744 3503 4803 sordes
3530 4761 3817 4819 corporum

2233 4845 2515 4904 spargere,
2555 4838 2610 4887 et
2632 4845 2727 4887 eos
2752 4831 2979 4889 mundos
3007 4843 3061 4890 et
3096 4832 3336 4892 'sinceros
3363 4836 3559 4908 ubique
3581 4853 3816 4897 servare.

2233 4925 2291 4981 Si
2320 4938 2449 4994 ergo
2477 4923 2707 4979 visibilia
2731 4924 2926 4980 munda
2963 4939 2994 4981 a
3022 4926 3325 4986 visibilibus
3360 4928 3650 4988 immundis
3687 4946 3820 4989 con-

2234 5015 2363 5084 tingi
2390 5021 2643 5084 possunt,
2670 5022 2725 5069 et
2751 5028 2857 5070 non
2892 5015 3195 5086 inquinari;
3224 5026 3425 5089 quanto
3465 5018 3637 5089 magis
3679 5020 3820 5078 invi-

2233 5106 2404 5163 sibilis
2444 5115 2500 5161 et
2541 5106 2988 5161 Incommutabilis
3031 5106 3244 5164 Veritas
3278 5121 3376 5178 per
3415 5107 3658 5178 spiritum
3704 5113 3821 5169 ani-

2233 5212 2396 5266 mam,
2423 5204 2479 5254 et
2498 5211 2595 5268 per
2617 5200 2848 5253 animam
2889 5211 3083 5268 corpus
3108 5195 3433 5267 suscipiens,
3465 5206 3579 5256 toto
3602 5199 3821 5262 homine

2232 5301 2507 5361 assumpto
2553 5290 2621 5344 ab
2649 5288 2896 5345 omnibus
2938 5303 3057 5344 eum
3100 5287 3496 5346 inﬁrmitatibus
3535 5292 3679 5348 nulla
3735 5297 3820 5351 sui

2231 5382 2679 5439 contaminatione
2718 5379 3002 5436 liberavit?
3037 5378 3222 5450 Itaque
3275 5394 3496 5453 magnas
3547 5384 3822 5455 patiuntur

2231 5472 2520 5545 angustias,
2553 5479 2610 5528 et
2635 5486 2755 5526 cum
2784 5471 2974 5525 timent
2993 5508 3011 5536 ,
3038 5469 3180 5541 quod
3212 5468 3331 5527 ﬁeri
3359 5484 3469 5529 non
3503 5481 3719 5545 potest,
3752 5494 3821 5534 ne

2296 5650 2316 5683 ι
2347 5648 2422 5698 sic
2444 5655 2549 5697 Mss.
2571 5646 2689 5710 Editi
2714 5657 2831 5695 vero
2846 5679 2862 5704 ,
2892 5642 3169 5710 detinentes.

2295 5713 2317 5744 ³
2348 5709 2581 5759 πυιθιιδίε
2602 5708 2753 5756 codex
2771 5742 2785 5764 ,
2808 5708 2975 5757 movet.

2299 5772 2322 5803 ³
2350 5771 2435 5820 Hic
2456 5768 2571 5818 editi
2596 5769 2799 5827 addunt,
2824 5782 2924 5820 es"e
2943 5775 3106 5821 natum
3132 5780 3316 5836 Desert;
3337 5771 3467 5836 quod
3488 5783 3519 5825 ι
3538 5779 3628 5826 κει
3650 5773 3811 5827 abest.
