4124 6206
346 413 576 475 ltuit-ua
622 424 791 467 carne
816 408 1027 469 Veritas
1053 408 1378 479 inquinetur,
1412 405 1707 466 Veritatem
1752 406 1939 463 dicunt

347 520 468 567 esse
505 504 807 564 mentitam.
845 502 913 561 Et
941 516 1065 559 cum
1106 502 1195 558 ille
1228 501 1572 572 praeceperit,
1600 500 1786 556 dicens
1806 538 1824 566 ,
1854 498 1937 554 Sit

346 600 398 654 in
423 613 509 653 ore
549 605 735 662 vestro,
765 593 889 661 Est,
916 601 1021 657 est;
1053 591 1207 659 Non,
1234 607 1335 646 non
1360 590 1379 662 (
1401 590 1589 645 Matth.
1614 606 1646 644 v
1666 629 1684 658 ,
1714 591 1779 647 57
1798 587 1857 661 );
1881 596 1938 644 et

345 687 635 761 Apostolus
670 685 867 743 clamet
888 724 904 749 ,
933 681 1056 739 Non
1097 696 1208 739 erat
1244 683 1298 736 in
1334 681 1429 737 illo
1459 680 1552 736 Est
1590 689 1637 735 et
1661 678 1814 744 Non,
1846 679 1936 734 sed

346 778 441 835 Est
464 779 517 833 in
541 776 636 835 illo
663 784 773 835 erat
804 773 869 847 (ll
892 773 1011 829 Cor.
1040 788 1099 841 ι,
1131 769 1255 845 l9);
1286 772 1374 829 isti
1401 780 1570 828 totum
1604 785 1798 841 corpus
1818 769 1935 840 ejus

343 869 535 929 falsam
558 882 778 927 carnem
802 865 967 925 fuisse
986 863 1353 930 contendunt,
1381 871 1441 918 ut
1464 877 1572 919 non
1598 860 1701 918 sibi
1724 860 1936 917 videan-

345 974 433 1023 tur
454 960 652 1023 imitari
688 957 989 1024 Christum,
1015 956 1066 1015 si
1090 970 1200 1015 non
1226 953 1341 1013 suis
1368 952 1700 1012 auditoribus
1729 953 1746 985 ¹
1791 946 1959 1011 men-1

350 1058 573 1115 tiatur.

413 1144 644 1205 CAPUT
684 1142 829 1203 XIX.
864 1169 940 1184 —
971 1140 1064 1199 21.
1114 1136 1228 1194 Nec
1260 1146 1496 1210 negantes
1543 1135 1799 1193 Christum
1848 1136 1934 1190 ha-

341 1240 513 1297 buisse
554 1246 773 1293 meum
821 1233 1060 1289 hominis.
1101 1231 1212 1288 Nec
1243 1246 1338 1289 eos
1368 1229 1673 1297 audiamus,
1696 1229 1788 1301 qui
1812 1227 1928 1289 Tri«

342 1330 567 1387 nitatem
608 1326 823 1398 quidem
886 1325 940 1381 in
994 1337 1101 1383 una
1149 1330 1348 1379 aeterna
1402 1320 1696 1377 substantia
1758 1320 1928 1374 conli-

345 1429 549 1486 tentur;
576 1419 677 1475 sed
703 1416 974 1477 hominem
1000 1414 1173 1487 ipsum
1191 1455 1206 1479 ,
1234 1412 1325 1485 qui
1351 1412 1628 1482 temporali
1653 1411 1929 1481 dispensa-

346 1511 493 1569 tione
516 1518 796 1579 susceptus
819 1514 933 1573 est,
962 1503 1161 1561 audent
1196 1503 1376 1561 dicere
1401 1517 1510 1561 non
1555 1501 1802 1558 habuisse
1831 1502 1929 1555 ho-

345 1603 507 1659 minis
532 1610 787 1673 mentem,
808 1596 907 1657 sed
947 1596 1115 1653 solam
1139 1594 1372 1651 animam
1397 1604 1451 1650 et
1475 1607 1689 1665 corpus.
1715 1593 1826 1654 Hoc
1850 1601 1932 1648 est

344 1693 546 1757 dicere,
570 1690 687 1747 Non
714 1688 811 1747 fuit
835 1689 993 1745 homo
1017 1729 1032 1756 ,
1059 1687 1155 1745 sed
1173 1685 1413 1745 membra
1441 1686 1681 1757 corporis
1704 1685 1931 1741 habebat

347 1787 601 1845 humana.
641 1784 888 1841 Animam
926 1780 1066 1836 enim
1116 1788 1171 1836 et
1194 1793 1388 1851 corpus
1411 1778 1609 1835 habent
1634 1786 1690 1834 et
1711 1778 1926 1843 bestiae,

345 1879 444 1939 sed
497 1878 757 1933 rationem
798 1889 907 1931 nou
947 1872 1180 1938 habent,
1206 1886 1327 1943 quae
1352 1870 1549 1928 mentis
1582 1878 1666 1928 est
1693 1870 1925 1941 propria.

345 1968 454 2027 Sed
502 1967 548 2025 si
596 1964 908 2025 exsecrandi
946 1973 1069 2020 sunt
1114 1962 1193 2019 illi
1214 1962 1303 2034 qui
1346 1977 1468 2018 eum
1507 1969 1702 2033 negant
1741 1956 1929 2016 huma-

345 2077 473 2123 num
518 2072 713 2129 corpus
738 2056 1006 2124 habuisse,
1037 2053 1179 2128 quod
1203 2063 1286 2110 est
1322 2053 1563 2111 intimum
1584 2054 1637 2107 in
1665 2052 1880 2109 homine
1910 2069 1925 2114 ;

346 2152 513 2219 miror
544 2150 685 2223 quod
714 2149 800 2207 isti
827 2163 935 2205 non
960 2147 1313 2212 erubescunt,
1345 2145 1434 2219 qui
1458 2144 1560 2200 hoc
1585 2160 1711 2201 eum
1737 2152 1931 2216 negant

348 2242 601 2301 habuisse
622 2241 763 2314 quod
787 2248 869 2296 est
894 2240 1153 2311 optimum
1179 2239 1234 2295 in
1273 2238 1508 2295 homine.
1535 2236 1753 2293 Multum
1785 2236 1927 2293 enim

346 2331 573 2404 lugenda
600 2341 683 2390 est
712 2346 864 2391 mens
891 2332 1145 2398 humana,
1162 2331 1207 2387 si
1232 2330 1461 2386 vincitur
1486 2343 1516 2384 a
1546 2343 1769 2400 corpore
1790 2343 1925 2384 suo:

347 2425 637 2498 siquidem
664 2424 717 2481 in
740 2425 833 2483 illo
856 2424 1074 2481 homine
1114 2439 1222 2480 non
1264 2422 1555 2480 reformata
1597 2432 1711 2491 est,
1738 2422 1796 2479 in
1824 2436 1929 2491 quo

346 2516 522 2590 ipsum
562 2530 757 2588 corpus
781 2514 1073 2573 humanum
1108 2514 1219 2585 jam
1266 2514 1575 2585 dignitatem
1604 2512 1790 2570 formai
1814 2528 1928 2570 cm-

347 2608 499 2666 lestis
524 2609 749 2680 accepit.
782 2607 890 2665 Sed
914 2608 1055 2665 absit
1080 2616 1139 2664 ut
1161 2609 1264 2664 hoc
1288 2606 1593 2674 credamus,
1623 2606 1764 2677 quod
1793 2621 1927 2663 con-

346 2700 508 2757 finxit
529 2700 811 2759 temeraria
829 2700 1040 2757 ctecitas
1068 2708 1125 2757 et
1146 2700 1376 2771 superba
1412 2698 1724 2770 loquacitas.

419 2791 645 2848 CAPUT
681 2791 800 2847 XX.
844 2820 917 2833 —
939 2791 1031 2845 22.
1084 2790 1195 2848 Nec
1238 2790 1457 2845 dicentes
1493 2790 1640 2845 illum
1675 2790 1932 2847 hominem

348 2899 451 2938 non
479 2882 630 2938 aliter
647 2893 933 2954 susceptum
955 2900 987 2936 a
1007 2869 1271 2952 Sapientia
1291 2879 1388 2937 Dei
1407 2896 1466 2936 ac
1485 2889 1692 2937 cateros
1704 2890 1926 2948 sanctos,

347 2975 436 3048 qui
458 2976 709 3049 sapientes
733 2976 881 3047 ﬁunt.
910 2973 1022 3031 Nec
1059 2988 1152 3030 eos
1177 2972 1485 3040 audiamus,
1516 2974 1608 3044 qui
1644 2973 1723 3029 sic
1746 2972 1933 3029 dicunt

350 3066 419 3122 ab
468 3064 555 3122 illa
582 3074 779 3123 teterna
819 3064 1089 3138 Sapientia
1121 3073 1426 3135 susceptum
1452 3078 1573 3121 esse
1615 3065 1888 3123 hominem
1910 3106 1927 3132 ,

351 3159 444 3235 qui
478 3158 547 3215 de
571 3159 776 3230 virgine
816 3167 970 3215 natus
995 3166 1116 3227 est,
1155 3157 1422 3229 quomodo
1463 3167 1516 3216 et
1560 3156 1651 3213 alii
1687 3157 1932 3216 homines

351 3251 419 3308 ab
454 3265 518 3308 ea
569 3252 837 3323 sapientes
864 3251 1029 3319 liunt,
1074 3250 1167 3322 qui
1214 3247 1451 3321 perfecte
1491 3250 1759 3322 sapientes
1784 3258 1928 3306 sunt.

349 3341 603 3401 Nesciunt
629 3344 769 3401 enim
798 3343 1074 3414 proprium
1094 3342 1237 3399 illius
1260 3342 1492 3399 hominis
1511 3351 1928 3408 sacramentum,

351 3443 406 3492 et
423 3445 611 3507 putant
638 3434 740 3492 hoc
780 3436 953 3493 solum
978 3450 1098 3491 eum
1129 3435 1247 3508 plus
1274 3434 1523 3493 habuisse
1545 3437 1681 3493 inter
1708 3445 1932 3495 caeteros

350 3523 684 3583 beatissimos
706 3567 724 3593 ,
752 3525 892 3599 quod
917 3525 985 3581 de
1009 3526 1214 3597 virgine
1258 3533 1415 3581 natus
1439 3534 1538 3582 est.
1577 3526 1730 3594 Quod
1757 3527 1934 3597 ipsum

351 3616 399 3673 si
427 3617 563 3674 bene
582 3616 924 3673 considerent
946 3657 961 3680 ,
993 3617 1235 3672 fortassis
1260 3616 1483 3672 credant
1507 3616 1627 3672 ideo
1654 3617 1803 3673 illum
1831 3616 1934 3674 hoc

351 3716 542 3778 prmtcr
566 3716 791 3764 caeteros
816 3708 1097 3775 meruisse,
1120 3706 1259 3778 quod
1290 3706 1488 3780 aliquid
1514 3708 1790 3780 preprium
1805 3723 1937 3780 prte-

351 3806 431 3853 ter
455 3806 681 3854 cmteros
701 3797 863 3853 habet
890 3798 1048 3853 etiam
1072 3797 1172 3854 ista
1197 3800 1484 3868 susceptio.
1500 3798 1659 3854 Aliud
1687 3808 1770 3855 est
1790 3800 1935 3855 enim

351 3889 644 3962 sapientem
688 3897 891 3944 tantum
922 3889 1035 3944 fieri
1064 3904 1157 3961 per
1190 3887 1515 3958 Sapientiam
1546 3890 1677 3956 Dei,
1711 3899 1766 3945 et
1791 3890 1934 3947 aliud

351 3980 517 4053 ipsam
555 3995 841 4054 personam
889 3981 1154 4038 sustinere
1179 3981 1464 4053 Sapientia:
1519 3982 1630 4037 Dei.
1681 3981 1934 4051 Quamvis

350 4076 495 4131 enim
524 4075 707 4130 cadent
733 4083 920 4131 natura
941 4076 1010 4131 sit
1035 4079 1273 4145 corporis
1303 4074 1576 4142 Ecclesiae,
1606 4076 1829 4129 multum
1857 4088 1937 4131 ta-

350 4185 479 4226 men
504 4168 696 4224 distare
737 4170 877 4225 inter
913 4177 1071 4241 caput
1096 4178 1151 4225 et
1182 4168 1420 4225 membra
1449 4177 1643 4224 caetera
1684 4169 1801 4238 quis
1828 4182 1936 4223 non

351 4260 654 4333 intelligat?
678 4261 732 4317 Si
756 4263 898 4317 enim
930 4261 1181 4316 Ecclesia:
1223 4270 1380 4331 caput
1404 4270 1485 4317 est
1513 4260 1676 4317 homo
1700 4261 1809 4329 ille,
1834 4277 1929 4319 cu-

347 4353 436 4425 jus
458 4355 795 4426 susceptione
834 4353 1052 4411 Verbum
1071 4371 1190 4410 caro
1216 4356 1405 4427 factum
1431 4363 1525 4421 est,
1553 4363 1601 4409 et
1622 4353 1861 4409 habitavit
1881 4355 1935 4409 in

353 4444 525 4514 nobis;
572 4446 810 4502 membra
844 4456 1037 4502 caetera
1089 4454 1213 4502 sunt
1260 4462 1446 4502 omnes
1492 4447 1696 4510 sancti,
1744 4447 1934 4519 quibus

352 4538 621 4610 perficitur
646 4547 702 4594 et
728 4540 1024 4610 completur
1041 4539 1298 4597 Ecclesia.
1323 4538 1602 4606 Quomodo
1617 4554 1743 4611 ergo
1759 4539 1934 4593 anima

350 4640 519 4688 totum
545 4647 743 4704 corpus
767 4642 1006 4689 nostrum
1035 4632 1236 4688 animat
1260 4640 1314 4689 et
1340 4632 1598 4697 viviﬁcat,
1636 4631 1732 4688 sed
1760 4632 1812 4687 in
1841 4646 1934 4686 ca-

349 4723 459 4793 pite
483 4732 537 4779 et
560 4723 787 4779 vivendo
816 4723 1011 4791 sentit,
1039 4733 1094 4780 et
1117 4724 1381 4783 audiendo
1406 4767 1419 4789 ,
1452 4734 1506 4781 et
1539 4723 1815 4781 odorando
1838 4765 1854 4791 ,
1883 4731 1937 4780 et

345 4813 613 4887 gustando
636 4855 652 4879 ,
698 4823 750 4868 et
800 4814 1094 4886 tangendo,
1126 4815 1179 4869 in
1215 4816 1423 4872 czeteris
1459 4825 1636 4872 autem
1683 4815 1936 4873 membris

347 4903 618 4977 tangendo
644 4913 882 4971 tantum;
910 4914 962 4959 et
999 4903 1121 4960 ideo
1147 4904 1304 4975 capiti
1332 4913 1521 4962 cuncta
1552 4906 1787 4975 subjecta
1815 4912 1939 4959 sunt

346 4992 417 5049 ad
454 4993 817 5065 operandum,
846 4994 971 5049 illud
1002 5003 1182 5050 autem
1211 5009 1369 5064 supra
1394 4996 1711 5050 collocatum
1746 5002 1829 5051 est
1871 4993 1938 5049 ad

344 5085 744 5144 consulendum
769 5104 784 5153 ;
812 5088 930 5159 quia
957 5087 1125 5158 ipsius
1162 5088 1354 5142 anima:
1374 5128 1390 5155 ,
1416 5104 1534 5157 qua:
1568 5088 1796 5143 consulit
1820 5102 1939 5143 cor-

346 5180 467 5252 pori
493 5221 508 5246 ,
553 5178 787 5251 quodam
836 5178 997 5236 modo
1046 5193 1328 5250 personam
1373 5178 1601 5234 sustinet
1645 5186 1837 5249 caput;
1869 5178 1938 5235 ibi

344 5272 495 5328 enim
523 5270 700 5327 omnis
721 5287 911 5327 sensus
939 5282 1161 5343 apparet
1189 5289 1201 5324 :
1230 5270 1307 5325 sic
1332 5271 1580 5326 universo
1606 5270 1802 5341 populo
1828 5286 1939 5325 san-

344 5371 561 5420 ctorum
590 5371 841 5434 tanquam
889 5363 980 5419 uni
1010 5361 1225 5432 corpori
1256 5370 1415 5433 caput
1457 5369 1540 5416 est
1564 5360 1821 5416 Mediator
1844 5360 1941 5417 Dei

342 5461 403 5511 et
433 5453 714 5509 hominum
759 5453 920 5509 homo
964 5454 1207 5510 Christus
1228 5453 1384 5510 Jesus
1425 5451 1480 5522 (l
1504 5451 1639 5506 Tim.
1664 5469 1700 5507 ιι
1724 5494 1739 5520 ,
1768 5452 1843 5525 5).
1879 5452 1943 5506 Et

340 5622 1097 5738 ..ὦ
1117 5621 1408 5675 auctoribus.
1451 5623 1610 5675 nale:
1649 5635 1761 5674 nam
1796 5635 1945 5685 repre

437 5746 468 5751 ,Α
748 5698 779 5738 ο
1060 5680 1948 5751 ,tnqnibuserantaliizleeti,alli

341 5720 629 5798 ῐἨῶῖὲἓ
669 5720 779 5738 “’““’
809 5720 1076 5749 ““““”“”“’”’
1117 5720 1367 5751 “““¹““”“”
1388 5720 1529 5738 mm
1562 5720 1838 5746 ““’“””“””’

1763 291 1966 352 LIBER
2007 292 2205 350 UNUS.

2044 414 2326 478 propterea
2350 406 2616 477 Sapientia
2659 409 2787 474 Dei.
2814 417 2869 467 et
2887 408 3121 471 Verbum
3158 413 3211 469 in
3236 414 3497 486 principio
3526 434 3621 489 per

2042 498 2185 568 quod
2211 498 2344 554 facta
2370 509 2491 555 sunt
2516 502 2694 558 omnia
2722 541 2735 565 ,
2764 518 2870 557 non
2913 505 2992 558 sic
3029 508 3317 576 assumpsit
3343 507 3489 565 illum
3516 510 3623 567 ho-

2043 590 2239 645 minem
2267 599 2326 646 ut
2371 600 2595 647 caeteros
2620 602 2873 658 sanctos;
2904 594 2997 649 sed
3041 596 3211 652 multo
3227 598 3575 657 excellentius
3595 642 3614 669 ,

2044 683 2314 754 multoque
2340 685 2616 741 sublimius
2645 705 2657 742 :
2686 688 2953 759 quomodo
2977 689 3155 758 ipsum
3178 693 3195 724 ί
3216 692 3389 749 solum
3416 696 3624 752 assumi

2040 775 2307 843 oportuit,
2356 775 2407 829 in
2454 792 2559 846 quo
2603 777 2873 847 Sapientia
2899 782 2919 811 ³
2950 779 3255 841 hominibus
3300 796 3617 853 appareret,

2038 862 2174 918 sicut
2189 878 2305 919 eam
2318 865 2596 922 visibiliter
2607 867 2830 925 decebat
2852 870 3081 927 ostendi.
3112 871 3446 943 Quapropter
3464 875 3621 935 aliter

2039 963 2163 1011 sunt
2189 957 2458 1026 sapientes
2506 959 2687 1016 caeteri
2722 961 2965 1017 homines
3010 964 3331 1033 quicumque
3353 974 3506 1034 sunt,
3532 968 3618 1024 vel

2039 1059 2158 1099 esse
2178 1054 2494 1115 potuerunt,
2520 1049 2601 1103 vel
2631 1059 2908 1121 poterunt;
2933 1062 2987 1107 et
3028 1053 3186 1113 aliter
3217 1054 3307 1113 ille
3331 1071 3469 1112 unus
3503 1057 3619 1115 lle-

2039 1134 2213 1190 diator
2238 1136 2330 1190 Dei
2352 1145 2407 1193 et
2429 1137 2703 1195 hominum
2731 1141 2892 1196 homo
2916 1142 3159 1201 Christus
3184 1144 3344 1203 lastis
3362 1188 3378 1213 ,
3406 1148 3497 1218 qui
3522 1148 3620 1206 Sa-

2038 1226 2251 1296 pientiae
2277 1230 2444 1299 ipsius
2465 1273 2478 1296 ,
2507 1247 2602 1303 per
2630 1249 2788 1304 quam
2832 1236 3099 1305 sapientes
3142 1237 3277 1294 fiunt
3297 1241 3618 1313 quicumque

2037 1318 2316 1388 homines,
2366 1338 2471 1377 nou
2519 1324 2690 1380 solum
2743 1318 3057 1383 beneficium
3087 1328 3279 1396 habet,
3324 1332 3418 1389 sed
3456 1335 3619 1391 etiam

2038 1425 2318 1479 personam
2340 1415 2495 1483 gerit.
2523 1416 2598 1471 De
2626 1418 2834 1473 caeteris
2857 1420 3001 1475 enim
3026 1420 3353 1490 sapientibus
3379 1431 3433 1479 et
3455 1425 3619 1495 spiri-

2040 1501 2268 1556 tualihus
2312 1504 2505 1559 animis
2549 1516 2695 1563 recte
2733 1508 2839 1565 dici
2886 1519 3092 1580 potest,
3122 1513 3262 1582 quod
3305 1512 3539 1573 habeant
3561 1519 3616 1577 in

2037 1606 2097 1646 se
2122 1591 2354 1649 Verbum
2396 1595 2491 1651 Dei
2538 1612 2633 1666 per
2658 1598 2798 1669 quod
2838 1599 2973 1655 facta
3017 1612 3141 1657 sunt
3179 1604 3358 1659 omnia
3386 1607 3518 1663 :sed
3562 1608 3619 1665 in

2038 1682 2182 1739 nullo
2207 1698 2393 1739 eorum
2423 1696 2569 1743 recte
2593 1688 2696 1744 dici
2737 1698 2945 1760 potest,
2969 1691 3110 1762 quod
3150 1691 3364 1753 Verbum
3383 1714 3504 1753 caro
3529 1704 3619 1771 fa-

2035 1781 2169 1828 ctum
2190 1784 2291 1842 est,
2320 1786 2365 1831 et
2402 1778 2643 1834 habitavit
2680 1781 2733 1837 in
2762 1782 2903 1837 nobis
2923 1801 2944 1848 ;
2962 1786 3106 1854 quod
3135 1787 3186 1841 in
3228 1789 3345 1845 solo
3391 1790 3617 1849 Domino

2036 1877 2221 1924 nostro
2240 1870 2368 1926 Jesu
2392 1872 2603 1929 Christo
2631 1874 2925 1931 rectissime
2950 1877 3162 1933 dicitur.

2108 1960 2335 2019 CAPUT
2374 1964 2518 2020 XXI.
2542 1996 2613 2006 —
2636 1966 2726 2021 25.
2763 1964 2874 2022 Nec
2914 1970 3156 2025 audiendi
3189 1973 3273 2040 qui
3318 1972 3486 2030 solum
3514 1992 3623 2030 cor-

2038 2068 2134 2123 pus
2158 2070 2189 2105 a
2221 2052 2381 2109 Verbo
2407 2066 2697 2125 susceptum
2731 2058 2922 2113 dicunt.
2946 2059 3057 2115 Nec
3080 2077 3175 2116 eos
3198 2062 3497 2128 audiamus,
3528 2067 3620 2136 qui

2035 2142 2209 2199 Solum
2255 2160 2449 2214 corpus
2502 2148 2792 2202 humanum
2847 2158 3153 2220 susceptum
3205 2167 3329 2211 esse
3364 2153 3546 2213 dicunt
3587 2171 3621 2212 a

2037 2234 2215 2291 Verbo
2246 2237 2374 2301 Dei,
2406 2246 2459 2291 et
2497 2238 2575 2292 sic
2603 2240 2824 2294 audiunt
2861 2242 3004 2310 quod
3029 2242 3228 2300 dictum
3259 2254 3370 2311 est,
3398 2247 3465 2300 Et
3502 2246 3622 2309 Ver-

2034 2324 2154 2379 bum
2199 2343 2316 2381 caro
2357 2330 2546 2399 factum
2576 2338 2680 2393 est,
2706 2338 2763 2385 ut
2806 2341 3003 2402 negent
3032 2334 3176 2388 illum
3220 2335 3493 2393 hominem
3535 2339 3621 2396 vel

2035 2418 2266 2473 animam
2290 2421 2372 2474 vel
2393 2420 2593 2491 aliquid
2620 2422 2851 2477 hominis
2873 2424 3141 2492 habuisse,
3166 2427 3268 2481 nisi
3291 2443 3506 2485 carnem
3529 2444 3619 2486 so-

2038 2510 2161 2565 lam.
2192 2510 2385 2568 Errant
2406 2514 2547 2568 enim
2566 2516 2811 2581 multum;
2836 2531 2936 2572 nec
2954 2518 3251 2589 intelligunt
3264 2520 3384 2576 ideo
3398 2537 3618 2581 carnem

2035 2602 2203 2659 solam
2221 2604 2545 2660 nominatam
2569 2622 2689 2663 esse
2714 2609 2850 2665 ineo
2878 2610 3020 2679 quod
3043 2610 3243 2667 dictum
3270 2622 3370 2679 est,
3402 2614 3621 2675 Verbum

2035 2711 2153 2751 caro
2177 2699 2367 2768 factum
2393 2708 2495 2766 est,
2528 2701 2649 2769 quia
2688 2701 2963 2759 hominum
2993 2705 3161 2761 oculis
3180 2748 3195 2773 ,
3220 2718 3439 2778 propter
3481 2725 3618 2781 quos

2036 2786 2172 2842 facta
2201 2797 2286 2843 est
2334 2789 2421 2843 illa
2451 2793 2722 2861 susceptio
2747 2832 2764 2858 ,
2797 2808 2925 2848 caro
2972 2795 3083 2850 sola
3127 2798 3298 2866 potuit
3339 2814 3619 2869 apparere.

2034 2876 2169 2935 Nam
2194 2881 2237 2937 si
2269 2880 2554 2935 absurdum
2581 2892 2662 2938 est
2691 2892 2745 2936 et
2770 2884 2921 2940 valde
2950 2885 3224 2956 indignum
3248 2897 3304 2946 ut
3328 2889 3620 2951 humanum

2036 2971 2280 3042 spiritum
2309 2972 2470 3027 homo
2497 2975 2586 3028 ille
2624 2990 2731 3031 non
2774 2977 3047 3044 habuerit,
3071 2981 3208 3037 sicut
3236 2985 3485 3053 superius
3508 2997 3621 3043 tra-

2037 3065 2333 3131 ctavimus;
2375 3074 2572 3135 quanto
2602 3066 2767 3138 magis
2814 3070 3102 3124 absurdum
3145 3082 3200 3128 et
3245 3073 3515 3145 indignum
3540 3085 3626 3135 est

2039 3164 2097 3210 ut
2121 3170 2221 3211 nec
2247 3155 2513 3225 spiritum,
2543 3172 2643 3211 nec
2667 3160 2898 3213 animam
2934 3159 3177 3216 habuerit
3195 3203 3211 3225 ,
3238 3175 3292 3219 et
3318 3166 3420 3220 hoc
3448 3168 3620 3223 solum

2039 3245 2283 3301 habuerit
2307 3247 2447 3317 quod
2487 3249 2646 3302 etiam
2676 3250 2730 3303 in
2760 3250 3041 3319 pecoribus
3068 3253 3223 3307 vilius
3260 3264 3420 3311 estet
3441 3268 3617 3317 extre-

2038 3340 2198 3406 mius,
2233 3339 2285 3393 id
2335 3347 2418 3393 est
2462 3339 2692 3409 corpus?
2734 3342 2780 3395 A
2818 3351 3000 3397 nostra
3024 3359 3153 3414 ergo
3181 3344 3288 3401 ﬁde
3329 3348 3488 3405 etiam
3516 3351 3619 3408 ista

2039 3431 2283 3500 impietas
2326 3430 2658 3495 excludatur,
2691 3439 2967 3503 tutumque
2997 3432 3270 3492 hominem
3311 3445 3472 3508 atque
3498 3455 3622 3511 per.

2040 3520 2235 3577 fectum
2255 3536 2285 3576 a
2312 3521 2489 3576 Verbo
2518 3523 2611 3577 Dei
2641 3533 2952 3593 susceptmn
2973 3542 3092 3582 esse
3118 3527 3422 3587 credamus.

2111 3614 2336 3671 CAPUT
2363 3614 2531 3687 XXI].
2559 3646 2629 3656 —
2654 3617 2744 3672 2i.
2778 3616 2888 3672 Nec
2911 3620 2998 3689 qui
3018 3636 3199 3690 corpus
3234 3621 3420 3679 Christi
3439 3635 3625 3698 negant

2040 3707 2314 3777 formatum
2334 3707 2394 3760 de
2422 3707 2637 3776 fenuna,
2671 3717 2717 3762 et
2740 3709 2911 3764 dicunt
2931 3712 3004 3765 sic
3025 3711 3233 3781 factum,
3258 3726 3313 3768 ut
3351 3716 3481 3772 illud
3518 3735 3620 3790 quo

2042 3797 2268 3871 Spiritus
2294 3802 2532 3869 apparuit
2579 3802 2632 3853 in
2657 3800 2909 3857 columba.
2952 3801 3055 3857 Per
3075 3805 3315 3874 feminam
3337 3824 3471 3863 mors
3488 3850 3504 3876 ,
3533 3828 3625 3881 per

2040 3888 2278 3959 {enzinam
2301 3890 2421 3942 vita.
2450 3889 2561 3944 Nec
2597 3905 2692 3945 eos
2717 3892 2995 3946 audiamus
3018 3933 3033 3959 ,
3066 3894 3153 3961 qui
3176 3895 3279 3951 tale
3299 3911 3493 3965 corpus
3517 3900 3625 3961 Do-

2040 3977 2241 4032 minum
2287 3986 2526 4032 nostrum
2571 3978 2819 4033 habuisse
2858 3979 3077 4046 dicunt,
3107 3982 3262 4051 quale
3298 3987 3542 4053 apparuit
3565 3990 3624 4047 in

2039 4068 2284 4124 columba
2310 4084 2467 4140 quam
2494 4069 2623 4123 vidit
2656 4068 2890 4125 Joannes
2936 4070 3170 4142 Baptista
3212 4074 3625 4143 descendentem

2040 4162 2108 4218 de
2149 4162 2285 4218 caelo
2315 4172 2369 4218 et
2398 4172 2701 4218 manentem
2753 4180 2913 4236 super
2951 4181 3076 4220 eum
3102 4167 3155 4222 in
3198 4168 3348 4239 signo
3392 4169 3624 4241 Spiritus

2042 4257 2232 4311 sancti.
2257 4256 2329 4311 lta
2356 4257 2498 4311 enim
2540 4258 2864 4327 persuadere
2897 4269 3158 4315 conantur
3184 4260 3377 4317 Filium
3407 4263 3500 4320 Dei
3524 4280 3625 4321 na-

2042 4357 2153 4407 tum
2177 4365 2280 4405 non
2333 4365 2452 4405 esse
2484 4351 2550 4405 de
2580 4350 2777 4407 femina
2814 4370 2825 4405 :
2868 4354 2992 4423 quia
3029 4355 3075 4409 si
3115 4354 3416 4412 carnalibus
3447 4358 3618 4417 oculis

2041 4456 2164 4498 eum
2210 4443 2487 4513 oportebat
2524 4443 2766 4508 ostendi,
2799 4446 2968 4513 potuit
2990 4485 3006 4510 ,
3044 4445 3323 4516 inquiunt,
3353 4446 3432 4505 sic
3473 4464 3625 4511 assu-

2040 4549 2188 4591 mere
2213 4549 2429 4604 corpus,
2456 4534 2723 4603 quomodo
2747 4532 2975 4604 Spiritus
3000 4545 3234 4591 sanctus.
3264 4535 3379 4593 Non
3401 4538 3542 4595 enim
3567 4549 3625 4596 et

2040 4626 2284 4683 columba
2332 4627 2419 4681 illa
2469 4626 2537 4681 de
2562 4641 2663 4680 ovo
2692 4635 2813 4681 nata
2844 4636 2956 4694 est,
3003 4628 3189 4692 aiunt;
3220 4637 3276 4682 et
3315 4638 3493 4689 tamen
3524 4634 3626 4693 hu-

2041 4720 2212 4774 manis
2236 4718 2405 4774 oculis
2432 4718 2600 4788 potuit
2618 4731 2896 4787 apparere.
2921 4716 3123 4783 Quibus
3148 4719 3377 4787 primum
3398 4720 3527 4777 illud
3544 4737 3628 4778 re-

2042 4809 2410 4883 spondendum
2432 4818 2544 4875 est,
2576 4808 2717 4878 quod
2741 4808 2813 4864 ibi
2839 4809 3062 4880 legimus
3087 4810 3141 4864 in
3159 4810 3341 4880 specie
3366 4813 3626 4871 columbae

2046 4904 2349 4975 apparuisse
2374 4901 2564 4959 Joauni
2588 4901 2845 4973 Spiritum
2883 4908 3122 4957 sanctum
3153 4900 3364 4973 (Matth.
3387 4919 3473 4971 nt,
3502 4906 3616 4977 16),

2044 4997 2132 5054 ubi
2159 4997 2381 5068 legimus
2423 4996 2582 5050 etiam
2628 4994 2895 5051 Christum
2946 5002 3127 5048 natum
3154 5008 3275 5071 esse
3311 4995 3379 5051 de
3424 4996 3626 5057 femina

2053 5087 2170 5163 (Id.
2202 5105 2255 5156 ι,
2282 5087 2387 5153 20,
2412 5084 2549 5160 25);
2599 5095 2652 5141 et
2696 5100 2802 5140 non
2856 5092 3067 5154 Oportet
3102 5084 3156 5141 iu
3209 5096 3360 5157 parte
3402 5091 3627 5150 credere

2048 5180 2352 5250 Evangelia,
2382 5187 2436 5234 et
2462 5179 2514 5232 in
2541 5187 2692 5249 parte
2718 5192 2823 5232 non
2845 5176 3082 5233 credere.
3106 5176 3260 5236 Unde
3283 5183 3425 5239 enim
3449 5185 3622 5247 credis

2047 5272 2098 5328 in
2125 5270 2383 5326 columbae
2404 5269 2581 5338 specie
2609 5267 3031 5325 demonstratum
3051 5284 3169 5327 esse
3196 5269 3454 5343 Spiritum
3493 5288 3609 5331 san:

2048 5370 2212 5429 ctum,
2236 5359 2339 5415 nisi
2365 5359 2484 5430 quia
2513 5359 2564 5414 in
2595 5358 2879 5430 Evangelio
2907 5358 3120 5431 legisti?
3143 5360 3283 5435 Ergo
3300 5373 3352 5419 et
3371 5380 3470 5436 ego
3496 5364 3622 5426 inde

2048 5455 2209 5510 credo
2235 5452 2505 5510 Christum
2530 5460 2708 5507 uatum
2738 5452 2806 5509 de
2834 5453 3039 5526 virgine
3063 5469 3202 5520 esse,
3222 5457 3341 5526 quia
3372 5457 3423 5512 iu
3454 5458 3627 5515 Evan-

2047 5548 2188 5621 gelio
2212 5546 2334 5617 legi.
2364 5545 2540 5613 Quare
2563 5554 2738 5601 autem
2774 5543 3001 5618 Spiritus
3030 5555 3245 5602 sanctus
3287 5562 3395 5602 non
3419 5558 3502 5604 est
3522 5565 3625 5606 na-

2116 5684 2135 5715 ι
2167 5682 2241 5744 Sic
2263 5689 2368 5744 Mss.
2400 5680 2520 5744 Editi
2537 5693 2685 5744 vero,
2709 5680 2932 5744 qiwitiam
2951 5680 3128 5743 ipsum.

2118 5745 2138 5775 ¹
2171 5743 2305 5804 Editi,
2330 5742 2566 5806 Sapientia
2594 5743 2680 5794 Dei
2702 5742 2870 5794 Putris.
2900 5742 3072 5803 Aliest,
3098 5742 3183 5792 Dei
3208 5743 3381 5803 Patris.
3410 5756 3439 5795 a
3461 5752 3567 5799 ω..
