4144 6212
539 295 645 353 505

539 424 626 474 tus
651 415 718 473 de
739 413 1008 487 columba,
1041 412 1487 486 quemadmodum
1513 410 1758 466 Christus
1781 410 1849 464 de
1888 409 2086 464 femina
2111 450 2127 476 ,

537 510 629 564 illa
665 523 824 565 causa
862 514 974 576 est,
1014 506 1137 576 quia
1187 519 1294 559 non
1325 503 1601 559 columbos
1645 501 1873 556 liberare
1911 509 2133 555 venerat

542 602 772 673 Spiritus
795 607 1012 655 sanctus
1032 639 1047 666 ,
1072 597 1166 652 sed
1193 595 1499 651 hominibus
1541 593 1843 664 signiﬁcare
1870 593 2129 648 innocen-

540 699 668 751 tiam
699 705 756 750 et
778 707 1017 750 amorem
1045 691 1400 762 spiritualem,
1419 690 1560 760 quod
1585 689 1640 743 in
1670 689 1932 743 columba:
1953 690 2132 759 specie

535 787 818 843 visibiliter
846 785 1129 855 ﬁguratum
1159 792 1262 840 est.
1290 782 1546 837 Dominus
1585 791 1763 836 autem
1787 781 1944 836 Jesus
1969 781 2129 837 Chri-

536 888 671 945 stus,
703 877 797 949 qui
825 886 1044 934 venerat
1081 876 1148 932 ad
1193 876 1437 931 homines
1484 875 1821 942 liberandos,
1853 876 1908 929 in
1938 875 2131 946 quibus

537 979 590 1026 et
613 983 790 1025 mares
815 976 870 1024 et
907 969 1118 1025 feminm
1143 969 1414 1038 pertinent
1454 967 1522 1022 ad
1549 968 1796 1033 salutem,
1829 982 1928 1022 nec
1953 982 2130 1023 mares

537 1062 826 1128 fastidivit,
854 1062 977 1132 quia
1020 1076 1222 1116 marem
1267 1061 1537 1131 suscepit;
1571 1076 1672 1116 nec
1698 1061 1923 1116 feminas
1947 1102 1962 1128 ,
2004 1061 2128 1130 quia

516 1130 604 1238 ide
631 1156 826 1211 femina
854 1164 1009 1210 natus
1029 1163 1129 1210 est.
1163 1155 1276 1209 Huc
1303 1155 1506 1210 accedit
1533 1170 1785 1225 magnum
1825 1169 2130 1210 sacramen-

536 1255 672 1314 tum,
695 1255 753 1300 ut
771 1247 1021 1317 quoniam
1054 1263 1149 1316 per
1175 1246 1423 1302 feminam
1449 1245 1604 1300 nobis
1643 1260 1788 1300 mors
1819 1245 2124 1311 acciderat,

535 1339 642 1393 vita
671 1339 825 1394 nobis
853 1355 948 1409 per
973 1339 1225 1394 feminam
1248 1348 1556 1396 nasceretur
1583 1358 1595 1393 :
1619 1347 1675 1394 ut
1695 1340 1760 1395 de
1785 1349 2008 1411 utraque
2035 1357 2128 1396 na-

536 1438 675 1497 tura,
707 1428 760 1484 id
784 1438 866 1484 est
882 1428 1136 1483 feminina
1156 1438 1210 1484 et
1236 1430 1547 1497 masculina,
1567 1429 1737 1484 vietus
1753 1429 1995 1484 diabolus
2007 1446 2127 1485 cru-

533 1523 785 1590 ciaretur,
818 1522 1068 1592 quoniam
1098 1521 1164 1576 de
1203 1521 1478 1576 ambarum
1521 1522 1868 1577 subversione
1912 1523 2128 1578 laetaba-

534 1621 640 1678 tur;
671 1611 756 1668 cui
781 1627 966 1680 parum
1009 1611 1182 1666 fuerat
1223 1613 1288 1667 ad
1334 1627 1546 1682 poenam
1571 1613 1615 1667 si
1636 1612 1808 1667 ambae
1840 1622 2045 1668 natura:
2071 1615 2126 1668 in

500 1732 502 1735 τ
533 1707 688 1762 nobis
709 1705 1085 1771 liberarentur,
1109 1705 1209 1758 nisi
1235 1705 1394 1760 etiam
1425 1721 1518 1775 per
1545 1704 1728 1760 ambas
1750 1705 2122 1760 liberaremur.

532 1797 719 1869 Neque
740 1797 842 1851 hoc
867 1797 939 1851 ita
969 1796 1215 1860 dicimus,
1246 1803 1305 1850 ut
1336 1796 1615 1851 Dominum
1645 1795 1826 1850 Jesum
1853 1794 2123 1851 Christum

532 1889 774 1944 dicamus
803 1887 973 1943 solum
997 1903 1180 1942 verum
1204 1903 1398 1956 corpus
1429 1887 1697 1953 habuisse,
1729 1887 1982 1958 Spiritum
2005 1903 2126 1942 san-

531 1991 676 2037 ctum
721 1990 896 2037 autem
938 1981 1196 2035 fallaciter
1242 1982 1549 2051 apparuisse
1597 1982 1765 2035 oculis
1804 1983 2122 2036 hominum:

533 2075 627 2129 sed
649 2075 806 2128 ambo
834 2073 922 2127 illa
953 2088 1196 2144 corpora,
1224 2089 1347 2128 vera
1379 2088 1604 2143 corpora
1650 2074 1937 2129 credimus.
1969 2075 2121 2130 Sicut

531 2165 677 2220 enim
704 2180 812 2220 non
833 2165 1114 2234 oportebat
1157 2173 1215 2218 ut
1251 2164 1496 2219 homines
1535 2164 1736 2219 falleret
1783 2165 1946 2219 Filius
1986 2165 2121 2232 Dei,

529 2257 608 2311 sic
661 2271 767 2312 non
819 2255 1042 2310 decebat
1081 2263 1142 2309 ut
1190 2255 1435 2309 homines
1480 2253 1689 2308 falleret
1734 2255 1962 2324 Spiritus
2003 2269 2126 2309 san-

528 2357 647 2403 ctus
677 2367 689 2401 :
713 2347 809 2402 sed
833 2347 1186 2414 omnipotenti
1215 2347 1346 2412 Deo,
1371 2347 1458 2416 qui
1488 2348 1789 2400 universam
1821 2355 2122 2402 creaturam

527 2439 597 2493 de
626 2439 793 2492 nihilo
821 2437 1098 2492 fabricavit
1123 2479 1138 2503 ,
1172 2453 1277 2491 non
1307 2445 1424 2492 erat
1471 2438 1689 2492 difﬁcile
1716 2453 1901 2492 verum
1929 2453 2123 2509 corpus

527 2530 791 2585 columbae
835 2530 951 2584 sine
979 2529 1206 2583 aliorum
1234 2529 1602 2583 columbarum
1651 2531 1951 2585 ministerio
1991 2530 2126 2601 ﬁgu-

525 2638 648 2678 rare
668 2664 681 2684 ,
713 2622 850 2676 sicut
877 2621 924 2675 ci
953 2636 1057 2675 non
1085 2621 1182 2674 fuit
1208 2621 1425 2676 difficile
1446 2637 1629 2675 verum
1655 2637 1850 2692 corpus
1876 2623 1929 2675 in
1968 2631 2122 2677 utero

524 2713 704 2768 Maria:
735 2712 849 2766 sine
881 2712 1016 2766 virili
1043 2712 1248 2766 semine
1297 2712 1594 2777 fabricare;
1621 2729 1742 2767 cum
1789 2721 1977 2767 natura
2003 2727 2124 2767 cor-

525 2807 726 2876 porea’
761 2804 886 2859 etin
914 2803 1210 2857 visceribus
1234 2803 1446 2856 feminae
1466 2803 1534 2857 ad
1573 2803 1909 2858 formandum
1952 2804 2122 2858 homi-

525 2912 688 2962 nem,
734 2905 788 2951 et
827 2897 879 2949 in
924 2895 1040 2963 ipso
1085 2893 1287 2947 mundo
1331 2894 1398 2948 ad
1434 2894 1767 2948 formandam
1819 2895 2119 2950 columbam

525 2988 752 3057 imperio
781 2986 994 3041 Domini
1025 2985 1390 3054 voluntatique
1423 2986 1666 3040 serviret.
1695 2985 1798 3041 Sed
1848 2987 1994 3040 stulti
2025 2988 2120 3042 ho-

525 3081 721 3144 mines,
746 3087 798 3133 et
827 3080 1044 3147 miseri,
1079 3078 1219 3150 quod
1249 3087 1339 3131 aut
1384 3078 1482 3147 ipsi
1515 3077 1691 3132 facere
1723 3094 1830 3132 non
1858 3088 2115 3149 possunt,

521 3179 616 3224 aut
664 3169 717 3223 in
750 3171 854 3224 vita
886 3187 979 3225 sua
1030 3185 1300 3239 nunquam
1342 3169 1612 3234 viderunt,
1641 3170 1800 3223 etiam
1843 3171 1911 3225 ab
1940 3177 2117 3227 omni-

521 3273 741 3336 potente
772 3266 881 3319 Deo
908 3265 1021 3319 ﬁeri
1051 3265 1284 3334 potuisse
1307 3278 1412 3318 non
1442 3263 1688 3318 credunt.

591 3357 817 3412 CAPUT
857 3356 1044 3410 XXIII.
1072 3387 1143 3395 —-
1175 3356 1264 3410 25.
1309 3355 1431 3408 Non
1468 3356 1744 3423 audiendi,
1791 3360 1877 3428 qui
1918 3359 2115 3416 Filium

519 3449 619 3503 Dei
645 3459 925 3503 creaturam
964 3447 1135 3499 dicunt
1155 3487 1169 3511 ,
1199 3448 1317 3516 quia
1343 3462 1521 3515 passus
1541 3456 1631 3500 est.
1667 3447 1714 3499 F
1716 3449 1858 3501 ilium
1886 3449 1982 3503 Dei
2007 3453 2115 3506 sine

521 3542 797 3596 divinitatis
819 3541 1096 3593 mutatione
1119 3555 1322 3608 passum
1344 3556 1466 3595 esse.
1494 3539 1601 3602 Nec
1618 3555 1710 3594 eos
1724 3541 1998 3597 audiamus
2020 3545 2110 3614 qui

521 3645 804 3707 propterea
833 3633 1017 3687 volunt
1044 3647 1236 3703 cogere
1267 3643 1324 3687 ut
1343 3634 1481 3688 inter
1506 3642 1776 3688 creaturas
1798 3634 1988 3689 Filium
2012 3636 2110 3693 Dei

518 3741 886 3791 numeremus,
919 3725 1040 3794 quia
1063 3739 1252 3795 passus
1279 3733 1380 3779 est.
1411 3725 1603 3780 Dicunt
1630 3726 1771 3779 enim
1799 3743 1810 3778 :
1839 3724 1896 3781 Si
1918 3741 2108 3795 passus

520 3830 640 3884 est,
667 3817 937 3872 mutabilis
965 3825 1047 3871 est
1071 3832 1086 3882 ;
1116 3825 1172 3872 et
1195 3816 1240 3870 si
1265 3817 1534 3872 mutabilis
1559 3825 1641 3872 est
1662 3858 1676 3882 ,
1715 3826 1960 3872 creatura
1988 3829 2106 3887 est,

519 3911 644 3981 quia
683 3909 775 3963 Dei
805 3907 1100 3963 substantia
1127 3922 1235 3961 non
1265 3915 1442 3978 potest
1471 3908 1759 3962 immutari.
1809 3908 1941 3963 Cum
1986 3911 2107 3980 qui-

521 4003 626 4058 bus
651 4002 808 4058 etiam
829 4016 926 4056 nos
952 4001 1181 4056 dicimus
1209 4008 1265 4056 et
1291 4001 1384 4055 Dei
1405 4000 1758 4055 substantiam
1790 4004 2106 4058 commutari

516 4110 625 4150 non
655 4108 844 4165 posse,
885 4102 936 4148 et
965 4103 1262 4147 creaturam
1304 4108 1423 4148 esse
1458 4093 1788 4148 mutabilem.
1829 4095 1936 4149 Sed
1962 4095 2107 4151 aliud

515 4195 599 4243 est
627 4201 747 4241 esse
769 4191 1090 4246 creaturam,
1123 4195 1176 4238 et
1199 4183 1341 4237 aliud
1373 4185 1644 4252 suscipere
1667 4196 1987 4240 creaturam.
2017 4187 2107 4242 Fi-

515 4279 619 4333 lius
647 4292 775 4347 ergo
802 4275 1106 4345 unigenitus
1136 4275 1230 4328 Dei
1255 4315 1269 4339 ,
1294 4275 1383 4344 qui
1413 4283 1494 4328 est
1537 4275 1715 4328 Virtus
1753 4284 1807 4329 et
1833 4277 2103 4346 Sapientia

512 4371 633 4437 Dei,
667 4377 722 4424 et
752 4369 982 4423 Verbum
1017 4382 1110 4436 per
1137 4364 1281 4435 quod
1311 4364 1446 4418 facta
1470 4375 1593 4419 sunt
1617 4366 1814 4433 omnia,
1854 4369 1972 4436 quia
2000 4369 2102 4422 im-

511 4463 710 4520 mutari
741 4476 846 4516 non
888 4468 1066 4529 potest
1094 4458 1332 4523 omnino,
1365 4458 1600 4527 suscepit
1637 4457 1921 4512 humanam
1948 4475 2102 4515 crea-

509 4565 707 4620 turam,
736 4569 892 4625 quam
916 4553 1118 4622 lapsam
1144 4551 1369 4620 erigere,
1392 4559 1551 4620 atque
1572 4549 1917 4604 inveteratam
1939 4566 2099 4606 reno-

508 4664 639 4703 vare
673 4646 920 4718 dignatus
947 4652 1048 4698 est.
1081 4643 1189 4697 Nec
1230 4642 1282 4696 in
1315 4656 1378 4697 ea
1414 4656 1511 4712 per
1551 4641 1854 4712 passionem
1889 4642 2003 4712 ipse
2045 4643 2099 4697 in

511 4741 748 4797 deterius
773 4746 1128 4794 commutatus
1167 4744 1280 4796 est,
1313 4734 1408 4789 sed
1434 4749 1550 4789 eam
1579 4735 1754 4804 potius
1791 4750 1885 4804 per
1923 4750 2101 4790 resur-

510 4834 806 4890 rectionem
836 4832 887 4885 in
920 4829 1120 4894 melius.
1135 4827 1501 4882 commutavit.
1524 4825 1632 4880 Nec
1654 4835 1938 4895 propterea
1961 4826 2098 4882 Ver-

510 4927 637 4982 bum
668 4926 861 4992 Patris,
893 4924 947 4979 id
975 4932 1057 4979 est
1090 4923 1305 4977 unicum
1337 4921 1431 4975 Dei
1462 4920 1672 4985 Filium,
1705 4937 1801 4991 per
1829 4937 1986 4991 quem
2017 4922 2096 4975 fa-

511 5027 596 5072 cta
624 5026 746 5072 sunt
768 5019 967 5081 omnia,
995 5016 1298 5086 negandum
1325 5022 1408 5069 est
1439 5021 1620 5068 natum
1653 5022 1705 5067 et
1733 5029 1946 5083 passum
1975 5029 2097 5070 esse

511 5123 612 5180 pro
643 5109 816 5161 nobis.
840 5110 908 5162 Et
932 5117 1195 5182 martyres
1221 5107 1363 5162 enim
1389 5120 1578 5176 passos
1607 5104 1832 5160 dicimus
1867 5114 1920 5160 et
1949 5121 2095 5161 mor-

511 5212 630 5259 tuos
665 5211 884 5272 propter
913 5218 1072 5273 regna
1112 5206 1399 5270 caelorum;
1440 5218 1540 5259 nec
1579 5212 1755 5258 tamen
1787 5203 1840 5257 in
1876 5219 1936 5258 ea
1967 5219 2092 5275 pas-

509 5297 662 5353 sione
688 5303 741 5350 et
766 5302 938 5349 morte
965 5298 1154 5350 anima:
1184 5311 1368 5352 eorum
1397 5297 1585 5351 occisae
1616 5305 1758 5351 sunt.
1788 5297 1927 5350 Dicit
1951 5298 2096 5352 enim

508 5389 770 5446 Dominus
795 5405 807 5441 :
835 5386 1010 5441 Nolite
1029 5389 1200 5441 timere
1220 5405 1301 5441 eos
1321 5390 1407 5458 qui
1429 5405 1613 5458 corpus
1635 5389 1886 5452 occidunt,
1910 5390 2094 5442 anima:

493 5478 676 5536 autem
703 5479 835 5535 nihil
853 5487 1060 5551 possunt
1079 5479 1245 5547 facere
1297 5479 1515 5549 (Matth.
1537 5497 1593 5547 x,
1615 5481 1741 5551 28).
1769 5479 1917 5535 Sicut
1965 5495 2092 5550 ergo

506 5583 770 5644 martyres
789 5587 972 5642 passos
987 5579 1042 5625 et
1057 5577 1296 5624 mortuos
1315 5569 1540 5625 dicimus
1560 5575 1613 5624 in
1644 5572 1952 5650 corporibus
1972 5587 2091 5642 qua:

509 5668 826 5740 portabant,
860 5666 975 5720 sine
1013 5666 1311 5719 animarum
1361 5665 1731 5721 interiectione
1759 5665 1846 5721 vel
1880 5673 2086 5730 morte;

571 5781 587 5812 ⁸
623 5788 756 5831 Parv.
785 5789 836 5830 et
859 5789 986 5841 Mss,
1012 5785 1234 5830 creatura
1258 5790 1503 5842 corporea.

1511 289 1598 344 DE
1637 286 1869 345 AGONE
1901 285 2335 355 CHRISTIANO,
2378 289 2435 342 ὃ.
2478 287 2850 346 AUGUSTINI

3741 303 3852 361 504

2247 410 2324 465 sic
2350 409 2543 465 Filium
2571 411 2666 466 Dei
2689 425 2906 482 passum
2929 418 2983 467 et
3000 419 3272 468 mortuum
3298 413 3527 472 dicimus
3544 417 3599 473 in
3625 418 3848 478 homine

2245 517 2402 573 quem
2447 503 2711 572 portabat,
2746 504 2861 558 sine
2890 503 3183 560 divinitatis
3208 505 3385 576 aliqua
3417 513 3844 570 commutatione

2243 600 2332 654 vel
2358 607 2554 654 morte.

2317 690 2541 746 CAPUT
2570 690 2763 745 XXIV.
2784 719 2854 731 —
2873 689 2964 745 26.
2994 689 3117 744 Non
3136 691 3396 758 audiendi,
3420 695 3507 762 qui
3531 707 3718 767 negant
3740 700 3844 755 tale

2247 798 2430 854 corpus
2455 781 2664 836 Domini
2686 784 3039 850 resurrexisse,
3065 784 3214 853 quale
3235 787 3401 855 fuerat
3425 789 3701 856 sepultum.
3726 791 3840 848 Nec

2244 888 2338 929 eos
2367 873 2669 941 audiamus,
2701 875 2788 944 qui
2819 884 3015 945 negant
3049 874 3157 930 tale
3183 890 3380 946 corpus
3411 877 3624 935 Domini
3654 898 3838 938 resur-

2239 965 2444 1020 rexisse
2465 1007 2480 1032 ,
2514 965 2672 1035 quale
2705 965 2936 1035 positum
2977 974 3060 1020 est
3089 967 3141 1020 in
3179 977 3547 1025 monumento.
3590 972 3645 1028 Si
3682 975 3829 1031 enim

2239 1059 2346 1114 tale
2370 1073 2476 1114 non
2506 1057 2727 1126 fuisset,
2763 1073 2869 1113 non
2908 1058 3023 1128 ipse
3063 1057 3286 1114 dixisset
3315 1070 3435 1130 post
3475 1066 3831 1121 resurrectio-

2237 1165 2361 1206 nem
2392 1149 2666 1220 diseipulis
2693 1168 2706 1203 :
2739 1149 2964 1222 Palpate
2985 1191 3000 1218 ,
3043 1159 3091 1205 et
3133 1151 3324 1218 videte,
3355 1155 3596 1223 quoniam
3622 1158 3837 1226 spiritus

2250 1259 2365 1297 ossa
2382 1252 2426 1298 et
2449 1260 2648 1298 carnem
2667 1245 2684 1275 ¹
2709 1260 2811 1298 non
2831 1245 2992 1310 habet,
3018 1245 3148 1298 sicut
3164 1260 3244 1298 me
3269 1245 3444 1300 videtis
3469 1247 3650 1303 habere
3670 1248 3825 1324 (Luc.

2237 1352 2364 1392 xxrv
2387 1378 2402 1403 ,
2452 1337 2575 1408 '59).
2614 1337 2939 1407 Sacrilegum
2971 1345 3054 1392 est
3098 1338 3243 1391 enim
3287 1339 3509 1395 credere
3547 1341 3834 1400 Dominum

2236 1441 2499 1497 nostrum,
2542 1446 2666 1485 eum
2698 1432 2812 1501 ipse
2841 1431 2910 1485 sit
2938 1430 3171 1499 Veritas,
3204 1431 3257 1486 in
3284 1433 3462 1503 aliquo
3488 1434 3650 1492 fuisse
3677 1453 3835 1492 men-

2235 1521 2415 1575 titum.
2448 1521 2558 1577 Nec
2581 1536 2681 1576 nos
2707 1529 2921 1577 moveat
2944 1521 3087 1592 quod
3107 1520 3304 1579 clausis
3331 1525 3482 1580 osﬁis
3509 1527 3684 1582 subito
3709 1545 3834 1587 eum

2235 1612 2548 1682 apparuisse
2575 1611 2854 1682 discipulis
2886 1613 3144 1682 scriptum
3165 1622 3249 1668 est
3279 1613 3468 1687 (Joan.
3498 1633 3591 1682 xx,
3622 1619 3745 1691 26),
3775 1631 3833 1678 ut

2232 1711 2518 1770 propterea
2562 1716 2817 1772 negemus
2859 1701 2990 1756 illud
3040 1702 3206 1758 fuisse
3248 1719 3441 1774 corpus
3493 1706 3829 1780 humanum,

2235 1793 2358 1862 quia
2382 1801 2566 1848 contra
2593 1803 2838 1848 naturam
2869 1793 3028 1863 hujus
3056 1795 3298 1864 corporis
3316 1795 3702 1867 videmus-esse
3731 1817 3827 1870 per

2233 1884 2413 1940 clausa
2443 1886 2579 1940 ostia
2612 1886 2833 1941 intrare.
2863 1884 3053 1941 Omnia
3091 1886 3234 1940 enim
3264 1887 3536 1956 possibilia
3563 1898 3688 1946 sunt
3717 1891 3830 1948 Deo

2234 1975 2465 2046 (Matth.
2489 1994 2564 2044 ιχ,
2587 1977 2658 2033 26
2675 1976 2716 2050 ).
2739 1977 2872 2032 Nam
2900 1986 2954 2034 et
2973 1979 3249 2034 ambulare
3268 1995 3429 2050 super
3447 1997 3612 2052 aquas
3640 1995 3829 2042 contra

2233 2079 2479 2125 naturam
2510 2070 2667 2140 hujus
2708 2073 2948 2141 corporis
2978 2087 3098 2128 esse
3127 2072 3472 2128 manifestum
3502 2085 3623 2142 est;
3655 2087 3711 2132 et
3740 2086 3825 2134 ta-

2232 2177 2355 2218 men
2383 2177 2488 2217 non
2524 2163 2698 2218 solum
2730 2163 2844 2233 ipse
2872 2164 3128 2220 Dominus
3156 2175 3280 2220 ante
3303 2167 3609 2237 passionem
3637 2170 3827 2226 ambu-

2232 2251 2379 2318 lavit,
2432 2252 2528 2308 sed
2583 2253 2742 2307 etiam
2798 2254 3013 2309 Petrum
3075 2255 3350 2311 ambulare
3404 2257 3526 2313 fecit
3555 2257 3681 2331 (Μ.
3713 2277 3822 2330 xiv,

2230 2342 2321 2408 25,
2349 2343 2417 2401 29
2437 2343 2476 2414 ).
2509 2344 2584 2398 ita
2613 2359 2739 2414 ergo
2775 2353 2829 2399 ct
2860 2355 2981 2415 post
3015 2347 3466 2402 resurrectionem
3508 2349 3574 2404 de
3599 2364 3825 2422 corpore

2230 2447 2329 2488 suo
2365 2434 2489 2489 fecit
2514 2434 2654 2504 quod
2682 2434 2867 2489 voluit.
2905 2435 2961 2490 Si
2989 2436 3131 2490 enim
3162 2440 3335 2507 potuit
3367 2448 3492 2494 ante
3520 2441 3824 2510 passionem

2230 2526 2529 2581 elariﬁcare
2559 2525 2685 2580 illud
2714 2527 2852 2581 sicut
2875 2527 3214 2596 splendorem
3245 2529 3518 2602 solis(ld.
3546 2547 3680 2601 xvn,
3711 2534 3820 2606 2);

2229 2631 2394 2687 quare
2425 2633 2531 2672 non
2563 2618 2737 2688 potuit
2765 2626 2819 2673 et
2844 2628 2962 2688 post
2993 2622 3296 2689 passionem
3321 2621 3388 2677 ad
3417 2636 3671 2694 quantam
3705 2628 3822 2682 vel-

2228 2705 2298 2761 let
2322 2707 2668 2762 subtilitatem
2693 2709 2746 2763 in
2773 2710 3031 2780 temporis
3055 2722 3328 2768 momento
3350 2713 3614 2787 redigere,
3641 2727 3700 2772 ut
3723 2734 3821 2789 per

2227 2799 2406 2855 clausa
2435 2802 2571 2856 ostia
2603 2812 2788 2872 posset
2814 2802 3057 2858 intrare?

2297 2901 2522 2957 CAPUT
2541 2901 2885 2958 XXV.—27.
2913 2904 3022 2958 Nec
3037 2915 3272 2976 negantes
3289 2923 3470 2978 corpus
3487 2907 3676 2964 Christi
3691 2912 3818 2966 sub-

2227 2992 2388 3045 latum
2421 2994 2471 3046 in
2501 2991 2704 3047 caelum.
2737 2993 2847 3050 Nec
2865 3009 2960 3050 eos
2986 2997 3284 3064 audiamus,
3308 2999 3396 3069 qui
3427 3011 3623 3071 negant
3643 3003 3815 3073 ipsum

2224 3097 2420 3154 corpus
2449 3098 2628 3140 secum
2653 3085 2860 3141 levasse
2883 3087 2934 3141 in
2950 3089 3144 3144 coelum
3169 3089 3450 3146 Dominum
3480 3102 3742 3163 nostrum,
3760 3105 3816 3153 et

2223 3185 2649 3230 commemorant
2676 3177 2726 3230 in
2760 3177 3051 3248 Evangelio
3077 3181 3217 3249 quod
3244 3185 3499 3253 scriptum
3523 3195 3621 3248 est,
3650 3186 3815 3244 Nemo

2222 3267 2449 3320 ascendit
2470 3269 2523 3321 in
2546 3270 2744 3336 emtum,
2771 3271 2868 3323 nisi
2892 3272 2979 3339 qui
3000 3273 3061 3325 de
3082 3274 3206 3326 caelo
3230 3261 3484 3330 descendit
3511 3277 3706 3351 (Joan.
3734 3296 3811 3350 nt,

2222 3359 2333 3424 l5);
2353 3368 2407 3413 et
2430 3359 2628 3424 dicunt,
2655 3361 2776 3430 quia
2803 3377 2997 3432 corpus
3016 3379 3123 3419 non
3146 3365 3423 3424 descendit
3443 3370 3509 3425 de
3530 3372 3684 3438 caelo,
3703 3389 3811 3431 non

2219 3450 2456 3518 potuisse
2482 3449 2773 3506 ascendere
2801 3453 2854 3506 in
2896 3455 3112 3509 caelum.
3142 3456 3262 3512 Non
3288 3460 3430 3514 enim
3462 3461 3806 3533 intelligunt,

2223 3543 2475 3611 quoniam
2511 3557 2707 3613 corpus
2753 3560 2863 3600 non
2906 3548 3148 3604 ascendit
3189 3551 3242 3604 in
3278 3554 3471 3608 etnlum
3513 3573 3523 3607 :
3557 3557 3810 3614 Dominus

2217 3633 2361 3688 enim
2391 3633 2655 3701 ascendit,
2679 3650 2875 3706 corpus
2906 3649 3083 3695 autem
3111 3657 3220 3697 non
3247 3647 3508 3712 ascendit,
3540 3649 3634 3705 sed
3661 3650 3808 3706 leva-

2215 3733 2328 3780 tum
2368 3733 2452 3781 est
2478 3727 2532 3781 in
2571 3728 2766 3783 caelum
2794 3730 2887 3785 illo
2916 3732 3130 3788 levante
3159 3736 3248 3805 qui
3275 3739 3536 3795 ascendit.
3580 3742 3636 3797 Si
3665 3745 3810 3801 enim

2214 3818 2331 3888 quis
2358 3817 2686 3887 descendat,
2716 3821 2864 3876 verbi
2895 3824 3085 3892 gratia,
3118 3825 3185 3880 de
3215 3837 3396 3882 monte
3436 3831 3610 3886 nudus
3631 3874 3645 3898 ,
3687 3851 3808 3890 cum

2214 3916 2391 3964 autem
2446 3909 2821 3979 descenderit,
2865 3914 3059 3968 vestiat
3109 3929 3197 3984 se,
3243 3927 3299 3972 et
3341 3921 3559 3976 vestitus
3613 3926 3806 3984 iterum

2213 4000 2498 4067 ascendat,
2533 4010 2680 4058 recte
2705 4003 2890 4074 utique
2917 4003 3145 4060 dicimus
3168 4047 3182 4072 ,
3221 4007 3389 4063 Nemo
3413 4014 3678 4082 ascendit,
3702 4020 3804 4074 nisi

2212 4093 2303 4162 qui
2334 4094 2650 4150 descendit:
2691 4111 2792 4152 nec
2830 4108 3039 4152 vestem
3085 4100 3486 4159 consideramus
3514 4122 3672 4176 quam
3712 4126 3803 4166 se-

2211 4196 2331 4237 cum
2364 4185 2576 4253 levavit,
2617 4185 2710 4241 sed
2740 4187 2914 4257 ipsum
2945 4189 3035 4258 qui
3063 4191 3287 4246 vestitus
3316 4202 3419 4260 est,
3459 4197 3631 4253 solum
3665 4201 3800 4256 dici-

2210 4287 2328 4328 mus
2359 4277 2689 4332 ascendisse.

2281 4370 2507 4426 CAPUT
2531 4373 2628 4428 XX
2639 4374 2720 4430 Vl.
2738 4405 2808 4418 —
2831 4377 2922 4432 28.
2957 4377 3067 4432 Nec
3093 4390 3330 4451 negantes
3357 4384 3607 4440 Christum
3628 4390 3800 4445 sedere

2207 4461 2276 4512 ad
2297 4461 2555 4516 dexteram
2578 4463 2773 4520 Patris.
2796 4467 3017 4523 Dextera
3039 4480 3086 4524 et
3103 4473 3306 4526 sinistra
3331 4473 3424 4528 Dei
3444 4477 3562 4546 quid
3580 4479 3645 4532 sit
3688 4481 3800 4538 Nec

2207 4571 2302 4611 eos
2331 4557 2632 4623 audiamus,
2662 4561 2749 4629 qui
2781 4571 2977 4631 negant
3005 4564 3070 4618 ad
3107 4565 3378 4622 dexteram
3409 4569 3580 4626 Patris
3610 4573 3798 4632 sedere

2207 4648 2418 4702 Filium.
2452 4649 2645 4704 Dicunt
2671 4653 2811 4705 enim
2838 4670 2850 4704 :
2881 4653 3147 4724 Numquid
3167 4657 3323 4726 .Deus
3359 4660 3516 4716 Pater
3547 4663 3703 4719 habet
3723 4667 3798 4722 la-

2205 4751 2291 4799 tus
2322 4745 2566 4799 dextrum
2595 4754 2686 4799 aut
2725 4747 2996 4801 sinistrum
3019 4789 3033 4813 ,
3066 4751 3219 4806 sicuti
3249 4757 3513 4823 corpora?
3551 4757 3658 4814 Nec
3697 4776 3796 4816 nos

2207 4835 2310 4890 hoc
2341 4837 2406 4892 de
2449 4837 2558 4891 Deo
2598 4837 2754 4892 Patre
2793 4840 3052 4894 sentimus
3083 4860 3096 4895 :
3131 4845 3272 4898 nulla
3299 4847 3440 4900 enim
3469 4846 3637 4903 forma
3668 4867 3789 4906 cor-

2207 4929 2354 4996 poris
2385 4928 2524 4982 Deus
2550 4927 2806 4983 definitur
2828 4931 2848 4960 ²
2873 4940 3030 5000 atque
3055 4935 3407 4990 concluditur.
3437 4937 3540 4992 Sed
3576 4939 3792 4996 dextera
3821 4963 3824 4968 ·

2204 5018 2380 5074 Patris
2407 5029 2488 5074 est
2517 5020 2793 5076 beatitudo
2834 5033 3086 5092 perpetua
3109 5067 3123 5091 ,
3153 5042 3270 5095 quae
3305 5030 3501 5083 sanctis
3531 5034 3792 5100 promitti-

2203 5118 2289 5165 tur
2315 5110 2336 5142 ³
2369 5129 2382 5177 ;
2427 5111 2567 5166 sicut
2597 5113 2812 5167 sinistra
2857 5115 2972 5184 ejus
3012 5118 3308 5174 rectissime
3345 5120 3538 5175 dicitur
3576 5124 3790 5181 miseria

2202 5211 2480 5274 perpetua,
2511 5220 2629 5274 qua:
2660 5206 2836 5276 impiis
2867 5207 3021 5262 datur
3052 5227 3064 5262 :
3098 5219 3154 5264 ut
3185 5227 3288 5266 non
3319 5213 3369 5266 in
3398 5214 3513 5282 ipso
3539 5216 3667 5279 Deo,
3693 5220 3787 5272 sed

2201 5294 2253 5349 in
2281 5297 2541 5350 creaturis
2563 5296 2661 5351 hoc
2687 5298 2867 5365 modo,
2894 5314 2998 5368 quo
3020 5299 3273 5367 diximus,
3305 5303 3631 5375 intelligatur
3657 5307 3789 5362 dex-

2203 5395 2320 5443 tera
2349 5397 2403 5442 et
2431 5388 2667 5442 sinistra.
2691 5389 2824 5456 Quia
2855 5398 2909 5445 et
2937 5404 3129 5459 corpus
3159 5392 3374 5461 Christi,
3404 5397 3548 5466 quod
3578 5407 3661 5453 est
3685 5399 3787 5456 Εε-

2264 5593 2280 5622 ί
2316 5599 2589 5655 Parv.,_ossa
2609 5595 2654 5639 et
2674 5592 2946 5655 nervos.§ie
2962 5591 3109 5655 etiam
3130 5591 3353 5655 plerique
3378 5603 3505 5652 Mss,
3531 5604 3586 5646 et.
3608 5611 3673 5649 ex
3707 5600 3782 5654 ω,

2197 5653 2380 5725 plures“
2409 5652 2554 5725 infra_
2575 5650 2713 5725 iocor,
2744 5650 3066 5725 sacrilegum;
3099 5650 3305 5716 habent,
3345 5650 3670 5725 sacrilegium.

2263 5719 2281 5746 ³
2317 5717 2502 5774 Aliquot
2520 5722 2646 5766 Mss.
2667 5711 2850 5776 ﬁnitur.

2264 5779 2283 5808 ³
2316 5777 2457 5838 Editi,
2487 5777 2646 5826 datur.
2670 5775 2835 5825 Plures
2859 5788 2976 5825 vero
2996 5784 3122 5839 Mss,
3146 5779 3453 5840 promittitur.
