4124 6206
300 348 408 407 505

298 464 485 532 etesia,
510 461 566 518 in
592 460 706 531 ipsa
726 457 972 524 dextera,
998 454 1103 511 hoc
1126 460 1209 510 est
1235 453 1291 509 in
1313 453 1432 524 ipsa
1456 447 1788 507 beatitudine
1808 447 1892 501 fu-

299 567 479 614 turum
492 562 597 622 est,
620 552 758 610 sicut
782 547 1071 621 Apostolus
1097 546 1244 613 dicit,
1269 545 1393 616 quia
1422 554 1469 599 et
1490 542 1644 599 simul
1668 557 1760 596 nos
1785 556 1900 596 sus-

299 648 503 715 citavit,
550 654 599 701 et
628 643 783 700 simul
823 640 996 697 sedere
1032 639 1148 710 fecit
1181 638 1234 692 in
1263 634 1543 692 amicalibus
1571 630 1799 707 (Ephes.
1836 646 1895 699 ιι,

302 740 394 814 6).
440 737 698 809 Quamvis
725 736 869 792 enim
898 747 1097 804 corpus
1127 738 1367 787 nostrum
1406 727 1642 785 nondum
1671 727 1745 783 ibi
1787 726 1892 793 sit,

300 841 482 888 tamen
506 845 637 902 spes
666 837 846 884 nostra
870 827 980 897 jam
1008 824 1081 881 ibi
1108 833 1208 880 est.
1243 824 1532 892 Propterea
1562 829 1616 877 et
1653 823 1768 891 ipse
1795 819 1899 875 Do-

300 925 480 982 minus
508 931 632 993 post
657 918 1108 976 resurrectionem
1145 915 1305 987 jussit
1331 914 1611 984 discipulis
1638 927 1773 983 quos
1812 912 1898 981 pi-

300 1023 514 1071 scantes
534 1011 759 1076 invenit,
792 1019 851 1064 ut
878 1010 931 1064 in
959 1009 1237 1064 dexteram
1262 1016 1468 1076 partem
1497 1006 1777 1061 mitterent
1804 1019 1896 1058 re-

300 1107 397 1160 tia.
426 1103 583 1174 Quod
618 1118 740 1159 cum
767 1100 1041 1167 iecissent,
1069 1108 1328 1169 ceperunt
1367 1098 1562 1167 pisces,
1590 1094 1682 1167 qui
1710 1110 1898 1151 omnes

299 1196 481 1268 magni
515 1203 673 1251 erant
698 1191 895 1264 (Joan.
931 1207 1044 1259 xxt,
1069 1190 1195 1245 6-H
1223 1190 1262 1259 ),
1295 1188 1348 1243 id
1377 1197 1479 1255 est,
1504 1187 1677 1258 justos
1698 1184 1902 1256 signifi-

300 1289 515 1353 cabant,
560 1284 753 1358 quibus
791 1283 1012 1339 dextera
1055 1281 1397 1352 promittitur.
1440 1279 1554 1334 Hoc
1597 1276 1891 1347 signiﬁcat,

303 1378 449 1452 quod
479 1377 643 1435 etiam
686 1377 741 1431 in
780 1374 983 1445 judicio
1026 1372 1160 1428 dixit
1197 1387 1257 1428 se
1295 1386 1460 1443 agnos
1488 1369 1555 1425 ad
1591 1369 1894 1435 dexteram,

303 1468 488 1526 hzedos
527 1476 709 1525 autem
751 1465 821 1522 ad
860 1464 1132 1522 sinistram
1174 1477 1296 1520 esse
1336 1463 1631 1534 positurum
1673 1459 1895 1534 (Matth.

305 1579 431 1631 xxv,
463 1562 594 1634 '55).

373 1650 605 1710 CAPUT
644 1649 860 1707 XXVII.
880 1679 953 1691 —
973 1648 1065 1706 29.
1089 1646 1204 1705 Nec
1223 1646 1464 1703 audiendi
1484 1653 1727 1718 negantes
1744 1642 1896 1714 judi-

307 1742 441 1799 cium
482 1746 735 1816 futurum.
777 1740 888 1798 Nec
923 1754 1020 1797 eos
1059 1739 1370 1806 audiamus,
1401 1737 1493 1809 qui
1529 1744 1728 1808 negant
1755 1733 1898 1790 diem

306 1835 498 1909 judicii
536 1834 771 1890 futurum
792 1875 810 1902 ,
840 1842 896 1890 et
919 1839 1342 1889 commemorant
1365 1828 1508 1900 quod
1532 1830 1587 1884 in
1612 1827 1899 1899 Evangelio

309 1928 568 1999 scriptum
590 1935 673 1983 est
691 1969 707 1995 ,
737 1941 862 1982 eum
897 1926 988 1997 qui
1012 1924 1183 1981 credit
1210 1924 1265 1979 in
1293 1922 1593 1990 Christum,
1621 1936 1727 1977 non
1757 1919 1901 1991 judi-

310 2022 457 2088 cari;
498 2022 591 2093 qui
626 2029 805 2077 autem
839 2034 946 2075 non
975 2017 1146 2074 credit
1173 2017 1227 2072 in
1262 2015 1434 2083 illum,
1458 2014 1569 2085 jam
1602 2012 1898 2084 judicatum

312 2127 431 2169 csse
456 2111 655 2184 (Joan.
686 2127 764 2178 ιιι,
794 2108 920 2180 l8).
948 2110 1140 2165 Dicunt
1167 2108 1309 2164 enim
1341 2124 1355 2162 :
1386 2106 1444 2163 Si
1469 2114 1524 2161 et
1549 2104 1640 2160 ille
1666 2104 1757 2176 qui
1783 2119 1901 2159 cre-

311 2207 409 2274 dit,
432 2222 544 2263 non
567 2207 747 2263 veniet
762 2206 817 2261 in
832 2204 1113 2277 judicium,
1141 2211 1197 2258 et
1215 2202 1305 2259 ille
1327 2200 1417 2271 qui
1443 2214 1551 2256 non
1576 2198 1766 2265 credit,
1788 2198 1899 2268 jam

308 2302 582 2373 judicatus
603 2310 721 2367 est;
744 2298 836 2355 ubi
860 2306 982 2354 sunt
1007 2311 1142 2368 quos
1162 2294 1495 2367 judicaturus
1519 2300 1602 2348 est
1627 2292 1683 2347 in
1712 2289 1799 2346 die
1814 2289 1901 2361 ju-

312 2393 472 2449 dicii?
499 2392 618 2447 Non
638 2390 937 2462 intelligunt
960 2389 1040 2452 sic
1068 2387 1212 2459 loqui
1241 2386 1567 2458 Scripturas,
1594 2391 1655 2440 ut
1679 2393 1903 2454 praeter-

313 2486 443 2541 itum
488 2493 700 2555 tempus
741 2498 838 2553 pro
880 2480 1058 2536 futuro
1098 2487 1342 2550 tempore
1384 2477 1661 2532 insinuent
1704 2493 1718 2529 :
1764 2474 1903 2530 sicut

314 2592 474 2648 supra
503 2575 739 2630 diximus
757 2614 774 2641 ,
800 2572 944 2644 quod
968 2570 1257 2642 Apostolus
1287 2568 1422 2625 dixit
1458 2567 1526 2624 de
1551 2566 1726 2631 nobis,
1759 2564 1901 2636 quod

314 2667 467 2723 simul
491 2684 585 2722 nos
612 2666 786 2721 sedere
821 2663 938 2735 fecit
980 2664 1033 2718 in
1074 2660 1392 2728 ctelestibus,
1434 2657 1673 2714 nondum
1701 2655 1900 2712 factum

313 2771 427 2825 est;
458 2759 556 2815 sed
584 2758 710 2829 quia
748 2756 1048 2812 certissime
1080 2762 1165 2811 est
1194 2753 1461 2820 futurum,
1493 2751 1565 2805 ita
1589 2749 1791 2806 dictum
1819 2758 1903 2804 est

314 2852 464 2923 quasi
488 2852 603 2922 jam
625 2850 824 2905 factum
850 2848 938 2904 sit.
964 2845 1114 2903 Sicut
1138 2857 1193 2902 et
1214 2845 1332 2916 ipse
1356 2843 1612 2901 Dominus
1631 2840 1904 2913 discipulis

313 2943 467 3012 dixit,
499 2942 689 2998 Omnia
715 2957 830 3013 qua:
869 2939 1044 2994 audivi
1069 2955 1101 2993 a
1133 2936 1293 2991 Patre
1315 2952 1456 3002 meo,
1495 2944 1615 2989 nota
1644 2934 1740 3006 feci
1766 2932 1904 2988 vobis

320 3034 437 3108 (Id.
477 3051 577 3102 xv,
606 3034 711 3107 15)
742 3051 755 3088 :
782 3040 840 3107 (et
879 3031 1038 3103 paulo
1064 3037 1187 3101 post
1208 3028 1357 3094 dicit,
1388 3027 1560 3083 Multa
1584 3025 1741 3081 habeo
1768 3024 1906 3079 vobis

318 3129 513 3193 dicere;
540 3127 631 3183 sed
665 3144 768 3182 non
794 3126 998 3197 potestis
1017 3123 1111 3179 illa
1134 3131 1336 3197 portare
1354 3121 1503 3176 modo
1526 3119 1635 3194 (Id.
1659 3136 1768 3187 xvr,
1792 3117 1902 3190 12).

317 3218 596 3287 Quomodo
634 3232 765 3290 ergo
803 3216 1055 3282 dixerat,
1104 3215 1291 3271 Omnia
1326 3229 1439 3285 qua:
1467 3211 1638 3267 audivi
1675 3227 1708 3264 a
1754 3208 1907 3265 Patre

317 3328 446 3379 meo,
476 3321 596 3366 nota
618 3311 718 3382 feci
741 3310 899 3376 vobis,
927 3309 1031 3365 nisi
1060 3309 1185 3380 quia
1214 3307 1347 3363 illud
1372 3306 1512 3378 quod
1535 3320 1631 3377 per
1650 3303 1907 3376 Spiritum

319 3412 563 3460 sanctum
587 3404 893 3460 certissime
921 3401 1157 3457 facturus
1186 3409 1321 3466 erat,
1352 3399 1505 3472 quasi
1528 3398 1639 3469 jam
1664 3396 1903 3462 fecisset,

318 3495 522 3552 locutus
564 3495 690 3552 est?
732 3494 822 3551 Sic
847 3509 979 3565 ergo
1015 3509 1139 3550 cum
1179 3492 1459 3560 audimus,
1508 3490 1609 3559 Qui
1652 3488 1808 3544 credit
1854 3488 1909 3543 in

320 3590 611 3658 Christum,
656 3606 762 3645 non
804 3580 964 3644 veniet
994 3588 1050 3642 in
1076 3586 1375 3658 judicium;
1405 3582 1759 3654 intelligamus
1786 3580 1908 3652 quia

318 3699 424 3739 non
462 3674 640 3739 veniet
676 3680 746 3736 ad
777 3679 1198 3736 damnationem.
1241 3676 1443 3733 Dicitur
1484 3674 1626 3731 enim
1651 3672 1908 3744 judicium

320 3789 419 3846 pro
443 3773 811 3841 damnatione,
843 3771 983 3827 sicut
1017 3769 1147 3826 dicit
1168 3768 1476 3840 Apostolus,
1512 3766 1612 3834 Qui
1641 3782 1742 3820 non
1768 3780 1913 3818 man-

322 3868 505 3934 ducet,
549 3865 940 3920 manducantem
968 3879 1069 3917 non
1102 3861 1299 3932 judicet
1334 3860 1527 3932 (Rom.
1569 3874 1682 3925 xlv,
1711 3855 1779 3926 '5)
1813 3874 1826 3910 :
1858 3853 1912 3911 id

324 3967 440 4022 est,
471 3970 581 4013 non
612 3954 683 4011 de
715 3954 811 4010 illo
851 3952 992 4008 male
1020 3951 1313 4008 existimet.
1348 3949 1417 4003 Et
1441 3947 1702 4003 Dominus
1734 3944 1864 3999 dicit
1893 3958 1909 4009 ;

326 4045 499 4101 Nolite
518 4045 778 4117 judicare,
807 4060 871 4098 ne
885 4042 1144 4115 judicetur
1179 4041 1243 4094 de
1279 4040 1418 4094 vobis
1444 4036 1666 4110 (Matth.
1697 4050 1791 4104 vn,
1820 4036 1843 4089 1
1867 4032 1910 4106 ).

327 4137 445 4193 Non
472 4138 615 4193 enim
636 4135 778 4191 tollit
800 4133 959 4191 nobis
980 4132 1380 4203 intelligentiam
1398 4126 1695 4199 judicandi,
1718 4141 1838 4182 cum
1861 4135 1915 4182 et

327 4228 588 4300 propheta
616 4227 790 4294 dicat,
824 4225 887 4283 Si
914 4241 1027 4281 vere
1055 4225 1313 4296 justitiam
1338 4222 1581 4292 diligitis,
1620 4227 1756 4275 recta
1770 4218 1916 4292 judi-

328 4330 455 4385 cete,
486 4320 585 4387 lilii
618 4319 882 4374 hominum
911 4315 1100 4390 (Psal.
1131 4330 1262 4383 LVII,
1291 4314 1327 4368 2
1346 4314 1396 4385 );
1424 4321 1479 4368 et
1506 4313 1620 4383 ipse
1658 4310 1916 4369 Dominus

329 4412 489 4478 dicat,
520 4410 698 4467 Nolite
709 4411 948 4482 judicare
977 4408 1324 4480 personaliter,
1353 4406 1442 4462 sed
1453 4407 1653 4477 justum
1662 4404 1919 4477 judicium

327 4493 552 4575 iudicate
588 4503 781 4573 (.Ioan.
804 4518 899 4569 vn,
936 4500 1008 4557 24
1027 4499 1069 4574 ).
1104 4500 1211 4558 Sed
1232 4499 1325 4555 illo
1355 4498 1475 4555 loco
1505 4497 1596 4554 ubi
1615 4504 1758 4553 vetat
1777 4495 1921 4566 judi-

331 4609 475 4660 care,
499 4594 630 4650 illud
649 4593 923 4661 admonet,
946 4608 1018 4648 ne
1037 4591 1353 4648 damnemus
1379 4589 1632 4661 aliquem,
1660 4587 1813 4658 cujus
1833 4586 1920 4641 vel

333 4686 591 4758 cogitatio
632 4685 788 4742 nobis
817 4700 926 4741 non
955 4692 1039 4740 est
1063 4694 1279 4755 aperta,
1315 4681 1402 4738 vel
1441 4680 1708 4736 nescimus
1747 4676 1923 4747 qualis

330 4787 517 4848 postea
559 4778 632 4833 sit
661 4776 892 4834 futurus.
936 4775 1027 4833 Sic
1058 4789 1188 4846 ergo
1220 4789 1345 4831 cum
1385 4772 1548 4841 dixit,
1578 4772 1647 4825 ad
1673 4769 1923 4838 iudicium

333 4887 434 4926 non
470 4871 671 4940 veniet;
712 4871 816 4926 hoc
837 4870 1008 4938 dixit,
1049 4869 1174 4940 quia
1199 4882 1308 4924 non
1334 4865 1515 4923 veniet
1538 4863 1605 4919 ad
1628 4860 1925 4919 damnatio-

332 4976 481 5017 nem.
506 4962 608 5029 Qui
624 4970 797 5017 autem
821 4977 925 5016 non
948 4959 1141 5027 credit,
1172 4960 1283 5030 jam
1298 4957 1560 5028 judicatus
1581 4963 1651 5010 est
1678 4953 1698 5024 (
1721 4950 1808 5005 Id.
1836 4965 1921 5015 ιιι,

336 5052 472 5125 18);
506 5053 608 5110 hoc
652 5052 820 5119 dixit,
857 5051 981 5123 quia
1014 5050 1127 5121 jam
1156 5049 1439 5105 damnatus
1472 5054 1556 5103 est
1592 5040 1927 5115 praiscientia

342 5144 456 5211 Dei,
487 5145 581 5217 qui
607 5145 756 5201 novit
782 5144 911 5215 quid
940 5142 1217 5198 immineat
1240 5154 1346 5195 non
1366 5135 1726 5194 credentibus.

407 5234 636 5294 CAPUT
677 5233 1129 5293 XXVlll.—50.
1174 5230 1287 5287 Nec
1333 5229 1420 5303 qui
1464 5227 1637 5282 dicunt
1678 5224 1931 5296 Spiritum

342 5331 645 5400 promissum
666 5330 859 5386 venisse
880 5329 936 5383 in
961 5327 1153 5397 Paulo,
1178 5334 1266 5381 aut
1287 5322 1558 5388 Montano,
1579 5328 1676 5375 etc.
1705 5317 1815 5374 Nec
1839 5330 1933 5372 eos

339 5420 652 5491 audiamus,
695 5422 788 5493 qui
828 5420 1015 5477 dicunt
1050 5419 1309 5491 Spiritum
1356 5423 1599 5473 sanctum
1619 5454 1635 5481 ,
1680 5425 1838 5483 quem
1877 5408 1932 5463 in

340 5511 629 5584 Evangelio
658 5512 920 5569 Dominus
958 5510 1204 5581 promisit
1241 5506 1541 5578 discipulis,
1571 5512 1663 5559 aut
1686 5503 1742 5558 in
1769 5498 1935 5557 Paulo

339 5607 586 5675 apostolo
609 5606 828 5663 venisse
850 5646 868 5675 ,
903 5613 995 5661 aut
1022 5605 1079 5660 in
1120 5604 1372 5659 Montano
1400 5608 1455 5657 et
1483 5597 1756 5665 Priscilla,
1798 5594 1938 5649 sicut

340 5696 709 5773 Catapltryges
734 5699 943 5766 dicunt,
966 5705 1059 5754 aut
1084 5697 1137 5752 in
1158 5695 1340 5755 nescio
1358 5708 1465 5766 quo
1488 5691 1697 5748 Manete
1720 5686 1804 5742 vel
1828 5684 1938 5739 Ma-

1726 330 1931 388 LIBEB
1971 327 2171 388 UNUS.

3487 327 3593 387 306

2009 447 2117 516 isti,
2152 457 2207 503 ut
2231 446 2531 516 Scripturas
2558 444 2866 501 manifestas
2886 459 2991 501 non
3019 445 3348 516 intelligant;
3368 452 3463 499 aut
3482 453 3591 501 tam

2006 540 2335 610 negligentes
2365 538 2549 593 salutis
2578 553 2688 594 suae
2708 580 2722 603 ,
2767 546 2824 593 ut
2847 537 3069 592 omnino
3092 551 3201 592 non
3225 535 3425 607 legant.
3456 535 3591 604 Quis

2005 633 2181 699 enim,
2212 648 2332 688 cum
2378 631 2603 702 legerit,
2648 645 2752 686 non
2782 630 3043 700 intelligat
3080 630 3162 683 vel
3203 628 3257 682 in
3301 626 3589 698 Evangelio

2005 723 2146 795 quod
2188 734 2308 794 post
2351 724 2558 778 Domini
2601 722 3046 778 resurrectionem
3077 721 3331 790 scriptum
3358 727 3479 788 est,
3511 719 3594 776 di-

2005 827 2158 874 cente
2184 817 2427 883 Domino,
2452 814 2566 887 Ego
2589 817 2732 870 mitto
2756 816 3056 887 promissum
3079 813 3253 869 Patris
3274 815 3369 868 mei
3390 815 3442 867 in
3469 829 3557 868 vos
3572 830 3593 878 ;

2005 928 2091 966 vos
2120 920 2287 966 autent
2325 910 2489 965 sedete
2526 910 2606 963 hic
2642 910 2692 963 in
2733 910 2956 975 civitate,
2998 923 3254 979 quousque
3304 906 3593 960 induamini

2004 1004 2185 1057 virtute
2214 1020 2277 1057 ea;
2307 1003 2408 1056 alto
2436 1001 2583 1071 (Luc.
2613 1018 2760 1068 xxiv,
2783 1002 2852 1057 49
2874 1002 2925 1071 )?
2946 1001 3011 1056 Et
3038 1000 3092 1054 in
3116 998 3335 1054 Actibus
3363 1000 3595 1068 Aposto-

2005 1094 2200 1160 lorum,
2231 1102 2574 1165 posteaquam
2600 1088 2852 1147 Dominus
2877 1090 3135 1147 abscessit
3154 1107 3183 1145 a
3211 1090 3592 1161 discipulorum

2006 1185 2179 1241 oculis
2205 1185 2260 1239 in
2296 1184 2489 1240 coelum
2515 1226 2529 1250 ,
2557 1183 2743 1239 decem
2775 1182 2961 1237 diebus
2986 1180 3239 1251 peractis,
3281 1180 3368 1235 die
3402 1180 3596 1235 Pente-

2005 1284 2183 1333 costes
2227 1290 2333 1330 non
2371 1273 2653 1331 attendunt
2700 1272 3035 1344 apertissime
3082 1272 3295 1328 venisse
3334 1270 3593 1341 Spiritum

2006 1377 2282 1434 sanctum;
2312 1376 2365 1423 et
2389 1383 2510 1422 cum
2539 1375 2717 1423 essent
2743 1365 2820 1419 illi
2846 1365 2896 1419 in
2924 1364 3159 1430 civitate,
3192 1364 3327 1419 sicut
3348 1377 3441 1418 eos
3467 1369 3593 1417 ante

2005 1468 2307 1524 monuerat,
2335 1458 2637 1529 implevisse
2662 1457 2802 1522 illos,
2830 1457 2902 1511 ita
2922 1464 2983 1511 ut
3002 1456 3351 1527 loquerentur
3376 1454 3591 1524 linguis.

2004 1551 2141 1607 Nam
2163 1550 2388 1606 diversa:
2417 1550 2661 1604 nationes
2680 1564 2798 1618 quae
2820 1555 2943 1602 tunc
2963 1546 3203 1615 aderant,
3229 1545 3595 1615 unusquisque

2006 1643 2336 1699 audientium
2365 1658 2515 1699 suam
2545 1642 2776 1711 linguam
2802 1637 3320 1711 intelligebant(Act.
3339 1653 3396 1701 ιι,
3416 1636 3591 1710 1-11).

2005 1736 2113 1793 Sed
2135 1737 2219 1792 isti
2247 1736 2490 1791 homines
2516 1734 2786 1805 decipiunt
2812 1749 2905 1788 eos
2934 1733 3025 1802 qui
3053 1731 3383 1802 negligentes
3406 1729 3596 1785 catho-

2006 1830 2163 1885 licam
2186 1828 2344 1884 ﬁdem
2368 1829 2407 1894 ¹,
2441 1836 2493 1882 et
2518 1826 2686 1896 ipsam
2709 1824 2869 1879 ﬁdem
2897 1837 3046 1877 suam
3075 1836 3195 1892 quae
3222 1821 3275 1876 in
3302 1819 3595 1891 Scripturis

2007 1923 2290 1980 manifesta
2315 1930 2416 1988 est,
2450 1920 2636 1975 nolunt
2660 1919 2867 1975 discere
2891 1920 2935 1987 ³,
2983 1924 3038 1973 et
3087 1916 3227 1986 quod
3251 1923 3334 1973 est
3377 1915 3597 1987 gravius

2007 2025 2063 2073 et
2091 2017 2318 2071 multum
2347 2012 2632 2069 dolendum
2656 2053 2671 2077 ,
2710 2025 2833 2066 cum
2874 2010 2928 2064 in
2968 2008 3242 2065 Catholica
3267 2007 3288 2040 ⁸
3316 2006 3598 2078 negligen-

2009 2119 2090 2165 ter
2114 2115 2394 2165 versentur
2415 2146 2431 2173 ,
2464 2102 2729 2160 haereticis
2758 2116 2941 2157 aurem
2969 2100 3254 2172 diligenter
3286 2111 3598 2157 accommo-

2008 2202 2157 2258 dant.

2071 2292 2296 2351 CAPUT
2321 2290 2655 2348 XXlX.—'5i
2667 2329 2682 2344 .
2699 2288 2809 2345 Nec
2820 2287 3060 2344 audiendi
3070 2287 3353 2343 Donatistis
3361 2294 3602 2358 negantes

2007 2386 2289 2443 Ecclesiam
2320 2402 2407 2456 per
2449 2385 2618 2439 orbem
2639 2399 2744 2438 esse
2759 2381 3020 2449 diffusam.
3052 2381 3284 2435 Donatus
3303 2382 3414 2450 ipse
3432 2395 3465 2432 a
3491 2378 3600 2433 suis

2009 2480 2216 2534 divisus.
2244 2476 2475 2532 Donatus
2504 2474 2681 2531 Romae
2707 2492 2821 2529 cum
2847 2472 3117 2529 Caeciliano
3154 2487 3363 2527 causam
3386 2470 3556 2524 dicens
3578 2510 3598 2538 ,

2008 2571 2138 2627 nihil
2166 2568 2362 2641 probat.
2396 2566 2677 2622 Donatista:
2712 2564 3031 2636 Baptismum
3064 2562 3161 2618 nisi
3194 2561 3295 2635 ipsi
3341 2559 3591 2625 dederint,

2007 2666 2213 2720 inanem
2249 2679 2355 2718 esse
2393 2660 2585 2717 volunt.
2623 2657 2734 2715 Nec
2761 2673 2855 2714 eos
2883 2656 3183 2722 audiamus,
3224 2654 3316 2727 qui
3356 2660 3599 2709 sanctam

2009 2756 2326 2823 Ecclesiam,
2371 2770 2489 2825 quae
2518 2768 2623 2809 una
2649 2751 2911 2807 catholica
2935 2758 3036 2814 est,
3065 2755 3258 2818 negant
3285 2761 3384 2817 per
3412 2743 3603 2801 orbem

2009 2862 2133 2906 esse
2171 2847 2440 2913 diffusam,
2487 2843 2582 2901 sed
2625 2844 2679 2899 in
2704 2843 2818 2899 sola
2859 2840 3057 2908 Africa,
3087 2837 3193 2894 hoc
3215 2846 3320 2907 est,
3353 2836 3410 2891 in
3448 2842 3605 2906 parte

2011 2940 2203 2997 Donati
2244 2938 2447 3009 pollere
2485 2936 2831 2992 arbitramur.
2873 2931 2949 2988 lta
2996 2930 3144 2988 surdi
3182 2937 3307 2986 sunt
3343 2927 3604 2983 adversus

2011 3032 2327 3103 prophetam
2370 3029 2657 3093 dicentem,
2700 3023 2870 3079 Filius
2916 3038 3056 3077 meus
3097 3038 3149 3075 es
3197 3028 3272 3088 tu,
3320 3034 3412 3089 ego
3456 3014 3607 3069 hodie

2011 3124 2162 3197 genui
2188 3132 2234 3177 te
2253 3138 2271 3175 :
2297 3120 2498 3192 postulo
2520 3135 2553 3171 a
2576 3133 2674 3184 me,
2712 3124 2759 3169 et
2783 3113 2913 3168 dabo
2943 3112 3030 3166 tibi
3054 3120 3225 3182 gentes
3261 3107 3607 3163 [nereditatem

2014 3223 2173 3282 tuam,
2211 3222 2257 3267 et
2285 3210 2645 3284 possessionem
2687 3217 2825 3260 tuam
2853 3204 3089 3260 terminos
3138 3213 3284 3257 teme
3314 3199 3487 3267 (Psal.
3525 3214 3602 3266 tt,

2014 3307 2065 3375 7,
2100 3305 2180 3378 8).
2220 3306 2288 3360 Et
2306 3303 2407 3359 alia
2435 3300 2620 3367 multa,
2649 3298 2761 3355 sive
2787 3298 2841 3352 in
2865 3294 3096 3359 Veteris,
3125 3292 3239 3349 sive
3262 3292 3316 3346 in
3341 3290 3475 3345 Novi
3501 3288 3606 3346 Te-

2014 3398 2264 3456 stamenti
2292 3396 2465 3464 libris,
2509 3409 2629 3465 quae
2654 3392 2853 3462 scripta
2881 3397 3024 3453 sunt,
3054 3396 3115 3442 ut
3138 3385 3476 3457 apertissime
3503 3383 3606 3439 de-

2013 3490 2217 3547 clarent
2239 3486 2537 3544 Ecclesiam
2564 3481 2761 3538 Christi
2788 3496 2884 3551 per
2909 3478 3094 3535 orbem
3120 3484 3281 3533 terra:
3303 3490 3425 3533 esse
3449 3472 3608 3529 diﬂ‘u-

2015 3598 2150 3639 sam.
2190 3580 2343 3649 Quod
2372 3593 2495 3635 cum
2522 3577 2600 3632 eis
2625 3572 2926 3644 objicimus,
2953 3570 3135 3627 dicunt
3155 3568 3266 3638 jam
3287 3567 3388 3623 ista
3426 3565 3608 3622 omnia

2014 3675 2178 3731 fuisse
2225 3672 2522 3742 completa,
2572 3676 2857 3738 antequam
2901 3673 3047 3721 esset
3091 3677 3214 3734 pars
3253 3661 3462 3725 Donati,
3511 3659 3609 3716 sed

2016 3774 2199 3838 postea
2249 3771 2415 3819 totam
2472 3758 2768 3815 Ecclesiam
2795 3757 3019 3827 perisse,
3052 3762 3108 3810 et
3160 3753 3214 3806 in
3258 3752 3373 3805 sola
3416 3749 3608 3805 Donati

2017 3871 2168 3933 parte
2208 3858 2461 3928 reliquias
2506 3854 2623 3925 ejus
2668 3850 2987 3906 remansisse
3026 3843 3374 3902 contendunt.
3418 3842 3462 3900 Ο
3504 3842 3609 3896 lin-

2017 3969 2175 4027 guam
2214 3950 2497 4021 superbam
2535 3954 2591 4001 et
2611 3941 2900 3999 nefariam!
2948 3954 3047 3995 nec
3074 3939 3119 3993 si
3156 3951 3285 3992 vere
3336 3936 3414 3991 sic
3462 3935 3610 3988 vive-

2017 4023 2158 4110 rent,
2191 4050 2249 4096 ut
2274 4041 2358 4096 vel
2384 4040 2521 4093 inter
2548 4050 2607 4090 se
2633 4048 2818 4104 pacem
2860 4037 3045 4101 postea
3074 4026 3424 4083 custodirent.
3454 4023 3608 4079 Nunc

2019 4132 2197 4192 autem
2223 4149 2330 4189 non
2360 4128 2639 4186 attendunt
2658 4130 2769 4196 jam
2804 4125 2858 4179 in
2897 4123 3014 4194 ipso
3052 4121 3259 4176 Donato
3282 4118 3609 4188 completum

2023 4231 2187 4287 fuisse
2210 4225 2351 4299 quod
2380 4223 2579 4278 dictum
2606 4227 2709 4286 est,
2736 4218 2804 4272 In
2831 4233 2932 4289 qua
2952 4230 3186 4270 mensura
3208 4211 3363 4267 mensi
3392 4210 3609 4283 fueritis,

2019 4324 2077 4378 in
2096 4339 2155 4378 ea
2172 4318 2457 4375 remetietur
2475 4314 2610 4370 vobis
2636 4310 2850 4384 (Matth.
2879 4325 2974 4375 vn,
3000 4307 3079 4379 Ξ).
3121 4305 3272 4362 Sicut
3291 4303 3432 4359 enim
3453 4300 3612 4356 Chri-

2023 4424 2164 4472 stum
2191 4409 2431 4468 dividere
2458 4412 2682 4463 conatus
2705 4410 2804 4470 est,
2836 4403 2914 4458 sic
2952 4401 3067 4472 ipse
3109 4413 3138 4452 a
3167 4398 3278 4453 suis
3306 4393 3614 4465 quotidiana

2024 4507 2331 4564 concisione
2377 4502 2648 4559 dividitur.
2708 4497 2790 4553 Ad
2838 4496 2942 4551 hoc
3000 4495 3159 4549 etiam
3206 4491 3440 4562 pertinet
3484 4485 3615 4540 illud

2026 4600 2169 4673 quod
2190 4596 2446 4653 Dominus
2474 4593 2621 4657 dicit,
2666 4590 2766 4654 Qui
2789 4588 2921 4642 enim
2947 4585 3117 4655 gladio
3151 4580 3469 4653 percusserit,
3498 4577 3614 4647 gla-

2028 4668 2113 4747 dio
2156 4689 2395 4743 morietur
2424 4683 2536 4755 (Id.
2583 4696 2729 4747 xxvr,
2762 4677 2872 4747 52).
2914 4674 3134 4731 Gladius
3170 4671 3310 4726 enim
3343 4669 3436 4724 illo
3468 4668 3608 4732 loco,
3656 4704 3671 4721 κ

2029 4778 2291 4851 siquidem
2338 4776 2391 4831 in
2416 4774 2558 4829 malo
2604 4769 2807 4841 positus
2836 4774 2937 4830 est,
2970 4761 3350 4819 discordiosam
3377 4758 3615 4827 linguam

2030 4848 2313 4944 significat,
2344 4883 2447 4938 qua
2493 4875 2619 4920 tunc
2646 4862 2734 4915 ille
2777 4857 2960 4913 infelix
2990 4854 3280 4910 Ecclesiam
3309 4848 3611 4921 percussit,

2032 4936 2126 5021 sed
2155 4977 2262 5018 non
2287 4936 2501 5016 occidit.
2530 4954 2647 5010 Non
2687 4950 2826 5007 enim
2853 4947 2993 5002 dixit
3032 4943 3312 5006 Dominus,
3343 4937 3443 5007 Qui
3469 4936 3617 4992 occi-

2032 5058 2173 5117 derit
2209 5054 2405 5127 gladio,
2437 5048 2613 5122 gladio
2654 5043 2948 5106 morietur;
2995 5035 3108 5104 sed,
3158 5034 3256 5101 Qui
3285 5032 3462 5127 gladio
3493 5046 3617 5127 usus

2035 5121 2424 5223 fueritfinquit,
2447 5121 2623 5213 gladio
2644 5135 2901 5191 morietur.
2942 5130 3084 5199 Ergo
3114 5126 3201 5182 ille
3230 5123 3491 5196 percussit
3510 5121 3618 5176 Ec-

2036 5219 2252 5300 clesiam
2287 5239 2465 5308 lingua
2489 5232 2737 5304 litigiosa,
2765 5241 2868 5298 qua
2897 5239 3040 5280 nunc
3069 5223 3183 5294 ipse
3210 5219 3525 5281 conciditur,
3558 5224 3616 5268 ut

2037 5333 2256 5391 omnino
2277 5307 2548 5400 dispereat
2563 5333 2723 5394 atque
2742 5319 3018 5375 moriatur.
3048 5316 3114 5372 Et
3136 5324 3310 5371 tamen
3339 5307 3468 5365 illud
3495 5314 3620 5360 tunc

2105 5470 2122 5501 ι
2157 5467 2296 5529 miti.
2321 5459 2827 5529 ςαίηεθβθεηεςεβτυη
2842 5435 3623 5529 ίτι.εαι¹ι9ιξςει.ἇάξ;ἑξ3¹ἓὲςιξ¹ἶέξ

2040 5497 2826 5597 ηεριῌέἔῖἇῑῆῗὶῗιᾶίίῖιῖὧξ
2844 5497 2940 5577 iii,
2946 5497 3048 5578 "(iiii
3355 5504 3409 5557 in
3421 5497 3623 5554 σαιΙαὶιὶ-

2041 5605 2151 5645 eam
2171 5604 2334 5658 ﬁdem.
3391 5628 3400 5637 _

2104 5657 2125 5687 ³
2158 5658 2232 5703 sic
2252 5659 2384 5701 Parv.
2435 5656 2487 5700 et
2527 5645 2822 5711 plures
2847 5648 2902 5711 A_t
2940 5646 3038 5686 Αιιι.
3063 5631 3528 5711 eritfvpudt‘eere.

2109 5717 2131 5750 ³
2159 5694 2509 5775 ﬁni—addunt,
2531 5694 2631 5777 me
2646 5694 2687 5762 ξ’
2700 5694 2837 5770 cujus
2880 5701 2984 5753 loco
3026 5694 3274 5749 subaudiri
3297 5697 3489 5758 potest,
3533 5695 3625 5741 Ec-

337 5792 549 5855 nichaeo
569 5835 586 5867 ,
616 5794 759 5855 sicut
791 5791 1305 5875 Manichaeidicunt.
1331 5788 1467 5852 Tam
1493 5784 1639 5849 enim
1660 5780 1792 5847 caeci
1813 5785 1942 5842 sunt
2049 5777 2209 5839 etesia.
