4124 6206
465 381 568 441 507

467 496 742 568 apostolus
784 491 998 555 Petrus,
1049 503 1155 542 non
1208 483 1455 553 superbia
1505 496 1621 544 sua,
1673 475 1765 530 sed
1810 471 2049 542 quamvis

467 561 689 653 carnali,
722 595 898 640 tamen
925 594 1106 636 amore
1148 575 1356 632 Domini
1399 573 1618 625 fecerat.
1653 567 1833 634 Itaque
1860 561 2047 616 admo-

467 679 612 733 nitus
653 651 895 732 recondit
921 669 1196 742 gladium:
1236 667 1334 719 iste
1377 673 1553 715 autem
1600 673 1697 712 nec
1742 655 1912 708 victus
1951 651 2052 704 hoc

468 769 614 824 fecit.
657 765 929 836 Siquidem
956 777 1077 818 cum
1109 761 1360 828 episcopo
1379 752 1662 808 Caeciliano
1693 762 1908 804 causam
1930 757 2050 799 cum

469 861 692 926 diceret,
739 855 1076 911 audientibus
1101 849 1363 921 episcopis
1403 847 1607 906 Romae,
1637 854 1772 912 quos
1815 840 1929 908 ipse.
1953 851 2051 906 pe-

471 953 680 1017 tiverat,
727 948 858 1003 nihil
893 960 1076 1001 eorum
1107 958 1223 1012 quae
1255 937 1552 994 intenderat
1597 933 1768 1003 potuit
1793 929 2051 1000 probare;

469 1053 523 1096 et
540 1042 618 1096 sic
638 1041 892 1096 remansit
915 1038 965 1091 in
996 1035 1298 1098 schismate,
1329 1041 1382 1084 ut
1407 1044 1505 1082 suo
1531 1025 1706 1098 gladio
1732 1029 2050 1076 moreretur.

469 1130 706 1200 Populus
744 1137 922 1182 autem
967 1126 1154 1194 ipsius,
1201 1121 1412 1192 quando
1442 1134 1547 1172 non
1577 1115 1723 1170 audit
1763 1112 2056 1181 Prophetas

471 1227 527 1275 et
568 1219 940 1288 Evangelium,
987 1217 1040 1270 in
1083 1215 1274 1285 quibus
1321 1209 1658 1280 apertissime
1687 1205 1942 1273 scriptum
1973 1208 2058 1255 est

472 1310 768 1366 Ecclésiam
800 1308 994 1377 Christi
1022 1323 1115 1376 per
1141 1320 1326 1359 omnes
1352 1311 1540 1372 gentes
1567 1313 1686 1353 esse
1708 1295 1974 1355 diffusam,
2003 1298 2058 1344 et

471 1404 619 1459 audit
661 1402 1048 1466 δοιιίειιιίιιὶοοε,
1083 1413 1188 1453 ιιοη
1223 1396 1313 1450 Dei
1342 1393 1561 1465 gloriam
1605 1395 1927 1458 quzercntcs,
1961 1379 2056 1438 sed

471 1515 648 1567 suam,
679 1499 808 1553 satis
833 1495 1091 1567 significat
1116 1505 1329 1548 servum
1350 1505 1408 1544 se
1432 1501 1574 1550 esse,
1603 1499 1706 1537 non
1734 1479 1982 1543 liberum,
2001 1483 2058 1530 et

473 1607 655 1648 aurem
703 1591 974 1646 dexteram
1005 1602 1064 1642 se
1107 1586 1303 1640 habere
1349 1579 1641 1650 praecisam.
1685 1575 1872 1628 Petrus
1916 1570 2056 1625 enim

474 1697 662 1738 errans
692 1684 747 1736 in
773 1695 956 1735 amore
998 1675 1232 1742 Domini,
1281 1687 1455 1736 servo,
1507 1684 1612 1722 non
1655 1665 1844 1728 libero,
1875 1675 2058 1715 aurem

475 1774 748 1832 dexteram
779 1771 1039 1844 praecidit.
1083 1769 1162 1823 Ex
1201 1781 1305 1838 quo
1336 1762 1613 1833 signiﬁcat,
1644 1774 1736 1814 eos
1767 1755 1853 1825 qui
1885 1751 2060 1844 gladio

475 1842 796 1922 schismatis‘
827 1863 1110 1924 feriuntur,
1143 1868 1196 1912 et
1240 1869 1423 1911 servos
1451 1867 1569 1906 esse.
1601 1847 1890 1903 cartmlium
1919 1842 2060 1898 desi-

475 1957 780 2021 deriorum,
829 1952 1065 2009 nondum
1115 1947 1334 2003 eductos
1386 1946 1436 1998 iu
1493 1943 1789 1996 libertatem
1831 1935 2060 2005 Spiritus

475 2044 671 2111 sancti,
711 2054 772 2100 ut
789 2045 900 2115 jam
946 2058 1052 2097 non
1082 2039 1351 2096 confidant
1377 2037 1426 2090 in
1460 2033 1708 2094 homine;
1739 2038 1791 2084 et
1819 2042 1921 2080 non
1965 2039 2061 2078 au-

482 2137 598 2194 dire
622 2137 764 2208 quod
812 2135 1056 2188 dextrum
1088 2141 1190 2194 est,
1225 2127 1274 2182 id
1317 2136 1420 2192 est,
1453 2122 1662 2178 Domini
1707 2119 1925 2190 gloriam
1969 2128 2064 2182 per

477 2228 794 2286 catholicam
815 2227 1104 2282 Ecclesiam
1122 2223 1379 2277 latissime
1399 2225 1754 2287 pervagatum,
1770 2212 1862 2267 sed
1881 2208 2064 2263 audire

477 2319 758 2376 sinistrum
813 2318 1056 2371 humana:
1109 2311 1396 2368 inflationis
1439 2321 1697 2361 errorem.
1737 2301 1840 2357 Sed
1887 2311 2062 2354 tamen

479 2425 602 2466 cum
648 2409 903 2463 Dominus
945 2407 1085 2460 dicat
1131 2405 1182 2457 in
1223 2399 1528 2469 Evangelia,
1577 2393 1710 2450 cnm’
1743 2409 1836 2462 per
1879 2403 2066 2444 omnes

479 2512 665 2572 gentes
715 2495 1056 2567 Evangelium
1120 2493 1276 2548 fuerit
1336 2489 1698 2561 prtcdicatum,
1745 2495 1870 2538 tunc
1907 2483 2064 2535 linem

480 2607 602 2649 esse
627 2590 860 2646 futurum
887 2587 1095 2659 (Matth.
1119 2601 1268 2648 xxw,
1295 2583 1385 2651 14)
1411 2598 1424 2645 ;
1449 2578 1714 2650 quomoda
1748 2575 1834 2630 isti
1881 2573 2068 2627 dicunt

482 2683 625 2758 quod
645 2681 756 2752 jam
785 2689 992 2734 caetera:
1021 2692 1210 2732 omnes
1239 2683 1423 2744 gentes
1461 2669 1770 2725 ceciderunt
1799 2681 1827 2718 a
1861 2663 1982 2727 fide,
2015 2669 2070 2716 et

485 2753 543 2829 in
576 2771 688 2827 sola
719 2777 870 2842 parte
897 2768 1084 2822 Donati
1113 2764 1365 2820 remansit
1391 2760 1650 2825 Ecclesia,
1679 2772 1798 2812 cum
1842 2753 2062 2808 manife-

485 2872 626 2920 stum
669 2860 758 2926 sit,
803 2877 868 2914 ex
906 2873 1012 2929 quo
1043 2858 1140 2911 iSla
1181 2869 1304 2926 pars
1333 2853 1400 2906 ab
1448 2851 1648 2906 unitate
1693 2846 1909 2918 praecisa
1940 2853 2022 2899 est
2049 2885 2065 2910 ,

488 2953 776 3012 nonnullas
802 2959 989 3022 gentes
1016 2957 1200 3019 postea
1227 2944 1537 3008 credidisse,
1559 2951 1609 2995 et
1637 2937 1812 2994 adhuc
1835 2951 1954 2992 esse
1975 2935 2072 2989 ali-

487 3060 619 3118 quas
644 3057 762 3114 qua:
792 3040 1028 3096 nondum
1055 3036 1416 3098 crediderunt,
1458 3029 1650 3102 quibus
1693 3027 1926 3099 quotidie
1965 3037 2070 3080 non

487 3144 728 3193 cessatur
753 3135 770 3166 ί
815 3125 1162 3202 Evangelium
1190 3121 1506 3200 praadicari?
1547 3122 1676 3190 Quis
1720 3136 1823 3174 non
1854 3119 2073 3173 miretur

489 3241 612 3286 esse
641 3227 870 3298 aliquem
912 3223 1002 3295 qui
1028 3237 1086 3278 se
1114 3221 1458 3276 christianum
1489 3215 1592 3270 dici
1621 3215 1763 3281 velit,
1795 3221 1850 3267 et
1881 3212 2072 3266 adver-

491 3335 584 3376 sus
607 3315 806 3374 Christi
838 3314 1060 3386 gloriam
1099 3319 1242 3367 tanta
1283 3309 1556 3378 impietate
1599 3305 1854 3376 rapiatur,
1891 3311 1947 3357 ut
1975 3317 2068 3355 au-

493 3411 618 3468 deat
639 3407 819 3466 dicere
843 3419 1030 3462 omnes
1053 3403 1276 3474 populos
1302 3400 1562 3475 gentium,
1593 3397 1682 3472 qui
1711 3394 1870 3454 modo
1901 3392 2077 3452 adhuc

498 3500 761 3560 accedunt
798 3499 1054 3558 Ecclesiae
1099 3498 1218 3566 Dei,
1250 3506 1304 3553 et
1328 3499 1379 3552 in
1414 3497 1507 3551 Dei
1530 3494 1723 3548 Filium
1764 3491 2076 3546 festinanter

497 3597 742 3662 credunt,
787 3593 1014 3659 inaniter
1041 3591 1236 3656 facere,
1279 3589 1397 3658 quia
1426 3602 1529 3641 non
1558 3601 1650 3639 eos
1679 3583 1867 3652 aliquis
1906 3582 2074 3634 dona-

499 3685 620 3742 tista
641 3683 911 3755 baptizat?
931 3682 1058 3737 Sine
1073 3679 1231 3736 dubio
1259 3679 1356 3733 ista
1378 3681 1782 3732 exsecrarentur
1807 3671 2070 3733 homines,

498 3784 556 3832 et
580 3791 673 3832 eos
699 3775 814 3832 sine
839 3773 1090 3829 dilatione
1130 3771 1509 3840 relinquerent,
1540 3767 1582 3821 si
1624 3762 1886 3818 Christum
1927 3775 2076 3831 qure-

499 3874 698 3934 rerent,
746 3865 789 3922 si
821 3865 1112 3920 Ecclesiam
1161 3861 1456 3932 diligerent,
1511 3857 1556 3911 si
1603 3854 1750 3909 liberi
1799 3860 1998 3917 essent,
2032 3851 2077 3905 si

501 3972 687 4014 aurem
712 3957 984 4014 dexteram
1017 3956 1272 4024 integram
1308 3953 1616 4008 retinerent.

572 4047 798 4105 CAPUT
834 4045 1004 4105 XXX.
1031 4077 1104 4090 -—
1123 4045 1212 4102 '52.
1241 4043 1359 4098 Non
1386 4041 1622 4097 audiendi
1645 4037 1972 4108 Luciferiani,
1995 4036 2081 4106 qui

503 4140 617 4195 licet
656 4155 756 4192 non
789 4136 1115 4206 rebaptizent,
1145 4135 1478 4204 prceciderunt
1519 4148 1571 4185 se
1592 4131 1652 4183 ab
1683 4129 1932 4193 Ecclesia,
1964 4127 2082 4196 quia

501 4229 852 4298 resipiscentes
874 4227 937 4279 ab
963 4227 1154 4278 Ariona
1179 4225 1355 4277 haeresi
1392 4221 1678 4290 recipiebat.
1719 4219 1826 4274 Nec
1852 4234 1946 4274 eos
1981 4234 2079 4272 au-

503 4317 733 4381 diamus,
780 4317 868 4386 qui
898 4314 1140 4384 quamvis
1185 4313 1450 4366 neminem
1500 4308 1848 4377 rebaptizent,
1894 4305 2082 4376 praeci-

504 4413 698 4470 derunt
727 4426 786 4468 se
813 4419 986 4466 tamen
1012 4408 1079 4463 ab
1105 4407 1328 4472 unitate,
1363 4412 1416 4460 et
1439 4401 1756 4458 Luciferiani
1785 4401 1954 4470 magis
1975 4399 2081 4454 dict

504 4523 664 4582 quam
705 4503 961 4563 Catholici
991 4500 1308 4557 maluerunt.
1349 4497 1408 4553 in
1429 4512 1494 4553 eo
1514 4495 1653 4550 enim
1699 4491 1840 4562 quod
1890 4490 2083 4545 intelli-

481 4587 634 4676 ‘gunt
671 4599 933 4670 baptisma
977 4594 1172 4652 Christi
1215 4606 1322 4648 non
1366 4604 1486 4646 esse
1531 4584 1896 4657 repetendum,
1939 4591 2082 4638 recte

505 4691 723 4748 faciunt.
763 4689 1009 4746 Sentiunt
1051 4687 1193 4742 enim
1235 4685 1637 4740 Sacramentum
1683 4677 1848 4733 sancti
1889 4675 2082 4730 lavacri

505 4799 767 4856 nusquam
811 4795 950 4845 esse,
995 4779 1096 4834 nisi
1123 4793 1190 4834 ex
1219 4774 1481 4832 catholica
1513 4771 1781 4838 Ecclesia;
1832 4768 1925 4825 sed
1966 4784 2082 4824 eam

506 4875 731 4932 formam
767 4888 946 4929 secum
999 4870 1194 4926 habere
1235 4875 1502 4924 sarmenta
1546 4863 1784 4934 praecisa,
1831 4875 1990 4931 quam
2033 4861 2082 4914 in

507 4967 620 5039 ipsa
662 4968 788 5033 vite,
841 4975 1126 5034 antequam
1166 4959 1596 5032 praeciderentur,
1643 4959 1978 5022 acceperant.
2021 4951 2084 5004 Hi

509 5067 637 5122 sunt
661 5059 800 5112 enim
828 5057 894 5112 de
919 5056 1110 5127 quibus
1157 5052 1442 5124 Apostolus
1468 5049 1597 5104 dicit
1627 5067 1640 5102 :
1673 5045 1928 5100 Habentes
1969 5060 2084 5113 spe.

509 5149 634 5205 ciem
662 5148 882 5219 pietatis,
908 5147 1138 5201 uirtutem
1175 5156 1341 5200 autem
1367 5144 1476 5214 ejus
1500 5140 1799 5210 abnegtmtes
1831 5135 1911 5209 (ll
1953 5135 2081 5189 Tim.

509 5259 590 5310 ιιι,
619 5242 698 5312 5).
739 5239 836 5296 Est
863 5241 1004 5294 enim
1025 5254 1209 5309 magna
1228 5239 1396 5293 virtus
1420 5235 1651 5306 pietatis,
1681 5247 1779 5302 pax
1803 5242 1854 5284 et
1879 5230 2084 5295 unitas;

509 5335 633 5406 quia
655 5347 788 5388 unus
806 5339 886 5387 est
907 5331 1065 5386 Deus.
1099 5329 1246 5383 Hanc
1264 5329 1340 5382 illi
1363 5343 1469 5382 non
1499 5326 1712 5388 habent,
1736 5323 1856 5392 quia
1877 5319 2087 5390 praecisi

509 5427 580 5482 ab
599 5427 800 5483 unitate
819 5433 960 5480 sunt.
1003 5421 1204 5492 Itaque,
1233 5421 1276 5475 si
1303 5421 1392 5491 qui
1418 5435 1483 5474 ex
1513 5417 1641 5488 ipsis
1670 5415 1733 5468 ad
1760 5413 2086 5468 Catholicam

512 5518 862 5581 veniunt,non
887 5515 1082 5569 iterant
1096 5509 1326 5580 Speciem
1351 5509 1562 5576 pietatis
1579 5521 1734 5576 quam
1749 5503 1966 5566 habent;
1987 5499 2081 5555 sed

513 5611 778 5681 accipiunt
805 5609 1050 5664 virtutem
1079 5603 1290 5675 pietatis
1313 5618 1468 5671 quam
1499 5617 1600 5654 nou
1625 5599 1838 5652 habent.
1875 5595 2004 5649 Nam
2036 5603 2088 5648 et

513 5710 810 5771 amputatae
846 5715 1024 5754 ramos
1048 5698 1224 5753 denuo
1252 5708 1410 5765 posse
1438 5690 1686 5760 inseri,si
1711 5706 1816 5766 non
1843 5703 2089 5759 perman-

578 5815 596 5845 ³
629 5820 758 5865 Unus
779 5827 810 5866 e
830 5812 1066 5867 Vaticanis
1093 5818 1221 5874 Mss,
1245 5820 1340 5866 non
1361 5810 1530 5864 cessat.

1156 373 1243 428 DE
1285 365 1510 424 AGONE
1551 357 1979 420 CHRISTIANO,
2020 352 2078 411 S.
2122 347 2487 408 AUGUSTINI
2539 346 2737 402 LIBER
2779 344 2984 402 UNUS.

3632 338 3739 398 ωε

2162 467 2328 521 scrint
2351 465 2404 520 in
2429 462 2822 528 incredulitate,
2861 453 3201 530 apertissime
3248 453 3532 524 Apostolus
3581 453 3744 510 docet

2165 557 2357 630 (Rom.
2400 573 2475 624 xx,
2514 555 2644 627 25).
2683 553 2842 626 Quod
2883 567 3004 608 cum
3045 548 3362 606 Luciferlani
3413 545 3736 619 intelligunt,

2162 657 2216 702 et
2241 663 2344 702 non
2374 648 2722 718 rebaptizant,
2749 659 2852 699 non
2873 639 3238 712 improbemus
3259 655 3274 694 :
3297 639 3391 694 sed
3416 637 3563 709 quod
3580 638 3742 694 etiam

2163 738 2262 810 ipsi
2291 735 2506 808 praecidi
2525 753 2553 790 a
2578 736 2757 791 radice
2776 734 3078 799 voluerunt,
3107 731 3226 802 quis
3245 743 3352 784 non
3367 727 3739 784 detestandum

2163 846 2284 887 esse
2311 827 2636 900 cognoscat?
2667 827 2734 882 Et
2760 827 2879 881 ideo
2900 823 3151 889 maxime,
3178 822 3297 893 quia
3327 821 3432 876 hoc
3453 819 3533 876 eis
3551 818 3744 890 displi-

2164 921 2268 982 cuit
2298 921 2350 975 in
2389 919 2628 975 Ecclesia
2658 916 2940 982 catholica,
2971 913 3110 985 quod
3141 927 3264 968 vere
3309 911 3584 969 catholicae
3611 925 3744 966 ιω-

2163 1013 2359 1066 ctitatis
2384 1020 2486 1065 est.
2525 1009 2794 1080 Nusquam
2821 1008 2961 1063 enim
2984 1014 3091 1062 tam
3117 1005 3294 1076 vigere
3314 1003 3512 1060 debent
3534 1001 3744 1058 viscera

2165 1102 2564 1168 misericordiae,
2588 1115 2744 1172 quam
2769 1102 2823 1156 in
2845 1098 3108 1156 catholica
3129 1089 3386 1163 Ecclesia,
3409 1105 3472 1151 ut
3493 1104 3744 1165 tanquam

2165 1211 2287 1252 vera
2328 1206 2498 1251 mater
2525 1209 2622 1250 nec
2661 1192 3004 1264 peccantibus
3029 1191 3155 1246 filiis
3211 1188 3440 1260 superbe
3477 1187 3744 1252 insultet,

2165 1305 2266 1345 nec
2293 1289 2550 1344 correctis
2589 1288 2803 1344 difficile
2831 1289 3089 1358 ignoscat.
3128 1284 3247 1340 Non
3272 1285 3414 1340 enim
3441 1285 3558 1340 siue
3584 1295 3746 1339 ausa

2166 1382 2304 1436 inter
2327 1378 2516 1437 omnes
2545 1381 2830 1451 Apostolos
2860 1379 3016 1448 hujus
3045 1377 3300 1434 Ecclesia:
3325 1377 3601 1433 catholicae
3624 1390 3750 1447 per-

2167 1489 2352 1528 sonam
2401 1473 2625 1528 sustinet
2652 1472 2842 1528 Petrus
2875 1491 2886 1526 :
2917 1471 3041 1526 huic
3083 1471 3228 1525 enim
3275 1467 3529 1525 Ecclesia
3569 1467 3748 1523 claves

2167 1565 2314 1634 regni
2335 1566 2588 1620 ccelorum
2605 1564 2742 1621 datae
2760 1574 2901 1629 sunt,
2925 1577 3043 1618 cum
3063 1561 3220 1617 Petro
3235 1560 3372 1616 datae
3391 1568 3517 1614 sunt
3530 1555 3746 1630 (laus.

2167 1669 2277 1718 xw,
2306 1653 2418 1722 l9).
2461 1653 2529 1708 Et
2550 1668 2670 1708 cum
2709 1653 2758 1708 ei
2784 1652 2996 1715 dicitur,
3025 1649 3093 1706 ad
3121 1663 3310 1705 omnes
3337 1649 3552 1716 dicitur,
3593 1646 3749 1702 Am

2167 1743 2287 1798 me?
2321 1743 2479 1798 Pasce
2506 1759 2618 1798 oves
2661 1759 2798 1798 meas
2843 1741 3037 1814 (Im.
3084 1754 3198 1809 ut,
3237 1739 3366 1810 17).
3407 1739 3579 1800 Debet
3621 1750 3754 1810 etp

2169 1835 2404 1889 Ecclesia
2448 1833 2706 1888 catholica
2747 1833 3004 1888 correctis
3049 1841 3106 1886 et
3135 1832 3335 1901 pietate
3373 1829 3601 1885 ﬁrmatis
3625 1828 3754 1886 (iliis

2169 1929 2395 1982 libenter
2441 1927 2752 1996 ignoscere;
2797 1941 2919 1981 cum
2961 1925 3060 1994 ipsi
3103 1924 3264 1979 Petro
3304 1937 3590 1994 personam
3633 1921 3752 1993 eius

2169 2018 2416 2088 gestanti,
2447 2029 2501 2072 et
2529 2033 2648 2072 cum
2679 2019 2730 2071 in
2763 2017 2895 2071 mari
2925 2017 3202 2092 titubasset
3228 2014 3444 2086 (Matth.
3477 2029 3591 2082 xlv,
3632 2012 3749 2088 ὅθ),

2169 2119 2223 2165 et
2269 2125 2388 2164 cum
2419 2111 2704 2164 Dominum
2747 2110 3034 2164 carnaliter
3084 2123 3116 2163 ι
3167 2108 3414 2178 passione
3449 2115 3755 2165 revocasset

2173 2199 2280 2271 (Id.
2313 2217 2419 2264 xvr,
2451 2200 2568 2272 92),
2591 2211 2648 2256 et
2667 2216 2786 2256 cum
2813 2216 2997 2256 aurem
3027 2201 3168 2256 servi
3195 2199 3372 2271 gladio
3401 2199 3751 2272 pmcidisset,

2171 2301 2368 2346 etcum
2401 2294 2571 2360 ipsum
2619 2293 2897 2347 Dominum
2928 2301 3007 2346 ter
3035 2301 3284 2362 negasset
3320 2290 3430 2364 (Id.
3460 2307 3608 2356 xum,
3639 2292 3704 2348 5i
3730 2331 3750 2358 ,

2173 2383 2386 2456 70-74),
2415 2391 2606 2438 etcum
2631 2384 2682 2437 in
2709 2383 3101 2439 simulationem
3122 2393 3306 2454 postea
3332 2383 3755 2454 superstitiosam

2174 2477 2353 2546 lapsus
2396 2487 2539 2532 esset
2589 2475 2782 2548 (Galat.
2831 2491 2887 2543 ιι,
2935 2475 3046 2548 η),
3097 2478 3367 2532 videamus
3397 2476 3604 2531 veniam
3633 2490 3755 2531 esse

2173 2581 2498 2632 concessam,
2519 2583 2750 2638 eumque
2772 2577 3072 2624 correctum
3112 2577 3271 2638 atque
3301 2568 3565 2622 limatum
3585 2582 3758 2638 usque

2173 2661 2240 2716 ad
2288 2662 2566 2717 dominica:
2611 2662 2876 2732 passionis
2921 2663 3147 2732 gloriam
3196 2661 3522 2730 pervenisse.
3575 2660 3756 2732 Itaque

2175 2765 2293 2825 post
2321 2754 2744 2826 persecutionem
2772 2768 2893 2824 qua:
2921 2769 3016 2824 per
3053 2755 3278 2808 Arianos
3305 2753 3589 2808 haereticos
3615 2751 3754 2808 facta

2175 2856 2308 2914 erat,
2340 2857 2681 2918 posteaquam
2709 2859 2830 2915 pax,
2862 2859 3020 2916 quam
3047 2844 3262 2914 quidem
3289 2843 3557 2900 Catholica
3581 2843 3634 2898 in
3659 2843 3759 2898 Do.

2175 2939 2320 2992 mino
2350 2945 2513 2998 tenet.
2565 2938 2724 2992 etiam
2755 2951 2784 2990 a
2817 2935 3146 3006 principibus
3185 2935 3366 2990 saeculi
3395 2932 3601 2990 reddita
3629 2941 3754 3001 est,

2177 3031 2411 3101 episcopi
2433 3030 2520 3100 qui
2545 3027 2778 3100 perfidia:
2809 3029 3123 3083 Arianorum
3153 3027 3204 3082 in
3223 3027 3315 3090 illa
3339 3025 3708 3097 persecutione
3729 3025 3752 3058 ⁸

2177 3131 2575 3184 consenserant,
2623 3120 2771 3174 multi
2823 3120 3047 3176 correcti
3101 3119 3278 3174 redire
3318 3119 3370 3174 in
3421 3117 3755 3175 Catholicam

2177 3213 2508 3286 delegerunt,
2553 3214 2868 3268 damnantes
2907 3215 3018 3268 sive
3058 3211 3199 3286 quod
3239 3211 3597 3282 crediderant,
3642 3213 3760 3272 sive

2177 3306 2318 3377 quod
2345 3321 2404 3365 se
2433 3303 2723 3366 credidisse
2746 3307 3140 3362 simulaverant.
3169 3305 3279 3360 llos
3301 3305 3540 3360 Ecclesia
3563 3304 3757 3361 catino-

2179 3404 2278 3460 lica
2307 3411 2549 3457 materno
2577 3401 2776 3470 recepit
2803 3401 2942 3464 sinu,
2987 3408 3235 3468 tanquam
3266 3398 3482 3453 Petrum
3508 3407 3630 3469 post
3652 3397 3758 3456 ﬂe-

2181 3501 2288 3547 tum
2319 3491 2614 3562 negationis
2639 3507 2735 3561 per
2759 3491 2878 3562 galli
2900 3497 3113 3544 cantum
3143 3488 3494 3557 admonitum,
3513 3497 3611 3546 aut
3637 3497 3761 3546 tau.

2180 3597 2336 3652 quam
2363 3581 2608 3637 eumdem
2635 3593 2756 3652 post
2791 3593 3008 3650 pravam
3035 3578 3425 3634 simulationem
3448 3578 3606 3634 Pauli
3626 3593 3762 3636 voce

2181 3683 2498 3729 correctum.
2537 3673 2684 3727 llauc
2717 3672 2791 3726 illi
2823 3674 3006 3727 matris
3029 3671 3342 3728 charitstem
3367 3671 3596 3743 superbe
3619 3672 3764 3730 acci-

2183 3767 2406 3838 pientes,
2456 3775 2510 3821 et
2549 3766 2709 3836 impie
2755 3763 3222 3835 reprehendentes,
3270 3764 3394 3835 quia
3435 3764 3594 3820 Petro
3637 3773 3762 3835 post

2181 3859 2304 3930 galli
2334 3867 2544 3914 cautum
2566 3857 2800 3927 surgenti
2825 3855 3201 3926 non'gratulati
3223 3862 3351 3910 sunt
3368 3853 3580 3928 (Matth.
3605 3868 3755 3924 xxvn,

2185 3951 2294 4018 75),
2326 3967 2445 4006 cum
2485 3950 2748 4015 Lucifero,
2787 3949 2877 4020 qui
2917 3963 3074 4005 mane
3102 3947 3394 4015 oriebatur,
3424 3947 3617 4004 cadere
3645 3961 3762 4004 me-

2184 4053 2407 4101 ruerunt
2445 4042 2593 4113 (Isai.
2623 4055 2736 4108 xiv,
2771 4039 2878 4113 l2).

2256 4135 2478 4194 CAPUT
2515 4133 2706 4191 XXXI.
2743 4164 2812 4175 --
2853 4135 2942 4190 55.
2985 4133 3094 4188 Nec
3141 4134 3379 4188 audiendi
3411 4131 3621 4190 Cameri
3665 4147 3758 4188 tte-

2186 4239 2360 4298 gantes
2385 4227 2663 4282 Ecclesium
2693 4241 2838 4297 posse
2879 4226 3048 4280 omnia
3077 4233 3282 4295 peccata
3301 4224 3571 4292 dimittere,
3597 4233 3644 4278 et
3679 4235 3762 4278 eeo

2189 4331 2346 4374 tantes
2387 4321 2562 4373 viduas
2606 4321 2808 4375 nubere.
2847 4317 2957 4375 Nec
2985 4333 3079 4373 eos
3121 4317 3418 4384 audiamus,
3445 4316 3536 4387 qui
3566 4323 3762 4386 negant

2187 4409 2477 4466 Ecclesiam
2513 4409 2604 4465 Dei
2633 4411 2808 4464 omnia
2837 4418 3052 4480 peccata
3081 4422 3240 4479 posse
3266 4407 3548 4462 dimittere.
3579 4405 3762 4476 itaque

2187 4503 2400 4570 miseri,
2445 4501 2569 4558 dum
2617 4504 2670 4557 in
2720 4501 2878 4558 Petro
2921 4509 3125 4570 petram
3174 4513 3276 4554 non
3323 4497 3648 4566 intelligunt,
3705 4505 3762 4554 et

2188 4597 2376 4651 nolunt
2396 4597 2619 4650 credere
2647 4595 2798 4648 datas
2825 4592 3076 4648 Ecclesiae
3101 4592 3277 4648 claves
3301 4591 3448 4660 regni
3474 4589 3758 4654 caelorum,

2189 4692 2285 4762 ipsi
2333 4707 2423 4746 eas
2448 4689 2514 4746 de
2542 4687 2786 4744 manibus
2811 4687 3122 4740 amiserunt.
3157 4683 3244 4739 lsti
3282 4691 3406 4737 sunt
3429 4681 3520 4753 qui
3549 4680 3758 4746 viduas,

2189 4785 2230 4842 si
2265 4783 2558 4854 nupserint,
2603 4789 2852 4848 tanquam
2899 4777 3168 4834 adulteras
3207 4775 3482 4841 damnant,
3519 4782 3576 4832 et
3599 4785 3764 4845 super

2188 4879 2482 4933 doctrinam
2527 4871 2866 4943 apostolicam
2899 4886 2956 4925 se
2993 4868 3284 4940 praedicant
3312 4883 3434 4924 esse
3461 4867 3764 4924 mundiores

2191 4967 2253 5040 (l
2285 4969 2414 5022 Tim.
2451 4981 2502 5027 ν,
2555 4962 2676 5032 14).
2714 4961 2818 5029 Qui
2871 4972 3065 5016 nomen
3105 4975 3262 5016 suum
3291 4960 3336 5015 si
3373 4960 3570 5014 vellent
3597 4973 3765 5030 agno~

2191 5075 2362 5122 scere,
2390 5055 2682 5112 mundauos
2705 5069 2767 5110 se
2795 5054 2994 5124 potius,
3038 5067 3194 5122 quam
3235 5050 3460 5106 mundos
3489 5060 3761 5106 vocarent.

2192 5153 2442 5208 Nolentcs
2474 5149 2636 5213 enim,
2683 5147 2727 5200 si
2775 5145 3132 5216 peccaverint,
3180 5139 3390 5210 corrigi,
3440 5140 3576 5194 nihil
3621 5138 3766 5198 aliud

2193 5247 2487 5315 elegerunt,
2549 5241 2647 5295 nisi
2697 5247 2815 5294 cum
2879 5237 2983 5292 hoc
3047 5229 3249 5287 mundo
3309 5227 3568 5285 dautnuri.
3625 5230 3760 5288 Nam

2193 5340 2382 5409 quibus
2427 5336 2632 5389 veniam
2677 5339 3009 5401 peccatorum
3049 5333 3264 5393 negant,
3312 5335 3416 5376 non
3453 5335 3551 5377 eos
3585 5322 3766 5392 aliqua

2195 5429 2457 5484 Sanitate’
2481 5423 2799 5482 custodiunt.
2833 5419 2923 5472 sed
2969 5415 3126 5484 aegris
3174 5413 3494 5470 subtrahunt
3542 5409 3765 5469 medici-

2197 5537 2355 5584 nam;
2399 5527 2449 5573 et
2476 5517 2658 5570 viduas
2697 5525 2821 5568 suas
2849 5509 2930 5564 uri
2978 5517 3193 5579 cogunt,
3241 5521 3372 5579 quas
3413 5509 3615 5563 nubere
3655 5519 3760 5560 non

2197 5612 2521 5683 permittunt.
2569 5605 2678 5660 Non
2727 5602 2866 5656 enim
2912 5599 3282 5670 prudentiores
3326 5596 3552 5655 habendi
3599 5605 3763 5666 sunt,

2259 5731 2276 5792 ε
2311 5723 2528 5778 Nonnulli
2553 5719 2772 5792 codices,
2788 5713 3162 5792 perturbatione.

2259 5791 2282 5823 ³
2313 5797 2417 5841 Duo
2437 5795 2562 5848 Mss,
2579 5785 2846 5837 mutate.
