4124 6206
301 273 409 333 309

301 401 464 458 quam
486 384 689 444 Paulus
708 385 998 456 apostolus,
1030 386 1121 459 qui
1144 388 1332 445 maluit
1354 404 1451 448 eas
1476 391 1702 461 nubere,
1728 409 1889 464 quam

299 475 384 534 uri
414 474 455 548 (l
487 474 609 531 Cor.
639 491 733 542 vn,
764 473 845 549 9).

369 567 598 625 CAPUT
653 567 869 625 XXXII.
913 598 986 610 —
1034 571 1123 627 34.
1185 571 1297 627 Nec
1342 574 1433 646 qui
1478 577 1894 632 resurrectionem

298 660 468 714 carnis
514 669 720 730 negant.
759 659 869 716 Nec
897 675 992 717 eos
1027 662 1327 730 audiamus,
1374 665 1466 735 qui
1508 667 1687 723 carnis
1712 682 1894 723 resur-

297 754 590 808 rectionem
618 752 851 807 luturam
878 762 1096 825 negant,
1124 761 1180 810 et
1203 766 1628 813 commemorant
1648 758 1790 828 quod
1817 759 1893 815 ait

296 844 571 913 apostolus
592 843 808 910 Paulus,
835 841 971 900 Caro
995 855 1040 899 et
1069 846 1274 917 sanguis
1300 863 1512 918 regnum
1534 846 1629 902 Dei
1648 865 1751 903 non
1773 866 1891 920 pos-

298 936 568 1002 sidebant;
595 950 700 991 non
723 935 1083 1007 intelligentes
1112 937 1255 1008 quod
1281 939 1397 1010 ipse
1421 940 1549 995 dicit
1574 940 1886 1009 Apostolus,

301 1027 508 1098 Oportet
528 1027 853 1101 corruptibile
872 1028 965 1083 hoc
989 1028 1201 1084 induere
1218 1031 1669 1100 incorruptionem,
1687 1040 1734 1086 et
1755 1049 1890 1087 mor-

296 1120 397 1175 tale
417 1121 510 1175 hoc
534 1120 746 1176 induere
764 1121 1211 1177 immortalitatem.
1240 1121 1374 1178 Cum
1399 1122 1543 1178 enim
1565 1123 1667 1180 hoc
1687 1122 1887 1180 factum

296 1213 475 1278 fuerit,
509 1212 616 1281 jam
648 1227 753 1266 non
780 1211 880 1267 erit
908 1227 1033 1267 caro
1060 1220 1114 1266 et
1140 1212 1373 1283 sanguis,
1403 1213 1500 1268 sed
1524 1213 1745 1269 caeleste
1768 1228 1888 1269 cor-

294 1319 394 1374 pus
430 1303 526 1376 (a).
569 1302 720 1371 Quod
749 1311 806 1358 et
832 1302 1089 1359 Dominus
1119 1304 1397 1375 promittit,
1423 1319 1545 1361 cum
1576 1304 1723 1374 dicit,
1773 1305 1884 1362 Ne-

294 1412 388 1467 que
428 1396 633 1462 nubent,
678 1413 837 1466 neque
880 1412 1061 1467 arceres
1104 1396 1309 1463 ducent,
1355 1397 1443 1452 sed
1480 1406 1629 1452 erunt
1666 1399 1885 1469 aequales

288 1479 499 1559 ilugelis
526 1485 621 1541 Dei
647 1487 861 1557 (Matth.
909 1504 1051 1557 χχιι,
1078 1486 1191 1561 50).
1231 1488 1349 1544 Non
1385 1489 1525 1544 enim
1568 1490 1678 1558 jam
1705 1489 1884 1545 homi-

292 1580 465 1643 nibus,
517 1577 612 1633 sed
660 1579 768 1634 Deo
813 1579 1009 1643 vivent.
1056 1595 1177 1635 cum
1219 1581 1453 1651 aequales
1492 1581 1714 1652 Angelis
1755 1581 1884 1639 facti

293 1668 505 1724 fuerint.
547 1667 918 1725 lmmutabitur
963 1684 1092 1742 ergo
1137 1684 1264 1726 caro
1307 1680 1361 1727 et
1402 1670 1656 1742 sanguis,
1699 1680 1756 1727 et
1789 1670 1884 1728 ﬁet

294 1776 485 1831 corpus
513 1761 732 1816 caeleste
772 1769 826 1817 et
851 1761 1167 1833 angelicum.
1208 1760 1279 1817 Et
1317 1764 1505 1819 mortui
1542 1765 1675 1820 enim
1706 1781 1881 1821 resur-

289 1862 404 1923 gent
429 1853 733 1923 incorrupti,
783 1864 829 1908 et
858 1871 948 1909 nos
984 1855 1363 1910 immutabimur
1396 1855 1451 1928 (Ι
1493 1857 1611 1913 Cor.
1655 1873 1751 1928 xv,
1782 1859 1882 1917 50-

290 1946 379 2013 53)
410 1963 422 1997 :
452 1953 511 1999 ut
551 1954 606 2001 et
630 1944 763 2001 illud
803 1961 988 2005 verum
1016 1947 1104 2015 sit,
1148 1949 1295 2020 quod
1338 1958 1583 2023 resurget
1623 1965 1783 2019 caro;
1825 1961 1881 2009 et

295 2034 421 2092 illud
448 2052 638 2093 verum
665 2037 756 2107 sit,
784 2038 925 2112 quod
953 2056 1073 2096 caro
1101 2047 1149 2099 et
1174 2040 1382 2115 sanguis
1412 2059 1623 2116 regnum
1642 2044 1741 2101 Dei
1775 2062 1880 2104 non

289 2130 633 2201 possidebunt.

353 2221 578 2282 CAPUT
618 2223 861 2283 XXXIII.
903 2256 978 2269 —
1014 2226 1105 2285 55.
1143 2226 1297 2285 Fidei
1334 2214 1658 2303 simplicitate
1696 2230 1879 2288 lactari

290 2325 498 2386 oportet,
534 2332 648 2372 cum
671 2319 874 2392 paruuli
905 2335 1101 2377 sumus.
1148 2318 1381 2379 Charitas
1421 2326 1645 2396 perfecta
1666 2340 1757 2380 nec
1782 2342 1875 2380 cu-
1922 2386 1930 2391 ,

288 2407 544 2477 piditatem
590 2412 763 2465 δωρηιὶ
813 2414 1149 2484 compatitur,
1194 2430 1287 2470 nec
1342 2415 1591 2473 timorem.
1642 2415 1877 2490 Cognitis

293 2497 515 2553 veritatis
552 2499 607 2553 in
633 2501 783 2556 corde
820 2502 1086 2559 mundata.
1124 2502 1230 2561 Ista
1269 2503 1395 2561 ﬁdei
1438 2506 1779 2580 simplicitate
1822 2516 1879 2567 et

289 2585 590 2645 sinceritate
614 2589 798 2648 laetati
826 2592 1125 2651 nutriamur
1151 2594 1209 2651 in
1235 2593 1491 2664 Christo;
1521 2604 1725 2655 etcum
1749 2613 1876 2671 par-

343 2698 417 2765 (α)
435 2707 478 2751 ιι
498 2707 730 2767 θαι-ω..
750 2716 859 2768 cap.
879 2704 932 2756 3.

431 2831 522 2841 ..υ-ο

299 2830 2050 2890 Ἢ

962 274 1050 329 DE
1088 274 1629 335 CATECHIZANDIS
1668 278 1979 347 RUDIBUS,
2018 278 2074 334 S.
2119 278 2483 337 AUGUSTI.“
2539 280 2741 337 LIBER
2785 282 2981 339 UNUS.

3477 290 3583 345 510

1999 392 2112 449 vuli
2137 408 2341 461 sumus,
2388 395 2648 465 majorum
2678 398 2826 453 cibos
2854 414 2959 453 non
2994 408 3329 469 appetamus,
3357 402 3452 458 sed
3479 422 3582 461 nu-

1998 483 2261 541 trimcntis
2308 485 2674 542 saluberrimis
2715 502 3023 544 crescamus
3066 489 3120 545 in‘
3147 486 3380 558 Christo,
3423 508 3582 551 acce-

1996 574 2243 634 dentibus
2269 577 2423 633 bonis
2451 578 2689 634 moribus
2718 588 2772 636 et
2813 580 3104 638 christiana
3126 582 3351 653 justitia,
3383 586 3437 641 in
3476 603 3582 657 qua

1995 678 2079 725 est
2115 667 2347 726 Charitas
2392 671 2486 726 Dei
2518 679 2574 726 et
2613 673 2838 741 proximi
2881 674 3113 743 perfecta
3152 684 3210 732 et
3246 677 3454 733 ﬁrmata
3483 697 3497 735 :
3528 689 3588 737 ut

1998 761 2360 830 unusquisque
2402 769 2642 817 nostrum
2689 762 2756 818 de
2800 763 3012 821 diabolo
3037 764 3257 821 inimico
3293 777 3349 823 et
3374 769 3583 840 angelis

1994 852 2110 922 ejus
2139 853 2427 923 triumphet
2451 856 2507 910 in
2544 857 2834 927 semetipso
2873 862 2926 912 in
2957 859 3172 915 Christo
3200 876 3355 931 quem
3389 863 3578 919 induit.

1994 943 2126 1013 Quia
2158 944 2389 1014 perfecta
2426 946 2660 1003 Charitas
2686 964 2786 1004 nec
2813 950 3155 1020 cupiditatem
3185 952 3347 1009 habet
3373 956 3578 1022 szeculi,

1994 1051 2094 1092 nec
2139 1039 2383 1093 timorem
2422 1039 2645 1106 saeculi;
2676 1040 2731 1095 id
2759 1049 2863 1109 est,
2901 1058 3001 1097 nec
3028 1043 3370 1113 cupiditatem
3399 1055 3457 1101 ut
3484 1060 3580 1102 ac-

1992 1126 2167 1198 quirat
2202 1144 2291 1184 res
2336 1129 2676 1199 temporales,
2718 1145 2820 1186 nec
2864 1131 3111 1189 timorem
3150 1150 3219 1189 ne
3258 1136 3463 1190 amittat
3492 1151 3579 1192 res

1992 1222 2329 1290 temporales.
2378 1221 2481 1276 Per
2509 1237 2642 1292 quas
2682 1222 2815 1279 duas
2852 1226 3044 1294 januas
3088 1227 3252 1282 intrat
3292 1237 3346 1283 et
3392 1240 3582 1299 regnat

1991 1311 2256 1378 inimicus,
2278 1312 2369 1382 qui
2396 1314 2568 1382 primo
2590 1314 2684 1369 Dei
2712 1315 2923 1383 timore,
2955 1316 3151 1374 deinde
3178 1319 3439 1374 cliaritate
3462 1321 3577 1389 pel-

1989 1401 2180 1458 lendus
2215 1411 2317 1459 est.
2360 1403 2628 1460 Debemus
2672 1406 2851 1476 itaque
2879 1415 3025 1463 tanto
3077 1408 3288 1464 avidius
3326 1419 3580 1479 appetere

1990 1496 2377 1566 apertissimam
2403 1504 2458 1552 et
2490 1498 2945 1555 evidentissimam
2987 1501 3346 1569 cognitionem
3384 1503 3579 1556 verita-

1990 1588 2079 1655 tis,
2106 1597 2308 1659 quanto
2334 1604 2431 1644 nos
2455 1589 2698 1645 videmus
2721 1591 2772 1645 in
2799 1592 3058 1647 charitate
3084 1592 3363 1661 prolicere,
3391 1601 3444 1647 et
3462 1591 3580 1661 ejus

1987 1679 2325 1749 simplicitate
2355 1682 2372 1712 ¹
2404 1696 2498 1736 cor
2532 1681 2733 1738 habere
2761 1682 3098 1748 mundatum,
3129 1684 3252 1754 quia
3298 1683 3415 1753 ipso
3444 1686 3579 1737 inte-

1989 1770 2129 1826 riore
2157 1772 2313 1827 oculo
2342 1773 2550 1828 videtur
2577 1774 2773 1828 veritas
2806 1791 2821 1829 :
2850 1773 2998 1828 Beati
3024 1775 3166 1829 enim
3194 1774 3381 1830 mundo
3401 1775 3573 1841 corde,

1987 1861 2176 1931 inquit,
2209 1863 2326 1932 quia
2366 1863 2464 1933 ipsi
2491 1863 2913 1919 Deumvidebunt
2957 1864 3171 1933 (Matth.
3197 1881 3253 1932 v,
3281 1862 3358 1936 8).
3412 1864 3479 1920 Ut
3520 1866 3574 1920 in

1987 1956 2458 2010 charitateradicati
2479 1968 2524 2010 et
2544 1958 2743 2028 fundati
2771 1957 3131 2025 prwvaieamus
3154 1957 3575 2027 comprehendere

1987 2063 2105 2104 cum
2135 2049 2366 2103 omnibus
2390 2050 2598 2114 sanctis,
2626 2065 2739 2119 qua:
2763 2050 2827 2103 sit
2856 2049 3089 2115 latitudo,
3130 2059 3175 2104 et
3216 2048 3498 2120 longitudo,
3530 2060 3578 2104 et
3683 2110 3691 2116 ,

1986 2143 2226 2210 altitudo,
2270 2153 2314 2197 et
2366 2143 2713 2214 profundum;
2764 2144 2893 2197 scire
2936 2144 3085 2198 etiam
3130 2144 3577 2213 supereminentem

1985 2237 2248 2292 scientiam
2293 2237 2549 2291 charitatis
2596 2235 2801 2303 Christi,
2852 2244 2906 2290 ut
2946 2236 3251 2307 impleantur
3278 2236 3332 2289 in
3377 2250 3577 2289 omnem

1987 2329 2348 2401 plenitudinem
2373 2327 2469 2384 Dei
2492 2326 2708 2402 (Ephes.
2732 2345 2810 2395 Ill,
2842 2326 3031 2398 17-19)
3065 2346 3079 2383 :
3107 2338 3161 2383 et
3187 2335 3307 2397 post
3327 2327 3426 2382 ista
3451 2341 3576 2381 cum

1985 2420 2238 2476 invisibili
2285 2419 2440 2475 hoste
2491 2420 2819 2486 certamina,
2869 2419 3121 2489 quoniam
3170 2417 3474 2473 volentibus
3518 2425 3576 2473 et

1984 2511 2286 2565 amantibus
2309 2510 2494 2581 jugum
2522 2510 2721 2564 Christi
2751 2510 2871 2564 lene
2899 2518 3001 2574 est,
3033 2517 3088 2566 et
3111 2509 3321 2564 sarcina
3350 2508 3465 2578 ejus
3492 2508 3575 2565 le-

1985 2600 2068 2655 vis
2118 2599 2349 2672 (Matth.
2384 2615 2473 2668 xr,
2507 2596 2615 2672 50)
2643 2641 2657 2663 ,
2686 2614 2940 2654 coronam
2969 2599 3205 2654 victoriae
3246 2613 3567 2654 mereamur.

2050 2712 2069 2743 ι
2103 2707 2781 2774 Rditl,inejussimplicitate.
2806 2711 2970 2770 Abest,
2994 2708 3074 2770 in,
3098 2715 3256 2760 allss.

2126 2841 2353 2850 w

3256 2837 3575 2886 Ξ

356 2977 442 3041 In
471 2977 934 3062 subsequentem
961 2980 1195 3062 librum
1223 2983 1318 3046 De
1345 2984 1815 3049 catechizandis
1844 2985 2159 3058 Rudibus,
2190 2984 2333 3046 vide
2381 2983 2490 3046 lib.
2546 2984 2608 3057 2,
2642 3002 2778 3062 cap.
2831 2983 2930 3055 1h,
2972 2982 3548 3062 Retractationum,

291 3063 428 3119 tom.
474 3059 534 3134 1,
567 3058 691 3122 col.
721 3058 863 3136 635,
894 3081 934 3124 a
963 3060 1191 3140 verbis,
1210 3063 1327 3126 Est
1354 3064 1550 3128 etiam
1574 3064 1739 3127 liber
1767 3072 1989 3129 noster
2011 3109 2029 3140 ,
2065 3083 2257 3144 usque
2289 3063 2371 3125 ad
2396 3062 2601 3135 verba,
2633 3058 2861 3125 Frater
2888 3063 3289 3141 Deogratias.
3372 3060 3460 3123 Μ.

2698 3191 2865 3199 ---η
2886 3192 2910 3199 ..
2966 3192 2989 3199 -
3016 3192 3107 3199 __-

840 3351 1052 3517 ηε.
1120 3355 1892 3470 Δπκειιιι
1977 3298 3012 3467 inuenerunt

1465 3563 1983 3629 HIPPONENSIS
2024 3561 2379 3625 EPISCOPI

616 3770 2250 3992 CATECHIZANDIS
2346 3837 3218 3981 RUDIBUS

1331 4064 1814 4174 LIBER
1905 4058 2122 4167 UN
2136 4058 2310 4168 US
2349 4055 2463 4164 (⁸³).

1702 4246 2174 4307 ιεςςθκῑοφιαω

888 4363 2379 4489 ιῖἓῗὲΐξῖθδιέἴιΐῖἕοῖἒῗδὲίιῖῗιξέῗδεΐαθὲἐέἑίὲἓεδέῗὲθέῖ
2388 4362 3580 4489 ἐυωῗξῖιέὴῗὲιξέἳιὲιὲῗξτῗνρξαὲῗᾶἓὲεὲὥ

295 4430 503 4493 ῦείἰῖοῠ
527 4430 711 4491 ωηιῖῗῐῄ
734 4430 870 4501 certa
888 4430 1118 4491 methodo
1140 4448 1289 4505 atque
1313 4430 1488 4489 idonea
1509 4430 1718 4496 ratione,
1737 4430 1825 4484 sed
1850 4430 1995 4478 etiam
2017 4430 2293 4500 sinetaulio
2317 4431 2369 4476 et
2388 4438 2499 4500 cum
2521 4430 2763 4498 hilaritate
2784 4430 3059 4500 impleatur.
3076 4433 3249 4478 Postea
3262 4430 3574 4479 revocatisad

293 4516 428 4567 psum
443 4506 723 4567 maculis,
749 4504 937 4567 profert
957 4504 1133 4565 ipsein
1160 4499 1444 4567 exemplum
1470 4511 1756 4558 sermones,
1778 4493 1839 4544 ad
1857 4503 1974 4541 eum
2008 4488 2330 4540 erudiendum
2358 4500 2444 4551 qui
2465 4487 2757 4539 Christianus
2792 4500 2907 4540 esse
2926 4487 3049 4540 veht
3068 4523 3084 4551 ,
3104 4495 3404 4552 comparatos
3431 4490 3574 4551 duos,

292 4563 557 4630 lngiorem
577 4563 1343 4627 unum,'alterum‘brevissimuni.

354 4668 587 4725 CAPUT
624 4668 906 4724 PRIMUM.
941 4699 1009 4709 —
1038 4670 1088 4723 1.
1120 4668 1346 4739 Rogatus
1370 4685 1401 4721 a
1430 4666 1646 4721 diacono
1666 4661 1879 4719 Cartha-
1989 4653 2057 4708 ad
2096 4662 2148 4708 te
2184 4651 2557 4715 adducuntur,
2599 4648 2692 4720 qui
2729 4649 2832 4705 ﬁde
2855 4650 3148 4707 christiana
3189 4651 3431 4721 primitus
3472 4652 3576 4706 im-

288 4763 482 4831 ginensi
506 4761 678 4814 scribit
700 4762 766 4814 de
783 4760 1155 4815 catechizandis
1173 4760 1399 4814 rudibus.
1433 4757 1619 4814 Petisti
1642 4769 1750 4821 me,
1777 4752 1880 4807 τη·
1988 4743 2188 4800 huendi
2250 4750 2373 4798 sunt
2403 4782 2419 4806 ,
2457 4756 2525 4797 eo
2569 4741 2713 4812 quod
2764 4742 3086 4798 existimetis
3162 4742 3364 4800 habere
3430 4755 3577 4801 cate-

289 4861 367 4905 ter
394 4852 709 4921 Deogratias
737 4851 811 4922 (tr)
836 4892 852 4917 ,
884 4862 942 4906 ut
978 4851 1181 4921 aliquid
1218 4850 1287 4907 ad
1312 4858 1364 4904 te
1386 4850 1457 4904 de
1481 4843 1880 4904 eatechizaudis
1988 4836 2232 4892 chizandi
2257 4835 2477 4893 uberem
2506 4834 2837 4903 facultatem,
2866 4844 2922 4892 et
2945 4835 3186 4892 doctrina
3212 4836 3333 4891 tidei
3362 4846 3417 4892 et
3445 4853 3574 4894 sua-

285 4944 513 4999 rudibus
536 4984 553 5011 ,
604 4943 751 5015 quod
799 4944 891 4999 tibi
937 4945 1053 4997 usui
1097 4952 1274 5007 esset,
1321 4940 1635 4996 scriberem.
1682 4933 1879 4991 Dixisti
1991 4931 2149 4987 vitate
2188 4929 2451 4987 sermonis
2480 4929 2498 4962 ⁸
2527 4946 2541 4983 :
2575 4937 2628 4985 te
2667 4938 2845 4984 autem
2875 4943 3013 4999 pene
3050 4942 3265 4999 semper
3300 4931 3573 5000 angustias

283 5034 427 5089 enim
451 5034 599 5105 quod
626 5049 773 5105 saepe
797 5033 938 5104 apud
958 5032 1353 5101 Carthaginem,
1392 5030 1480 5084 ubi
1507 5028 1761 5084 diaconus
1784 5038 1844 5079 es
1862 5064 1878 5085 .
1991 5023 2121 5092 pati,
2166 5021 2399 5092 idipsum
2422 5020 2566 5092 quod
2592 5020 2860 5077 credendo
2897 5020 3173 5077 christiani
3201 5034 3386 5077 sumus
3408 5064 3422 5090 ,
3470 5038 3578 5093 quo

798 5160 801 5161 ν
1463 5132 1747 5175 Αυιοριιτιο
1782 5132 1865 5171 PP.
1904 5130 2003 5169 BEN
2011 5129 2360 5170 EDICTINORUI
2368 5152 2381 5166 .

492 5216 576 5281 -de
596 5216 953 5281 caedimus
975 5215 1183 5281 κυάίιξιιε
1205 5211 1495 5281 contuli-ms
1514 5205 2078 5281 ωδίορξληιιρςιξσνὶρφε
2098 5204 2463 5281 ςιίυεξιξιψεὶοίιξι
3144 5211 3405 5281 egregium
3428 5222 3576 5261 anno-

276 5265 564 5339 rum—800,7
590 5265 986 5329 amnissimis
1007 5275 1336 5344 taudunensis
1366 5285 1602 5344 annorum
1640 5270 1756 5344 799,
1805 5265 2144 5344 Divi-onensmn
2182 5266 2387 5344 athatiae
2421 5272 2465 5314 s.
2486 5265 3141 5344 Auenigni.,ﬂpratelle'nsem,
3177 5265 3575 5344 Fisc'annensem,

277 5327 652 5401 ii—cbaeliuuin,
671 5327 1062 5401 (isterciensem,
1082 5336 1412 5401 Floriacenses
1432 5335 1570 5393 duos,
1595 5327 1799 5401 totidem
1814 5328 2098 5401 Victorinos,
2120 5328 2429 5401 sorbouicum
2452 5334 2504 5377 et
2524 5327 2650 5401 duos
2669 5329 2942 5401 yati_canos_;
2967 5327 3211 5401 lectiones
3238 5333 3487 5401 variantes
3510 5327 3575 5383 ei

276 5389 677 5466 audacem
695 5389 813 5453 om
828 5389 1193 5453 wrauiensium
1213 5400 1505 5461 discerptas;
1530 5389 1584 5445 et
1606 5398 1853 5457 postremo
1872 5390 2117 5442 editiones
2140 5389 2387 5451 primarias
2403 5390 2732 5450 Amerbachii,
2755 5392 2933 5441 Erasmi
2954 5403 3013 5443 ac
3037 5394 3420 5445 Lovaniensium.

395 5486 917 5567 Comparaoimus
942 5494 1241 5566 praeterea
1267 5501 1366 5544 eas
1401 5498 1606 5542 omnes
1626 5477 1932 5539 editiones
1965 5472 2153 5535 initio
2195 5474 2363 5534 Retr.
2389 5479 2443 5531 et
2473 5470 2761 5534 Confess.
2798 5482 2843 5535 t.
2878 5477 2938 5550 1,
2967 5483 3355 5539 memoratas.
3402 5476 3489 5537 M.

358 5604 395 5641 α
436 5591 664 5651 scriptus
683 5589 878 5660 circiter
896 5585 1202 5638 anxiatum.
1264 5648 1273 5657 .
1989 5593 2316 5663 ganorumah
2338 5605 2399 5640 eo
2427 5593 2517 5640 sibi
2556 5594 2841 5657 Carthagine
2875 5597 3044 5647 missas
3069 5595 3336 5671 respondet
3375 5594 3580 5659 epistola

333 5592 389 5717 ξι
448 5649 701 5702 ωθωωθ
726 5654 923 5701 tor-sitan
955 5656 1109 5722 esto
1211 5654 1334 5698 atlas
1382 5647 1461 5697 cui
1484 5647 1773 5721 presbytero
1793 5652 1883 5696 Att-
1990 5667 2119 5705 nunc
2139 5654 2309 5704 ordine
2336 5653 2437 5703 ωε,
2475 5714 2485 5723 ι
3318 5714 3331 5726 .

269 5592 535 5780 sulcus,
556 5718 671 5779 post
684 5724 865 5764 annum
876 5710 1048 5764 chrisu
1068 5662 1262 5763 εἷθιῗοῗθτ
1278 5678 1390 5771 ωδ»
1413 5708 1475 5761 ad
1495 5715 1793 5774 quaestiones
1807 5714 1887 5759 Pa-
2055 5717 2073 5748 ι
2107 5722 2240 5778 tam,
2262 5720 2307 5766 et
2330 5722 2598 5767 doctrinam
2611 5713 2733 5780 ﬁdei
2748 5724 2795 5770 et
2816 5717 3098 5771 saturitatem
3116 5728 3371 5780 seruans.

448 5653 701 5702 tdem‘ille
726 5653 923 5701 torsitau
955 5656 1032 5700 est
1052 5656 1089 5699 D
1211 5653 1334 5698 atias
1382 5653 1461 5697 cui
1484 5653 1773 5711 presbytero
1793 5653 1883 5696 Att-
1990 5653 2119 5705 hunc
2139 5654 2309 5704 ordine
2336 5653 2437 5703 ωε,
2731 5653 2748 5657 θ
3152 5653 3169 5658 -
3276 5662 3291 5671 ι

446 5726 535 5777 ω’
556 5710 1048 5779 mamma
1068 5662 1262 5763 (33:9?
1278 5678 1390 5771 me
1413 5708 1475 5761 ad
1495 5710 1793 5774 quaestiones
1807 5714 1887 5759 Ρα-
2055 5717 2073 5748 ¹
2107 5722 2240 5778 ωγο,
2262 5720 2307 5766 et
2330 5714 2598 5767 doctrinam
2611 5713 2733 5780 ﬁdei
2748 5724 2795 5770 et
2816 5717 3098 5771 suavium
