4144 6212
499 279 600 336 311

500 400 661 464 pacto
692 388 981 469 commode
1020 385 1369 445 intimandum
1399 386 1500 451 sit;
1542 384 1686 440 unde
1725 380 2050 439 exordienda
2072 420 2087 449 ,

502 498 783 556 quousque
807 483 878 539 sit
903 477 1241 551 perducenda
1266 475 1536 541 narratio;
1559 484 1737 530 utrum
1760 472 2092 529 exbortatio~

502 591 631 635 nem
659 575 890 644 aliquam
935 572 1217 626 terminata
1258 568 1565 624 narratione
1608 564 1864 621 adbibere
1901 563 2096 619 debea-

502 688 625 728 mus
644 713 660 740 ,
710 685 779 725 an
808 675 1075 740 praecepta
1101 667 1212 720 sola
1231 706 1245 731 ,
1296 663 1489 734 quibus
1517 659 1865 717 observandis
1889 657 1977 714 cui
2015 658 2088 712 lo-

503 764 719 833 quimur
758 760 972 816 noverit
1008 757 1356 813 christianam
1399 754 1560 809 vitam
1600 751 2094 824 professionemque

504 854 725 910 retineri
752 855 792 907 ί.
840 852 997 922 Saepe
1023 859 1198 905 autem
1225 848 1321 903 tibi
1350 846 1608 903 accidisse
1633 843 1910 901 confessus
1938 851 2096 911 atque

505 953 834 1014 conquestus
854 959 933 1009 es,
964 951 1019 996 ut
1049 942 1102 996 in
1131 955 1379 995 sermone
1399 938 1557 1008 longo
1584 944 1639 992 et
1664 935 1844 1007 tepido
1865 933 1960 989 tibi
1983 934 2097 1003 ipse

504 1039 797 1092 vilescercs
848 1050 1103 1105 essesque
1152 1032 1387 1098 fastidio,
1443 1031 1639 1087 nedum
1687 1028 1764 1083 illi
1811 1042 1971 1098 quem
2014 1025 2099 1080 lo-

507 1129 724 1199 quendo
752 1127 1056 1192 imbuebas,
1087 1136 1142 1181 et
1168 1125 1379 1181 caeteris
1404 1124 1494 1195 qui
1521 1122 1800 1178 audientes
1824 1120 2048 1175 aderant
2080 1137 2092 1173 :

512 1236 681 1290 caque
727 1229 778 1275 te
824 1220 1142 1274 necessitate
1183 1218 1347 1271 fuisse
1385 1216 1716 1285 compulsum
1743 1254 1758 1280 ,
1808 1222 1867 1267 ut
1907 1226 1969 1266 ea
2012 1225 2103 1265 me

510 1326 667 1381 quam
684 1311 773 1365 tibi
795 1310 967 1366 debeo
981 1309 1237 1365 cbaritate
1262 1307 1631 1377 compelleres,
1650 1321 1718 1361 nc
1741 1319 1990 1376 gravarer
2012 1302 2100 1357 in-

511 1412 596 1457 ter
623 1402 999 1471 occupationes
1025 1414 1172 1456 meas
1197 1399 1289 1455 tibi
1313 1399 1380 1455 de
1406 1399 1504 1453 bac
1530 1413 1587 1453 re
1617 1396 1816 1467 aliquid
1832 1395 2096 1451 scribere.
2126 1453 2142 1459 _

582 1494 639 1549 2.
677 1495 785 1563 Ego
811 1507 938 1549 vero
964 1507 1070 1549 non
1101 1508 1165 1548 ea
1194 1501 1397 1546 tantum
1429 1506 1586 1561 quam
1615 1489 1946 1544 familiariter
1975 1487 2099 1556 tibi,

514 1586 611 1644 sed
659 1588 819 1643 etiam
867 1602 1025 1657 quam
1079 1586 1236 1641 matri
1280 1585 1533 1641 Ecclesiae
1584 1583 1956 1640 universaliter
2005 1583 2104 1639 de-

514 1679 649 1745 beo,
698 1680 959 1736 cbaritate
995 1695 1058 1735 ac
1093 1681 1346 1736 servitute
1389 1679 1715 1750 compellor,
1758 1679 1803 1734 si
1842 1678 1968 1750 quid
2011 1694 2108 1749 per

518 1785 738 1842 operam
778 1786 953 1827 meam
982 1787 1141 1842 quam
1165 1771 1376 1827 Domini
1404 1771 1571 1827 nostri
1612 1772 1856 1842 largitate
1887 1785 2106 1842 possum

462 1868 491 1881 "'
517 1863 776 1918 exhibere
794 1905 810 1930 ,
844 1863 985 1918 idem
1012 1878 1106 1920 eos
1134 1864 1393 1920 Dominus
1418 1880 1553 1936 quos
1582 1864 1714 1919 mihi
1742 1848 1935 1920 fratres
1960 1865 2104 1932 fecit,

518 1955 761 2024 adjuvari
804 1955 987 2023 jubet,
1039 1957 1185 2011 nullo
1232 1956 1392 2012 modo
1438 1972 1727 2024 recusare,
1785 1957 1879 2013 sed
1932 1960 2109 2029 potius

517 2054 769 2116 prompta
799 2055 853 2100 et
878 2044 1074 2102 devota
1100 2047 1371 2103 voluntate
1400 2048 1689 2119 suscipere.
1723 2048 1934 2116 Quanto
1963 2050 2109 2105 enim

520 2134 684 2204 cupio
730 2136 888 2191 latius
931 2137 1139 2208 erogari
1164 2140 1184 2169 ³
1232 2139 1513 2209 pecuniam
1556 2138 1875 2195 dominicam
1900 2181 1915 2208 ,
1962 2149 2111 2195 tanto

517 2226 693 2297 magis
727 2242 815 2283 me
843 2237 1093 2298 oportet,
1137 2230 1181 2285 si
1211 2245 1371 2300 quam
1399 2231 1794 2301 dispensatores
1818 2246 2110 2287 conservos

518 2331 672 2372 meos
717 2317 1090 2375 difficultatem
1140 2320 1193 2374 in
1237 2321 1506 2391 erogando
1553 2323 1755 2378 sentire
1798 2336 2066 2395 cognosco
2091 2363 2107 2387 ,

520 2401 698 2478 agere'
726 2419 979 2479 quantum
1012 2412 1064 2465 in
1096 2426 1184 2468 me
1213 2423 1325 2480 est,
1374 2422 1432 2467 ut
1469 2414 1625 2469 facile
1663 2423 1823 2485 atque
1862 2414 2113 2486 expedite

520 2500 763 2570 possint,
793 2501 937 2573 quod
966 2503 1191 2574 impigre
1218 2520 1282 2560 ac
1313 2504 1552 2561 studiose
1580 2506 1788 2561 volunt.

593 2589 818 2648 CAPUT
858 2593 924 2649 ll.
959 2625 1026 2636 —-
1050 2596 1102 2650 '5.
1136 2595 1318 2651 Sermo
1349 2613 1483 2668 sirpe
1518 2599 1605 2669 qui
1643 2599 1874 2653 audienti
1911 2600 2108 2670 placet,

524 2682 756 2755 displicet
787 2685 971 2741 dicenti
997 2705 1016 2742 :
1042 2688 1176 2742 unde
1198 2688 1253 2742 id
1276 2690 1553 2760 contingat.
1588 2691 1689 2758 Qui
1713 2708 1993 2745 sermonem
2014 2693 2111 2746 Ita-

523 2774 606 2830 bet
627 2817 643 2845 ,
673 2787 809 2832 curet
847 2784 900 2830 ut
924 2778 1034 2833 sine
1071 2779 1280 2849 fastidia
1310 2790 1356 2835 et
1381 2781 1609 2835 hilariter
1635 2781 1788 2835 dicat.
1830 2781 1938 2839 Sed
1967 2783 2112 2853 quod

524 2869 595 2925 ad
618 2878 764 2926 tuam
807 2874 1022 2944 proprie
1047 2875 1530 2932 considerationem
1557 2877 1790 2947 pertinet
1808 2919 1824 2945 ,
1868 2880 2033 2934 nolim
2060 2888 2114 2935 te

522 2964 729 3021 moveri
758 2979 826 3020 ex
855 2981 921 3022 eo
949 2967 1091 3037 quod
1116 2982 1259 3039 saepe
1284 2969 1381 3025 tibi
1399 2969 1665 3040 abjectum
1695 2987 1999 3029 sermonem
2030 2974 2113 3029 fa-

525 3057 912 3129 stidiosumque
938 3058 1135 3116 habere
1161 3062 1306 3117 visus
1329 3078 1408 3118 es.
1438 3061 1579 3119 Fieri
1604 3064 1747 3121 enim
1775 3074 1954 3136 potest
1978 3073 2039 3121 ut
2063 3067 2113 3122 ei

523 3163 687 3220 quem
715 3150 1021 3207 instruebas
1046 3167 1153 3209 non
1194 3156 1266 3209 ita
1302 3155 1373 3209 sit
1399 3155 1574 3211 visum
1598 3197 1614 3223 ,
1643 3157 1740 3212 sed
1781 3158 1905 3228 quia
1937 3168 1993 3213 tu
2017 3159 2116 3215 ali-

524 3242 653 3314 quid
679 3243 873 3301 melius
899 3244 1071 3301 audiri
1101 3246 1443 3304 desiderabas
1462 3291 1477 3316 ,
1514 3265 1579 3304 eo
1605 3250 1697 3305 tibi
1725 3250 1867 3321 quod
1896 3250 2114 3308 dicebas

522 3335 798 3394 videretur
834 3337 1110 3410 indignum
1148 3340 1366 3396 auribus
1409 3341 1659 3397 aliorum.
1708 3342 1842 3397 Nam
1883 3352 1936 3399 et
1982 3344 2114 3401 mihi

524 3445 695 3503 prope
728 3448 943 3504 semper
985 3448 1163 3490 sermo
1204 3450 1355 3490 meus
1387 3435 1651 3505 displicet.
1698 3436 1930 3492 Melioris
1970 3437 2112 3493 enim

524 3524 714 3582 avidus
742 3541 882 3594 sum,
912 3542 1019 3598 quo
1049 3543 1191 3598 smpe
1217 3527 1367 3583 fruor
1392 3528 1614 3584 interius
1633 3570 1649 3595 ,
1676 3540 1961 3600 antequam
1989 3547 2113 3586 eum

525 3617 794 3687 explicare
820 3618 1003 3675 verbis
1031 3620 1344 3676 sonantibus
1371 3635 1586 3691 coepero
1616 3639 1628 3675 :
1651 3621 1792 3691 quod
1818 3621 1907 3676 ubi
1936 3622 2113 3677 minus

524 3723 686 3779 quam
728 3709 861 3765 mihi
906 3720 1063 3767 notus
1092 3722 1175 3769 est
1219 3713 1507 3779 evaluero,
1550 3713 1837 3768 contristor
1879 3713 2112 3784 linguam

523 3816 702 3858 meam
722 3803 874 3858 cordi
894 3819 1015 3860 meo
1037 3821 1143 3862 non
1164 3806 1401 3877 potuisse
1422 3806 1443 3838 ³
1464 3805 1732 3862 sufficere.
1757 3806 1947 3862 Totum
1968 3807 2111 3863 enim

524 3894 669 3963 quod
689 3894 948 3967 intelligo,
974 3897 1097 3953 volo
1120 3907 1180 3953 ut
1204 3899 1292 3970 qui
1314 3913 1400 3954 me
1424 3898 1572 3954 audit
1594 3898 1890 3971 intelligat;
1917 3908 1972 3954 et
1992 3913 2115 3954 sen-

504 3977 603 4062 Ξιὶο
637 4002 723 4043 me
752 4004 859 4044 non
886 3991 960 4045 ita
989 3990 1173 4062 loqui,
1204 4000 1263 4047 ut
1291 3991 1395 4047 hoc
1424 3991 1654 4048 efficiam
1691 4011 1704 4047 :
1736 3993 1966 4047 maxime
1992 3991 2118 4061 quia

524 4079 619 4136 ille
661 4081 961 4141 intellectus
999 4085 1151 4154 quasi
1198 4085 1383 4154 rapida
1428 4087 1797 4143 coruscatione
1845 4085 2119 4157 perfundit

525 4173 798 4239 animum;
830 4174 919 4228 illa
945 4183 1122 4231 autem
1163 4176 1365 4232 locutio
1393 4178 1543 4234 tarda
1582 4188 1635 4234 et
1664 4180 1823 4250 longa
1852 4190 1934 4236 est
1954 4223 1969 4248 ,
1996 4181 2117 4237 lon-

524 4278 697 4335 geque
726 4263 999 4320 dissimilis
1031 4283 1044 4319 :
1077 4274 1132 4321 et
1155 4265 1281 4321 dum
1311 4267 1409 4322 ista
1437 4269 1703 4336 volvitur,
1728 4271 1840 4340 jam
1865 4288 1924 4327 se
1949 4273 2036 4328 ille
2062 4272 2119 4328 in

526 4367 735 4413 secreta
769 4372 861 4412 sua
903 4358 1185 4414 condidit:
1217 4368 1394 4415 tamen
1440 4362 1563 4432 quia
1602 4365 1825 4434 vestigia
1871 4367 2115 4437 quaedam

524 4448 666 4505 miro
696 4449 856 4506 modo
884 4450 1157 4520 impressit
1189 4453 1499 4522 memoriae,
1543 4454 1832 4525 perdurant
1870 4459 1959 4514 illa
1993 4475 2115 4516 cum

525 4541 851 4615 syllabarum
882 4543 1132 4611 morulis;
1161 4553 1320 4615 atque
1344 4560 1410 4601 ex
1435 4547 1636 4603 eisdem
1661 4549 1895 4621 vestigiis
1920 4566 2120 4608 sonan-

526 4632 599 4689 tia
624 4635 774 4705 signa
803 4636 1109 4707 peragimus
1132 4677 1146 4705 ,
1179 4652 1300 4708 qum
1337 4638 1516 4711 lingua
1563 4640 1757 4697 dicitur
1793 4646 1879 4701 vel
1920 4645 2115 4717 latina,

524 4723 614 4779 vel
639 4726 812 4794 graaca
833 4767 848 4792 ,
889 4727 977 4783 vel
1001 4727 1213 4784 hebrzca
1230 4770 1245 4797 ,
1273 4728 1359 4785 vel
1383 4729 1484 4787 alia
1514 4733 1764 4803 quaelibet
1784 4752 1799 4802 ;
1822 4736 1934 4793 sive
1961 4739 2118 4811 cogi-

524 4825 706 4874 tentur
730 4818 847 4876 haec
873 4821 1053 4892 signa,
1082 4823 1198 4887 sive
1221 4823 1383 4880 etiam
1410 4840 1543 4881 voce
1570 4827 1944 4898 proferantur;
1990 4848 2113 4888 cum

525 4907 617 4968 illa
665 4912 886 4984 vestigia
930 4928 1032 4970 nec
1077 4915 1274 4981 latina,
1314 4931 1415 4973 nec
1467 4932 1638 4988 graeca
1660 4961 1675 4986 ,
1730 4922 1813 4975 vel
1868 4922 2114 4993 hebraea,

526 5014 628 5055 nec
677 5003 934 5074 cujusque
976 5005 1195 5062 alterius
1238 5008 1413 5077 gentis
1460 5009 1568 5064 sint
1614 5012 1850 5081 propria,
1899 5014 1994 5070 sed
2041 5016 2113 5070 ita

525 5092 824 5147 efficiantur
866 5097 918 5151 in
967 5098 1176 5165 animo,
1223 5106 1283 5154 ut
1320 5099 1498 5156 vultus
1545 5102 1600 5157 in
1644 5118 1889 5176 corpore.
1944 5106 2118 5163 Aliter

526 5184 673 5244 enim
702 5184 865 5240 latine
889 5187 965 5241 ira
994 5189 1219 5259 dicitur,
1251 5191 1407 5249 aliter
1424 5209 1616 5265 graece,
1646 5197 1800 5253 aliter
1824 5206 1985 5271 atque
2013 5202 2117 5256 ali-

525 5289 610 5336 ter
651 5278 874 5334 aliarum
910 5278 1216 5338 diversitate
1248 5283 1547 5355 linguarum
1582 5306 1594 5342 :
1625 5304 1735 5345 non
1774 5301 1952 5349 autem
1997 5293 2119 5349 lati-

525 5388 628 5428 nus
670 5379 762 5428 aut
799 5385 1008 5442 graecus
1046 5382 1128 5427 est
1153 5376 1326 5431 vultus
1365 5378 1504 5433 irati.
1546 5379 1661 5435 Non
1701 5382 1881 5455 itaque
1926 5399 2118 5442 omnes

525 5473 711 5535 gentes
733 5461 1058 5534 intelligunt,
1079 5479 1201 5519 cum
1223 5466 1446 5538 quisque
1474 5470 1621 5540 dicit,
1650 5472 1824 5532 lratus
1852 5492 1992 5546 sum,
2021 5477 2123 5535 sed

587 5622 607 5689 ξ
641 5620 717 5689 sic
730 5620 780 5689 in
802 5627 909 5673 MSS.
934 5630 991 5674 At
1013 5624 1064 5673 in
1086 5623 1245 5686 editis,
1269 5625 1492 5678 retinere.

588 5681 613 5752 ξ
642 5681 786 5752 mliti,
809 5695 1026 5747 erogare.
1052 5694 1109 5736 Al.
1131 5681 1261 5748 Mssﬁ,
1283 5689 1492 5752 erogari.

593 5739 614 5771 ³
647 5740 780 5801 Fditi,
798 5739 1066 5807 non'posse.
1090 5755 1214 5813 Mss,
1235 5739 1329 5802 ium
1346 5739 1565 5813 Mm.
1702 5825 1731 5836 η
1814 5818 1823 5827 λ
1988 5824 2005 5855 ι
2057 5807 2137 5853 νη)

1383 269 1470 326 DE
1509 264 2045 327 CATECHIZANDIS
2085 265 2403 335 RUDIBUS,
2442 268 2499 323 S.
2542 267 2910 325 AUGUSTINI

3684 271 3800 333 512

2203 380 2376 438 Latini
2399 391 2600 439 tantum
2616 401 2629 437 ε
2648 391 2703 438 at
2717 385 2760 439 si
2772 382 2993 439 allectus
3003 381 3442 441 excandescentis
3457 386 3621 442 animi
3634 397 3800 446 exeat

2200 474 2253 529 in
2298 474 2508 541 faciem,
2551 474 2862 547 vultumque
2909 475 3068 531 faciat
3092 472 3190 548 (a),
3217 490 3406 533 omnes
3439 480 3795 552 sentiuntqui

2192 567 2475 624 intuentur
2493 569 2705 624 iratum.
2730 567 2838 624 Sed
2864 583 3037 638 neque
3063 569 3133 623 ita
3154 568 3279 623 licet
3300 569 3529 626 educere
3556 581 3611 627 et
3637 575 3795 644 quasi

2202 662 2545 730 exporrigere
2580 660 2632 715 in
2663 675 2879 716 sensum
2918 659 3243 715 audientium
3277 676 3373 731 per
3410 676 3602 718 sonum
3643 666 3798 721 vocis

2203 750 2293 805 illa
2314 750 2559 822 vestigia,
2584 767 2702 822 quae
2724 752 2981 822 imprimit
3002 752 3303 808 intellectus
3328 755 3625 822 memorizc,
3649 757 3793 811 sicut

2205 854 2421 915 apertus
2440 853 2494 899 et
2519 842 2832 899 manifestus
2852 854 2934 899 est
2958 844 3137 900 vultus
3169 863 3182 899 :
3214 845 3306 899 illa
3333 846 3477 901 enim
3500 856 3625 902 sunt
3648 848 3795 903 intus

2208 935 2260 990 in
2287 936 2486 1004 animo,
2516 936 2618 991 iste
2639 935 2769 990 foris
2790 936 2843 989 in
2865 950 3108 1005 corpore.
3132 936 3468 1007 Quapropter
3496 939 3794 1009 conjicien-

2206 1027 2333 1083 dum
2362 1038 2444 1083 est
2469 1037 2726 1098 quantum
2751 1027 2912 1084 distet
2940 1044 3104 1084 sonus
3128 1029 3239 1084 oris
3260 1029 3432 1084 nostri
3467 1030 3534 1084 ab
3564 1032 3657 1086 illo
3686 1033 3797 1087 ictu

2208 1121 2587 1191 intelligentiae,
2619 1121 2832 1193 quando
2862 1137 2929 1177 ne
2951 1121 3051 1192 ipsi
3074 1121 3290 1193 quidem
3316 1123 3655 1193 impressioni
3684 1142 3802 1179 me-

2209 1213 2394 1269 moria:
2418 1213 2607 1270 similis
2634 1222 2733 1270 est.
2763 1213 2873 1270 Nos
2898 1225 3075 1270 autem
3118 1214 3432 1286 plerumque
3460 1217 3513 1270 in
3541 1216 3803 1273 auditoris

2211 1305 2492 1361 utilitatem
2529 1305 2877 1362 vehementer
2908 1305 3189 1373 ardentes,
3224 1307 3296 1361 ita
3336 1307 3481 1378 loqui
3512 1309 3794 1377 volumus,

2210 1396 2660 1469 quemadmodum
2687 1406 2812 1453 tunc
2844 1397 3209 1469 intelligimus,
3248 1414 3371 1455 cum
3398 1415 3494 1470 per
3523 1401 3690 1471 ipsam
3718 1401 3801 1456 in-

2210 1490 2505 1546 tentionem
2535 1489 2680 1561 loqui
2722 1504 2828 1545 non
2873 1504 3160 1561 possumus
3191 1508 3204 1545 :
3233 1500 3287 1547 et
3312 1491 3437 1562 quia
3465 1508 3574 1547 non
3612 1507 3801 1549 succe-

2212 1581 2322 1651 dit,
2352 1584 2599 1654 angimur
2623 1624 2637 1650 ,
2682 1590 2739 1639 et
2759 1583 2906 1639 velut
2940 1582 3139 1639 frustra
3176 1599 3396 1654 operam
3424 1585 3757 1641 insumamus
3779 1627 3797 1655 ,

2214 1674 2373 1730 taedio
2412 1674 2824 1741 marcescimus;
2866 1682 3029 1747 atque
3057 1689 3126 1731 ex
3158 1676 3276 1747 ipso
3304 1675 3461 1732 ttedio
3502 1676 3803 1748 languidior

2215 1768 2275 1823 fit
2300 1767 2441 1823 idem
2468 1781 2668 1836 sermo,
2701 1775 2756 1823 et
2781 1766 3026 1823 hebetior
3044 1782 3206 1839 quam
3230 1777 3364 1838 erat,
3388 1767 3529 1824 unde
3552 1767 3812 1840 perduxit,

2214 1859 2282 1915 ad
2308 1858 2544 1915 tzedium.

2285 1956 2339 2011 4.
2372 1952 2479 2010 Sed
2502 1953 2634 2009 mihi
2675 1968 2819 2025 saepe
2850 1953 3051 2012 indicat
3088 1968 3272 2012 eorum
3301 1954 3570 2022 studium,
3601 1955 3692 2026 qui
3717 1970 3803 2013 me

2215 2045 2400 2102 audire
2457 2046 2711 2117 cupiunt,
2775 2061 2884 2103 non
2935 2047 3008 2103 ita
3059 2062 3181 2104 esse
3240 2045 3490 2118 frigidum
3538 2047 3805 2117 eloquium

2215 2155 2430 2208 meum,
2478 2147 2539 2195 ut
2578 2139 2785 2197 videtur
2836 2140 2970 2196 mihi
3007 2159 3020 2195 :
3062 2149 3117 2197 et
3158 2155 3251 2197 eos
3281 2140 3407 2197 inde
3449 2139 3646 2211 aliquid
3677 2141 3807 2196 utile

2216 2246 2440 2303 capere,
2494 2248 2561 2289 ex
2601 2247 2788 2289 eorum
2830 2232 3182 2290 delectatione
3226 2247 3525 2304 cognosco;
3568 2248 3809 2290 mecum-

2216 2339 2322 2395 que
2359 2339 2460 2396 ago
2503 2324 2721 2394 sedulo,
2768 2333 2827 2381 ut
2867 2324 2994 2382 huic
3031 2323 3333 2381 exhibendo
3371 2325 3666 2381 ministerio
3698 2340 3808 2381 non

2216 2416 2387 2474 desim
2412 2460 2427 2485 ,
2458 2419 2512 2474 in
2541 2434 2649 2490 quo
2678 2419 2797 2475 illos
2838 2418 2994 2476 video
3032 2420 3171 2477 bene
3197 2420 3442 2490 accipere
3479 2419 3623 2491 quod
3659 2418 3811 2475 exhi-

2216 2507 2393 2564 betur.
2426 2508 2514 2565 Sic
2547 2518 2601 2565 et
2644 2519 2734 2578 tu,
2771 2525 2836 2566 eo
2864 2510 2983 2581 ipso
3019 2509 3163 2581 quod
3200 2509 3270 2566 ad
3300 2521 3352 2566 te
3399 2511 3596 2580 saepius
3644 2509 3813 2566 addu-

2218 2608 2411 2654 cuntur
2439 2602 2529 2670 qui
2559 2600 2664 2656 fide
2692 2602 2968 2658 imbuendi
2991 2611 3146 2672 sunt,
3180 2602 3345 2658 debes
3372 2602 3667 2674 intelligere
3704 2619 3811 2659 non

2219 2694 2292 2748 ita
2316 2693 2602 2763 displicere
2641 2695 2758 2751 aliis
2798 2710 3105 2752 sermonem
3133 2704 3281 2752 tuum
3306 2706 3365 2751 ut
3387 2696 3633 2767 displicet
3659 2696 3752 2751 tibi
3795 2714 3809 2751 :

2218 2800 2319 2840 nec
2368 2785 2755 2843 infructuosum
2802 2796 2856 2844 te
2897 2789 3065 2846 debes
3108 2797 3333 2861 putare,
3390 2789 3532 2860 quod
3581 2805 3647 2845 ea
3693 2805 3812 2860 quae

2219 2877 2395 2933 cernis
2432 2893 2539 2933 non
2586 2878 2820 2950 explicas
2870 2880 2941 2936 ita
2991 2890 3051 2936 ut
3087 2882 3275 2952 cupis;
3320 2880 3533 2952 quando
3578 2880 3716 2937 forte
3756 2890 3816 2936 ut

2218 2971 2370 3040 cupis
2396 2985 2494 3026 nec
2532 2985 2755 3027 cernere
2783 2972 2985 3028 valeas.
3011 2973 3144 3041 Quis
3180 2974 3324 3028 enim
3353 2973 3409 3028 in
3453 2972 3551 3028 hac
3578 2973 3682 3027 vita
3710 2973 3814 3027 nisi

2220 3062 2274 3118 in
2304 3063 2584 3134 aenigmate
2623 3074 2679 3120 et
2714 3079 2811 3135 per
2843 3066 3118 3136 speculum
3158 3065 3299 3121 videt
3327 3065 3371 3137 (Ι
3396 3064 3513 3120 Cor.
3542 3080 3656 3132 xm,
3681 3062 3818 3134 l2)?

2217 3154 2331 3212 Nec
2357 3156 2472 3226 ipse
2494 3172 2646 3213 amor
2670 3167 2849 3214 tantus
2873 3167 2995 3226 est,
3022 3169 3083 3214 ut
3107 3159 3284 3214 carnis
3310 3157 3549 3228 disrupta
3587 3156 3816 3227 caligine

2221 3258 2465 3319 penetret
2503 3250 2555 3304 in
2585 3258 2845 3306 aeternum
2871 3264 3151 3319 serenum,
3200 3250 3343 3307 unde
3381 3259 3669 3320 utcumque
3708 3248 3812 3303 ful-

2219 3348 2347 3410 gent
2377 3338 2542 3395 etiam
2570 3342 2670 3396 ista
2700 3357 2820 3412 quae
2857 3350 3153 3398 transeunt.
3199 3342 3306 3398 Sed
3346 3342 3468 3413 quia
3517 3340 3640 3397 boni
3683 3354 3813 3410 pro-

2221 3430 2405 3486 ficiunt
2429 3432 2496 3488 de
2530 3432 2616 3488 die
2657 3434 2711 3488 in
2739 3434 2881 3489 diem
2906 3435 2974 3490 ad
2999 3435 3289 3491 videndum
3326 3436 3468 3491 diem
3503 3436 3619 3491 sine
3659 3434 3813 3489 volu—

2221 3526 2365 3581 mine
2392 3526 2593 3582 coaliet
2617 3527 2735 3584 sine
2772 3529 2944 3585 noctis
2984 3531 3232 3596 incursu,
3276 3544 3435 3601 quem
3477 3528 3662 3583 oculus
3709 3541 3814 3581 non

2220 3618 2391 3687 vidit,
2430 3634 2529 3675 nec
2553 3620 2697 3675 auris
2722 3620 2959 3690 audivit,
2988 3636 3091 3677 nec
3119 3622 3172 3676 in
3200 3636 3295 3676 cor
3318 3620 3551 3676 hominis
3576 3617 3816 3674 ascendit

2224 3712 2336 3783 (Id.
2369 3729 2426 3777 ιι,
2454 3713 2531 3784 9);
2560 3714 2703 3768 nulla
2731 3713 2904 3784 major
2930 3729 3092 3769 causa
3110 3723 3193 3769 est
3207 3729 3303 3769 cur
3320 3714 3476 3769 nobis
3497 3714 3550 3767 in
3577 3712 3817 3767 imbuen.

2222 3804 2305 3859 dis
2334 3804 2554 3860 rudibus
2576 3815 2763 3862 noster
2790 3819 2970 3861 sermo
3005 3805 3260 3871 vilescat,
3299 3805 3402 3859 nisi
3432 3805 3556 3874 quia
3583 3804 3714 3860 libet
3738 3804 3819 3858 in-

2222 3894 2418 3950 usitate
2441 3909 2662 3952 cernere
2682 3938 2697 3962 ,
2727 3905 2783 3951 et
2812 3896 2970 3951 taedet
2996 3896 3191 3952 usitate
3221 3895 3487 3967 proloqui.
3520 3896 3588 3951 Et
3613 3911 3674 3950 re
3704 3895 3819 3967 qui.

2223 3986 2347 4042 dem
2373 4002 2496 4043 vera
2527 3988 2696 4043 multo
2720 3988 2923 4061 gratius
2948 3988 3195 4044 audimur
3214 4029 3229 4054 ,
3263 4003 3385 4043 cum
3414 3997 3470 4043 et
3495 4002 3594 4043 nos
3627 3986 3819 4043 eodem

2225 4094 2389 4150 opere
2436 4081 2766 4137 delectamur
2811 4099 2825 4137 :
2871 4081 3101 4137 afficitur
3145 4082 3289 4137 enim
3332 4080 3479 4136 filum
3534 4080 3819 4137 locutionis

2224 4179 2424 4227 nostra:
2451 4172 2568 4242 ipso
2614 4181 2799 4228 nostro
2822 4173 3017 4245 gaudio
3039 4215 3055 4241 ,
3086 4181 3142 4229 et
3168 4174 3277 4230 exit
3306 4173 3515 4228 facilius
3556 4181 3714 4243 atque
3737 4184 3821 4226 ac-

2227 4265 2453 4334 ceptius.
2483 4264 2820 4337 Quapropter
2851 4282 2958 4322 non
3001 4266 3225 4322 arduum
3268 4274 3352 4321 est
3394 4265 3664 4336 negotium
3688 4304 3705 4331 ,
3755 4275 3822 4317 ea

2226 4374 2347 4430 qua:
2375 4357 2642 4414 credenda
2671 4359 3007 4416 insinuantur
3029 4401 3044 4427 ,
3073 4360 3365 4432 praecipere
3408 4357 3547 4413 unde
3591 4365 3648 4412 et
3693 4371 3825 4427 quo-

2227 4466 2398 4522 usque
2424 4450 2692 4506 narranda
2720 4453 2861 4518 sint;
2902 4468 3002 4508 nec
3027 4451 3296 4523 quomodo
3319 4452 3388 4506 sit
3422 4447 3672 4507 varianda
3704 4463 3824 4503 nar-

2226 4543 2386 4611 ratio,
2417 4551 2476 4597 ut
2502 4542 2787 4613 aliquando
2815 4542 3061 4608 brevior,
3086 4540 3371 4613 aliquando
3398 4541 3608 4609 longior
3626 4578 3641 4603 ,
3672 4554 3823 4595 sem-

2227 4650 2327 4706 per
2367 4642 2548 4691 tamen
2576 4635 2733 4704 plena
2758 4642 2917 4704 atque
2963 4634 3197 4704 perfecta
3235 4634 3341 4700 sit;
3373 4640 3427 4689 et
3467 4630 3680 4702 quando
3704 4616 3847 4686 bre-'

2226 4728 2377 4783 viore
2399 4768 2415 4795 ,
2459 4735 2515 4782 et
2553 4725 2765 4797 quando
2793 4725 3036 4797 longiore
3070 4727 3141 4781 sit
3177 4724 3434 4783 utendum
3467 4723 3601 4779 :sed
3630 4723 3824 4791 quibus

2227 4820 2405 4876 modis
2442 4818 2739 4875 faciendum
2767 4819 2870 4885 sit,
2897 4829 2955 4874 ut
2997 4819 3235 4891 gaudens
3278 4818 3506 4889 quisque
3531 4816 3827 4872 catecbizet

2234 4910 2406 4982 (tanto
2424 4911 2569 4965 enim
2589 4911 2803 4966 suavior
2825 4912 2947 4978 crit,
2971 4921 3170 4983 quanto
3191 4912 3360 4982 magis
3380 4910 3435 4966 id
3460 4907 3735 4979 potuerit),
3761 4922 3823 4963 ea

2229 5016 2356 5057 cura
2383 5001 2613 5056 maxima
2642 5013 2744 5057 eSt.
2776 5001 2846 5057 Et
2875 5011 3201 5075 praeceptum
3231 5001 3448 5072 quidem
3477 5001 3556 5055 rei
3584 4998 3742 5067 hujus
3770 4998 3825 5052 in

2229 5102 2481 5165 promptu
2518 5102 2619 5150 est.
2668 5093 2725 5150 Si
2763 5095 2905 5150 enim
2939 5095 2993 5150 in
3028 5096 3253 5166 pecunia
3301 5091 3601 5163 corporali,
3627 5096 3828 5161 quanto

2208 5188 2401 5272 .magis
2424 5186 2479 5242 in
2509 5185 2774 5257 spirituali
2813 5187 3039 5243 hilarem
3082 5187 3327 5243 datorem
3361 5185 3533 5256 diligit
3574 5183 3714 5238 Deus
3759 5178 3830 5253 (ll

2232 5278 2351 5336 Cor.
2383 5296 2436 5335 ιι
2452 5322 2469 5348 ,
2501 5281 2596 5352 7)?
2623 5280 2729 5337 Sed
2749 5281 2864 5337 haec
2886 5282 3124 5337 hilaritas
3143 5282 3212 5337 ad
3235 5282 3422 5337 horam
3450 5289 3510 5335 ut
3528 5277 3684 5344 adsit,
3708 5278 3828 5346 ejus

2231 5381 2314 5427 est
2359 5372 2741 5429 misericordiae
2780 5373 2871 5444 qui
2912 5373 3012 5428 ista
3044 5373 3315 5443 praecepit.
3355 5372 3539 5442 itaque
3569 5370 3716 5441 prius
3759 5367 3832 5423 de

2230 5463 2394 5520 modo
2421 5465 2740 5519 narrationis
2768 5464 2910 5536 quod
2936 5474 2987 5521 te
3015 5465 3157 5520 velle
3179 5471 3425 5535 cognovi,
3461 5474 3570 5519 tum
3591 5462 3661 5519 de
3689 5476 3827 5531 ιιι-τε-

2232 5555 2479 5627 cipiendo
2506 5565 2666 5627 atque
2707 5556 3037 5612 cohortando
3056 5597 3071 5623 ,
3116 5564 3302 5627 postea
3329 5557 3396 5611 de
3428 5557 3528 5610 bac
3561 5553 3829 5609 hilaritate

2234 5646 2610 5718 comparanda,
2634 5663 2753 5718 qua:
2777 5648 2917 5706 Deus
2947 5649 3291 5721 suggesserit,
3315 5647 3662 5705 disseremus.

2298 5772 2370 5836 (a)
2392 5779 2548 5835 Forte,
2573 5770 2771 5837 afﬁciet.
