4124 6206
275 318 389 379 315

357 433 582 490 CAPUT
620 429 710 487 Ill.
745 460 819 473 -—
854 429 909 487 5.
951 429 1198 485 Narratio
1240 429 1390 500 plena
1412 443 1526 499 qua:
1563 425 1673 496 fieri
1709 424 1883 478 debeat

283 524 665 582 catechizando.
708 524 789 577 Ad
832 524 1096 578 charitatis
1135 524 1287 592 liuent
1332 519 1596 592 dirigenda
1637 518 1880 572 narratio.

285 622 574 689 Scriptura:
610 626 797 672 veteres
840 626 1048 689 propter
1085 614 1541 671 commendandum
1579 612 1765 667 Christi
1792 612 1887 665 ad-

283 724 525 779 ventum,
548 713 695 782 cujus
721 712 839 780 ﬁnis
873 711 1110 765 charitas.
1152 709 1396 771 Narratio
1421 708 1572 777 plena
1606 715 1721 773 est,
1762 722 1884 762 cum

285 805 515 875 quisque
549 804 724 874 primo
759 802 1119 858 cateehizatur
1138 802 1206 857 ab
1235 816 1300 857 eo
1323 801 1464 872 quod
1492 800 1747 871 scriptum
1778 809 1880 865 est,

286 896 354 950 In
403 898 655 967 principio
695 897 810 966 fecit
848 895 987 950 Deus
1015 894 1198 949 emtum
1224 906 1269 949 et
1301 905 1484 950 terram
1513 894 1667 967 (Cen.
1708 911 1761 955 ι,
1795 895 1847 965 1)
1869 933 1883 959 ,

288 1004 460 1057 usque
502 987 572 1042 ad
620 987 905 1058 praesentia
951 996 1188 1057 tempora
1234 987 1512 1042 Ecclesiae.
1544 986 1662 1041 Non
1707 994 1885 1040 tamen

289 1089 578 1150 propterea
623 1078 880 1134 debemus
926 1087 1093 1133 totum
1142 1079 1597 1147 Pentateucbum,
1639 1088 1887 1148 totosque

289 1172 539 1228 Judicum
585 1181 641 1228 et
678 1173 986 1242 Regnorum
1014 1181 1068 1227 ct
1114 1172 1300 1227 Esdrae
1330 1174 1345 1203 ¹
1378 1173 1560 1238 libros,
1614 1181 1887 1241 totumque

291 1264 647 1335 Evangelium
670 1272 725 1318 et
744 1264 912 1319 Actus
949 1265 1348 1334 Apostolorum,
1377 1265 1481 1328 vel,
1506 1264 1551 1318 si
1571 1264 1637 1319 ad
1664 1264 1886 1319 verbum

291 1356 613 1413 edidicimus
634 1397 649 1421 ,
683 1357 994 1412 memoriter
1035 1356 1263 1412 reddere
1286 1399 1302 1423 ,
1337 1357 1421 1411 vel
1469 1358 1663 1412 nostris
1709 1356 1887 1411 verbis

293 1447 477 1503 omnia
525 1462 647 1518 qua:
697 1446 781 1502 his
828 1448 1171 1503 continentur
1213 1448 1572 1503 voluminibus
1620 1447 1887 1503 narrando

293 1541 544 1596 evolvere
585 1548 640 1595 et
675 1540 979 1610 explicare;
1026 1540 1164 1611 quod
1194 1556 1292 1595 uec
1318 1550 1527 1608 tempus
1566 1542 1740 1611 capit,
1790 1556 1888 1597 nec

293 1632 400 1687 ulla
425 1632 722 1688 necessitas
748 1634 984 1702 postulat
1013 1650 1026 1688 :
1059 1633 1153 1688 sed
1180 1642 1370 1688 cuneta
1397 1634 1701 1689 summatim
1724 1648 1887 1704 gene-

293 1724 561 1795 ratimque
594 1725 905 1795 complecti,
934 1724 1003 1779 ita
1031 1734 1088 1779 ut
1117 1725 1380 1795 eligantur
1406 1725 1650 1795 quaedam
1680 1725 1888 1779 mirabi-

293 1814 429 1872 liora
453 1831 576 1887 quae
601 1817 816 1872 suavius
844 1816 1130 1872 audiuntur
1149 1858 1163 1881 ,
1205 1824 1366 1887 atque
1395 1817 1447 1872 in
1476 1817 1606 1887 ipsis
1648 1817 1887 1872 articulis

294 1909 584 1964 constituta
612 1918 735 1963 sunt
759 1906 833 1980 (a)
853 1950 867 1974 ,
898 1917 953 1963 ut
976 1924 1040 1964 ea
1070 1911 1089 1939 ⁸
1115 1917 1365 1979 tanquam
1389 1910 1440 1962 in
1475 1907 1764 1965 involucris
1799 1924 1886 1963 os—

294 2000 547 2069 tendere,
585 2001 873 2071 statimque
911 2016 942 2055 a
984 2010 1273 2070 conspectu
1298 2001 1541 2069 abripere
1579 2015 1686 2055 non
1728 2015 1886 2070 opor-

295 2102 423 2157 teat,
446 2094 542 2150 sed
565 2095 889 2165 aliquantum
906 2093 1242 2148 immorando
1258 2094 1409 2163 quasi
1436 2093 1706 2148 resolvere
1725 2101 1887 2161 atque

295 2185 601 2256 expandere
624 2228 639 2252 ,
672 2195 727 2241 et
747 2184 1077 2255 inspicienda
1103 2194 1262 2255 atque
1283 2185 1523 2240 miranda
1551 2184 1747 2239 oﬂerre
1779 2184 1887 2238 ani-

295 2277 397 2332 mis
419 2276 758 2342 auditorum;
789 2286 982 2333 etetera
1015 2292 1142 2332 vero
1167 2277 1331 2333 celeri
1363 2277 1707 2347 percursioue
1745 2275 1888 2331 inse-

296 2369 463 2425 rendo
492 2380 800 2425 contexere.
828 2369 902 2424 lta
930 2379 988 2425 et
1013 2370 1101 2423 illa
1127 2384 1246 2439 quae
1269 2368 1500 2423 maxime
1522 2366 1886 2423 commendari

295 2462 544 2517 volumus
565 2504 582 2527 ,
614 2462 840 2517 aliorum
870 2461 1227 2517 submissione
1256 2462 1426 2531 magis
1463 2460 1699 2516 eminent
1724 2477 1737 2525 ;
1786 2474 1887 2515 nec

294 2554 360 2610 ad
386 2570 452 2611 ea
478 2554 728 2626 fatigatus
752 2556 1014 2625 pervenit,
1047 2570 1208 2625 quem
1238 2555 1503 2610 narrando
1533 2556 1775 2609 volumus
1800 2570 1884 2609 cx-

294 2648 492 2714 citare;
534 2662 639 2704 nec
680 2648 820 2703 illius
859 2649 1116 2704 memoria
1157 2647 1534 2715 confunditur,
1584 2662 1743 2717 quem
1787 2646 1886 2701 do—

295 2740 463 2796 cendo
490 2739 755 2795 debemus
783 2740 1065 2796 instruere.

364 2835 419 2889 6.
446 2834 504 2888 ln
534 2832 785 2889 omnibus
813 2847 942 2890 sane
967 2849 1072 2889 non
1101 2841 1302 2889 tanttun
1332 2847 1431 2889 nos
1451 2841 1664 2903 oportet
1688 2832 1884 2888 intueri

295 2927 543 2997 praecepti
586 2926 747 2982 tinem
769 2966 784 2991 ,
829 2925 970 2996 quod
997 2934 1078 2981 est
1106 2924 1339 2980 Charitas
1366 2924 1434 2979 de
1460 2925 1627 2979 corde
1668 2937 1802 2993 puro
1830 2933 1885 2978 et

295 3020 616 3076 conscientia
637 3020 775 3074 bona
803 3033 859 3074 et
883 3018 989 3074 ﬁde
1017 3033 1122 3074 non
1146 3021 1265 3074 licta
1294 3018 1338 3089 (ι
1361 3017 1490 3071 Tim.
1518 3032 1558 3083 ι,
1582 3016 1661 3088 5),
1691 3031 1797 3087 quo
1820 3029 1882 3070 ea

296 3127 413 3182 qua:
455 3112 725 3183 loquimur
774 3119 961 3166 cuncta
1014 3109 1347 3175 referamus;
1393 3109 1488 3164 sed
1537 3109 1697 3164 etiam
1740 3108 1884 3164 illius

296 3221 453 3277 quem
487 3204 754 3276 loquendo
791 3204 1102 3260 instruimus
1124 3244 1139 3271 ,
1172 3203 1239 3259 ad
1268 3202 1324 3257 id
1353 3200 1648 3257 movendus
1677 3201 1699 3233 ³
1724 3209 1885 3271 atque

298 3300 421 3356 illnc
452 3299 765 3371 dirigendus
790 3308 1038 3369 aspectus
1077 3305 1180 3353 est.
1210 3296 1394 3367 Neque
1439 3295 1584 3351 enim
1621 3294 1691 3350 ob
1738 3293 1883 3348 aliud

298 3401 418 3446 ante
457 3390 749 3447 adventum
797 3389 1007 3444 Domini
1036 3389 1231 3459 scripta
1270 3395 1397 3442 sunt
1438 3387 1617 3441 omnia
1662 3401 1781 3456 qum
1828 3385 1883 3438 in

297 3484 489 3538 sanctis
525 3482 816 3552 Scripturis
845 3480 1103 3553 legimus,
1138 3480 1237 3535 nisi
1266 3488 1324 3534 ut
1348 3478 1496 3533 illius
1538 3476 1886 3533 commenda-

296 3585 439 3631 retur
464 3575 727 3631 adventus
746 3617 761 3641 ,
791 3583 845 3630 et
866 3573 1038 3628 futura
1074 3573 1486 3644 prtesignaretur
1510 3572 1749 3627 Ecclesia
1774 3614 1787 3638 ,
1832 3572 1883 3641 id

297 3677 409 3732 est,
437 3670 669 3741 populus
698 3668 793 3724 Dei
821 3684 918 3739 per
946 3682 1133 3723 omnes
1162 3674 1349 3737 gentes
1369 3708 1382 3734 ,
1415 3665 1557 3736 quod
1584 3674 1667 3720 est
1689 3680 1884 3735 corpus

297 3759 444 3829 ejus;
473 3760 742 3829 adjunetis
770 3768 927 3830 atque
966 3759 1327 3813 anumneratis
1369 3757 1619 3813 omnibus
1644 3757 1843 3812 sanctis
1867 3796 1881 3821 ,

296 3859 565 3928 quietiam
585 3866 712 3913 ante
741 3856 1024 3911 adventum
1047 3855 1163 3925 ejus
1189 3855 1243 3909 in
1274 3854 1376 3910 hoc
1395 3854 1591 3908 sacculo
1614 3853 1881 3918 vixerunt,

296 3950 367 4005 ita
398 3967 522 4007 eum
550 3950 833 4008 credentes
858 3957 1136 4004 venturum
1166 3963 1285 4004 esse
1304 3990 1317 4014 ,
1350 3948 1487 4003 sicut
1524 3961 1623 4002 nos
1649 3946 1881 4000 venisse.

296 4041 446 4098 Sicut
491 4043 634 4098 enim
678 4041 846 4098 Jacob
886 4056 1101 4096 manum
1147 4040 1330 4110 prius,
1371 4039 1497 4093 dum
1538 4045 1879 4104 nasceretur,

294 4136 474 4192 emisit
494 4150 560 4190 ex
592 4142 768 4201 utero,
786 4149 889 4205 qua
910 4134 1068 4189 etiam
1092 4131 1280 4202 pedem
1302 4129 1682 4201 praenaseentis
1710 4128 1885 4184 fratris

298 4225 548 4292 tenebat,
592 4226 790 4282 deinde
839 4227 1017 4295 utique
1055 4231 1299 4280 secutum
1327 4231 1411 4278 est
1436 4231 1624 4291 caput,
1658 4229 1767 4276 tum
1794 4220 1886 4276 de-

297 4334 441 4374 mum
472 4319 778 4375 necessario
802 4319 1035 4373 membra
1062 4323 1257 4372 cmtera
1284 4314 1436 4388 (Gen.
1464 4330 1566 4369 xxv
1586 4357 1600 4382 ,
1632 4313 1762 4386 25);
1791 4314 1886 4370 sed

299 4418 475 4466 tamen
498 4418 658 4480 caput
686 4424 791 4464 non
817 4416 1019 4464 tantum
1042 4423 1104 4463 ea
1134 4407 1368 4462 membra
1390 4422 1509 4477 qua:
1536 4414 1715 4461 secuta
1741 4415 1883 4471 sunt,

294 4500 389 4558 sed
418 4502 582 4558 etiam
611 4501 781 4570 ipsam
816 4516 1032 4555 manum
1060 4516 1178 4570 quae
1205 4499 1258 4553 in
1288 4498 1557 4553 nascendo
1578 4498 1851 4567 praecessit
1869 4538 1883 4563 ,

293 4595 551 4665 dignitate
575 4609 639 4649 ac
664 4602 931 4664 potestate
951 4592 1223 4665 praecedit;
1253 4600 1305 4647 et
1342 4591 1584 4662 quamvis
1613 4606 1718 4645 non
1750 4600 1888 4645 tem-

292 4703 425 4759 pore
449 4687 746 4759 apparendi
770 4728 784 4752 ,
825 4697 999 4742 tamen
1041 4694 1245 4741 natura:
1270 4683 1457 4740 ordine
1487 4685 1631 4754 prius
1656 4692 1737 4738 cst
1771 4701 1782 4736 :
1817 4683 1886 4736 ita

288 4793 345 4838 et
384 4783 650 4838 Dominus
679 4781 836 4837 Jesus
863 4780 1107 4837 Christus
1150 4779 1252 4835 etsi
1282 4787 1564 4848 antequam
1607 4784 1890 4847 appareret

288 4878 341 4933 in
373 4893 577 4945 carne,
616 4885 674 4931 et
700 4874 928 4947 quodam
976 4872 1137 4929 modo
1163 4889 1231 4928 ex
1278 4880 1431 4927 utero
1461 4870 1652 4925 secreti
1696 4867 1777 4922 sui
1822 4866 1887 4921 ad

287 4971 572 5029 hominum
601 4970 785 5025 oculos
808 4968 1063 5024 Mediator
1079 4965 1171 5020 Dei
1193 4973 1247 5019 et
1277 4964 1548 5018 hominum
1579 4961 1737 5015 homo
1763 4975 1888 5031 pro-

285 5067 542 5129 cederet,
576 5064 666 5136 qui
694 5070 779 5118 est
804 5076 967 5131 super
991 5072 1179 5115 omnes
1200 5056 1339 5110 Deus
1367 5053 1678 5108 benedictus
1704 5052 1756 5106 in
1786 5066 1889 5105 sa:-

283 5164 409 5219 cula
443 5158 624 5232 (Rom.
651 5172 708 5211 ix
732 5198 746 5221 ,
778 5153 833 5226 5)
854 5196 868 5222 ,
899 5150 1156 5225 prmmisit
1184 5150 1235 5202 in
1265 5148 1464 5203 sanctis
1491 5143 1813 5199 Patriarchis
1838 5152 1891 5197 et

281 5256 579 5328 Prophetis
606 5250 890 5325 quamdam
922 5256 1129 5320 partem
1156 5242 1395 5314 corporis
1436 5241 1554 5307 sui,
1602 5256 1703 5311 qua
1747 5239 1891 5294 velut

345 5440 365 5471 ι
406 5443 463 5485 ιιι
486 5439 803 5495 Mss.,Ezrw.
1266 5490 1276 5495 _
1387 5488 1432 5495 __.

342 5504 366 5533 ³
403 5484 487 5547 Er.
535 5484 767 5554 et'Lov.,
790 5496 837 5543 et
872 5503 960 5554 ea.
985 5495 1041 5539 At
1062 5496 1184 5545 Am.,
1225 5484 1528 5554 utea._Et‘sic
1543 5484 1879 5554 potioresnttss.

274 5576 346 5613 ex
789 5538 1103 5616 corrigimus,
1125 5538 1220 5600 non
1240 5550 1484 5612 oporteat;
1507 5538 1593 5591 ubi
1616 5540 1734 5590 editi
1759 5538 1892 5588 fere-

271 5622 428 5683 me
452 5632 553 5671 non
573 5622 777 5684 oportet.-

342 5673 371 5720 5
404 5673 485 5735 ita
501 5673 633 5742 ussf,
652 5680 776 5730 Editi
797 5690 938 5740 vero,
958 5673 1241 5727 monendus.

267 5769 430 5888 ⁸.ξό
464 5762 666 5821 Articuli
706 5771 983 5829 temporum
1017 5761 1236 5826 quinque
1270 5760 1497 5808 notantur
1536 5748 1676 5814 infra,
1696 5761 1730 5799 n
1774 5746 1806 5797 6
1841 5752 1894 5797 et

1738 307 1939 363 LIBER
1978 306 2175 364 UNUS.

3472 308 3580 375 3“

1995 439 2156 479 manu
2182 438 2241 481 se
2268 427 2594 483 nasciturum
2628 442 2748 484 esse
2773 428 3137 500 praenuntians
3154 469 3173 501 ,
3212 430 3374 490 etiam
3408 448 3582 507 popu-

1994 515 2102 570 lum
2128 517 2516 585 prazcedentem
2545 521 2791 590 superbe,
2808 520 3032 578 vinculis
3052 521 3209 595 Legis
3227 533 3478 597 tanquam
3495 526 3584 584 di-

1993 609 2116 678 gitis
2135 609 2366 680 quinque
2395 612 2789 681 supplantavit‘
2812 615 2958 684 (quia
2981 624 3035 670 et
3065 631 3160 686 per
3187 618 3422 688 quinque
3448 629 3583 676 tem-

1995 716 2182 770 porum
2213 702 2463 756 articulos
2493 706 2836 773 praenuntiari
2876 714 3131 763 venturus
3166 709 3581 783 proplietarique

1994 807 2100 846 non
2128 793 2348 862 destitit;
2372 803 2424 848 et
2445 793 2567 849 huic
2596 796 2673 849 rei
2703 811 3003 852 consonans
3022 812 3118 869 per
3135 814 3294 868 quem
3324 800 3438 856 Lex
3460 801 3584 858 data

1995 891 2105 949 est,
2138 884 2371 955 quinque
2399 885 2562 941 libros
2587 889 2903 957 conscripsit
2935 906 2949 943 :
2975 898 3031 944 et
3052 891 3267 960 superbi
3297 894 3586 950 carnaliter

1995 978 2318 1043 sentientes,
2365 988 2419 1033 et
2465 994 2611 1033 suam
2653 979 2910 1049 justitiam
2962 982 3202 1038 volentes
3255 985 3586 1041 constituere

1999 1067 2170 1139 [Hann
2201 1069 2362 1141 x,'5],
2382 1086 2486 1125 non
2509 1082 2691 1141 aperta
2715 1088 2869 1127 manu
2899 1075 3096 1130 Christi
3122 1078 3310 1147 repleti
3338 1088 3463 1133 sunt
3484 1080 3582 1135 beo

1995 1164 2333 1230 nedietione,
2390 1165 2484 1219 sed
2541 1166 2828 1221 constricta
2883 1176 3042 1238 atque
3089 1170 3349 1226 conclusa
3388 1172 3584 1227 retenti

1994 1267 2119 1312 sunt
2148 1276 2161 1312 :
2189 1258 2368 1328 itaque
2388 1259 2490 1313 illis
2517 1260 2731 1330 obligati
2758 1270 2882 1316 sunt
2907 1261 3070 1331 pedes
3092 1303 3106 1328 ,
3149 1272 3204 1318 et
3236 1265 3580 1332 ceciderunt;

1996 1365 2091 1406 nos
2112 1360 2289 1406 autem
2315 1354 2643 1409 surreximus
2667 1363 2720 1409 et
2741 1356 2905 1411 erecti
2925 1370 3110 1411 sumus
3134 1354 3300 1429 [PsaL
3325 1375 3416 1414 xix
3435 1401 3450 1426 ,
3474 1359 3581 1434 9]):

1995 1444 2238 1513 quamvis
2267 1460 2424 1515 ergo,
2450 1452 2507 1499 ut
2532 1445 2674 1511 dixi,
2706 1448 3023 1517 praemiserit
3051 1448 3310 1506 Dominus
3339 1449 3585 1508 Christus

1994 1536 2277 1606 quamdam
2322 1547 2537 1607 partem.
2574 1541 2815 1609 corporis
2843 1542 2926 1597 sui
2967 1542 3022 1596 in
3064 1545 3295 1611 sanctis,
3340 1546 3432 1616 qui
3457 1561 3583 1602 eum

1994 1630 2249 1685 nascendi
2290 1640 2526 1700 tempore
2564 1634 2892 1702 praeierunt;
2944 1644 3118 1692 tamen
3161 1637 3275 1707 ipse
3303 1646 3385 1694 est
3426 1649 3586 1711 caput

1993 1722 2232 1791 corporis
2260 1722 2514 1778 Ecclesia:
2543 1723 2759 1796 (Coloss.
2786 1742 2821 1792 ι,
2848 1727 2962 1798 18);
2990 1729 3171 1799 illique
3192 1744 3380 1787 omnes
3407 1732 3583 1788 eidem

1993 1814 2204 1881 corpori
2232 1814 2384 1884 cujus
2415 1815 2503 1870 ille
2527 1825 2686 1885 ceput
2709 1825 2793 1873 est
2821 1818 3197 1888 cohaeserunt,
3227 1821 3497 1878 credendo
3529 1823 3583 1879 in

1993 1921 2114 1960 eum
2159 1921 2318 1976 quem
2365 1908 2807 1977 praenuntiabant.
2853 1909 2973 1965 Non
3015 1912 3159 1967 enim
3207 1916 3585 1982 praicurrendo

1992 1998 2185 2054 divulsi
2216 2010 2373 2069 sunt,
2415 2001 2510 2056 sed
2554 2002 2788 2072 adjuncti
2829 2003 3008 2073 potius
3052 2003 3417 2076 obsequendo.
3447 2006 3583 2064 Nam

1992 2094 2092 2149 etsi
2120 2108 2311 2148 manus
2343 2109 2373 2149 a
2403 2094 2575 2163 capite
2598 2095 2846 2164 praemitti
2872 2105 3079 2167 potest,
3111 2100 3372 2155 connexio
3400 2107 3580 2157 tamen

1992 2187 2108 2255 ejus
2149 2186 2249 2241 sub
2296 2186 2470 2256 capite
2521 2196 2623 2243 cst.
2675 2188 3015 2260 Quapropter
3059 2191 3237 2246 omnia
3287 2207 3406 2263 quae
3456 2202 3583 2251 ante

1991 2278 2185 2347 scripta
2215 2287 2376 2344 sunt,
2406 2286 2468 2333 ut
2505 2293 2604 2334 nos
2650 2278 2969 2336 doceremur
3011 2281 3208 2353 scripta
3248 2293 3372 2339 sunt
3404 2283 3581 2357 (Rom.

1992 2385 2086 2433 xv,
2108 2371 2166 2439 4)
2189 2411 2202 2438 ,
2226 2383 2281 2425 et
2311 2371 2492 2441 ﬁgura:
2523 2380 2721 2428 nostra:
2745 2372 2997 2442 fuerunt,
3028 2383 3084 2430 et
3108 2375 3161 2429 in
3192 2378 3361 2448 ﬁgura
3386 2378 3585 2432 contin-

1990 2460 2172 2532 gebant
2191 2462 2244 2514 in
2269 2462 2342 2515 eis
2366 2464 2420 2528 ²;
2451 2464 2638 2534 scripta
2663 2474 2781 2518 sunt
2807 2473 2975 2519 autem
3000 2475 3205 2537 propter
3228 2483 3351 2537 nos,
3376 2469 3433 2523 in
3457 2484 3584 2539 quos

1991 2555 2109 2623 ﬁnis
2133 2555 2435 2609 steculorum
2461 2557 2655 2611 obvenit
2691 2556 2734 2629 (Ι
2759 2558 2878 2614 Cor.
2910 2575 2968 2626 x,
3002 2560 3119 2631 11).

2060 2647 2287 2703 CAPUT
2320 2647 2405 2703 IV.
2424 2680 2494 2689 —
2520 2650 2572 2702 7.
2607 2648 2880 2720 Prtecipua
2906 2667 3060 2705 causa
3083 2652 3326 2708 adventus
3355 2653 3578 2723 Christi,

1989 2738 2254 2794 eharitatis
2290 2740 2677 2794 conuuendatio.
2711 2741 2790 2795 Ad
2817 2741 3135 2798 dilectionem
3170 2746 3436 2816 referenda
3476 2762 3587 2803 esse

1988 2848 2103 2902 qua:
2129 2832 2191 2887 de
2218 2831 2419 2888 Christo
2454 2849 2518 2888 ea:
2545 2833 2827 2904 Seripturis
2851 2845 3128 2890 narrantur
3166 2836 3221 2891 in
3258 2838 3580 2895 eatechismo.

1989 2922 2120 2990 Quae
2140 2934 2317 2979 autem
2344 2924 2516 2995 major
2534 2940 2693 2980 causa
2719 2934 2802 2980 est
2828 2926 3090 2983 adventus
3118 2928 3365 2997 Domini,
3396 2930 3499 2987 nisi
3525 2939 3585 2986 ut

1990 3016 2297 3072 ostenderet
2317 3016 2459 3071 Deus
2486 3017 2825 3073 dilectionem
2851 3032 3001 3072 suam
3028 3019 3080 3073 in
3107 3020 3282 3086 nobis,
3309 3036 3585 3077 commcn-

1990 3109 2123 3166 dans
2150 3126 2268 3165 eam
2295 3110 2678 3166 vehementer?
2706 3113 2828 3181 quia
2856 3126 2978 3166 cum
3004 3112 3178 3167 adhuc
3203 3113 3401 3169 inimici
3438 3128 3586 3171 esse-

1990 3217 2110 3257 mus
2130 3242 2144 3267 ,
2173 3201 2412 3257 Christus
2441 3216 2541 3271 pro
2578 3202 2733 3257 nobis
2770 3211 3015 3258 mortuus
3042 3214 3124 3258 est
3146 3204 3323 3275 (Rom.
3354 3221 3406 3272 v,
3438 3205 3581 3278 6-9).

1990 3296 2105 3352 Hoc
2130 3305 2305 3350 autem
2332 3294 2453 3350 ideo
2474 3336 2487 3361 ,
2534 3295 2659 3365 quia
2683 3294 2804 3349 ﬁnis
2835 3296 3088 3367 praecepti
3117 3303 3173 3351 et
3201 3297 3474 3367 plenitudo
3501 3297 3585 3354 le-

1989 3390 2092 3460 gis,
2120 3388 2354 3443 charitas
2380 3396 2465 3443 est
2493 3387 2537 3458 (l
2571 3387 2703 3442 Tim.
2735 3405 2773 3453 ι,
2802 3388 2857 3456 5,
2886 3397 2934 3442 et
2962 3389 3111 3442 Rom.
3144 3404 3259 3454 xui,
3287 3388 3376 3462 l0)
3409 3406 3424 3445 :
3453 3397 3587 3445 utet

1991 3497 2091 3538 nos
2132 3482 2359 3537 invicem
2387 3480 2704 3552 diligamus,
2755 3491 2810 3537 et
2853 3480 3304 3552 quemadmodum
3356 3483 3445 3539 ille
3486 3499 3586 3555 pro

1990 3578 2146 3633 nobis
2182 3574 2409 3632 animam
2454 3591 2603 3631 suam
2636 3577 2850 3646 posuit,
2879 3577 2957 3632 sic
2981 3585 3035 3631 et
3071 3591 3170 3631 nos
3200 3593 3294 3648 pro
3332 3576 3586 3635 fratribus

1990 3672 2222 3726 animam
2249 3686 2508 3740 ponamus
2535 3670 2577 3740 (1
2610 3670 2766 3725 Joan.
2797 3686 2888 3737 ιιι,
2922 3669 3011 3742 16)
3036 3686 3050 3737 ;
3075 3680 3129 3726 et
3155 3672 3327 3741 ipsum
3371 3672 3536 3727 Deum
3562 3712 3576 3737 ,

1993 3765 2242 3835 quoniam
2271 3764 2417 3833 prior
2442 3763 2628 3819 dilexit
2664 3778 2761 3819 nos
2789 3762 2901 3836 (Id.
2934 3780 3019 3830 Iv,
3051 3765 3140 3835 10)
3166 3805 3179 3829 ,
3222 3774 3276 3819 et
3313 3763 3448 3818 Filio
3489 3780 3587 3821 suo

1992 3857 2147 3911 unico
2187 3870 2295 3910 non
2336 3855 2600 3925 pepercit,
2648 3854 2741 3909 sed
2780 3869 2878 3924 pro
2909 3855 3063 3908 nobis
3088 3856 3337 3908 omnibus
3371 3854 3589 3910 tradidit

1993 3963 2113 4002 eum
2149 3947 2322 4019 (Rom.
2356 3962 2446 4001 vm
2467 3988 2482 4013 ,
2515 3944 2604 4016 '52)
2626 3986 2639 4011 ,
2670 3945 2713 3998 si
2740 3959 2922 3999 amare
2953 3945 3193 4014 pigebat,
3227 3945 3415 3999 saltem
3446 3961 3589 4001 nunc

1992 4039 2270 4094 redamare
2298 4053 2402 4092 non
2432 4038 2607 4106 pigeat
2627 4035 2666 4086 ³.
2696 4035 2852 4090 Nulla
2880 4043 2959 4090 est
2983 4035 3124 4090 enim
3156 4034 3327 4105 major
3350 4034 3414 4089 ad
3439 4050 3589 4090 amo-

1993 4145 2106 4186 rem
2130 4130 2400 4195 invitatio,
2430 4143 2586 4198 quam
2615 4128 2909 4197 praevenire
2935 4126 3197 4192 amando;
3228 4135 3283 4182 et
3302 4126 3463 4183 nimis
3485 4126 3587 4182 du-

1992 4240 2084 4281 rus
2103 4234 2185 4280 est
2221 4224 2432 4278 animus
2464 4222 2915 4299 quidilectionem
2943 4221 2987 4276 si
3012 4221 3225 4275 nolebat
3251 4218 3583 4291 impendere,

1995 4319 2126 4372 nolit
2153 4316 2469 4388 rependere.
2492 4315 2645 4383 Quod
2673 4314 2718 4370 si
2747 4317 2801 4369 in
2829 4314 2957 4385 ipsis
2987 4312 3262 4384 ﬂagitiosis
3281 4319 3336 4367 et
3359 4311 3591 4368 sordidis

1994 4411 2262 4465 amoribus
2284 4410 2546 4471 videmus.
2576 4408 2709 4463 nihil
2734 4408 2874 4462 aliud
2902 4422 2998 4463 eos
3018 4421 3176 4477 agere
3195 4405 3286 4475 qui
3315 4406 3481 4460 amari
3511 4404 3592 4459 vi-

1994 4504 2174 4558 cissim
2210 4502 2427 4571 volunt,
2459 4504 2559 4557 nisi
2594 4512 2653 4555 ut
2679 4501 3010 4556 documentis
3036 4500 3229 4570 quibus
3254 4500 3433 4553 valent
3459 4514 3590 4567 ape-

1995 4596 2135 4650 riant
2163 4604 2216 4648 ct
2241 4594 2797 4661 ostendantquanlum
2822 4600 3021 4655 ament;
3046 4604 3276 4659 eamque
3304 4588 3590 4658 imaginem

1990 4688 2210 4758 justitia:
2235 4686 2565 4756 praetendere
2594 4685 2861 4748 all‘ectant,
2892 4691 2948 4737 ut
2967 4683 3135 4737 vicem
3155 4681 3254 4736 sibi
3278 4679 3426 4735 reddi
3457 4695 3591 4750 (ιιιοη

1996 4764 2116 4834 dam
2163 4778 2323 4832 modo
2370 4777 2607 4847 ﬂagitent
2658 4776 2726 4830 ab
2749 4776 2826 4830 eis
2866 4775 3059 4829 animis
3094 4787 3230 4844 quos
3279 4764 3593 4828 illecebrarc

1997 4870 2318 4936 moliuntur;
2349 4870 2554 4939 ipsique
2581 4867 2853 4924 ardentius
2882 4874 3109 4921 :cstuant
3129 4907 3143 4932 ,
3182 4880 3302 4919 cum
3328 4864 3435 4933 jam
3471 4879 3591 4916 mo-

1998 4967 2109 5021 veri
2140 4965 2329 5021 eodem
2379 4966 2499 5036 igne
2546 4965 2705 5021 etiam
2751 4962 2868 5017 illas
2907 4968 3114 5015 mentes
3156 4973 3289 5029 quas
3337 4966 3595 5028 appetunt

1998 5058 2235 5113 sentiunt
2267 5073 2280 5110 :
2309 5056 2354 5110 si
2395 5071 2521 5127 ergo
2561 5064 2616 5110 et
2659 5054 2868 5108 animus
2908 5050 2995 5121 qui
3045 5047 3325 5119 torpebat,
3370 5063 3490 5103 cum
3535 5063 3595 5103 se

1999 5154 2166 5208 amari
2195 5151 2422 5206 senserit
2450 5150 2727 5213 excitatur,
2754 5155 2808 5199 et
2832 5145 2921 5215 qui
2945 5145 3053 5213 jam
3083 5141 3315 5198 fervebat
3342 5183 3357 5209 ,
3381 5157 3502 5196 cum
3534 5157 3594 5196 se

1999 5246 2261 5302 rcdamari
2287 5243 2533 5300 didicerit
2561 5241 2730 5311 magis
2767 5237 3107 5304 accenditur;
3143 5238 3480 5293 manifestum
3512 5244 3594 5290 est

1999 5338 2198 5394 nullam
2231 5350 2349 5390 esse
2389 5334 2645 5404 majorem
2677 5345 2890 5385 causam
2923 5345 3023 5401 qua
3065 5329 3150 5385 vel
3192 5329 3472 5384 inclinetur
3511 5325 3591 5380 vel

2005 5437 2263 5500 augeatur
2290 5439 2475 5489 amor,
2520 5439 2675 5494 quam
2722 5437 2841 5476 cum
2887 5421 3050 5477 amari
3088 5435 3146 5475 se
3189 5417 3459 5489 cognoscit
3504 5416 3593 5486 qui

2067 5546 2084 5576 ι
2123 5541 2310 5605 “lquor
2336 5549 2467 5605 “9,3,,
2490 5537 2837 5605 supplwttaret.
2884 5601 2893 5605 _
3089 5602 3097 5605 Α
3186 5595 3198 5605 _
3280 5591 3291 5602 .

2067 5611 2087 5641 ²
2126 5595 2273 5667 editi,
2296 5595 2629 5666 comin'gebant
2659 5603 2730 5653 eis
2759 5601 2979 5668 :_omissa
2999 5595 3247 5668 particula,
3272 5595 3346 5668 in,
3365 5604 3477 5668 quae
3518 5597 3593 5642 ta-

2001 5688 2116 5727 men
2148 5674 2227 5722 bic
2244 5664 2489 5731 reperitur
2512 5668 2562 5714 in
2584 5673 2692 5731 Mss.
2719 5673 2770 5715 et
2793 5665 2850 5731 iu
2865 5673 3028 5724 graeco
3047 5664 3186 5709 textu
3210 5664 3438 5731 apostoli.

2069 5718 2223 5787 31.31?
2229 5718 2375 5787 erfet
2400 5740 2524 5794 Mss,
2551 5727 2721 5782 saltem
2759 5718 3018 5778 redamare
3050 5735 3146 5775 non
3178 5718 3372 5791 pigeat;
3394 5718 3594 5786 omisso,

2002 5813 2150 5857 nunc.
