4124 6206
502 222 608 279 315

498 337 736 396 nondum
762 344 937 403 amat,
968 341 1060 390 aut
1087 333 1347 389 redamari
1389 349 1447 388 se
1468 333 1548 387 vel
1579 347 1734 402 posse
1759 339 1966 400 sperat,
1996 330 2081 384 vel

497 431 605 503 jam
637 429 826 501 probat
850 428 943 499 qui
966 426 1109 498 prior
1133 433 1294 480 amat.
1327 425 1392 479 Et
1417 425 1461 479 si
1505 423 1607 478 hoc
1643 422 1800 477 etiam
1832 423 1883 476 in
1914 423 2080 493 turpi-

499 522 600 578 bus
629 519 899 576 amoribus
918 559 933 584 ,
959 524 1156 587 quanto
1180 515 1296 585 plus
1328 515 1345 546 ¹
1374 515 1426 568 in
1470 514 1738 568 amicitia?
1762 511 1899 578 Quid
1937 513 2078 567 enim

500 614 644 671 aliud
671 626 919 669 cavemus
943 611 995 664 in
1021 609 1314 664 oil‘ensione
1338 608 1586 662 amicitia:
1606 648 1621 672 ,
1651 607 1752 660 nisi
1781 621 1847 660 ne
1881 607 2081 660 amicus

498 707 783 762 arbitretur
806 703 946 774 quod
969 717 1088 757 eum
1118 701 1198 755 vel
1231 715 1335 754 non
1361 699 1647 768 diligimus,
1671 698 1751 752 vel
1783 697 1959 751 minus
1995 696 2080 751 di-

498 801 707 870 ligimus
749 813 904 869 quam
949 798 1064 867 ipse
1100 811 1198 850 nos
1235 795 1440 865 diligit?
1479 795 1629 862 Quod
1668 795 1712 849 si
1755 793 2076 856 crediderit,

496 891 733 961 frigidior
769 890 867 945 erit
896 889 949 943 in
978 877 1042 944 eo
1069 903 1250 942 amore
1286 903 1391 958 quo
1421 887 1643 942 invicem
1673 886 1917 941 homines
1960 902 2080 938 mu-

497 993 583 1037 tua
609 981 967 1036 familiaritate
995 979 1336 1050 perfruuntur
1363 997 1376 1032 :
1413 988 1467 1033 et
1496 979 1540 1032 si
1578 993 1686 1032 non
1726 979 1796 1031 ita
1825 985 1907 1032 est
1931 976 2080 1030 inﬁr-

497 1089 614 1128 mus
640 1114 654 1138 ,
684 1083 743 1126 ut
771 1073 887 1127 ilch
915 1072 1062 1125 illum
1091 1070 1314 1125 offensio
1341 1069 1499 1124 faciat
1527 1069 1594 1123 ab
1624 1069 1767 1123 omni
1796 1067 2082 1123 dilectione

497 1166 815 1234 frigescere;
845 1164 896 1218 in
922 1179 983 1218 ca
1007 1179 1064 1218 se
1087 1172 1262 1229 tenet,
1292 1178 1396 1232 qua
1422 1177 1527 1216 non
1552 1170 1608 1215 ut
1635 1160 1840 1214 fruatur
1859 1200 1873 1224 ,
1905 1160 1999 1214 sed
2026 1166 2085 1214 ut

497 1256 737 1309 consulat
761 1255 950 1324 diligit.
983 1252 1172 1323 Opera:
1216 1253 1444 1322 pretium
1487 1263 1594 1310 est,
1615 1260 1792 1305 autem
1837 1249 2082 1304 animad-

499 1355 704 1400 vertere
729 1386 742 1409 ,
772 1345 1038 1414 quomodo
1061 1387 1074 1410 ,
1104 1359 1403 1414 quanquam
1432 1351 1485 1398 et
1515 1343 1820 1412 superiores
1839 1343 2003 1396 velint
2023 1355 2082 1396 se

496 1438 562 1492 ab
587 1438 926 1496 inferioribus
948 1435 1130 1506 diligi,
1163 1451 1454 1505 eorumque
1479 1435 1532 1488 in
1571 1450 1629 1489 se
1660 1434 1898 1489 studioso
1925 1436 1946 1465 ²
1988 1433 2083 1488 de-

497 1528 758 1582 lectentur
795 1528 1083 1596 obsequio,
1127 1537 1180 1580 et
1220 1538 1418 1596 quanto
1464 1529 1629 1595 magis
1681 1527 1731 1579 id
1780 1526 2080 1590 smserint,

498 1629 644 1675 tanto
671 1622 836 1689 magis
860 1637 952 1676 eos
982 1620 1235 1689 diligant,
1261 1628 1437 1673 tamen
1465 1627 1662 1688 quanto
1704 1634 1887 1672 amore
1929 1634 2084 1673 exar-

497 1713 679 1766 descat
699 1711 943 1775 inferior,
971 1726 1092 1766 cum
1124 1727 1153 1765 a
1177 1713 1452 1779 superiore
1473 1724 1532 1763 se
1551 1709 1696 1780 diligi
1725 1709 1970 1764 senserit.
2004 1708 2082 1762 lbi

503 1807 637 1858 enim
665 1805 862 1874 gratior
883 1818 1032 1856 amor
1059 1812 1160 1865 est,
1193 1803 1281 1856 ubi
1309 1818 1412 1855 non
1437 1810 1623 1855 aestuat
1643 1801 1946 1871 indigentim
1973 1800 2082 1854 sic-

497 1897 654 1950 citate
674 1937 688 1960 ,
722 1894 816 1948 sed
845 1893 1086 1947 ubertate
1111 1893 1474 1947 beneﬁcentiae
1495 1893 1517 1925 ³
1546 1891 1773 1963 proﬂuit.
1811 1893 1902 1947 llle
1927 1907 2082 1946 nam-

498 2003 604 2057 que
643 2001 794 2040 amor
818 2001 883 2040 ex
907 1985 1122 2039 miseria
1149 1996 1268 2050 est,
1303 1985 1402 2039 iste
1430 1999 1494 2039 ex
1535 1983 1919 2039 misericordia.
1963 1983 2080 2038 Jam

498 2092 628 2132 vero
654 2077 701 2132 si
725 2077 886 2132 etiam
910 2091 969 2130 se
1011 2075 1176 2129 amari
1202 2089 1360 2144 posse
1394 2091 1423 2129 a
1464 2077 1738 2145 superiore
1766 2075 2085 2146 desperabat

498 2167 737 2234 inferior,
765 2167 1104 2223 ineil‘abiliter
1122 2167 1542 2223 commovebitur
1563 2170 1616 2221 in
1647 2183 1904 2236 amorem,
1928 2169 1971 2223 si
2003 2169 2083 2223 ul-

498 2268 586 2315 tro
611 2261 701 2316 ille
729 2260 888 2315 fuerit
908 2260 1152 2331 dignatus
1175 2261 1458 2317 ostendere
1486 2269 1740 2331 quantum
1760 2261 1941 2332 diligat
1961 2276 2083 2316 eum

498 2350 588 2420 qui
615 2366 946 2421 nequaquam
973 2351 1074 2406 sibi
1105 2361 1306 2407 tantum
1331 2351 1529 2407 bonum
1573 2353 1881 2422 promittere
1922 2352 2087 2407 aude-

498 2449 602 2496 ret.
626 2440 764 2506 Quid
791 2450 971 2496 autem
1001 2442 1244 2512 superius
1269 2442 1378 2496 Deo
1395 2441 1668 2512 judicante
1685 2484 1701 2510 ,
1742 2451 1796 2498 et
1823 2443 1948 2513 quid
1991 2443 2084 2498 de-

498 2533 761 2602 speratius
795 2533 1010 2588 homine
1031 2533 1326 2603 peccante?
1350 2533 1439 2604 qui
1465 2549 1524 2590 se
1562 2543 1707 2589 tanto
1733 2535 1899 2605 magis
1930 2543 2084 2588 tuen-

498 2624 626 2680 dum
649 2633 705 2680 et
729 2625 1118 2697 subjugandum
1147 2625 1394 2696 superbis
1413 2626 1761 2695 potestatibus
1785 2626 2082 2692 addixerat,

499 2733 617 2789 quae
644 2717 944 2773 beatiﬁcare
974 2733 1079 2772 non
1119 2727 1375 2786 possunt,
1402 2727 1600 2787 quanto
1627 2717 1794 2789 magis
1828 2717 2084 2785 despera-

497 2817 647 2865 verat
683 2824 842 2880 posse
866 2809 947 2864 sui
971 2822 1154 2863 curam
1197 2809 1308 2877 geri
1337 2806 1406 2860 ab
1431 2821 1493 2861 ea
1537 2814 1795 2877 potestate
1820 2823 1938 2876 qua:
1978 2822 2082 2861 non

496 2902 700 2957 malitia
735 2900 974 2956 sublimis
1004 2913 1125 2954 esse
1156 2898 1300 2964 vult,
1328 2897 1422 2952 sed
1449 2897 1683 2953 bonitate
1711 2896 1952 2951 sublimis
1979 2906 2081 2952 est.

569 2991 624 3046 8.
653 2990 710 3046 Si
738 3005 867 3060 ergo
902 2989 1136 3044 maxime
1161 2998 1438 3057 propterea
1481 2986 1726 3042 Christus
1754 2987 1993 3053 advenit,
2025 2996 2089 3042 ut

497 3091 844 3154 cognosceret
868 3083 1031 3138 homo
1050 3090 1304 3152 quantum
1334 3096 1457 3136 eum
1483 3080 1666 3150 diligat
1689 3081 1857 3147 Deus;
1891 3090 1944 3135 et
1966 3082 2086 3135 ideo

498 3183 876 3244 cognosceret,
912 3183 969 3228 ut
994 3173 1050 3228 in
1075 3173 1192 3243 ejus
1217 3173 1556 3228 dilectionem
1595 3187 1623 3226 a
1649 3187 1756 3242 quo
1780 3173 1927 3242 prior
1954 3172 2088 3228 dile-

499 3273 616 3320 ctus
651 3273 754 3330 est,
788 3264 1178 3329 inardesceret,
1214 3264 1617 3333 proximumque
1656 3263 1748 3318 illo
1772 3263 1994 3332 jubentc
2031 3273 2090 3319 et

499 3357 895 3413 demonstrante
914 3356 1178 3426 diligeret,
1204 3357 1294 3425 qui
1317 3371 1420 3410 non
1447 3357 1746 3425 proximum
1771 3398 1787 3424 ,
1816 3357 1910 3412 sed
1931 3357 2086 3427 longe

501 3450 926 3518 peregrinantem
948 3447 1217 3518 diligendo
1236 3446 1408 3502 factus
1437 3457 1521 3503 est
1546 3449 1851 3518 proximus;
1885 3451 2088 3505 omnis-

500 3553 604 3609 que
623 3539 892 3608 Scriptura
917 3539 1093 3594 divina
1113 3555 1231 3610 quae
1255 3550 1378 3596 ante
1396 3542 1594 3611 scripta
1616 3552 1716 3609 est,
1741 3543 1805 3597 ad
1832 3557 2084 3610 praenun-

500 3631 738 3687 tiandum
776 3631 1060 3688 adventum
1103 3633 1311 3688 Domini
1354 3635 1547 3704 scripta
1589 3643 1698 3702 est;
1738 3644 1792 3690 et
1828 3635 2086 3705 quidquid

500 3734 684 3795 postea
713 3724 1016 3779 mandatum
1046 3733 1130 3780 est
1148 3725 1338 3780 litteris
1370 3735 1425 3781 et
1453 3726 1629 3782 divina
1652 3725 1966 3782 auctoritate
1996 3728 2087 3782 ﬁr-

499 3824 722 3884 malum,
745 3814 1012 3872 Christum
1038 3825 1246 3882 narrat,
1274 3826 1328 3872 et
1352 3817 1690 3873 dilectionem
1717 3826 1898 3873 monet
1927 3837 1940 3871 :
1968 3833 2086 3874 ma-

501 3907 751 3966 nifestum
797 3918 881 3964 est
927 3924 1030 3964 non
1075 3918 1277 3964 tantum
1317 3917 1479 3963 totam
1520 3909 1713 3979 Legem
1757 3918 1810 3964 et
1851 3909 2088 3979 Prophe-

501 4007 584 4055 tas
620 4001 670 4054 in
694 4000 800 4055 illis
820 3999 1027 4054 duobus
1066 4000 1299 4068 pendere
1345 4001 1621 4070 praeceptis
1675 3999 1974 4056 dilectionis
1994 4001 2087 4057 Dei

501 4099 556 4145 et
576 4090 1026 4160 proximi(Hatth.
1055 4107 1191 4158 xxn,
1219 4088 1331 4162 40),
1350 4107 1467 4160 qua:
1482 4091 1654 4148 adhuc
1679 4093 1792 4148 sola
1811 4093 2084 4165 Scriptura

501 4190 683 4236 sancta
712 4191 969 4235 eratcum
990 4180 1093 4235 hoc
1115 4182 1368 4235 Dominus
1392 4182 1612 4246 diceret,
1636 4183 1729 4238 sed
1759 4187 1916 4240 etiam
1942 4202 2089 4255 quaa-

504 4286 732 4340 cumque
761 4272 1022 4340 posterius
1051 4271 1332 4325 salubriter
1360 4273 1656 4341 conscripta
1683 4272 1704 4304 ‘
1733 4286 1856 4328 sunt
1881 4291 2085 4330 memo-

501 4364 700 4433 rimque
761 4362 1005 4417 mandata
1061 4362 1356 4416 divinarum
1418 4363 1684 4418 volumina
1747 4365 2083 4422 Litterarum.

503 4455 835 4524 Quapropter
856 4453 910 4508 in
936 4454 1110 4509 Veteri
1143 4453 1486 4509 Testamento
1511 4463 1594 4510 est
1617 4456 1900 4512 occultatio
1928 4458 2081 4526 Novi,

502 4547 556 4601 in
594 4545 742 4602 Novo
770 4545 1108 4600 Testamento
1133 4553 1216 4600 est
1244 4545 1598 4601 manifestatio
1627 4546 1852 4604 Veteris.
1881 4547 2086 4604 Secun-

502 4638 626 4694 dum
654 4637 796 4692 illam
838 4637 1244 4693 occultationem
1273 4640 1558 4693 carnaliter
1582 4640 1936 4710 intelligentes
1963 4659 2084 4698 car-

500 4730 680 4796 nales,
711 4739 766 4785 et
801 4737 926 4785 tunc
963 4739 1018 4785 ct
1045 4746 1182 4786 nunc
1212 4731 1408 4800 pmnali
1441 4733 1628 4788 timore
1651 4735 1915 4805 subjugati
1940 4748 2082 4793 sunt.

499 4821 800 4878 Secundum
825 4822 958 4876 hanc
975 4832 1150 4877 autem
1179 4824 1662 4878 manifestationcm
1684 4827 2005 4896 Spirituales,
2031 4839 2092 4886 et

499 4926 626 4972 tunc
651 4916 841 4986 quibus
871 4916 956 4986 pie
985 4916 1314 4985 pulsantibus
1339 4918 1497 4970 etiam
1532 4919 1736 4972 occulta
1769 4914 2084 4989 patuerunt,

499 5017 554 5062 et
595 5024 735 5062 nunc
763 5008 853 5078 qui
882 5023 988 5063 non
1017 5009 1245 5078 superbe
1283 5019 1527 5080 quzrrunt
1550 5051 1564 5075 ,
1611 5027 1677 5065 ne
1714 5013 1871 5067 etiam
1901 5030 2084 5084 aperta

498 5098 831 5165 claudantur,
859 5101 1206 5170 spiritualiter
1231 5103 1590 5173 intelligentes
1611 5104 1802 5162 donata
1825 5108 2086 5166 cliaritale

497 5188 706 5244 liberati
728 5199 868 5243 sunt.
891 5191 1022 5256 Quia
1045 5209 1171 5263 ergo
1192 5193 1436 5248 charitati
1469 5196 1600 5250 nihil
1630 5198 1903 5254 adversius
1923 5217 2086 5270 quam

499 5279 824 5345 invidentia;
859 5291 1024 5335 mater
1074 5294 1249 5337 autem
1303 5287 1602 5342 invidentia)
1655 5293 1898 5359 superbia
1943 5303 2024 5348 est
2066 5312 2081 5348 :

515 5435 517 5440 “
563 5446 822 5522 {Plerique
845 5446 1316 5522 ltiss.,__purit_ts?nAm.
1335 5458 1384 5500 et
1410 5460 1513 5503 Mss.
1543 5459 1770 5514 t'aticani.
1795 5458 2024 5522 plurius?

565 5509 584 5538 ³
615 5509 687 5557 sic
709 5509 813 5559 Mss.
840 5519 894 5561 At
918 5509 1060 5569 editi,
1086 5511 1308 5560 studiose.

565 5569 586 5638 ξ
617 5578 822 5622 Veteres
843 5571 971 5638 libri,
995 5570 1333 5638 beneficentiw.

499 5630 720 5747 ὢ.
746 5642 820 5685 Er.
849 5643 900 5686 et
921 5630 1089 5700 plures
1110 5630 1240 5700 Mss,
1262 5647 1557 5691 consecrata.
1596 5645 1682 5694 alii
1703 5647 1799 5695 duo
1815 5652 1942 5704 Mss,
1969 5658 2087 5695 con-

1374 215 1459 271 DE
1495 211 2036 270 CATECHIZANDIS
2074 211 2388 283 RUDIBUS,
2427 213 2483 269 S.
2525 215 2890 273 AUGUSTINI

3674 223 3780 280 516

2193 327 2337 384 idem
2359 328 2617 385 Dominus
2646 331 2802 386 Jesus
2831 329 3088 396 Christus,
3117 331 3256 388 Deus
3281 332 3475 401 homo,
3505 341 3563 390 et
3587 335 3778 392 divinze

2191 419 2244 472 in
2272 435 2370 474 nos
2393 419 2691 475 dilectionis
2717 421 2969 476 indicium
3008 430 3093 477 est
3111 465 3126 490 ,
3153 431 3206 478 et
3245 423 3489 479 humana:
3515 426 3654 495 apud
3681 441 3781 482 nos

2190 511 2499 567 humilitatis
2528 514 2826 585 exemplum
2852 557 2867 580 ,
2895 524 2953 569 ut
2983 531 3200 586 magnus
3225 525 3398 570 tumor
3426 529 3612 572 noster
3653 533 3768 573 ma-

2185 605 2304 675 jore
2346 608 2611 662 contraria
2649 609 2911 662 medicina
2956 619 3251 663 sanaretur.
3297 611 3478 679 Magna
3518 620 3597 664 cst
3635 613 3776 665 enim

2188 697 2423 762 miseria,
2455 699 2717 768 superbus
2741 699 2922 764 homo;
2954 701 3049 754 sed
3076 701 3246 770 major
3271 701 3655 766 misericordia,
3679 703 3777 755 Int-

2189 787 2332 841 milis
2377 789 2535 843 Deus.
2590 790 2698 843 ilac
2743 805 2871 859 ergo
2916 790 3201 846 dilectione
3237 791 3330 845 tibi
3379 801 3628 860 tanquam
3675 793 3778 847 ﬁne

2190 879 2492 947 proposito,
2536 895 2643 949 quo
2683 880 2884 935 referas
2922 882 3099 934 omnia
3142 897 3261 950 quae
3309 881 3479 946 dicis,
3523 881 3778 951 quidquid

2190 986 2378 1026 narras
2409 973 2477 1026 ita
2513 988 2670 1026 narra
2691 1016 2704 1037 ,
2738 982 2795 1027 ut
2825 974 2911 1028 ille
2953 975 3038 1028 cui
3070 975 3302 1044 loqueris
3343 975 3610 1030 audiendo
3655 991 3776 1031 cre-

2190 1060 2310 1126 dat,
2341 1063 2610 1117 credendo
2639 1073 2835 1131 speret,
2864 1065 3128 1134 sperando
3148 1076 3310 1119 amet.

2261 1151 2486 1208 CAPUT
2519 1154 2580 1207 V.
2607 1184 2679 1194 —-
2705 1154 2758 1208 9.
2782 1154 3032 1210 Accedens
3059 1156 3126 1208 ad
3151 1157 3503 1210 catechismum
3532 1169 3767 1211 scrutan-

2192 1246 2287 1298 dus
2311 1262 2408 1314 quo
2436 1247 2535 1314 ﬁne
2561 1246 2678 1300 velit
2703 1247 2814 1315 fieri
2839 1248 3159 1300 christianum
3193 1248 3267 1302 De
3295 1248 3409 1316 ipsa
3439 1248 3596 1302 etiam
3623 1262 3780 1304 seve-

2191 1337 2350 1392 ritate
2383 1338 2497 1404 Dei,
2527 1354 2628 1407 qua
2657 1338 2816 1392 corda
2846 1339 3145 1392 mortalium
3188 1338 3542 1393 saluberrimo
3570 1347 3778 1394 terrore

2191 1428 2532 1497 quatiuntur,
2566 1427 2799 1482 charilas
2830 1428 3138 1484 aediﬁcanda
3166 1438 3287 1494 est;
3339 1436 3397 1483 ut
3423 1429 3490 1483 ab
3523 1443 3588 1484 eo
3614 1443 3776 1499 quem

2193 1519 2364 1582 timet,
2395 1521 2559 1573 amari
2584 1536 2642 1574 se
2670 1521 2927 1590 gaudens,
2949 1536 3072 1575 eum
3097 1521 3374 1575 redamare
3402 1521 3613 1590 audeat,
3643 1521 3780 1591 ejus-

2193 1627 2294 1680 que
2327 1612 2377 1665 in
2426 1627 2485 1666 se
2521 1612 2816 1676 dilectioni,
2863 1613 3073 1667 etiamsi
3121 1613 3336 1682 impune
3361 1621 3565 1683 posset,
3595 1621 3779 1669 tamen

2193 1701 2476 1772 displicere
2506 1713 2773 1758 vereatur.
2822 1703 3114 1758 Rarissime
3162 1703 3360 1772 quippe
3407 1703 3636 1769 accidit,
3669 1704 3780 1759 imo

2193 1808 2321 1848 vero
2347 1808 2635 1862 nunquam,
2669 1804 2726 1847 ut
2754 1793 3035 1863 quisquam
3066 1794 3244 1848 veniat
3269 1795 3456 1849 volens
3488 1795 3602 1849 ﬁeri
3625 1793 3778 1849 chri-

2192 1889 2417 1951 stianus,
2449 1889 2538 1957 qui
2564 1902 2671 1942 non
2712 1887 2780 1940 sit
2817 1887 2996 1956 aliquo
3026 1886 3119 1940 Dei
3149 1887 3341 1941 timore
3380 1886 3674 1955 perculsus.
3718 1885 3779 1942 Si

2193 1981 2332 2034 enim
2363 1979 2576 2050 aliquod
2595 1979 2935 2034 commodum
2963 1978 3325 2049 exspectando
3354 1977 3421 2033 ab
3451 1978 3777 2046 hominibus,
3845 1969 3850 1977 ’

2193 2071 2386 2141 quibus
2425 2085 2484 2124 se
2529 2071 2685 2125 aliter
2721 2071 3041 2139 placiturum
3080 2084 3185 2125 non
3233 2077 3400 2140 putat,
3433 2076 3524 2124 aut
3563 2069 3781 2139 aliquod

2194 2161 2261 2215 ab
2289 2161 2593 2216 hominibus
2621 2161 3013 2216 incommodum
3035 2160 3342 2223 devitando,
3365 2175 3587 2230 quorum
3611 2159 3781 2215 oﬂ‘en-

2194 2252 2401 2308 sionem
2429 2262 2520 2307 aut
2555 2253 2857 2308 inimicitias
2882 2253 3214 2318 reformidat,
3245 2253 3360 2306 vult
3389 2252 3506 2307 ﬁeri
3531 2251 3780 2307 christia-

2193 2359 2328 2409 nus;
2361 2359 2468 2399 non
2502 2344 2615 2399 ﬁeri
2644 2346 2756 2399 vult
2795 2347 2972 2416 potius
3006 2360 3165 2414 quam
3196 2344 3416 2415 lingere.
3447 2343 3607 2401 Fides
3631 2344 3778 2399 enim

2193 2451 2300 2491 non
2331 2452 2418 2491 res
2443 2447 2525 2491 cst
2549 2437 2827 2491 salutantis
2852 2439 2868 2468 ί
2887 2438 3143 2507 corporis,
3169 2437 3267 2492 sed
3293 2436 3565 2492 credentis
3589 2437 3776 2492 enini.

2194 2527 2298 2583 Sed
2329 2530 2486 2598 plane
2520 2543 2662 2598 saepe
2693 2530 2843 2584 adest
2883 2531 3247 2586 misericordia
3278 2530 3371 2584 Dei
3399 2546 3496 2599 per
3531 2528 3779 2586 ministe-

2193 2620 2332 2673 rium
2374 2622 2773 2686 catecliizantis,
2809 2632 2865 2676 ut
2892 2639 3139 2679 sermone
3180 2633 3480 2678 commotus
3515 2624 3627 2694 jam
3663 2623 3780 2680 ﬁeri

2195 2710 2326 2764 velit
2354 2711 2494 2780 quod
2525 2711 2836 2767 decreverat
2861 2713 3060 2782 ﬁngere
3089 2734 3102 2768 :
3131 2714 3274 2785 quod
3297 2731 3417 2770 cum
3439 2716 3576 2770 velle
3603 2731 3786 2786 caepe—

2195 2800 2284 2863 rit,
2321 2811 2445 2855 tunc
2473 2817 2597 2856 eum
2629 2804 2839 2858 venisse
2868 2805 3206 2873 deputemus.
3255 2807 3322 2860 Et
3350 2807 3614 2862 owultum
3657 2807 3779 2877 qui-

2196 2890 2316 2945 dem
2360 2890 2513 2945 nobis
2562 2900 2645 2947 est
2690 2894 2900 2962 quando
2926 2897 2944 2925 '
2983 2897 3158 2950 veniat
3203 2896 3402 2963 animo,
3448 2913 3606 2967 quem
3643 2897 3756 2967 jam

2201 2997 2429 3053 corpore
2462 2996 2780 3053 prteseutem
2806 2988 3047 3042 videmus
3079 3007 3089 3041 :
3121 2988 3213 3043 sed
3245 3000 3422 3044 tamen
3461 2992 3537 3044 sic
3563 3005 3682 3044 cum
3709 3005 3781 3046 eo

2197 3073 2452 3129 debemus
2479 3090 2659 3144 agere,
2693 3086 2747 3130 ut
2778 3076 2866 3131 ﬁat
2893 3079 2945 3130 in
2992 3078 3081 3132 illo
3112 3079 3226 3132 haec
3264 3080 3540 3146 voluntas,
3572 3080 3781 3136 etiamsi

2197 3179 2306 3218 non
2331 3174 2430 3221 est.
2471 3167 2613 3221 Nihil
2653 3169 2792 3222 enim
2827 3171 3063 3238 deperit,
3109 3171 3319 3239 quando
3357 3173 3401 3226 si
3439 3183 3552 3237 est,
3595 3174 3781 3244 utique

2199 3256 2294 3309 tali
2323 3265 2505 3310 nostra
2550 3259 2763 3313 actione
2810 3260 3066 3325 ﬁrmatur,
3098 3264 3338 3329 quamvis
3365 3279 3474 3332 quo
3518 3273 3778 3334 tempore,

2198 3347 2282 3400 vel
2312 3364 2414 3416 qua
2447 3347 2575 3402 hora
2609 3351 2858 3419 coeperit,
2894 3352 3215 3420 ignoremus.
3262 3353 3402 3410 Utile
3430 3365 3513 3410 est
3553 3371 3682 3411 sane
3720 3365 3785 3413 ut

2197 3452 2624 3506 pmmoncamur
2663 3448 2815 3494 antea
2839 3482 2853 3505 ,
2895 3441 2937 3495 si
2968 3440 3083 3496 ﬁeri
3114 3451 3322 3511 potest,
3353 3445 3419 3500 ab
3446 3445 3508 3499 iis
3537 3447 3626 3515 qui
3654 3462 3783 3503 eum

2199 3538 2428 3596 norunt,
2478 3531 2528 3584 in
2573 3546 2680 3601 quo
2730 3540 2868 3587 statu
2905 3533 3066 3587 animi
3107 3535 3212 3598 sit,
3242 3537 3325 3591 vel
3370 3537 3562 3606 quibus
3604 3539 3784 3596 causis

2199 3629 2500 3675 commotus
2522 3620 2588 3676 ad
2614 3623 3007 3692 suscipiendam
3031 3625 3344 3695 religionem
3369 3629 3597 3683 venerit.
3623 3629 3783 3698 Quod

2198 3716 2242 3770 si
2270 3713 2496 3770 defuerit
2524 3716 2659 3771 alius
2701 3732 2731 3770 a
2761 3733 2864 3786 quo
2895 3717 2947 3772 id
2990 3720 3316 3785 noverimus,
3349 3723 3508 3776 etiam
3539 3721 3654 3791 ipse
3695 3722 3782 3778 in-

2198 3808 2547 3877 terrogandus
2572 3817 2688 3875 est,
2718 3817 2775 3863 ut
2800 3825 2864 3864 ex
2893 3825 2960 3864 eo
2992 3811 3131 3881 quod
3162 3813 3500 3882 responderit
3527 3813 3785 3874 ducamus

2198 3903 2460 3956 sermonis
2501 3902 2796 3957 exordium.
2855 3902 2962 3958 Sed
3010 3904 3055 3957 si
3102 3904 3224 3960 ﬁcto
3271 3915 3484 3976 pectore
3533 3908 3779 3976 accessit,

2199 3995 2429 4050 humana
2453 3996 2732 4051 commoda
2772 3997 2992 4066 cupiens
3015 4037 3030 4061 ,
3058 3999 3142 4052 vel
3184 4000 3522 4056 incommoda
3550 4000 3779 4072 fugiens,

2199 4089 2383 4159 utique
2413 4089 2730 4145 mentiturus
2755 4100 2838 4144 est
2871 4109 2884 4144 :
2917 4101 3094 4147 tamen
3119 4108 3186 4148 ex
3213 4108 3282 4149 eo
3311 4094 3428 4165 ipso
3453 4095 3598 4166 quod
3627 4111 3782 4152 men-

2200 4181 2365 4247 titur,
2397 4181 2711 4248 capiendum
2749 4189 2832 4236 est
2876 4183 3231 4253 principium;
3278 4199 3383 4240 non
3414 4195 3475 4240 ut
3511 4186 3784 4243 refellatur

2201 4270 2316 4338 ejus
2363 4271 2736 4338 mendacium,
2783 4273 2934 4342 quasi
2982 4273 3074 4328 tibi
3112 4284 3316 4330 certum
3362 4276 3452 4340 sit,
3497 4276 3590 4331 sed
3635 4285 3693 4330 ut
3731 4277 3781 4332 si

2201 4358 2394 4413 dixerit
2420 4374 2484 4414 eo
2516 4362 2787 4430 proposito
2825 4377 2884 4418 se
2914 4364 3125 4420 venisse
3151 4365 3293 4436 quod
3321 4381 3448 4422 vere
3475 4367 3780 4436 approban-

2201 4450 2326 4504 dum
2367 4459 2469 4516 est,
2519 4453 2629 4508 sive
2672 4454 2762 4509 ille
2787 4471 2970 4510 verum
3002 4457 3114 4510 sive
3157 4457 3346 4512 falsum
3373 4457 3532 4524 dicat,
3566 4459 3672 4514 tale
3703 4470 3784 4515 ta-

2200 4557 2322 4596 men
2355 4544 2681 4612 propositum
2727 4547 2870 4615 quali
2909 4562 2966 4602 se
3007 4548 3216 4603 venisse
3257 4550 3560 4618 respondit,
3589 4565 3788 4620 appro-

2199 4632 2390 4687 bantes
2427 4643 2586 4703 atque
2630 4635 2925 4704 laudantes,
2955 4637 3209 4692 faciamus
3236 4654 3358 4692 cum
3383 4639 3635 4695 delectari
3661 4656 3782 4697 esse

2200 4738 2260 4778 se
2286 4723 2465 4790 talem,
2490 4725 2696 4794 qualem
2725 4726 2894 4781 videri
2922 4730 3083 4799 cupit.
3111 4728 3167 4785 Si
3192 4739 3369 4786 autem
3395 4732 3538 4787 aliud
3567 4733 3778 4799 dixerit,

2201 4831 2360 4884 quam
2402 4825 2612 4883 oportet
2636 4831 2756 4870 esse
2789 4817 2842 4870 in
2869 4820 3048 4874 animo
3078 4820 3194 4891 ejus
3221 4822 3310 4892 qui
3353 4821 3641 4877 christiana
3678 4823 3782 4879 ﬁdo

2199 4907 2522 4963 imbuendus
2571 4917 2684 4974 est;
2736 4910 2982 4968 blandius
3028 4923 3082 4969 et
3126 4915 3302 4971 lenius
3346 4916 3781 4988 reprehendendo

2202 5005 2450 5066 tanquam
2479 4997 2668 5052 rudem
2699 5007 2753 5054 et
2791 5000 3030 5072 ignarum
3051 5045 3070 5072 ,
3101 5015 3156 5060 et
3195 5006 3498 5061 christianum
3524 5006 3783 5064 doctrina:

2201 5089 2364 5142 ﬁnem
2417 5088 2761 5145 verissimum
2827 5093 3244 5150 demonstrando
3299 5104 3455 5163 atque
3517 5094 3785 5154 laudando

2200 5179 2436 5235 breviter
2465 5191 2519 5235 et
2545 5186 2796 5251 graviter,
2824 5200 2890 5239 ne
2919 5195 3009 5238 aut
3037 5195 3277 5253 tempora
3303 5184 3494 5238 futurae
3521 5187 3788 5243 narratio-

2200 5272 2283 5325 nis
2332 5286 2594 5340 occupes,
2645 5283 2734 5326 aut
2782 5290 2898 5328 eam
2949 5291 3052 5328 non
3104 5275 3250 5344 prius
3299 5274 3559 5329 collocato
3605 5277 3785 5334 animo

2200 5363 2398 5417 audeas
2443 5363 2736 5432 imponere,
2785 5364 2951 5417 facias
2999 5380 3120 5418 eum
3172 5364 3308 5418 velle
3360 5367 3502 5435 quod
3545 5377 3636 5420 aut
3691 5383 3787 5436 per

2265 5463 2282 5492 ι
2318 5461 2435 5509 Editi
2458 5469 2530 5523 er.
2567 5469 2621 5523 et
2649 5469 2778 5518 t.ov.,
2818 5461 3051 5511 solvendi.
3099 5461 3320 5512 Nonnulli
3363 5463 3572 5523 codices,
3596 5463 3784 5516 saluis.

2201 5524 2411 5580 Quidam,
2429 5522 2662 5572 saltantis.
2689 5524 2779 5570 Sed
2804 5523 3024 5584 plerique
3047 5536 3102 5573 ac
3125 5525 3341 5575 melioris
3375 5533 3502 5575 notae
3539 5522 3645 5575 Mss.
3667 5539 3781 5577 olm

2203 5585 2416 5633 editione
2444 5594 2559 5644 Ληι,
2599 5585 2846 5634 satutantis
2889 5597 2905 5633 :
2940 5587 2985 5634 id
3036 5594 3130 5646 est,
3155 5586 3365 5638 salutem
3400 5589 3785 5640 sive-mnsam

2201 5655 2348 5709 gestu
2373 5647 2700 5709 signiﬁcantis.

2266 5711 2287 5742 ²
2318 5710 2392 5759 sic
2409 5719 2518 5759 ara.
2545 5714 2617 5757 Er.
2643 5715 2696 5759 et
2715 5714 2826 5758 uss.
2851 5715 2907 5760 at
2927 5716 3058 5776 Lov.,
3079 5723 3193 5776 quo.

2086 5794 2158 5812 ο-ρς
2167 5802 2202 5812 ν.-
