4124 6206
263 328 368 387 517

266 454 513 497 errorem
538 447 635 496 aut
661 452 759 510 per
782 432 1179 492 simulationem
1205 429 1443 510 nondum
1472 427 1700 484 volebat.

335 530 573 587 CAPUT
609 506 691 584 νὶ.
712 528 889 583 -10.
915 525 1197 581 Exordium
1226 506 1533 583 catechismi,
1561 529 1607 573 et
1637 516 1865 571 narratio

266 623 327 677 ab
358 622 578 675 historia
608 618 877 675 creatiom's
912 616 1089 670 mundi
1134 630 1288 685 usque
1317 612 1383 666 ad
1417 626 1639 683 prtrsens
1669 618 1864 680 tempus

268 712 540 769 Ecclesia.
569 712 722 783 Quod
765 713 808 768 si
848 712 986 767 forte
1025 724 1084 764 se
1127 706 1380 761 divinitus
1418 703 1747 758 admonitum
1779 700 1863 757 vel

270 809 521 864 territqu
546 822 667 864 esse
691 803 1046 875 reSponderit.
1072 810 1127 855 ut
1153 800 1302 856 ﬁeret
1329 797 1672 862 Christianus,
1701 793 1864 848 lactis-

273 902 471 963 simum
504 900 660 955 nobis
690 894 1001 952 exordiendi
1028 893 1227 948 aditum
1258 890 1497 962 praebet,
1533 897 1729 959 quanta
1756 886 1865 941 Deo

273 996 340 1050 sit
368 1009 503 1051 cura
535 991 837 1070 prognobis.
875 989 1016 1044 Sane
1041 988 1109 1042 ab
1150 983 1455 1056 hujusmodi
1484 981 1863 1037 miraculorum

273 1086 384 1141 sive
434 1084 793 1149 somniorum,
834 1079 903 1137 ad
947 1078 1338 1150 Scripturarum
1391 1074 1697 1134 solidiorem
1724 1072 1863 1128 viam

271 1187 322 1233 et
346 1175 575 1233 oracula
602 1174 833 1230 certiora
866 1168 1235 1227 transferenda
1261 1176 1344 1224 est
1370 1167 1485 1238 ejus
1514 1165 1772 1230 intentio;
1807 1172 1866 1219 ut

273 1278 324 1324 et
365 1269 464 1323 illa
507 1265 801 1322 admonitio
842 1278 1000 1334 quam
1032 1258 1451 1317 misericorditer
1480 1257 1529 1313 ei
1569 1266 1863 1327 praerogata

275 1361 360 1426 sit,
399 1359 611 1415 noverit
655 1367 940 1427 antequam
983 1353 1270 1424 Seripturis
1313 1350 1511 1407 sanctis
1553 1350 1860 1404 inluereret.

279 1454 342 1507 Et
369 1452 561 1523 utique
590 1445 1064 1504 demonstrandum
1103 1455 1186 1500 est
1225 1447 1272 1498 ei
1301 1443 1442 1514 quod
1468 1443 1580 1512 ipse
1608 1439 1864 1495 Dominus

276 1560 378 1600 non
406 1559 532 1599 eum
552 1541 865 1596 admoneret
885 1548 974 1593 aut
994 1537 1339 1606 compelleret
1368 1531 1481 1588 ﬁeri
1510 1531 1858 1586 christianum

276 1647 329 1692 et
354 1633 690 1706 iucorporari
719 1632 997 1697 Ecclesiae,
1039 1645 1132 1684 seu
1173 1628 1365 1682 talibus
1402 1626 1568 1696 signis
1596 1631 1687 1678 aut
1711 1638 1863 1679 reve-

277 1728 567 1783 lationibus
616 1724 889 1790 erudiret,
942 1723 1041 1776 nisi
1092 1721 1202 1791 jam
1253 1726 1606 1791 praeparatum
1656 1718 1758 1770 iter
1806 1713 1860 1768 in

276 1816 571 1888 Scripturis
600 1815 819 1881 sanctis,
867 1813 954 1868 ubi
993 1827 1099 1866 non
1142 1819 1406 1881 quaereret
1444 1796 1666 1863 visibilis
1697 1806 1861 1861 mira-

277 1910 421 1977 cula,
471 1907 567 1963 sed
621 1904 905 1961 invisibilia
958 1918 1177 1975 sperare
1229 1907 1641 1963 consuesceret,
1692 1911 1862 1967 neque

278 2000 554 2055 dormiens
574 2040 589 2064 ,
625 1998 720 2052 sed
754 1996 979 2065 vigilans
1009 2002 1349 2058 moneretur,
1380 2006 1502 2045 eum
1545 1988 1783 2044 securius
1808 1995 1863 2043 et

280 2092 447 2146 tutius
476 2104 701 2159 carpere
727 2086 996 2141 voluisset.
1024 2082 1154 2139 Inde
1191 2083 1300 2152 jam
1328 2077 1650 2135 exordienda
1678 2090 1863 2132 narra-

286 2183 359 2237 tio
404 2191 511 2245 est,
560 2180 627 2233 ab
673 2193 738 2234 eo
781 2176 922 2248 quod
970 2174 1096 2230 fecit
1139 2173 1283 2228 Deus
1327 2172 1503 2227 omnia
1545 2172 1682 2226 bona
1712 2167 1862 2225 valde

282 2272 436 2339 (Gen.
470 2273 544 2342 ι),
576 2279 632 2325 et
659 2265 1019 2340 perducenda,
1052 2274 1110 2320 ut
1138 2264 1366 2319 diximus
1388 2305 1403 2329 ,
1438 2277 1602 2332 usque
1628 2259 1692 2315 ad
1724 2275 1862 2331 prte-

282 2366 453 2421 sentia
498 2372 734 2432 tempora
765 2359 1058 2416 Ecclesize:
1102 2359 1174 2413 ita
1219 2366 1277 2414 ut
1315 2355 1640 2426 singularum
1684 2367 1862 2408 rerum

282 2468 440 2528 atque
481 2464 753 2526 gestorum
787 2468 905 2524 qua:
948 2464 1264 2517 narramus,
1310 2462 1483 2502 causa:
1527 2445 1865 2514 rationesque

282 2549 573 2606 reddantur
593 2591 607 2615 ,
634 2547 828 2619 quibus
857 2560 921 2602 ea
951 2543 1245 2600 referamus
1271 2539 1338 2597 ad
1368 2540 1515 2595 illum
1546 2541 1704 2594 linem
1732 2537 1865 2592 dile-

285 2642 498 2707 ctionis,
531 2638 673 2695 unde
713 2652 887 2709 neque
915 2635 1118 2707 agentis
1147 2631 1347 2705 aliquid
1387 2646 1561 2703 neque
1599 2627 1864 2701 loquentis

286 2732 473 2788 oculus
498 2730 821 2786 avertendus
847 2736 948 2784 est.
981 2725 1038 2782 Si
1068 2725 1209 2781 enim
1238 2724 1387 2778 ﬁctas
1415 2730 1690 2793 poetarum
1716 2718 1867 2776 fabu-

282 2828 386 2891 las,
432 2831 489 2879 et
529 2821 596 2878 ad
628 2823 952 2892 voluptatem
983 2820 1000 2851 ¹
1031 2816 1352 2887 excogitatas
1391 2814 1689 2869 animorum
1729 2826 1864 2883 quo-

288 2933 404 2974 rum
448 2916 600 2972 cibus
649 2930 803 2987 nugae
850 2922 1009 2980 sunt,
1061 2923 1236 2966 tamen
1287 2908 1412 2965 boni
1464 2907 1552 2979 qui
1604 2905 1868 2961 habentur

289 3020 445 3080 atque
474 3007 811 3079 appellantur
837 3002 1206 3075 grammatici,
1234 3000 1302 3056 ad
1328 2999 1557 3069 aliquam
1587 2997 1865 3053 utilitatem

289 3100 489 3156 referre
539 3106 802 3156 conantur
827 3138 843 3166 ,
890 3109 1190 3168 quanquam
1240 3101 1295 3149 et
1348 3092 1514 3161 ipsam
1577 3103 1766 3145 vanam
1814 3092 1870 3143 et

289 3192 495 3248 avidam
543 3191 743 3263 saginae
790 3187 1102 3253 saecularis;
1149 3192 1348 3255 quanto
1398 3196 1496 3238 nos
1544 3180 1700 3245 decet
1746 3192 1868 3235 esse

289 3288 553 3343 cautiores
574 3327 589 3354 ,
623 3300 691 3341 ne
723 3284 808 3340 illa
848 3298 966 3354 quae
992 3295 1120 3336 vera
1150 3291 1426 3334 narramus
1446 3318 1461 3343 ,
1493 3275 1609 3331 sine
1651 3287 1867 3330 suarum

293 3393 573 3435 causarum
623 3374 922 3432 redditione
968 3371 1208 3442 digesta,
1256 3376 1349 3424 aut
1396 3367 1538 3421 inani
1587 3366 1865 3431 suavitate,

290 3480 379 3527 aut
428 3469 592 3525 etiam
658 3464 955 3537 perniciosa
1010 3461 1300 3533 cupiditate
1362 3458 1697 3515 credantur?
1748 3455 1868 3512 Non

291 3569 468 3619 tamen
495 3561 575 3616 sic
602 3552 911 3614 asseramus
938 3553 1037 3610 has
1064 3566 1273 3617 causas,
1308 3560 1366 3607 ut
1392 3550 1578 3605 relicto
1606 3546 1873 3603 narratio-

290 3655 373 3711 nis
403 3662 598 3722 tractu,
632 3667 727 3708 cor
769 3659 1009 3706 nostrum
1039 3656 1095 3704 et
1139 3646 1314 3717 lingua
1367 3644 1422 3699 in
1465 3643 1635 3699 nodos
1674 3638 1871 3698 difﬁci-

292 3744 440 3800 lioris
479 3741 858 3815 disputationis
900 3746 1188 3801 excurrat;
1234 3735 1328 3791 sed
1359 3735 1472 3805 ipsa
1497 3734 1694 3789 veritas
1720 3731 1874 3787 adhi—

287 3835 413 3891 bita:
442 3833 667 3891 rationis
693 3834 740 3901 ',
772 3830 922 3903 quasi
953 3842 1140 3884 aurum
1167 3826 1238 3883 sit
1269 3839 1596 3898 gemmarum
1626 3821 1871 3878 ordinem

293 3927 483 4001 ligans,
512 3942 621 3981 non
652 3933 829 3980 tamen
859 3920 1155 3978 ornamenti
1186 3919 1379 3975 seriem
1410 3916 1516 3972 ulla
1545 3914 1870 3970 immodera—

291 4021 436 4077 tione
483 4017 821 4090 perturbans.

360 4108 588 4168 CAPUT
627 4107 739 4164 VII.
768 4137 840 4149 —
879 4107 968 4163 ll.
999 4103 1351 4167 Resurrectio,
1390 4099 1645 4172 judicium
1684 4106 1731 4152 et
1771 4097 1875 4151 alia

300 4202 541 4275 quedam
584 4211 690 4272 post
716 4199 1056 4255 narrationem
1079 4194 1378 4251 intimanda.
1411 4191 1725 4247 Narratione
1756 4188 1875 4243 ﬁni-

292 4300 367 4363 ta,
395 4306 522 4365 spes
549 4290 949 4347 resurrectionis
979 4285 1273 4342 intimanda
1304 4292 1386 4340 est
1409 4325 1423 4349 ,
1451 4290 1506 4337 et
1536 4296 1633 4352 pro
1659 4279 1872 4351 capaci-

294 4392 402 4442 tate
453 4399 518 4441 ac
558 4382 761 4440 viribus
810 4380 1093 4441 audientis,
1144 4391 1348 4448 proque
1398 4373 1563 4445 ipsius
1616 4372 1875 4442 temporis

296 4475 551 4539 modulo,
600 4474 857 4529 adversus
900 4485 1065 4526 vanas
1125 4468 1403 4523 irrisiones
1463 4463 1755 4520 inﬁdelium
1806 4462 1876 4519 de

295 4566 536 4636 corporis
574 4563 977 4619 resurrectione
1005 4557 1377 4625 tractandum,
1408 4566 1463 4614 et
1504 4555 1664 4611 futuri
1705 4554 1876 4611 ultimi

293 4655 477 4725 iudicii
505 4655 741 4710 bonitate
767 4653 820 4707 in
859 4653 1050 4718 bonos,
1082 4651 1365 4707 severitate
1404 4649 1456 4704 in
1498 4647 1703 4715 malos,
1732 4645 1875 4701 veri-

299 4755 404 4803 tate
442 4747 495 4801 in
538 4760 765 4812 «nues;
806 4742 1342 4813 commemoratisque
1367 4754 1490 4796 cum
1518 4737 1877 4795 detestatione

298 4848 352 4894 et
378 4838 603 4895 horrore
634 4837 806 4907 poenis
837 4835 1141 4906 impiorum,
1174 4848 1398 4905 regnum
1422 4832 1689 4902 iustorum
1716 4838 1879 4900 atque

298 4928 533 4984 ﬁdelium
580 4938 637 4985 et
686 4941 918 4997 superna
967 4925 1054 4980 illa
1109 4925 1296 4981 civitas
1342 4923 1568 4993 ejusque
1626 4920 1878 4992 gaudium

304 5035 424 5076 eum
444 5020 714 5075 desiderio
738 5016 1136 5089 praedicandum
1155 5023 1257 5070 est.
1277 5014 1417 5068 Tum
1446 5026 1577 5070 vero
1604 5012 1878 5068 instruen-

300 5111 364 5166 da
407 5121 464 5167 et
530 5109 816 5166 animantia
873 5116 958 5165 est
1004 5107 1286 5163 inﬁrmitas
1349 5105 1580 5160 hominis
1624 5103 1881 5160 adversus

300 5202 618 5259 tentationes
645 5211 702 5258 et
727 5200 983 5258 scandala
1003 5241 1019 5268 ,
1048 5199 1165 5254 sive
1193 5196 1322 5252 foris
1348 5196 1460 5251 sive
1488 5195 1540 5249 in
1582 5195 1697 5264 ipsa
1742 5195 1881 5249 intus

302 5294 538 5351 Ecclesia
578 5312 592 5348 :
644 5293 776 5349 foris
820 5292 1077 5348 adversus
1125 5288 1364 5355 Gentiles
1412 5286 1498 5342 vel
1542 5284 1756 5341 Judaeos
1798 5284 1880 5342 vel

301 5384 625 5452 haereticos;
673 5385 820 5442 intus
868 5394 1048 5440 autem
1098 5380 1357 5437 adversus
1409 5393 1552 5435 area:
1599 5376 1882 5434 dominica:

367 5570 385 5601 ι
420 5575 518 5615 Am.
545 5572 601 5617 et
616 5564 843 5628 plerique
864 5570 994 5625 Mss,
1019 5560 1321 5628 υοιιιηιαεεπι·
1356 5624 1367 5628 _
1478 5621 1488 5628 _
1709 5616 1740 5628 ..

366 5633 387 5662 ⁸
417 5631 491 5679 sic
508 5616 654 5679 vetus
675 5616 827 5677 codex
875 5616 1198 5676 Coriieiensis.
1226 5629 1281 5672 Al
1321 5621 1609 5681 Victorinus,
1656 5616 1887 5669 adhibita

637 5688 877 5751 sditiones
901 5695 998 5739 Am.
1017 5694 1071 5739 et
1091 5692 1187 5751 Er.,
1212 5683 1434 5739 adhibita
1455 5682 1646 5735 rationi.
1665 5681 1885 5744 Denique

296 5747 911 5816 ωνηαάωὺίωταιίωώ.
1172 5747 1182 5751 ⁷
1580 5790 1587 5794 .

1694 307 1895 367 LiBER
1932 305 2128 366 UNUS.

1977 425 2200 493 paleam.
2242 423 2360 482 Non
2396 434 2455 483 ut
2480 437 2664 484 contra
2705 426 2909 500 singula
2952 440 3326 501 perversurum
3352 445 3552 503 genere

1971 518 2286 589 disputetur,
2320 534 2613 591 omnesque
2640 519 2854 577 illorum
2895 536 3072 591 pravae
3099 521 3380 592 opiniones
3418 537 3550 595 pro-

1972 612 2157 682 positis
2195 612 2574 683 quaestionibus
2622 613 2972 682 refellantur;
3024 613 3120 671 sed
3162 630 3259 686 pro
3307 624 3551 689 tempore

1972 703 2119 758 brevi
2160 698 2639 761 demonstrandum
2688 712 2775 761 est
2822 705 2894 762 ita
2942 719 3063 762 esse
3112 707 3446 776 praedictum,
3492 714 3551 764 et

1972 809 2089 862 qua:
2116 794 2185 849 sit
2222 795 2421 850 utilitas
2450 796 2799 852 tentationum
2836 797 3143 854 erudiendis
3184 797 3458 865 ﬁdelibus,
3491 807 3549 856 et

1970 902 2089 957 quae
2120 886 2378 943 medicina
2406 889 2459 944 in
2498 889 2745 960 exemplo
2787 891 3053 960 patientiae
3089 891 3218 958 Dei,
3247 892 3335 962 qui
3362 890 3550 948 statuit

1972 992 2139 1050 uSque
2181 979 2235 1035 in
2280 980 2438 1035 ﬁnem
2474 982 2571 1036 ista
2620 982 2947 1052 permittere.
2977 980 3112 1038 Cum
3135 998 3265 1039 vero
3292 982 3549 1038 adversus

1971 1085 2065 1124 eos
2094 1070 2401 1136 instruitur,
2435 1086 2657 1141 quorum
2697 1086 2967 1142 perversa:
3004 1072 3174 1128 turbae
3200 1073 3548 1144 corporaliter

1970 1165 2193 1237 implent
2222 1166 2497 1230 ecclesias,
2541 1167 2696 1221 simul
2742 1166 2903 1223 etiam
2933 1176 3196 1238 praecepta
3236 1165 3469 1223 breviter
3494 1176 3551 1224 et

1969 1257 2222 1314 decenter
2258 1266 2745 1314 commemorentur
2771 1257 3079 1314 christiana:
3112 1268 3271 1330 atque
3307 1258 3553 1314 honesta:

1969 1352 2409 1417 conversationis,
2449 1367 2516 1406 ne
2541 1351 2608 1407 ab
2634 1352 2881 1419 ebriosis,
2914 1351 3119 1418 avaris,
3154 1351 3552 1406 ﬁandatoribus

1969 1443 2310 1510 aleatoribus,
2338 1443 2627 1511 adulteris,
2658 1443 3086 1509 fornicatoribus,
3116 1443 3546 1514 spectaculorum

1968 1534 2292 1591 amatoribus
2312 1577 2326 1600 ,
2357 1534 2711 1591 remediorum
2747 1536 3125 1606 sacrilegorum
3158 1531 3545 1604 alligatoribus,

1968 1627 2479 1696 prmcantatoribus,
2508 1627 2892 1682 mathematicis
2913 1670 2929 1692 ,
2963 1627 3045 1682 vel
3075 1626 3427 1697 quarumlibet
3455 1640 3548 1680 ar-

1970 1721 2098 1775 tium
2122 1736 2373 1775 vanarum
2395 1729 2448 1776 et
2471 1720 2728 1775 malarum
2751 1720 3156 1784 divinatoribus,
3182 1729 3341 1790 atque
3365 1718 3551 1790 hujus-

1967 1811 2111 1867 modi
2141 1812 2348 1867 caeteris
2388 1813 2458 1866 ita
2491 1811 2643 1867 facile
2670 1810 2978 1877 seducatur,
3008 1820 3061 1866 et
3091 1811 3404 1881 impunitum
3443 1808 3548 1865 sibi

1968 1905 2081 1960 fore
2134 1902 2449 1969 arbitretur,
2503 1892 2624 1973 quia
2672 1903 2815 1958 videt
2864 1902 3062 1957 multos
3117 1902 3209 1972 qui
3262 1901 3545 1957 christiani

1968 1995 2303 2066 appellantur
2322 2038 2337 2062 ,
2366 1993 2482 2049 haec
2510 2008 2720 2059 amare,
2751 2003 2809 2048 et
2836 2009 2993 2064 agere
3015 2035 3029 2060 ,
3059 2001 3113 2047 et
3145 1991 3430 2048 defendere
3453 2033 3467 2057 ,
3493 1996 3551 2047 et

1968 2086 2225 2152 suadere,
2253 2095 2307 2142 et
2335 2084 2679 2157 persuadere.
2711 2084 2841 2154 Quis
2876 2087 3019 2141 enim
3061 2085 3181 2140 ﬁnis
3220 2084 3551 2154 praestitutus

1968 2179 2036 2234 sit
2061 2182 2111 2234 in
2145 2179 2234 2235 tali
2263 2180 2365 2234 vita
2410 2177 2895 2250 perseverantibus,
2927 2187 2983 2233 et
3020 2192 3178 2249 quam
3206 2178 3315 2232 sint
3352 2177 3405 2232 in
3433 2176 3548 2247 ipsa

1969 2266 2203 2327 Ecclesia
2250 2273 2528 2340 tolerandi,
2576 2288 2643 2329 ex
2671 2286 2775 2344 qua
2819 2273 2873 2327 in
2919 2271 3024 2327 ﬁne
3070 2268 3351 2342 separandi
3397 2278 3545 2337 sunt,

1968 2362 2270 2418 divinorum
2324 2364 2602 2423 Librorum
2670 2364 2985 2420 testimoniis
3049 2364 3378 2420 edocendum
3442 2370 3544 2420 est.

1968 2454 2436 2509 Prmnuntiandum
2467 2464 2550 2510 est
2575 2457 2735 2510 etiam
2765 2455 3103 2510 inventurum
3133 2470 3254 2511 eum
3280 2455 3335 2509 in
3362 2454 3549 2511 Eccle-

1969 2545 2047 2601 sia
2075 2545 2270 2601 multos
2294 2544 2613 2603 christianos
2637 2545 2808 2603 bonos
2830 2588 2846 2614 ,
2876 2545 3181 2601 verissimus
3208 2545 3352 2601 cives
3378 2544 3548 2602 etsie-

1969 2637 2066 2695 stis
2090 2637 2408 2707 Jerusalem,
2452 2638 2499 2695 si
2540 2653 2660 2695 esse
2689 2639 2802 2710 ipse
2842 2636 3084 2709 coeperit.
3133 2636 3213 2693 Ad
3249 2646 3549 2694 extremum

1969 2747 2039 2787 ne
2080 2746 2204 2802 spes
2246 2730 2361 2803 ejus
2407 2732 2463 2788 in
2507 2732 2721 2787 homine
2752 2741 2997 2802 ponatur,
3042 2731 3227 2787 sedulo
3254 2729 3552 2786 monendus

1972 2832 2098 2879 est:
2145 2822 2267 2894 quia
2311 2836 2483 2895 neque
2527 2821 2683 2878 facile
2727 2821 2797 2877 ab
2844 2822 3060 2878 homine
3103 2821 3329 2892 iudicari
3374 2827 3554 2891 potest

1971 2913 2089 2984 quis
2118 2910 2279 2969 homo
2323 2914 2393 2969 sit
2432 2913 2648 2985 justus;
2694 2921 2748 2970 et
2787 2914 2832 2970 si
2877 2912 3035 2969 facile
3065 2921 3264 2984 posset,
3294 2927 3402 2967 non
3430 2909 3555 2967 ideo

1972 3007 2127 3064 nobis
2156 3007 2383 3080 proponi
2408 3006 2650 3079 exempla
2677 3006 2965 3077 iustorum,
2999 3015 3055 3061 ut
3079 3005 3146 3060 ab
3174 3005 3252 3060 eis
3286 3004 3553 3075 iustiﬁce-

1973 3115 2114 3165 mur,
2144 3097 2238 3154 sed
2267 3106 2323 3152 ut
2344 3114 2438 3153 eos
2466 3098 2734 3153 imitantes
2759 3096 2827 3151 ab
2859 3110 3046 3152 eorum
3076 3094 3429 3166 justiﬁeatore
3454 3106 3555 3149 nos

1973 3207 2183 3264 quoque
2203 3189 2486 3263 justiﬁcari
2516 3189 2764 3244 sciamus.
2793 3188 2929 3244 Hinc
2967 3187 3109 3244 enim
3138 3187 3245 3254 ﬁet,
3267 3184 3407 3257 quod
3433 3200 3553 3241 ma-

1978 3285 2116 3339 xime
2143 3283 2623 3340 commendandum
2654 3289 2755 3349 est,
2799 3290 2859 3337 ut
2882 3296 3002 3337 cum
3030 3280 3118 3336 ille
3142 3280 3232 3352 qui
3261 3293 3361 3335 nos
3385 3278 3549 3345 audit,

1975 3376 2084 3431 imo
2112 3392 2209 3448 per
2234 3391 2332 3432 nos
2371 3375 2518 3431 audit
2555 3375 2742 3440 Deum,
2776 3373 3014 3430 moribus
3038 3382 3092 3429 et
3130 3374 3350 3429 scientia
3387 3370 3553 3444 proﬁ-

1975 3484 2097 3524 cere
2134 3469 2376 3539 coeperit,
2422 3476 2477 3523 et
2502 3468 2639 3522 viam
2662 3466 2862 3523 Christi
2900 3466 3148 3524 alacriter
3184 3466 3409 3539 ingredi,
3454 3480 3557 3524 nec

1977 3560 2129 3616 nobis
2158 3561 2208 3616 id
2235 3559 2430 3617 audeat
2454 3562 2744 3633 assignare,
2776 3575 2873 3615 nec
2899 3560 3038 3626 sibi;
3067 3560 3161 3616 sed
3187 3570 3241 3617 et
3272 3576 3331 3617 se
3357 3560 3554 3631 ipsum,

1976 3660 2029 3707 et
2058 3668 2174 3720 nos,
2205 3661 2259 3708 et
2296 3668 2658 3724 quoscumque
2684 3652 2817 3708 alios
2844 3650 3015 3723 diligit
3040 3652 3241 3709 amicos
3260 3693 3274 3718 ,
3303 3652 3356 3707 in
3381 3651 3472 3708 illo
3502 3656 3560 3707 et

1979 3753 2193 3815 propter
2234 3743 2381 3799 illum
2424 3744 2626 3816 diligat,
2659 3744 2747 3814 qui
2773 3759 2895 3799 eum
2935 3742 3120 3801 dilexit
3162 3743 3457 3809 inimicum,
3500 3744 3560 3797 ut

1971 3834 2271 3910 justiﬁcans
2298 3836 2497 3893 faceret
2520 3838 2769 3894 amicum.
2796 3835 2895 3891 Hie
2918 3834 3027 3905 jam
3056 3850 3162 3888 non
3188 3843 3240 3889 te
3266 3840 3394 3906 puto
3421 3845 3562 3903 pra:-

1977 3939 2193 4000 ceptore
2219 3928 2476 4000 indigere,
2508 3938 2565 3984 ut
2592 3943 2722 4009 [cum
2752 3936 3005 3998 occupata
3031 3937 3157 3982 sunt
3184 3934 3444 3995 tempora,
3473 3923 3561 3982 vel

1980 4031 2088 4088 tua,
2135 4021 2218 4077 vel
2246 4034 2431 4076 eorum
2460 4018 2551 4090 qui
2597 4026 2647 4072 te
2687 4017 2926 4082 audiunt,
2955 4016 3188 4072 breviter
3226 4029 3390 4088 agas;
3435 4018 3559 4071 cum

1981 4122 2157 4168 autem
2203 4110 2451 4182 largiora,
2503 4108 2682 4180 argius
2725 4107 3036 4180 eloquaris:
3077 4106 3180 4163 hoc
3221 4105 3365 4163 enim
3413 4103 3562 4162 nullo

1979 4203 2299 4259 admonente
2324 4203 2436 4273 ipsa
2465 4200 2757 4257 necessitas
2783 4199 3042 4272 prtecipit.

2051 4293 2275 4353 CAPUT
2315 4292 2446 4349 \‘lll.
2472 4323 2543 4338 —
2570 4292 2657 4349 l2.
2687 4292 2892 4348 Eruditi
2918 4289 3170 4365 quomodo
3193 4287 3561 4347 catechizandi.

1979 4390 2086 4448 Sed
2110 4390 2237 4445 illud
2262 4389 2422 4460 plane
2464 4402 2571 4443 non
2612 4382 3041 4458 praetereundum
3083 4392 3186 4453 est,
3225 4392 3285 4439 ut
3324 4383 3370 4439 si
3413 4382 3481 4438 ad
3512 4390 3567 4441 te

1980 4455 2696 4554 quisquam'catechizandus
2724 4477 2933 4535 venerit
2972 4475 3281 4532 liberalibus
3305 4473 3562 4531 doctrinis
3627 4455 3633 4462 ’

1982 4574 2242 4641 excultus,
2271 4572 2359 4642 qui
2382 4571 2493 4641 jam
2523 4569 2821 4625 decreverit
2846 4582 2966 4623 esse
2990 4567 3331 4631 christianos,
3362 4572 3419 4619 et
3443 4562 3563 4619 ideo

1985 4666 2190 4723 venerit
2216 4675 2273 4719 ut
2300 4663 2408 4728 ﬁat,
2437 4661 2804 4717 difﬁcillimum
2833 4660 3051 4715 omnino
3072 4667 3157 4716 est
3180 4667 3238 4713 ut
3262 4673 3367 4712 non
3395 4657 3561 4712 multa

1982 4766 2285 4814 nostrarum
2345 4753 2725 4824 scripturarum
2778 4751 3180 4822 litterarumque
3230 4748 3560 4821 cognoverit,

1983 4850 2176 4922 quibus
2211 4848 2321 4920 jam
2367 4847 2657 4903 instructus
2684 4844 2748 4902 ad
2777 4844 3243 4902 Sacramentorum
3274 4840 3597 4913 participa-L

1988 4943 2185 4999 tionem
2217 4937 2583 4997 tantummodo
2611 4936 2835 4993 venerit.
2877 4934 3033 4991 Tales
3059 4934 3201 4990 enim
3239 4931 3561 4988 non‘eadem

1985 5036 2116 5093 hora
2143 5051 2246 5107 qua
2276 5031 2549 5090 christiani
2576 5028 2727 5097 ﬁunt,
2758 5027 2853 5084 sed
2879 5035 3001 5082 ante
3029 5024 3204 5081 solent
3241 5021 3419 5079 omnia
3447 5022 3569 5079 dili-

1984 5140 2171 5202 genter
2218 5128 2511 5199 iuquirere,
2555 5133 2610 5181 et
2652 5132 2825 5179 motus
2852 5119 3014 5176 animi
3060 5118 3166 5184 sui,
3210 5132 3331 5174 cum
3376 5117 3571 5191 quibus

1987 5228 2229 5294 possunt,
2260 5215 2655 5273 communicare
2692 5220 2850 5284 atque
2877 5210 3166 5267 discutere.
3191 5207 3327 5266 Cum
3353 5208 3436 5263 his
3465 5209 3563 5264 ita-

1987 5334 2089 5391 que
2114 5316 2344 5375 breviter
2366 5312 2625 5387 agendum
2652 5319 2754 5380 est,
2779 5318 2832 5366 et
2861 5324 2966 5365 non
2989 5307 3177 5364 odiose
3207 5307 3223 5341 ¹
3250 5305 3570 5363 inculcanda

1988 5426 2108 5482 qua:
2134 5420 2350 5471 norunt,
2377 5402 2472 5463 sed
2501 5403 2740 5460 modeste
2769 5399 3208 5474 perstringendo;
3239 5401 3311 5455 ita
3340 5407 3399 5453 ut
3426 5395 3572 5452 dica-

1989 5518 2110 5559 mus
2158 5516 2256 5557 nos
2299 5498 2520 5555 credere
2564 5495 2705 5569 quod
2751 5496 2860 5568 jam
2910 5495 3156 5551 noverint
3200 5489 3362 5555 illud,
3408 5497 3570 5561 atque

1989 5599 2119 5654 illud
2143 5618 2157 5664 ;
2186 5608 2343 5667 atque
2373 5597 2473 5651 hoc
2499 5594 2658 5651 modo
2679 5593 2877 5651 cursim
2901 5602 3217 5649 enumerare
3241 5584 3424 5643 omnia
3449 5597 3572 5657 qua

2054 5742 2072 5773 ι
2097 5734 2288 5801 Aliqu
2306 5742 2437 5793 uss...
2457 5733 2620 5788 otiosa.
