4124 6206
504 286 611 346 819

500 399 724 459 rudibus
764 392 1095 465 indoctisque
1126 386 1433 446 inculcanda
1478 391 1601 441 sunt
1638 399 1651 434 :
1704 387 1763 435 ut
1809 375 1910 433 etsi
1955 374 2082 446 quid

501 492 652 550 novit
674 489 913 549 eruditus
952 487 1073 551 iste,
1105 497 1211 538 non
1256 489 1502 550 tanquam
1530 491 1561 530 a
1599 475 1819 530 doctore
1863 468 2083 533 audiat;

504 591 560 640 et
587 581 634 639 si
672 580 796 653 quid
838 577 1010 634 adhuc
1051 574 1258 647 ignorat
1284 572 1325 638 ι,
1353 570 1481 624 dum
1512 582 1575 623 ea
1603 573 2086 621 commemoramus

507 690 629 746 quae
653 674 797 728 illum
825 684 983 726 nosse
1003 668 1113 739 jam
1140 664 1428 728 credimus,
1459 659 1651 715 discat.
1681 655 1790 711 Nec
1815 654 1930 725 ipse
1958 666 2091 707 sane

507 767 766 824 inutiliter
811 764 1201 833 interrogatur,
1251 757 1443 828 quibus
1489 752 1651 808 rebus
1700 758 1879 804 motus
1923 746 1992 801 sit
2036 752 2093 798 ut

506 858 636 914 velit
654 870 772 911 esse
791 854 1112 910 christianos
1136 869 1149 905 :
1181 858 1236 905 ut
1260 849 1304 902 si
1334 848 1483 902 libris
1510 845 1557 900 ei
1584 854 1897 915 persuasum
1925 839 1946 868 ²
1974 852 2094 891 esse

510 947 730 1013 videris,
779 948 891 1001 sive
941 940 1230 1004 canonicis,
1257 939 1370 994 sive
1399 935 1604 991 utilium
1632 938 1995 993 tractatorum,
2026 925 2094 981 de

511 1037 598 1093 his
636 1035 833 1107 aliquid
862 1035 915 1090 in
957 1031 1219 1104 principio
1258 1026 1512 1099 loquaris,
1545 1020 1851 1079 collaudans
1878 1032 1972 1074 eos
1999 1030 2095 1086 pro

512 1129 819 1185 diversitate
847 1126 1160 1183 meritorum
1189 1120 1460 1177 canonicae
1495 1113 1824 1172 auctoritatis
1849 1120 1903 1166 et
1931 1123 2097 1179 expo-

514 1221 755 1277 nentium
785 1218 805 1249 ³
832 1214 1196 1273 solertissime:
1219 1209 1542 1281 diligentiae;
1580 1205 1917 1273 maximeque
1943 1213 2094 1255 com—

517 1311 777 1368 mendans
807 1310 859 1365 in
887 1305 1176 1379 Scripturis
1216 1302 1487 1360 canonicis
1514 1296 1838 1354 admirandae
1862 1290 2096 1348 altitudi-

512 1403 598 1459 nis
646 1401 1055 1458 saluberrimam
1101 1396 1477 1460 humilitatem,
1523 1392 1576 1447 in
1623 1389 1730 1445 illis
1774 1396 1952 1442 autem
2002 1397 2098 1455 pro

512 1511 612 1553 sua
650 1495 909 1567 cujusque
955 1491 1207 1548 facultate
1250 1495 1432 1559 aptum
1459 1481 1876 1555 superbioribus,
1909 1485 1960 1533 et
2001 1491 2099 1547 per

513 1589 619 1647 hoc
656 1587 1037 1646 inﬁrmioribus
1062 1584 1252 1641 animis
1271 1623 1286 1650 ,
1313 1581 1493 1638 stilum
1520 1574 1843 1633 sonantioris
1869 1579 1923 1627 et
1947 1568 2100 1641 quasi

513 1681 822 1740 tornatioris
865 1678 1062 1750 eloquii
1104 1676 1148 1732 ⁸.
1197 1676 1338 1732 Sane
1377 1672 1536 1728 etiam
1580 1663 1984 1739 exprimendum
2032 1660 2101 1715 dc

517 1775 613 1832 illo
638 1783 722 1832 est
762 1782 821 1830 ut
861 1773 1060 1829 indicet
1100 1784 1259 1843 quem
1297 1766 1529 1822 maxime
1571 1761 1779 1832 legerit,
1812 1766 1866 1814 et
1908 1754 2101 1827 quibus

518 1865 672 1923 libris
697 1864 1010 1920 familiarius
1052 1860 1342 1924 inhaeserit,
1376 1855 1516 1912 unde
1552 1854 1628 1909 illi
1666 1864 1981 1924 persuasum
2019 1855 2104 1902 est

517 1966 579 2012 ut
605 1956 801 2013 sociari
824 1954 985 2011 vellet
1009 1952 1283 2009 Ecclesire.
1312 1947 1464 2017 Quod
1495 1962 1617 2003 cum
1650 1942 1864 2010 dixerit,
1904 1948 2016 1995 tum
2056 1938 2102 1993 si

516 2047 672 2104 nobis
700 2047 811 2103 noti
834 2052 958 2101 sunt
982 2044 1056 2100 illi
1087 2042 1228 2111 libri,
1252 2050 1344 2096 aut
1360 2035 1721 2096 ecclesiastica
1748 2032 1889 2088 fama
1912 2031 2103 2085 saltem

519 2139 823 2210 accepimus
865 2152 896 2191 a
934 2134 1197 2192 catholico
1237 2133 1414 2204 aliquo
1456 2125 1789 2185 memorabili
1825 2124 1943 2179 viro
1984 2134 2105 2177 esse

521 2231 877 2302 conscriptos,
906 2228 1016 2285 lteti
1057 2225 1435 2299 approbemus.
1480 2221 1535 2278 Si
1562 2228 1741 2275 autem
1784 2216 1840 2272 in
1880 2213 2105 2302 alicujus

524 2301 762 2378 haeretici
802 2318 1068 2376 volumina
1112 2315 1368 2383 incurrit,
1401 2323 1456 2369 et
1496 2310 1742 2367 nesciens
1783 2306 1921 2362 forte
1964 2301 2106 2373 quod

515 2427 644 2469 vera
687 2410 823 2467 ﬁdes
868 2408 1154 2481 improbat,
1206 2404 1375 2461 tenuit
1423 2402 1641 2468 animo,
1687 2407 1742 2456 ct
1782 2394 2105 2453 catholicum

517 2518 640 2561 esse
663 2503 986 2565 arbitratur;
1012 2498 1200 2555 sedulo
1225 2495 1530 2553 edocendus
1554 2500 1655 2558 est,
1686 2490 1903 2563 praelata
1923 2495 2107 2542 aucto-

518 2597 678 2653 ritate
702 2593 1018 2651 universalis
1041 2591 1297 2648 Ecclesiae
1320 2589 1651 2658 aliorumque
1674 2582 2107 2640 doctissimorum

528 2688 806 2744 hominum
830 2695 886 2743 et
926 2683 1371 2757 disputationibus
1408 2690 1463 2737 et
1503 2675 1884 2748 scriptionibus
1910 2674 1963 2729 in
1993 2672 2109 2743 ejus

529 2781 754 2838 veritate
792 2779 1119 2836 ﬂorentium.
1165 2777 1477 2845 Quanquam
1516 2780 1570 2829 et
1612 2770 1690 2825 illi
1731 2768 1822 2840 qui
1862 2764 2109 2822 catholici

523 2886 597 2928 ex
621 2870 722 2926 hac
743 2868 850 2926 vita
876 2870 1189 2940 migrarunt,
1220 2878 1273 2922 et
1298 2862 1499 2936 aliquid
1538 2861 1839 2917 litterarum
1863 2856 2111 2913 christia-

523 2976 713 3019 narum
740 2959 970 3032 posteris
1008 2959 1337 3030 reliquerunt
1354 2998 1369 3024 ,
1400 2955 1454 3010 in
1482 2951 1795 3025 quibusdam
1821 2948 1955 3005 locis
1980 2962 2112 3018 opu-

525 3051 794 3109 sculorum
840 3066 1081 3119 suorum,
1111 3049 1197 3105 vel
1235 3063 1341 3104 non
1388 3044 1664 3110 intellecti,
1705 3042 1789 3099 vel
1830 3040 1986 3096 sicuti
2030 3048 2114 3095 est

527 3144 759 3202 humana
786 3143 1088 3208 inﬁrmitas,
1133 3140 1308 3195 minus
1331 3138 1570 3193 valentes
1596 3135 1711 3191 acie
1737 3133 1934 3190 mentis
1962 3130 2113 3187 abdi-

531 3236 668 3293 tiora
709 3243 1030 3307 penetrare,
1078 3240 1133 3287 ct
1179 3229 1291 3285 veri
1341 3227 1687 3283 similitudine
1732 3225 2043 3281 aberrantes
2082 3236 2114 3276 a

527 3327 773 3393 veritate,
803 3320 1287 3396 prmsumptoribus
1307 3327 1361 3375 et
1384 3317 1675 3374 audacibus
1701 3314 1919 3371 fuerunt
1955 3328 2109 3369 occa-

527 3420 666 3477 sioni
697 3418 765 3474 ad
790 3417 1021 3489 aliquam
1066 3413 1310 3469 haeresim
1338 3409 1663 3466 moliendam
1696 3416 1855 3478 atque
1889 3406 2115 3476 gignen-

529 3509 675 3566 dam.
702 3507 855 3578 Quod
884 3507 1079 3563 mirum
1122 3520 1228 3560 non
1268 3511 1370 3570 est,
1400 3516 1522 3557 cum
1565 3498 1631 3555 de
1674 3498 1804 3570 ipsis
1846 3494 2118 3552 canonicis

532 3599 772 3670 Litteris,
800 3599 892 3656 ubi
917 3598 1095 3656 omnia
1119 3594 1402 3653 sanissimo
1431 3591 1571 3647 dicta
1598 3600 1738 3657 sunt,
1774 3604 1878 3645 non
1903 3589 2117 3660 quidem

533 3693 689 3750 aliter
732 3689 1041 3762 accipiendo
1067 3686 1331 3760 quaedam,
1358 3698 1517 3755 quam
1542 3682 1628 3738 vel
1657 3680 1888 3752 scriptor
1929 3681 2116 3749 sensit,

532 3786 620 3842 vel
644 3800 704 3842 se
732 3783 847 3854 ipsa
874 3782 1074 3838 veritas
1104 3778 1303 3842 habet;
1335 3775 1482 3849 (nam
1522 3774 1566 3830 si
1606 3773 1708 3829 hoc
1746 3772 1918 3827 solum
1956 3780 2119 3839 esset,

533 3878 655 3949 quis
680 3891 788 3933 non
811 3874 1059 3931 humanae
1098 3867 1392 3929 inﬁrmitati
1419 3865 1486 3921 ad
1518 3862 1893 3936 corrigendum
1922 3871 2124 3934 paratae

534 3968 764 4026 libenter
788 3960 1162 4038 ignosceret?)
1194 3958 1289 4015 sed
1315 3957 1367 4014 id
1392 3956 1533 4029 quod
1569 3969 1819 4027 perverse
1859 3968 1923 4009 ac
1963 3966 2125 4024 prave

536 4061 739 4133 opinati
765 4066 909 4123 sunt,
937 4054 1275 4111 animositate
1313 4049 1571 4106 acerrima
1600 4056 1655 4103 et
1680 4046 1943 4117 pervicaci
1971 4060 2122 4100 arro-

538 4151 714 4221 gantia
735 4145 1138 4210 defensitantes,
1163 4141 1314 4196 multi
1339 4140 1502 4194 multa
1527 4136 1827 4208 perniciosa
1853 4136 2122 4206 dogmata,

540 4238 756 4295 concisa
777 4231 1170 4291 communionis
1195 4230 1398 4285 unitate
1425 4236 1764 4298 pepererunt.
1792 4226 1919 4282 Haec
1947 4226 2127 4282 omnia

541 4343 664 4386 cum
708 4327 801 4382 illo
845 4322 937 4394 qui
978 4317 1047 4376 ad
1092 4320 1402 4376 societatem
1447 4317 1631 4387 populi
1672 4315 1970 4384 christiani,
2018 4332 2127 4371 non

541 4420 727 4488 idiota,
756 4426 814 4475 ut
848 4416 1017 4482 aiunt,
1038 4410 1135 4468 sed
1162 4410 1441 4466 doctorum
1475 4407 1628 4462 libris
1663 4407 1933 4476 expolitus
1968 4416 2129 4478 atque

541 4512 787 4573 excultus
815 4506 1038 4572 accedit,
1084 4502 1325 4561 modesta
1358 4499 1643 4557 collatione
1670 4499 1944 4555 tractanda
1967 4509 2124 4555 sunt:

544 4614 749 4662 tantum
778 4609 1051 4671 assumpta
1093 4592 1435 4667 praecipiendi
1478 4592 1813 4657 auctoritate,
1842 4602 1902 4647 ut
1943 4603 2131 4648 caveat

543 4694 973 4772 praesumptionis
998 4704 1250 4755 errores;
1293 4694 1550 4759 quantum
1574 4684 1690 4756 ejus
1716 4683 1986 4740 humilitas
2011 4700 2131 4756 qua:

544 4791 699 4849 illum
739 4786 979 4854 adduxit,
1008 4784 1117 4856 jam
1160 4781 1390 4839 sentitur
1419 4777 1724 4835 admittere.
1766 4776 1973 4833 Czetera
2001 4791 2131 4832 vero

543 4881 834 4940 secundum
879 4877 1092 4950 regulas
1134 4873 1394 4930 doctrina:
1439 4870 1709 4939 salutaris,
1752 4869 1866 4925 sive
1894 4870 1961 4925 de
2004 4868 2127 4934 ﬁde,

544 4985 896 5046 quaecumque
938 4964 1204 5024 narranda
1233 4962 1320 5019 vel
1367 4960 1681 5017 disserenda
1723 4966 1867 5027 sunt,
1909 4959 2021 5014 sive
2063 4958 2133 5014 de

546 5066 806 5132 moribus,
835 5063 949 5118 sivc
972 5058 1041 5116 de
1071 5054 1470 5119 tentationibus,
1493 5068 1559 5110 eo
1584 5050 1746 5108 modo
1770 5049 2134 5123 percurrendo

548 5170 654 5228 quo
698 5153 831 5221 dixi,
875 5150 944 5208 ad
988 5149 1134 5206 illam
1176 5143 1748 5218 supereminentiorem
1775 5143 1917 5198 viam
1954 5140 2132 5198 omnia

547 5243 828 5305 referenda
866 5250 1010 5300 sunt.

643 5333 871 5395 CAPUT
909 5331 1002 5389 IX.
1036 5362 1108 5374 -—
1142 5332 1232 5389 15.
1273 5328 1604 5387 Grammatici
1639 5338 1688 5385 et
1745 5338 1968 5384 oratores
2004 5344 2133 5398 qua-

611 5475 629 5507 ε
653 5471 805 5535 aditi,
843 5473 892 5522 et
933 5468 978 5521 si
1021 5465 1140 5533 quid
1173 5466 1294 5530 forte
1325 5464 1488 5516 adhuc
1531 5465 1740 5531 ignorat.
1787 5467 1961 5525 Abest,
1994 5466 2134 5528 forte,

536 5549 577 5653 ,.
599 5543 1231 5658 ι’Ξειιάειεηιιιεξιίιηιδςςοωζι
1250 5601 1550 5658 parmam

612 5664 636 5723 9
667 5649 836 5709 Plures
851 5656 1064 5723 codices,
1086 5660 1138 5723 et
1152 5652 1219 5703 ad
1238 5649 1606 5723 ,ξηιοηεηάαιη

609 5721 635 5757 ι
664 5728 799 5788 μοι,
1092 5714 1285 5783 eloquii.

1363 270 1452 327 DE
1488 260 2029 327 CATECHIZANDIS
2071 254 2387 324 RUDIBUS,
2431 254 2488 309 S.
2533 253 2902 311 AUGUSTINI

3667 252 3775 311 520

2193 373 2343 427 modo
2370 370 2638 426 tractandi.
2672 368 2782 425 Vox
2801 368 2869 422 ad
2894 383 3040 423 aures
3060 368 3176 435 Dei,
3200 368 3355 422 animi
3380 366 3610 436 alfactus.
3638 369 3775 427 Sunt

2194 462 2320 517 item
2350 462 2563 533 quidam
2589 461 2656 516 de
2692 459 2890 515 scholis
2915 459 3276 514 usitatissimis
3310 460 3776 531 grammaticorum

2194 567 2571 626 oratorumque
2606 554 2916 621 venientes,
2947 569 3079 624 quos
3107 569 3280 625 neque
3310 554 3446 610 inter
3468 554 3660 611 idiotas
3678 570 3780 610 nu-

2195 663 2403 704 merare
2419 647 2638 715 audeas,
2657 663 2830 718 nequc
2860 647 2998 702 inter
3024 647 3144 702 illos
3165 648 3520 716 doctissimos,
3552 663 3779 720 quorum

2198 755 2349 794 mens
2380 753 2691 810 magnarum
2722 754 2903 794 rerum
2928 748 3010 794 est
3047 740 3334 795 exercitata
3376 739 3777 810 quaestionibus.

2197 831 2291 888 His
2318 848 2444 903 ergo
2489 832 2577 901 qui
2605 831 2853 903 loquendi
2882 838 2999 886 arte
3036 831 3244 887 caeteris
3273 830 3577 887 hominibus
3603 832 3782 888 excel-

2199 923 2309 978 lere
2351 923 2619 989 videntur,
2660 938 2781 977 cum
2819 923 3041 978 veniunt
3076 932 3135 977 ut
3170 923 3446 978 christiani
3488 924 3636 989 ﬁant,
3679 922 3781 980 hoc

2200 1015 2427 1086 amplius
2442 1030 2602 1086 quam
2617 1016 2720 1072 illis
2743 1015 3028 1070 illitteratis
3052 1016 3325 1086 impertire
3343 1015 3619 1084 debemus,
3638 1015 3783 1086 quod

2200 1105 2389 1161 sedulo
2417 1105 2670 1163 monendi
2699 1115 2823 1163 sunt
2852 1116 2909 1161 ut
2936 1106 3231 1161 humilitate
3260 1106 3427 1161 induti
3455 1106 3743 1162 christiana
3764 1148 3781 1176 ,

2201 1199 2409 1255 discant
2438 1215 2541 1254 non
2572 1198 2918 1256 contemitere
2946 1216 3080 1271 quos
3110 1201 3454 1272 cognoverint
3478 1216 3685 1255 morum
3706 1203 3788 1256 vi-

2201 1292 2274 1345 tia
2301 1307 2460 1362 quam
2489 1293 2771 1347 verborum
2801 1293 3027 1364 amplius
3052 1293 3326 1360 devitarc;
3368 1301 3424 1349 et
3465 1293 3612 1349 cordi
3638 1304 3787 1350 casto

2204 1382 2435 1453 linguam
2474 1385 2813 1439 exercitatam
2855 1400 2954 1440 nec
2991 1384 3237 1440 conferre
3282 1386 3297 1417 ¹
3325 1384 3592 1455 audeant,
3629 1402 3785 1458 quam

2204 1474 2364 1530 etiam
2397 1475 2648 1546 praeferre
2673 1486 3081 1532 consueverant.
3112 1477 3338 1534 Maxime
3365 1486 3541 1534 autem
3578 1478 3662 1532 isti
3691 1477 3791 1535 do-

2205 1567 2357 1623 cendi
2386 1578 2511 1624 sunt
2538 1568 2839 1639 Scripturas
2865 1569 3050 1625 audire
3092 1569 3317 1638 divinas,
3351 1588 3418 1626 nc
3463 1571 3676 1629 sordeat
3711 1573 3791 1628 eis

2206 1659 2433 1715 solidum
2472 1661 2758 1731 eloquium,
2790 1662 2914 1731 quia
2943 1677 3048 1716 non
3077 1671 3159 1717 est
3189 1661 3462 1729 inﬂatum;
3494 1678 3669 1735 neque
3706 1678 3793 1718 ar-

2205 1752 2471 1808 bitrentur
2526 1754 2829 1809 carnalibus
2892 1754 3269 1826 integumentis
3333 1756 3567 1812 involuta
3632 1764 3795 1828 atque

2207 1855 2390 1915 operta
2418 1846 2558 1901 dicta
2588 1847 2672 1903 vel
2702 1846 2841 1902 facta
2872 1847 3163 1914 hominum,
3186 1864 3304 1919 qua:
3328 1848 3382 1903 in
3411 1849 3514 1903 illis
3538 1848 3689 1903 libris
3718 1849 3796 1904 le-

2207 1948 2422 2009 guntur,
2454 1954 2559 1993 non
2592 1939 2883 1995 evolvenda
2913 1950 3071 2010 atque
3100 1939 3384 2009 aperienda
3411 1949 3468 1995 ut
3496 1940 3796 2011 intelligan-

2210 2038 2317 2096 tur,
2349 2028 2443 2084 sed
2474 2029 2551 2084 sic
2578 2029 2880 2099 accipienda
2912 2039 2970 2084 ut
3000 2030 3189 2085 litterae
3226 2039 3449 2093 sonant;
3481 2030 3652 2102 deque
3680 2030 3795 2101 ipsa

2210 2119 2439 2174 utilitate
2464 2120 2679 2185 secreti,
2723 2118 2863 2176 unde
2892 2121 3051 2175 etiam
3089 2121 3341 2191 mysteria
3369 2129 3639 2188 vocantur,
3670 2119 3797 2192 quid

2210 2211 2422 2266 valeant
2468 2212 2805 2283 mnigmatum
2872 2212 3089 2267 latebra:
3152 2212 3217 2266 ad
3279 2227 3511 2267 amorem
3557 2212 3797 2267 veritatis

2212 2301 2509 2358 acuendum
2529 2344 2543 2369 ,
2574 2301 3054 2373 decutiendumque
3082 2304 3102 2334 ²
3134 2301 3329 2357 fastidii
3359 2312 3651 2374 torporem,
3681 2302 3799 2373 ipsa

2213 2395 2544 2466 experientia
2588 2394 2918 2465 probandum
2947 2404 3030 2451 est
3074 2394 3282 2462 talibus,
3332 2412 3453 2450 cum
3492 2394 3689 2466 aliquid
3718 2394 3799 2450 eis

2211 2486 2354 2555 quod
2385 2487 2436 2541 in
2467 2495 2712 2556 promptu
2742 2486 2973 2556 positum
3011 2503 3114 2540 non
3159 2487 3228 2540 ita
3272 2488 3556 2554 movebat,
3601 2486 3801 2542 cnoda-

2214 2578 2360 2634 tione
2404 2578 2670 2649 allegoria:
2712 2579 2937 2649 alicujus
2978 2579 3200 2634 eruitur.
3254 2579 3345 2633 llis
3388 2578 3529 2634 enim
3570 2579 3801 2635 inaxime

2214 2669 2347 2723 utile
2371 2677 2451 2723 est
2482 2684 2661 2735 nosse,
2700 2670 2771 2723 ita
2799 2683 2918 2725 esse
2946 2669 3330 2740 pra-ponendas
3358 2671 3536 2725 verbis
3579 2679 3800 2725 senten—

2215 2761 2336 2829 tias,
2368 2771 2422 2816 ut
2447 2763 2773 2833 prmponitur
2798 2764 3006 2817 animus
3032 2764 3262 2834 corpori.
3308 2765 3382 2819 Ex
3412 2780 3516 2836 quo
3548 2764 3602 2818 ﬁt
3637 2773 3693 2820 ut
3728 2765 3803 2820 ita

2215 2855 2373 2933 malle
2399 2855 2627 2911 debeant
2661 2858 2900 2912 veriores
2939 2874 3096 2928 quam
3139 2858 3450 2914 disertiores
3479 2858 3660 2913 audire
3688 2871 3804 2913 ser-

2216 2964 2426 3017 mones,
2473 2947 2610 3003 sicut
2650 2950 2809 3003 mallc
2846 2949 3041 3004 debent
3085 2949 3474 3020 prudentiores,
3507 2965 3663 3020 quam
3695 2949 3806 3004 for-

2217 3043 2480 3098 mosiorcs
2507 3042 2705 3098 habere
2729 3043 2948 3098 amicos.
2976 3041 3228 3097 Noverint
3253 3042 3411 3097 etiam
3441 3057 3544 3097 non
3569 3056 3688 3097 esse
3716 3057 3808 3097 vo-

2217 3151 2335 3193 cem
2362 3135 2428 3191 ad
2454 3151 2611 3191 aures
2638 3135 2751 3202 Dei,
2792 3135 2894 3190 nisi
2924 3135 3086 3190 animi
3114 3134 3361 3190 aﬁ‘cctum
3388 3154 3400 3188 :
3431 3134 3500 3190 ita
3526 3134 3667 3190 enim
3696 3148 3806 3189 non

2221 3228 2534 3293 irridebunt,
2565 3229 2609 3283 si
2636 3229 2840 3298 aliquos
2868 3228 3133 3283 antistites
3158 3237 3212 3283 et
3242 3227 3513 3283 ministros
3551 3226 3807 3283 Ecclesiae

2219 3321 2357 3378 forte
2379 3320 2874 3386 animadverterint,
2910 3320 2986 3375 vel
3019 3336 3140 3374 cum
3181 3318 3524 3374 barbarismis
3553 3329 3606 3374 ct
3646 3318 3811 3375 solos-

2220 3412 2401 3468 cismis
2426 3411 2594 3467 Deum
2624 3411 2891 3475 invocare,
2918 3410 3003 3465 vel
3033 3409 3216 3464 cadem
3249 3411 3407 3464 verba
3427 3426 3546 3480 qua:
3572 3425 3813 3480 pronun-

2223 3505 2356 3561 tiant
2382 3520 2488 3560 non
2517 3505 2833 3575 intelligere,
2863 3504 3272 3574 pcrturbathuc
3304 3503 3649 3574 distinguere.
3690 3503 3811 3560 Non

2223 3597 2346 3670 quia
2373 3597 2476 3653 ista
2506 3597 2724 3652 minime
2762 3596 3072 3666 corrigenda
3119 3607 3261 3661 sunt,
3295 3605 3353 3651 ut
3385 3596 3613 3668 populus
3642 3595 3708 3651 ad
3754 3593 3812 3651 id

2223 3687 2365 3759 quod
2394 3687 2551 3758 plane
2590 3686 2856 3758 intelligit,
2882 3686 3025 3743 dicat
3048 3689 3248 3753 Amen;
3279 3687 3372 3742 scd
3407 3697 3581 3743 tamen
3614 3686 3699 3758 pie
3727 3695 3811 3742 to-

2225 3779 2443 3835 leranda
2468 3790 2593 3834 sunt
2617 3779 2684 3834 ab
2709 3779 2786 3834 eis
2810 3779 2898 3849 qui
2925 3778 3227 3845 didicerint,
3256 3789 3313 3833 ut
3339 3794 3471 3835 sono
3497 3779 3549 3834 in
3579 3779 3713 3847 foro,
3733 3779 3812 3837 sic

2227 3881 2352 3926 voto
2374 3872 2425 3925 in
2451 3871 2683 3926 Ecclesia
2712 3870 2973 3926 benedici.
3000 3871 3179 3940 itaque
3207 3870 3428 3925 forensis
3457 3871 3539 3925 illa
3568 3887 3811 3926 nonnunc

2229 3980 2386 4035 quam
2425 3963 2563 4019 forte
2601 3964 2738 4018 bona
2787 3964 2968 4027 dictio,
2998 3980 3265 4034 nunquam
3301 3973 3477 4018 tamen
3516 3963 3815 4021 benedictio

2230 4057 2332 4112 dici
2375 4064 2567 4129 potest.
2614 4056 2689 4110 Dc
2743 4055 3088 4111 Sacramenta
3136 4066 3312 4111 autem
3355 4055 3496 4127 quod
3544 4055 3815 4126 accepturi

2232 4160 2373 4216 sunt,
2406 4148 2602 4204 sufﬁcit
2638 4147 3067 4219 prudentioribus
3111 4146 3297 4203 audire
3326 4147 3451 4218 quid
3492 4162 3579 4203 rcs
3625 4147 3713 4202 illa
3741 4145 3818 4201 si-

2231 4240 2484 4310 gniﬁcet:
2517 4254 2638 4295 cum
2677 4238 2996 4294 tardioribus
3039 4249 3215 4294 autem
3260 4239 3530 4309 aliquanto
3574 4236 3817 4307 pluribus

2234 4334 2411 4388 verbis
2433 4341 2487 4388 ct
2510 4332 2945 4389 similitudinibus
2965 4331 3226 4403 agendum
3250 4340 3351 4399 est,
3378 4346 3446 4386 nc
3473 4336 3820 4385 contemnant

2234 4423 2377 4495 quod
2404 4423 2604 4479 vident.

2305 4536 2532 4593 CAPUT
2556 4536 2623 4591 Χ.
2650 4568 2722 4577 -
2750 4537 2837 4593 η.
2875 4536 2999 4591 Jam
3044 4536 3107 4591 de
3155 4536 3407 4590 hilaritate
3447 4534 3816 4606 comparanda.

2237 4630 2416 4687 Cauete
2442 4648 2531 4686 sea:
2571 4632 2777 4685 aedium
2826 4629 3091 4697 a/ferentes
3134 4630 3482 4684 catecltizantt'.
3523 4629 3823 4684 Remedium

2237 4733 2412 4778 contra
2451 4723 2667 4793 primum
2693 4738 2899 4777 causam
2927 4722 3084 4777 twdii.
3127 4721 3222 4776 ilic
3268 4730 3324 4776 tu
3365 4720 3590 4778 fortasse
3635 4735 3822 4776 exem-

2238 4818 2384 4888 plum
2420 4816 2632 4885 aliquod
2675 4816 2939 4871 sermonis
2983 4814 3277 4882 desideras,
3311 4824 3369 4871 ut
3395 4817 3514 4887 ipso
3543 4815 3636 4872 tibi
3662 4830 3827 4886 opere

2239 4909 2515 4966 ostendam
2560 4908 2829 4978 quomodo
2868 4908 3110 4965 facienda
3161 4910 3269 4965 sint
3311 4909 3410 4964 ista
3453 4925 3573 4980 quae
3618 4907 3823 4963 monui.

2238 5000 2390 5069 Quod
2417 4998 2631 5071 quidem
2659 4999 2870 5065 faciam,
2895 5010 3152 5071 quantum
3178 5001 3404 5057 Domino
3423 4999 3707 5068 adjuvante
3730 5014 3828 5071 po—

2240 5103 2394 5148 tuero
2419 5110 2431 5146 :
2462 5090 2558 5147 sed
2584 5094 2729 5163 prius
2755 5092 2822 5149 dc
2848 5093 2934 5148 illa
2964 5093 3235 5148 hilaritate
3263 5090 3638 5160 comparanda,
3684 5093 3828 5162 quod

2240 5189 2509 5260 pollicitus
2533 5204 2672 5256 sum,
2695 5188 2875 5245 dicere
2902 5188 3092 5243 debeo.
3119 5186 3237 5241 Jam
3263 5185 3405 5239 enim
3432 5184 3501 5239 de
3529 5184 3661 5255 ipsis
3688 5201 3832 5256 prae~

2241 5282 2409 5350 ceptis
2452 5281 2748 5351 explicandi
2778 5279 3059 5343 sermonis,
3102 5278 3155 5332 in
3200 5274 3583 5331 catechizando
3625 5291 3693 5332 eo
3737 5294 3828 5348 qut

2242 5374 2321 5430 sic
2352 5378 2498 5433 venit
2522 5386 2580 5430 ut
2607 5375 2927 5430 christianos
2948 5373 3059 5438 ﬁat,
3085 5377 3340 5441 quantum
3370 5371 3501 5426 satis
3527 5372 3699 5427 visum
3724 5380 3829 5441 cst,

2243 5467 2382 5539 quod
2416 5466 2761 5538 promiseram
2790 5462 3011 5519 exsolvi.
3050 5459 3349 5542 Indebitum
3380 5464 3589 5541 quippe
3615 5471 3721 5530 est,
3771 5472 3835 5517 ut

2309 5647 2324 5678 ί
2362 5644 2590 5706 Praecipui
2627 5650 2730 5691 Mss.
2749 5675 2765 5701 ,
2810 5637 3022 5706 linguam
3048 5646 3327 5706 exet-quant
3356 5651 3443 5689 nec
3480 5638 3718 5703 conferre.

2308 5710 2330 5743 ι
2361 5709 2433 5759 sic
2462 5701 2627 5772 plures
2649 5712 2755 5755 MSS.
2788 5709 2844 5754 At
2862 5701 2999 5768 editi,
3024 5701 3487 5767 discutiendumque.
