4124 6206
293 334 402 395 321

300 454 470 511 etiam
488 453 608 524 ipse
627 455 822 512 faciam
846 456 898 512 in
923 456 1024 514 hoc
1043 459 1338 530 volumine,
1355 464 1495 533 quod
1518 463 1632 520 ﬁeri
1654 475 1904 536 oportere

301 547 583 616 praecipio.
615 547 670 602 Si
701 563 830 619 ergo
859 548 1058 617 fecero,
1090 551 1157 606 ad
1199 555 1470 609 cumulum
1504 557 1702 614 valebit
1745 576 1758 612 :
1809 575 1904 614 eu-

301 638 483 692 mutus
511 647 694 694 autem
724 655 830 710 quo
860 653 1016 712 pacto
1041 659 1073 698 a
1100 660 1186 699 me
1226 646 1539 716 superfundi
1576 659 1771 720 potest.
1807 669 1906 708 an-

306 740 525 801 tequam
554 747 865 788 mensuram
895 735 1060 790 debili
1089 737 1418 804 explevere?
1444 740 1625 812 Neque
1667 744 1808 798 enim
1853 754 1906 802 te

302 826 543 880 maxime
571 827 828 896 conqueri
858 827 1056 895 audivi,
1106 830 1210 884 nisi
1252 832 1394 902 quod
1425 833 1518 888 tibi
1563 850 1742 891 sermo
1785 846 1905 894 tuus

285 900 430 970 ivilis
469 917 818 988 abjectusque
842 918 1131 987 videretur,
1171 935 1293 977 cum
1335 923 1566 995 aliquem
1610 927 1904 986 christiano

302 1009 528 1064 nomine
557 1008 844 1064 imbueres.
877 1009 990 1066 Hoc
1015 1020 1191 1066 autem
1223 1015 1368 1080 scio,
1418 1031 1525 1071 non
1568 1027 1675 1072 tam
1721 1035 1899 1076 rerum

301 1115 429 1169 quin
473 1100 716 1155 dicendae
760 1113 905 1167 sunt,
946 1103 1140 1173 quibus
1175 1114 1226 1161 te
1260 1107 1390 1162 satis
1417 1110 1539 1164 novi
1572 1120 1812 1180 paratum
1847 1123 1902 1169 et

303 1191 650 1257 instructum,
679 1209 855 1263 neque
884 1193 1049 1263 ipsius
1074 1196 1357 1253 locutionis
1386 1199 1586 1270 inopia,
1615 1201 1709 1257 sed
1735 1203 1899 1258 animi

305 1284 468 1338 tzcdio
515 1285 663 1349 fieri;
697 1285 780 1340 vel
804 1285 893 1339 illa
921 1300 1079 1340 causa
1107 1303 1266 1357 quam
1293 1287 1424 1357 dixi,
1454 1292 1576 1361 quia
1607 1294 1776 1363 magis
1801 1309 1900 1350 nos

302 1374 536 1430 delectat
565 1386 618 1431 et
647 1385 808 1441 tenet,
849 1377 992 1447 quod
1040 1379 1092 1432 in
1137 1380 1352 1436 silentio
1395 1392 1574 1440 mente
1602 1386 1891 1453 cernimus,

301 1482 406 1524 nec
431 1468 557 1523 inde
580 1468 823 1524 volumus
851 1471 1064 1525 avocari
1095 1471 1163 1526 ad
1197 1473 1482 1530 verborum
1523 1478 1680 1549 longe
1717 1478 1897 1550 dispa-

301 1574 421 1615 rem
447 1559 765 1629 strepitum;
799 1561 881 1616 vel
905 1562 1029 1632 quia
1059 1563 1218 1617 etiam
1245 1578 1368 1619 cum
1411 1579 1590 1622 sermo
1628 1568 1897 1638 jucundus

301 1661 410 1719 est,
440 1653 610 1722 magis
635 1667 734 1708 nos
762 1653 892 1710 libet
916 1655 1101 1712 audire
1127 1665 1219 1711 aut
1241 1657 1419 1728 legere
1448 1675 1566 1730 qua:
1589 1663 1784 1719 melius
1809 1663 1894 1719 di-

300 1755 388 1799 cta
415 1756 559 1812 sunt,
587 1754 642 1801 et
665 1762 784 1816 qum
809 1747 927 1804 sine
951 1756 1134 1804 nostra
1159 1764 1284 1805 cura
1309 1760 1363 1806 et
1389 1753 1746 1813 sollicitudine
1771 1773 1897 1829 pro-

299 1845 542 1905 muntur,
586 1854 746 1908 quam
787 1839 855 1895 ad
890 1840 1121 1897 alienum
1163 1858 1380 1900 sensum
1418 1850 1692 1918 repentina
1731 1854 1893 1909 verba

299 1938 556 2000 coaptare
576 1932 782 1987 incerto
807 1933 973 1998 exitu,
1001 1933 1114 1989 sive
1139 1944 1318 1991 utrum
1343 1950 1626 1997 occurrant
1653 1957 1750 2012 pro
1778 1960 1893 2001 sen-

301 2024 492 2088 tentia,
526 2024 639 2080 sive
671 2033 848 2080 utrum
881 2026 1211 2096 accipiantur
1232 2030 1466 2098 utiliter;
1508 2035 1593 2090 vel
1637 2038 1761 2106 quia
1801 2037 1892 2094 illa

298 2132 422 2186 qua:
459 2116 686 2172 rudibus
727 2119 1084 2188 insinuantur,
1126 2137 1192 2177 eo
1230 2124 1372 2192 quod
1415 2126 1569 2183 nobis
1613 2131 1891 2189 notissima

296 2215 446 2273 sunt,
495 2216 549 2262 et
579 2211 853 2278 provectui
883 2221 1069 2268 nostro
1092 2213 1203 2283 jam
1234 2229 1339 2270 non
1369 2221 1667 2275 necessaria
1686 2263 1702 2289 ,
1748 2223 1892 2294 piget

296 2299 364 2353 ad
392 2315 459 2356 ea
485 2299 779 2370 saepissime
804 2302 1003 2371 redire,
1021 2320 1122 2360 nec
1149 2305 1203 2360 in
1230 2306 1307 2363 eis
1335 2315 1442 2364 tam
1468 2311 1674 2369 usitatis
1698 2322 1752 2369 et
1776 2324 1890 2371 tan-

295 2409 457 2464 quam
503 2394 830 2450 iufantilibus
884 2411 1008 2452 cum
1056 2399 1233 2470 aliqua
1267 2401 1540 2473 voluptate
1575 2406 1687 2476 jam
1730 2423 1890 2478 gran-

297 2485 573 2540 diusculus
602 2485 812 2542 animus
849 2489 1107 2558 graditur.
1139 2490 1290 2548 Facit
1317 2495 1476 2550 etiam
1507 2497 1744 2568 loquenti
1789 2509 1883 2558 tae-

295 2578 442 2633 dium
482 2579 696 2635 auditor
733 2579 1042 2654 [immobilis
1083 2585 1168 2641 vel
1195 2587 1318 2657 quia
1347 2604 1453 2645 non
1483 2589 1728 2650 movetur
1751 2596 1885 2652 atl‘e-

293 2674 507 2739 ctu,vel
529 2675 652 2744 quia
674 2675 820 2732 nullo
845 2687 993 2732 motu
1017 2680 1258 2750 corporis
1277 2681 1478 2739 indicat
1503 2699 1561 2741 se
1583 2687 1884 2758 intelligere

294 2764 380 2820 vel
416 2764 519 2820 sibi
557 2765 771 2836 placere
807 2783 926 2838 quae
955 2769 1280 2846 dicuntur‘]
1312 2791 1325 2829 :
1356 2790 1462 2831 non
1489 2778 1611 2848 quia
1636 2778 1882 2838 humanae

295 2855 470 2912 laudis
492 2872 590 2914 nos
616 2873 738 2915 esse
762 2860 948 2918 avidos
988 2862 1164 2933 decet,
1193 2867 1289 2922 sed
1324 2869 1447 2938 quia
1473 2886 1537 2927 ea
1566 2888 1684 2942 qua:
1723 2876 1882 2930 mini-

292 2960 525 3006 stramus
551 2952 648 3008 Dei
675 2963 833 3021 sunt;
855 2963 909 3011 et
935 2967 1137 3027 quanto
1160 2961 1331 3032 magis
1351 2962 1618 3034 diligimus
1640 2981 1732 3023 eos
1757 2969 1877 3038 qui-

294 3040 392 3096 bus
419 3042 710 3114 loquimur,
758 3055 905 3103 tanto
932 3049 1101 3120 magis
1145 3051 1225 3107 eis
1251 3054 1497 3124 cupimus
1539 3065 1598 3111 ut
1635 3061 1878 3128 placeant

293 3149 410 3205 quat
433 3135 500 3192 ad
519 3152 706 3193 eorum
735 3141 1078 3212 porriguntur
1097 3143 1327 3201 salutem
1351 3164 1366 3200 :
1387 3148 1530 3218 quod
1556 3150 1602 3204 si
1627 3167 1734 3207 non
1758 3169 1879 3211 suc-

289 3228 450 3298 cedit,
483 3231 884 3298 contristamur,
911 3243 966 3290 et
1002 3235 1057 3290 in
1095 3237 1212 3306 ipso
1250 3251 1409 3294 cursu
1445 3239 1788 3300 debilitamur
1823 3256 1878 3303 et

289 3320 601 3393 frangimur,
641 3326 793 3394 quasi
835 3325 1032 3382 frustra
1069 3343 1286 3398 operam
1333 3342 1694 3393 conteremus.
1725 3337 1873 3395 Non-

287 3433 554 3489 nunquam
594 3419 757 3474 etiam
807 3435 926 3476 cum
966 3425 1260 3504 avertimur
1295 3426 1364 3482 ab
1401 3428 1575 3500 aliqua
1617 3446 1676 3487 re
1713 3449 1870 3504 quam

286 3509 654 3566 desideramus
681 3527 864 3584 agere,
888 3523 944 3569 et
969 3499 1124 3587 cujus
1147 3519 1286 3574 actio
1309 3529 1402 3574 aut
1425 3520 1721 3581 delectabat
1747 3543 1866 3595 nos,

283 3613 374 3659 aut
406 3605 580 3676 magis
605 3607 762 3662 nobis
787 3610 1089 3664 necessaria
1112 3611 1411 3681 videbatur,
1440 3624 1495 3671 et
1519 3620 1757 3689 cogimur
1779 3633 1870 3678 aut

278 3696 425 3766 jussu
455 3698 573 3768 ejus
602 3714 764 3769 quem
805 3699 1074 3758 offendere
1120 3704 1368 3761 nolumus
1390 3748 1405 3774 ,
1447 3719 1540 3765 aut
1569 3712 1868 3783 aliquorum

281 3789 576 3845 inevitabili
601 3792 852 3847 inStantia
879 3793 1210 3852 catechizare
1235 3798 1496 3869 aliquem;
1516 3803 1625 3872 jam
1653 3816 1867 3861 contur-

281 3881 388 3937 bati
418 3883 725 3938 accedimus
750 3883 816 3938 ad
847 3886 1138 3956 negotium,
1162 3889 1248 3943 cui
1271 3903 1459 3961 magna
1488 3897 1867 3964 tranquillitate

278 3988 413 4042 opus
437 3983 539 4038 est,
569 3974 818 4031 dolentes
841 3977 982 4046 quod
1009 3993 1182 4050 neque
1211 3980 1454 4037 ordinem
1476 3985 1742 4039 actionum
1771 4003 1866 4041 no-

277 4068 361 4123 bis
397 4069 709 4125 conceditur
747 4079 930 4126 tenere
969 4086 1127 4141 quem
1170 4074 1436 4143 volumus,
1479 4091 1578 4132 nec
1621 4078 1864 4136 sufﬁcere

275 4162 532 4217 omnibus
558 4177 838 4232 possumus
866 4182 879 4218 :
911 4173 1069 4236 atque
1092 4166 1164 4221 ita
1192 4181 1257 4221 ex
1296 4168 1408 4238 ipsa
1444 4169 1656 4226 tristitia
1684 4187 1864 4229 sermo

277 4252 580 4323 procedens
606 4255 775 4310 minus
798 4265 982 4326 gratus
1006 4265 1109 4322 est,
1138 4259 1261 4328 quia
1292 4257 1360 4314 de
1386 4259 1632 4318 ariditate
1659 4267 1864 4320 maesti-

278 4347 365 4400 tia:
401 4346 580 4401 minus
609 4349 884 4404 exuberat.
921 4348 1220 4421 Aliquando
1250 4351 1377 4407 item
1414 4368 1479 4408 ex
1509 4354 1688 4426 aliquo
1715 4371 1864 4412 scan-

277 4438 397 4491 dalo
434 4453 636 4494 mceror
659 4449 847 4508 pectus
871 4439 1144 4510 obsedit',
1192 4450 1247 4498 et
1285 4450 1412 4500 tunc
1441 4445 1594 4501 nobis
1639 4447 1854 4518 dicitur,

279 4529 426 4591 Veni,
470 4530 692 4600 loquere
723 4531 874 4597 huic;
917 4532 1238 4588 christianus
1268 4535 1381 4590 vult
1427 4535 1560 4592 fieri.
1605 4539 1807 4596 Dicitur
1833 4543 1854 4574 ³

273 4621 412 4675 enim
442 4621 511 4676 ab
536 4623 904 4692 ignorantibus
923 4623 1049 4694 quid
1074 4639 1173 4680 nos
1201 4625 1440 4681 clausum
1462 4627 1606 4684 intus
1631 4641 1851 4687 exurat:

273 4715 462 4779 quibus
526 4716 572 4769 si
619 4714 866 4771 all‘ectum
916 4727 1154 4772 nostrum
1202 4721 1412 4790 aperire
1453 4737 1560 4777 non
1608 4735 1851 4794 oportet,

272 4808 588 4877 suscipimus
619 4809 876 4880 ingratius
902 4811 1044 4881 quod
1069 4812 1252 4867 volunt
1277 4813 1331 4879 ‘;
1376 4823 1432 4869 et
1473 4815 1710 4885 profecto
1740 4818 1854 4871 lan—

273 4899 457 4968 guidus
483 4907 538 4954 et
566 4899 801 4955 insuavis
830 4901 921 4956 ille
950 4917 1128 4958 sermo
1156 4904 1260 4959 erit
1305 4920 1399 4973 per
1439 4922 1627 4962 venam
1675 4909 1852 4964 cordis

269 4997 579 5044 astuantem
607 4991 1007 5064 fumantemque
1035 4994 1304 5064 trajectus.
1329 4995 1432 5052 'l‘ot
1455 4998 1616 5067 igitur
1639 5015 1705 5056 ex
1727 5017 1854 5056 cau-

267 5080 358 5145 sis,
387 5081 637 5150 quarlibet
661 5098 844 5138 earum
869 5085 1209 5140 serenitatem
1237 5095 1434 5142 nostrae
1463 5092 1656 5145 mentis
1680 5093 1851 5148 obnu-

266 5171 413 5240 bilet,
457 5174 754 5230 secundum
786 5177 950 5231 Deum
981 5186 1106 5232 sunt
1133 5179 1416 5248 quaerenda
1445 5183 1699 5249 remedia,
1735 5186 1852 5254 qui-

265 5262 363 5318 bus
389 5265 660 5321 relaxetur
687 5267 779 5323 illa
809 5272 1126 5337 contractio,
1158 5277 1212 5324 et
1253 5269 1464 5326 fervore
1503 5274 1720 5343 spiritus
1749 5291 1850 5331 ex-

262 5356 520 5413 sultemus
544 5368 599 5414 et
623 5359 978 5429 jucundemur
999 5362 1052 5416 in
1083 5362 1464 5432 tranquillitate
1490 5364 1617 5420 boni
1647 5367 1844 5437 Operis.

319 5564 336 5595 ι
373 5563 530 5612 Verba
549 5565 630 5614 hic
646 5564 787 5613 uncis
810 5564 993 5615 inclusa
1015 5564 1189 5615 absunt
1213 5576 1239 5614 a
1263 5564 1513 5630 plerisque
1557 5573 1665 5617 Mss.
1703 5576 1752 5620 et
1786 5571 1849 5621 ab

253 5631 355 5761 mf].
373 5631 487 5761 ain
507 5725 523 5750 ,
542 5687 745 5761 obsidet.
774 5696 828 5739 At.
848 5696 979 5761 Mss”
1004 5690 1202 5742 obsedit.

312 5754 333 5783 ³
366 5751 468 5823 sola
494 5753 645 5802 editio
663 5760 796 5810 Lov.,
821 5751 1047 5823 nescitur.
1175 5814 1184 5823 ⁸

307 5819 326 5847 δ
366 5815 534 5865 Ilures
556 5823 685 5875 Mss.,
706 5813 989 5877 suscipimus
1006 5813 1184 5880 ingrati
1202 5816 1330 5879 quod
1356 5817 1528 5868 volunt.

1697 352 1901 410 LIBER
1940 354 2138 414 UNUS.

2018 469 2250 527 Hilarem
2281 475 2411 530 enim
2440 477 2668 535 datorem
2695 483 2861 556 diligit
2889 485 3027 544 Deus
3054 490 3075 561 (
3091 490 3136 546 ll
3165 491 3287 550 Cor.
3321 512 3397 567 ιχ,
3431 501 3528 575 7).

2089 565 2174 619 15.
2217 565 2271 620 Si
2300 569 2440 623 enim
2469 585 2626 628 causa
2653 574 2742 628 illa
2773 580 3072 650 contristat,
3097 586 3240 655 quod
3267 565 3598 652 intellectum

2012 663 2253 711 nostrum
2275 659 2484 716 auditor
2502 679 2608 719 non
2631 667 2791 737 capit,
2823 686 2853 725 a
2890 673 3042 743 cujus
3065 680 3341 736 cacumine
3360 673 3590 754 quodam

2010 746 2170 804 modo
2197 749 2582 811 descendentes
2609 759 2848 829 cogimur
2873 763 2925 817 in
2958 766 3280 837 syllabarum
3313 773 3470 846 longe
3515 779 3599 834 in-

2007 838 2087 892 fra
2118 839 2426 898 distantium
2458 847 2702 905 tarditate
2729 851 3013 923 demorari,
3049 868 3103 914 et
3139 875 3320 917 curam
3361 838 3595 937 gerimus

2005 932 2456 999 quemadmodum
2486 938 2655 1010 longis
2680 952 2734 997 et
2762 946 3028 1016 perplexis
3053 932 3387 1010 anfractibus
3409 975 3598 1028 proce-

2009 1022 2100 1078 dat
2127 1040 2193 1080 ex
2222 1041 2317 1082 ore
2343 1031 2542 1098 carnis,
2569 1034 2711 1103 quod
2740 1037 3020 1095 celerrimo
3048 1042 3238 1099 haustu
3263 1050 3459 1106 mentis
3491 1052 3594 1107 im-

2005 1115 2221 1183 bibitur,
2245 1128 2300 1174 et
2327 1121 2447 1190 quia
2469 1124 2690 1180 multum
2717 1127 3048 1189 dissimiliter
3077 1137 3207 1202 exit,
3233 1141 3394 1196 taedet
3423 1144 3588 1215 loqui,

2005 1215 2060 1260 et
2087 1208 2215 1264 libet
2245 1219 2454 1280 tacere;
2487 1217 2782 1287 cogitemus
2803 1223 2928 1292 quid
2951 1226 3109 1283 nobis
3137 1208 3506 1304 praerogalum-
3524 1208 3594 1293 sit

2002 1297 2070 1351 ab
2097 1299 2190 1353 illo
2221 1303 2308 1368 qui
2351 1303 2738 1364 demonstravit
2776 1313 2931 1369 nobis
2959 1297 3284 1390 exemplum,
3313 1297 3371 1379 ut
3398 1343 3591 1398 sequa-

2003 1403 2125 1443 mur
2149 1391 2371 1463 vestigia
2401 1396 2516 1466 ejus
2539 1397 2599 1470 (Ι
2628 1399 2771 1456 Petr.
2801 1418 2859 1471 ιι,
2892 1405 3016 1480 21).
3061 1409 3413 1478 Quantumvis
3448 1391 3590 1476 enim

2001 1479 2211 1538 differat
2249 1487 2528 1545 articulata
2557 1507 2660 1548 vox
2697 1505 2881 1551 nostra
2906 1479 2978 1556 ab
3002 1500 3366 1576 intelligentire
3392 1522 3590 1572 nostra:

2003 1571 2302 1643 vivacitate,
2329 1577 2486 1651 longe
2509 1581 2842 1642 diﬁ'erentior
2861 1598 2946 1645 est
2981 1571 3278 1652 mortalitas
3314 1603 3491 1657 carnis
3521 1607 3591 1660 ab

2000 1665 2302 1734 aequalitate
2329 1670 2443 1725 Dei.
2476 1672 2543 1728 Et
2572 1683 2752 1733 tamen
2779 1695 2899 1736 cum
2930 1683 2984 1738 in
3012 1685 3199 1744 eadem
3235 1690 3402 1761 forma
3439 1706 3585 1767 esset,

1997 1757 2318 1828 semetipsum
2343 1763 2615 1820 exinaniri!
2643 1771 2862 1840 formam
2885 1777 3016 1830 servi
3044 1781 3315 1851 accipiens,
3340 1794 3468 1856 etc.,
3493 1805 3584 1845 us-

1997 1861 2100 1916 que
2123 1848 2190 1904 ad
2219 1849 2291 1923 (α)
2317 1864 2525 1910 mortem
2549 1862 2714 1916 crucis
2739 1862 3011 1938 (Philipp.
3043 1884 3108 1936 ιι,
3141 1848 3485 1945 6-8).νριιιιιιι
3515 1881 3586 1937 ob

1995 1953 2234 2012 causam,
2284 1947 2385 2001 nisi
2414 1950 2536 2019 quia
2567 1953 2738 2010 factus
2763 1967 2846 2012 est
2880 1961 3108 2018 infirmis
3135 1965 3396 2038 infirmus,
3423 1983 3482 2028 ut
3503 1975 3586 2030 in-

1995 2031 2180 2090 ﬁrmos
2209 2036 2527 2098 lucrificaret
2562 2043 2581 2116 (
2605 2046 2622 2100 l
2654 2046 2774 2102 Cor.
2807 2066 2883 2119 ix,
2912 2052 2984 2107 22
3006 2053 3068 2125 )?
3095 2058 3232 2114 Audi
3263 2031 3584 2131 ejusrimita-

1993 2234 2122 2285 mus,
2155 2219 2296 2288 Deo;
2321 2225 2423 2280 sive
2449 2236 2780 2300 temperantes
2797 2251 2990 2305 sumus,
3013 2240 3167 2296 vobis.
3193 2243 3424 2303 Charitas
3448 2253 3584 2309 enim

1991 2305 2181 2364 Christi
2203 2316 2457 2384 compellit
2478 2336 2586 2387 nos,
2603 2324 2896 2392 judicantes
2921 2330 3034 2396 hoc,
3051 2334 3170 2403 quia
3194 2352 3325 2392 unus
3355 2357 3448 2410 pro
3471 2329 3602 2398 om?

1991 2399 2136 2455 nibus
2162 2413 2388 2461 mortuus
2413 2419 2487 2462 est
2513 2410 2588 2479 (ll
2617 2415 2733 2469 Cor.
2752 2432 2805 2482 ν,
2831 2420 2899 2475 15
2921 2431 2969 2474 et
2993 2399 3106 2492 14).
3136 2399 3414 2492 Quomodo
3436 2435 3578 2491 enim

1991 2501 2207 2560 paratus
2234 2509 2378 2553 esset
2407 2499 2642 2571 impendi
2669 2521 2767 2575 pro
2797 2511 3078 2570 animabus
3105 2531 3290 2574 eorum
3319 2519 3446 2594 (ld.
3478 2541 3576 2595 xu,

1991 2583 2118 2654 15),
2151 2586 2196 2640 si
2239 2603 2360 2644 eum
2405 2593 2612 2663 pigeret
2638 2597 2880 2656 inclinari
2907 2603 2975 2658 ad
3003 2619 3160 2663 aures
3187 2583 3412 2669 eorum?
3443 2616 3579 2684 [line

1991 2691 2120 2747 ergo
2148 2678 2317 2738 factus
2344 2692 2426 2738 est
2452 2689 2704 2755 parvulus
2733 2691 2786 2746 in
2815 2694 2995 2752 medio
3020 2709 3288 2770 nostrum,
3323 2713 3574 2778 tanquam

1987 2769 2165 2824 nutrix
2194 2772 2378 2828 fovens
2407 2775 2545 2834 ﬁlios
2574 2795 2698 2836 suos
2726 2783 2745 2854 (
2771 2783 2791 2838 l
2835 2784 3008 2843 Thess.
3044 2805 3111 2859 ιι,
3144 2792 3236 2864 7).
3265 2769 3400 2852 Num
3431 2769 3574 2858 enim

1985 2862 2240 2933 delectat,
2270 2870 2374 2925 nisi
2400 2886 2552 2928 amor
2573 2877 2780 2945 invitet,
2811 2879 3085 2940 decurtata
3116 2895 3170 2943 et
3193 2862 3434 2948 mutilata
3455 2911 3576 2951 ver-

1985 2957 2050 3012 ba
2077 2959 2528 3022 immurmurare?
2555 2969 2623 3024 Et
2655 2980 2828 3028 tamen
2867 2987 3054 3048 optant
3092 2980 3336 3042 homines
3374 2987 3574 3047 habere

1985 3049 2239 3121 infantes,
2281 3057 2474 3124 quibus
2512 3059 2566 3114 id
2604 3063 2935 3121 exhibeant:
2968 3079 3022 3124 et
3050 3074 3264 3131 suavius
3292 3087 3374 3132 est
3413 3082 3571 3137 matri

1981 3142 2186 3198 minuta
2237 3161 2425 3202 mansa
2465 3150 2713 3220 inspuere
2753 3159 2976 3224 parvulo
3015 3161 3152 3230 lilio,
3193 3181 3351 3235 quam
3399 3168 3570 3237 ipsam

1981 3234 2235 3290 mandere
2264 3252 2326 3291 ac
2355 3238 2612 3296 devorare
2637 3245 2940 3314 grandiora.
2966 3249 3082 3306 Non
3109 3234 3236 3324 ergo
3260 3258 3477 3313 recedat
3501 3260 3570 3316 de

1981 3336 2198 3396 pectore
2238 3331 2395 3384 etiam
2427 3334 2679 3405 cogitatio
2704 3339 2912 3408 gallina:
2943 3341 3106 3410 illius,
3139 3362 3258 3416 qua:
3287 3348 3566 3420 languidu-

1977 3417 2040 3473 lis
2075 3419 2268 3489 plumis
2309 3431 2523 3481 tencros
2565 3427 2704 3484 fetus
2726 3432 2917 3500 operit,
2945 3443 3000 3490 et
3023 3449 3362 3496 susurrantes
3382 3417 3563 3512 pullos

1976 3510 2246 3567 confracta
2275 3529 2406 3571 voce
2429 3516 2685 3584 advocat;
2713 3522 2868 3592 cujus
2903 3524 3126 3583 blandas
3153 3529 3264 3585 alas
3294 3510 3565 3605 refugien-

1980 3612 2061 3656 tes
2091 3605 2326 3674 superbi,
2357 3608 2536 3677 pracda
2565 3610 2696 3666 fiunt
2723 3613 2938 3670 alitibus
2968 3617 3195 3686 (Matth.
3247 3638 3405 3689 χλιιι,
3436 3627 3562 3697 57).

1976 3693 2032 3748 Si
2059 3697 2201 3750 enim
2235 3697 2539 3754 intellectus
2568 3703 2797 3759 delectat
2831 3708 2881 3760 in
2924 3712 3287 3776 penetralibus
3315 3717 3565 3772 sinceris-

1973 3788 2142 3856 simis,
2175 3788 2278 3844 hoc
2303 3792 2462 3845 etiam
2497 3794 2792 3865 intelligere
2817 3798 3068 3865 delectat,
3096 3804 3363 3869 quomodo
3389 3806 3565 3861 chari-

1975 3886 2075 3946 tas,
2109 3891 2308 3950 quanto
2347 3885 2640 3940 officiosius
2665 3887 2941 3942 descendit
2970 3890 3022 3942 in
3061 3891 3270 3958 inﬁma,
3304 3903 3447 3950 tanto
3475 3913 3564 3950 ro-

1971 3971 2179 4026 bustius
2209 3977 2436 4028 recurrit
2476 3976 2527 4029 in
2570 3977 2751 4031 intima
2801 3994 2896 4048 per
2939 3981 3132 4035 bonam
3177 3986 3559 4046 conscientiam

1972 4061 2102 4116 nihil
2128 4065 2398 4132 quaerendi
2426 4067 2440 4096 ¹
2469 4067 2535 4121 ab
2562 4067 2640 4121 cis
2667 4068 2733 4122 ad
2761 4085 2894 4140 quos
2920 4071 3217 4140 descendit,
3249 4086 3444 4147 praeter
3467 4095 3560 4137 co-

1968 4169 2086 4208 rum
2118 4157 2492 4223 sempiternam
2529 4159 2770 4214 salutem.

2040 4245 2266 4301 CAPUT
2295 4246 2559 4305 Xl.—-16.
2585 4250 2882 4307 Remedium
2914 4264 3089 4311 contra
3117 4261 3390 4316 secundant
3419 4265 3558 4321 Medii

1968 4352 2196 4390 causam.
2215 4336 2270 4393 Si
2293 4347 2470 4394 autem
2488 4342 2656 4411 magis
2680 4345 2999 4415 appetimus,
3019 4363 3082 4403 ea
3104 4365 3222 4420 qua:
3243 4351 3355 4422 jam
3375 4365 3556 4423 parata

1967 4439 2093 4485 sunt
2122 4439 2176 4487 et
2210 4432 2404 4489 melius
2433 4434 2573 4490 dicta
2601 4436 2778 4506 legere
2809 4439 2888 4494 vel
2917 4441 3122 4510 audire,
3165 4452 3219 4498 ct
3262 4445 3383 4501 ideo
3413 4449 3558 4518 piget

1965 4522 2173 4580 incerto
2193 4528 2338 4581 exitu
2364 4527 2430 4581 ad
2471 4537 2677 4597 tempus
2699 4540 2950 4600 coaptare
2971 4550 3090 4603 quae
3110 4535 3377 4605 loquimur
3402 4557 3413 4590 :
3441 4548 3556 4594 tan-

1966 4623 2078 4670 tum
2117 4631 2145 4669 a
2177 4619 2400 4672 veritate
2427 4634 2605 4672 rerum
2629 4635 2735 4673 non
2763 4621 2974 4677 aberret
3011 4625 3242 4692 animus,
3270 4627 3423 4683 facile
3473 4640 3556 4687 est

1962 4716 2020 4762 ut
2043 4709 2084 4762 si
2118 4709 2168 4762 in
2190 4710 2368 4764 verbis
2393 4709 2692 4766 auditorem
2738 4713 2936 4783 aliquid
2962 4715 3244 4772 olfenderit
3271 4761 3286 4787 ,
3339 4737 3403 4776 ex
3438 4724 3547 4793 ipsa

1963 4799 2244 4854 occasione
2269 4800 2439 4855 discat
2464 4816 2620 4870 quam
2663 4803 2734 4856 sit
2780 4819 2839 4858 re
2891 4805 3159 4863 intellecta
3189 4819 3545 4867 contemnen-

1961 4889 2107 4954 dum,
2141 4891 2183 4944 si
2211 4892 2384 4947 minus
2411 4892 2637 4964 integre,
2667 4902 2760 4949 aut
2781 4895 2824 4949 si
2864 4896 3042 4951 minus
3100 4901 3313 4968 proprie
3358 4918 3550 4960 sonare

1959 4983 2150 5051 potuit,
2181 4984 2321 5053 quod
2353 4983 2474 5038 ideo
2502 4987 2727 5041 sonabat
2757 4995 2812 5040 ut
2840 5002 2927 5041 res
2959 4989 3361 5060 intelligeretur.
3396 4994 3549 5062 Quod

1960 5073 2004 5128 si
2032 5073 2281 5128 humana:
2310 5074 2635 5130 infirmitatis
2666 5077 2889 5131 intentio
2921 5077 3080 5132 etiam
3115 5080 3183 5134 ab
3206 5081 3315 5151 ipsa
3371 5101 3546 5142 rerum

1960 5165 2184 5220 veritate
2211 5165 2575 5231 aberraverit;
2608 5182 2909 5237 quanquam
2943 5169 2994 5223 in
3019 5171 3414 5231 catccltizandis
3453 5195 3544 5232 rn-

1957 5255 2133 5322 dibus,
2155 5255 2248 5310 ubi
2273 5256 2355 5310 via
2384 5256 2656 5312 tritissima
2686 5259 2912 5314 tenenda
2955 5269 3039 5317 est
3061 5304 3076 5331 ,
3126 5263 3342 5322 dil‘licile
3371 5276 3546 5336 potest

1956 5348 2200 5404 accidere
2224 5366 2236 5401 :
2259 5356 2434 5403 tamen
2462 5363 2528 5403 ne
2557 5348 2698 5405 forte
2723 5351 2929 5408 accidat
2959 5363 3019 5410 ut
3039 5356 3198 5412 etiam
3220 5358 3345 5413 hinc
3383 5357 3547 5414 oll‘en-

1956 5443 2112 5500 datur
2139 5442 2368 5510 auditor,
2403 5459 2513 5498 non
2557 5443 2768 5502 aliunde
2795 5447 2951 5504 nobis
2979 5449 3141 5507 debet
3190 5451 3361 5506 videri
3404 5453 3543 5508 acci~

1969 5535 2134 5601 disse,
2165 5535 2264 5589 nisi
2282 5535 2402 5605 quia
2434 5535 2577 5591 Deus
2593 5538 2822 5606 experiri
2851 5555 2949 5597 nos
2978 5541 3170 5607 voluit,
3196 5551 3372 5598 utrum
3419 5560 3541 5601 cum

2021 5695 2033 5758 ξ
2070 5693 2142 5758 sic
2164 5699 2268 5741 Mss.
2296 5693 2415 5742 Editi
2439 5705 2577 5754 vero,
2601 5692 2724 5744 nihil
2749 5699 3024 5758 quaerendo.

2016 5756 2095 5827 (τι)¹
2121 5760 2226 5803 Ista)
2254 5767 2425 5827 voces,
2441 5763 2557 5814 etc.,
2577 5756 3029 5827 tuamne-adulibrarii
3043 5765 3156 5812 sunt
3175 5764 3540 5827 praetereuntis,

1953 5826 2002 5867 ut
2030 5817 2169 5875 solet,
2189 5817 2340 5867 verba
2363 5817 2656 5869 intct‘mcdia'
2674 5820 2806 5869 citati
2831 5817 2937 5870 loci.
