4124 6206
585 355 693 416 325

585 467 781 526 mentis
805 465 1108 538 placiditate
1130 461 1482 532 corrigamur,
1503 476 1571 515 ne
1596 459 1648 514 in
1676 458 2043 513 defensionem
2069 471 2164 511 no-

584 559 682 614 stri
708 558 905 614 erroris
926 555 1125 625 majore
1147 553 1543 624 praecipitemur
1563 565 1769 606 errore.
1796 549 1949 614 Quod
1985 549 2030 603 si
2074 563 2168 604 ne-

584 664 674 704 mo
704 649 858 704 nobis
877 645 1092 712 dixerit,
1109 659 1311 714 nosque
1341 643 1533 699 etillos
1559 640 1650 711 qui
1675 641 1959 695 audierunt
1994 641 2167 694 omni-

586 757 654 795 no
686 738 916 802 latuerit,
945 736 1124 791 nullus
1141 735 1296 790 dolor
1323 743 1426 798 est,
1441 734 1485 789 si
1518 749 1624 788 non
1666 733 1759 787 fiat
1786 734 2001 786 iterum.
2049 731 2169 786 Ple-

586 846 816 902 rumque
871 839 1050 884 autem
1103 842 1200 883 nos
1263 827 1362 897 ipsi
1424 825 1721 881 recolentes
1793 840 1912 895 qua:
1971 823 2168 878 dixeri-

585 939 739 990 mus,
794 919 1237 992 reprehendimus
1283 919 1520 990 aliquid,
1568 927 1621 974 et
1670 918 1976 988 ignoramus
2033 931 2165 986 quo--

534 1034 537 1054 ε
589 1013 746 1070 modo
801 1029 921 1068 cum
969 1011 1238 1068 diceretur
1286 1018 1562 1079 acceptum
1609 1008 1718 1074 sit;
1749 1009 2019 1078 magisque
2068 1007 2169 1062 do-

590 1108 805 1172 lemus,
858 1104 1072 1175 quando
1108 1104 1160 1158 in
1215 1102 1372 1158 nobis
1426 1101 1597 1157 fervet
1643 1101 1915 1166 cbaritas,
1955 1101 2002 1155 si
2047 1115 2169 1154 cum

589 1197 782 1253 falsum
826 1203 1007 1259 esset,
1041 1194 1269 1250 libenter
1301 1202 1578 1262 acceptum
1627 1201 1729 1247 est.
1783 1191 2016 1262 Ideoque
2069 1207 2169 1261 op-

586 1286 918 1358 portunitate
970 1293 1181 1354 reperta
1205 1324 1224 1350 ,
1251 1284 1392 1340 sicut
1437 1299 1536 1340 nos
1560 1283 1705 1353 ipsos
1735 1283 1787 1338 in
1811 1283 2029 1338 silentio
2081 1299 2170 1338 re-

585 1376 988 1449 prehendimus,
1019 1377 1090 1432 ita
1117 1375 1411 1432 curandum
1439 1385 1524 1430 est
1551 1376 1790 1430 utetiam
1847 1375 1922 1430 illi
1970 1376 2169 1430 sensim

585 1473 941 1542 corrigantur,
966 1471 1056 1540 qui
1077 1485 1184 1525 non
1215 1470 1308 1526 Dei
1326 1469 1538 1533 verbis,
1576 1468 1673 1524 sed
1697 1468 1854 1537 plane
1895 1468 2092 1522 nostris
2116 1468 2168 1521 in

585 1567 814 1636 aliquam
837 1565 972 1635 lapsi
999 1575 1126 1621 sunt
1156 1563 1457 1620 falsitatem.
1476 1562 1532 1619 Si
1548 1577 1680 1618 vero
1703 1561 1868 1632 aliqui
1891 1562 2058 1616 livore
2079 1577 2170 1616 ve-

586 1672 722 1714 sano
740 1658 869 1714 caici
895 1671 1106 1713 errasse
1126 1670 1226 1712 nos
1244 1653 1495 1725 gaudent,
1523 1667 1846 1708 susurrones
1862 1693 1878 1719 ,
1905 1653 2170 1706 detracto-

590 1765 698 1815 res,
717 1749 827 1804 Deo
855 1747 1080 1804 odibiles
1110 1746 1302 1818 (Rom.
1329 1762 1370 1812 ι,
1398 1744 1521 1815 30);
1570 1745 1843 1814 praebcant
1868 1742 2022 1798 nobis
2059 1758 2171 1796 ma-

592 1843 778 1899 teriam
796 1839 1113 1896 exercendae
1154 1838 1423 1908 patientia:
1465 1852 1588 1893 cum
1636 1835 2019 1900 misericordia,
2049 1837 2168 1905 quia

589 1944 644 1992 et
670 1933 923 2004 patientia
953 1932 1047 1988 Dei
1092 1931 1156 1986 ad
1215 1929 1584 2001 paenitentiam
1631 1943 1727 1986 eos
1766 1928 2002 1984 adducit.
2034 1927 2170 1995 Quid

590 2028 734 2085 enim
788 2035 870 2082 est
903 2023 1300 2087 detestabilius,
1330 2033 1385 2078 et
1437 2021 1579 2092 quod
1635 2021 1804 2091 magis
1849 2019 2176 2075 thesaurizet

590 2119 725 2176 iram
771 2118 822 2172 in
870 2116 956 2171 die
1010 2114 1104 2169 ira:
1152 2121 1208 2169 et
1251 2111 1592 2170 revelationis
1643 2111 1774 2182 justi
1848 2110 2033 2179 judicii
2084 2110 2178 2165 Dei

593 2207 718 2280 (Id.
744 2223 803 2272 ιι,
819 2208 852 2262 4
879 2215 924 2260 et
951 2195 1030 2277 5),
1052 2218 1212 2274 quam
1229 2204 1298 2259 de
1313 2203 1453 2260 malo
1473 2202 1690 2258 alterius
1706 2201 1841 2256 mala
1861 2202 1876 2232 ι
1895 2199 2091 2256 diaboli
2108 2201 2181 2280 si-

595 2296 895 2356 militudine
949 2306 1109 2366 atque
1151 2294 1445 2349 imitatione
1510 2292 1719 2347 laetari?
1791 2290 2178 2360 Nonnunquam

594 2391 777 2454 etiam,
805 2405 926 2442 cum
951 2395 1095 2442 recte
1115 2386 1292 2440 omnia
1352 2399 1581 2454 vereque
1624 2382 1888 2447 dicantur,
1942 2389 2037 2436 aut
2072 2395 2179 2436 non

595 2482 922 2538 intellectum
941 2477 1162 2548 aliquid,
1189 2485 1281 2533 aut
1296 2485 1483 2532 contra
1518 2476 1824 2545 Opinionem
1853 2483 1910 2531 et
1955 2489 2182 2530 consue-

600 2573 837 2628 tudinem
864 2570 1058 2624 veteris
1085 2568 1286 2623 erroris
1337 2568 1451 2636 ipsa
1493 2566 1728 2621 novitate
1777 2581 2056 2635 asperum,
2093 2564 2180 2621 of-

599 2661 833 2716 fenditet
856 2658 1132 2729 perturbat
1185 2655 1509 2710 audientem.
1561 2654 1719 2723 Quod
1757 2657 1804 2710 si
1842 2655 2179 2723 apparuerit,

597 2749 997 2817 sanabilemque
1024 2763 1081 2802 sc
1108 2747 1340 2816 praebet,
1393 2746 1771 2800 auctoritatum
1809 2746 2182 2817 rationumque

599 2841 750 2910 copia
778 2840 893 2894 sine
915 2837 1018 2891 ulla
1044 2837 1300 2892 dilatione
1327 2835 1599 2892 sanandus
1617 2845 1717 2892 est.
1743 2835 1801 2892 Si
1824 2845 2002 2893 autem
2023 2840 2182 2894 tacita

599 2939 652 2986 et
675 2928 882 2985 occulta
914 2926 1136 2982 offensio
1159 2935 1259 2990 est,
1291 2926 1385 2982 Dei
1405 2924 1672 2981 medicina
1696 2925 1947 2996 opitulari
1983 2937 2178 2997 potest.

599 3021 670 3076 At
706 3020 750 3075 si
780 3018 1108 3083 resilucrit’,
1155 3021 1209 3073 et
1233 3018 1409 3072 curari
1461 3018 1839 3084 recusaverit,
1876 3019 2184 3076 consoletur

601 3127 701 3168 nos
724 3111 757 3167 d
774 3111 1048 3167 )minicum
1074 3109 1205 3166 illud
1231 3109 1536 3180 exemplum
1559 3149 1576 3176 ,
1629 3110 1717 3180 qui
1760 3109 1978 3168 offensis
2006 3111 2181 3169 homi-

599 3204 753 3258 nibus
775 3220 836 3257 cx
867 3201 1030 3256 verbo
1054 3217 1171 3265 suo,
1192 3209 1247 3256 et
1277 3210 1529 3272 tanquam
1559 3199 1750 3254 durum
1775 3200 2179 3272 refugientibus,

599 3297 762 3351 etiam
792 3293 857 3348 iis
884 3294 972 3364 qui
997 3302 1369 3348 remanserant
1393 3293 1488 3359 ait,
1523 3291 1785 3362 Numquid
1814 3302 1860 3346 et
1900 3310 1985 3348 vos
2035 3297 2183 3349 vultis

598 3387 672 3441 ire
697 3384 881 3457 (Joan.
914 3402 992 3448 vi,
1021 3384 1161 3454 68)?
1214 3383 1355 3438 Satis
1413 3383 1556 3438 enim
1591 3382 1756 3439 fixum
1801 3393 1959 3454 atque
1987 3387 2182 3441 immo-

602 3479 708 3534 bile
726 3477 885 3532 debet
921 3475 1084 3531 corde
1112 3475 1352 3539 retineri,
1385 3475 1685 3529 Jerusalem
1711 3476 1974 3545 captivam
1999 3483 2065 3531 ab
2086 3477 2184 3532 hu-

596 3568 686 3639 jus
717 3567 896 3624 saeculi
940 3567 1229 3638 Babylonia
1278 3566 1520 3622 decursis
1561 3566 1886 3636 temporibus
1935 3568 2180 3636 liberari,

602 3657 910 3728 nullumque
929 3673 994 3712 ex
1016 3656 1105 3710 illa
1127 3671 1248 3712 esse
1275 3657 1604 3727 periturum;
1647 3657 1771 3727 quia
1803 3658 1892 3728 qui
1927 3659 2146 3729 perierit
2165 3701 2180 3726 ,

603 3762 709 3802 non
727 3761 794 3802 ex
821 3746 907 3801 illa
933 3755 1067 3801 erat.
1097 3745 1331 3800 Firmum
1355 3747 1496 3801 enim
1525 3746 1910 3817 fundamentum
1943 3748 2035 3803 Dei
2061 3761 2180 3817 stat,

603 3838 788 3893 habens
815 3837 1132 3909 signaculum
1159 3838 1252 3892 hoc
1283 3854 1301 3893 :
1325 3839 1458 3892 novit
1489 3837 1735 3892 Dominus
1762 3840 1846 3909 qui
1886 3851 2002 3895 sunt
2029 3842 2183 3910 ejus;

602 3942 648 3986 et
677 3931 873 3986 recedat
902 3929 963 3984 ab
992 3931 1271 4002 iniquitate,
1301 3933 1464 3987 omnis
1488 3932 1574 4002 qui
1619 3933 1845 3986 nominat
1871 3950 2050 3988 nomen
2078 3933 2184 3987 Do-

602 4022 728 4075 mini
749 4022 829 4092 (ll
858 4021 991 4074 Tim.
1024 4037 1084 4087 ιι,
1127 4019 1238 4093 l9).
1273 4021 1377 4076 ista
1396 4021 1692 4094 cogitantes
1722 4064 1738 4090 ,
1783 4031 1838 4078 et
1876 4023 2186 4078 invocantes

606 4111 889 4164 Dominum
921 4111 971 4162 in
1000 4125 1092 4164 cor
1121 4121 1386 4176 nostrum,
1417 4112 1594 4176 minus
1621 4113 1926 4168 timebimus
1948 4114 2183 4169 incertos

551 4250 554 4251 ν
609 4201 788 4255 exitus
818 4200 1080 4254 sermonis
1101 4201 1267 4253 nostri
1291 4210 1504 4270 propter
1533 4202 1764 4273 incertos
1790 4213 1966 4258 motus
1986 4204 2186 4258 audito-

556 4273 562 4281 ’
608 4305 762 4354 rum;
807 4289 1192 4357 delectabitque
1218 4306 1316 4344 nos
1343 4291 1503 4343 etiam
1540 4292 1652 4361 ipsa
1708 4295 1983 4362 perpessio
2021 4295 2186 4349 mole—

611 4380 828 4434 stiarum
856 4393 953 4447 pro
981 4378 1311 4433 misericordi
1334 4394 1518 4450 opere,
1551 4381 1595 4435 si
1623 4397 1728 4436 non
1758 4383 1810 4437 in
1863 4399 1928 4438 eo
1949 4395 2185 4440 nostram

610 4470 832 4542 gloriam
873 4468 1223 4539 requiramus.
1255 4469 1402 4523 Tunc
1437 4469 1578 4525 enim
1629 4479 1710 4525 est
1761 4486 1886 4528 vere
1923 4489 2056 4544 opus
2088 4475 2185 4530 bo-

607 4561 1228 4630 num,cumacharitnte
1263 4562 1530 4633 iaculatur
1574 4565 1781 4634 agentis
1827 4566 2084 4634 intentio,
2133 4578 2189 4624 et

609 4664 856 4728 tanquam
879 4654 944 4710 ad
973 4655 1146 4710 locum
1170 4670 1325 4709 suum
1369 4655 1602 4724 rediens,
1636 4673 1821 4713 rursus
1850 4660 1899 4712 in
1927 4659 2186 4716 charitate

611 4746 914 4818 requiescit.
947 4746 1128 4801 Lectio
1157 4762 1284 4802 vero
1322 4762 1440 4817 quae
1468 4763 1566 4804 nos
1590 4748 1854 4818 delectat,
1886 4761 1978 4806 aut
2010 4753 2186 4824 aliqua

607 4839 807 4894 auditio
822 4839 1057 4894 melioris
1078 4839 1296 4908 eloquii,
1325 4848 1384 4893 ut
1425 4855 1544 4894 eam
1595 4842 1887 4910 promendo
1907 4885 1921 4910 ,
1951 4845 2186 4901 sermoni

607 4940 791 4986 nostro
813 4944 1126 5002 prmponere
1147 4930 1407 4996 volentes,
1435 4945 1555 4985 cum
1579 4933 1787 5004 pigritia
1810 4934 1892 4988 vel
1921 4935 2077 4990 taedio
2103 4937 2185 4994 lo-

608 5037 852 5091 quamur,
884 5021 1172 5076 alacriores
1202 5035 1298 5074 nos
1327 5021 1596 5091 suscipiet,
1627 5021 2018 5094 jucundiorque
2044 5041 2185 5094 prae-

606 5109 832 5165 stabitur
849 5120 967 5180 post
986 5111 1243 5177 laborem;
1262 5120 1315 5166 et
1339 5111 1540 5182 majore
1568 5111 1754 5170 fiducia
1785 5113 2188 5184 deprecabimur

608 5210 667 5258 ut
690 5201 934 5272 loquatur
963 5204 1115 5258 nobis
1139 5204 1276 5259 Deus
1306 5205 1572 5275 quomodo
1601 5206 1843 5262 volumus
1869 5250 1884 5275 ,
1927 5209 1970 5264 si
2011 5211 2183 5267 susci-

609 5296 817 5368 piamus
842 5294 1077 5350 hilariter
1099 5306 1153 5350 ut
1175 5297 1421 5367 loquatur
1449 5313 1542 5369 per
1570 5316 1666 5356 nos
1686 5302 1953 5371 quomodo
1995 5318 2184 5373 possu-

613 5402 732 5442 mus
764 5405 777 5441 :
807 5387 876 5441 ita
901 5387 958 5440 lit
987 5395 1044 5440 ut
1072 5386 1411 5457 diligentibus
1436 5391 1603 5446 Deum
1645 5395 1823 5448 omnia
1868 5407 2188 5454 concurrant

609 5477 664 5534 in
690 5477 887 5534 bonum
914 5477 1086 5549 (Rom.
1121 5477 1231 5542 vm,
1261 5478 1384 5549 28).

683 5569 908 5626 CAPUT
935 5569 1152 5625 Xll.—l
1163 5570 1216 5624 7.
1240 5570 1536 5627 Remedium
1565 5585 1739 5630 contra
1762 5579 1960 5632 tertiam
1980 5595 2186 5636 causam

674 5727 692 5757 ³
726 5726 857 5786 ltain
881 5733 988 5775 Mss.
1011 5733 1064 5786 At
1087 5728 1134 5776 in
1160 5726 1320 5786 editis,
1344 5739 1494 5777 mera.

677 5787 698 5816 ⁸
730 5785 848 5834 Editi
862 5821 876 5844 ,
895 5785 1133 5837 resilierit.
1157 5785 1516 5842 Praestantiores
1532 5797 1660 5852 Mss,
1680 5791 1936 5846 rcsituerit.

1458 344 1548 400 DE
1585 339 2128 400 CATECHIZANDIS
2165 337 2477 408 BUDIBUS,
2519 342 2578 399 S.
2619 339 2986 398 AUGUSTINI

3753 343 3856 404 324

2278 459 2434 510 (tedii.
2491 458 2609 514 Jam
2653 474 2780 513 vero
2811 460 2854 512 si
2884 459 3075 514 usitata
3125 467 3181 514 et
3232 459 3463 529 parvulis
3507 464 3855 534 congruentia

2272 564 2416 619 smpe
2441 561 2685 622 repetere
2731 551 3062 619 fastidimus;
3121 568 3479 624 congruamus
3506 557 3585 610 eis
3611 571 3707 626 per
3734 556 3880 617 fra-i

2277 652 2509 709 ternum,
2531 653 2841 714 paternum,
2873 657 3279 718 maternumque
3322 662 3578 714 amorem,
3611 654 3668 704 et
3691 665 3854 719 copu-

2275 737 2394 790 latis
2413 738 2559 791 cordi
2586 754 2771 793 eorum
2796 741 2959 795 etiam
2984 741 3139 796 nobis
3167 755 3302 796 nova
3342 742 3679 797 videbuntur.
3707 743 3851 798 Tan-

2277 838 2386 883 tum
2417 831 2559 885 enim
2585 833 2724 888 valet
2747 835 2908 889 animi
2935 835 3310 902 eompatientis
3329 835 3550 891 affectus
3573 877 3588 902 ,
3637 845 3696 890 ut
3732 851 3854 890 cum

2277 923 2353 978 illi
2381 923 2687 979 afficiuntur
2713 927 2865 981 nobis
2901 929 3254 998 loquentibus,
3276 937 3330 984 et
3351 943 3447 984 nos
3477 929 3582 982 illis
3606 927 3857 984 discenti-

2279 1015 2398 1082 bus,
2421 1017 2717 1071 habitemns
2744 1020 2794 1071 in
2827 1018 3080 1084 invicem;
3113 1027 3271 1089 atque
3296 1021 3364 1074 ita
3394 1027 3448 1074 et
3479 1020 3552 1073 illi
3600 1035 3721 1090 quae
3755 1034 3855 1072 au-

2277 1108 2424 1162 diunt
2454 1110 2605 1178 quasi
2633 1111 2915 1178 loquantur
2946 1111 2997 1164 in
3024 1112 3195 1176 nobis,
3217 1118 3274 1166 et
3300 1125 3399 1166 nos
3451 1112 3504 1165 in
3548 1111 3651 1164 illis
3681 1110 3858 1165 disca-

2279 1214 2397 1253 mus
2413 1199 2642 1268 quodam
2667 1200 2826 1254 modo
2851 1217 2967 1269 qua:
2984 1202 3254 1256 docemus.
3273 1201 3461 1257 Nonne
3489 1201 3729 1256 accidere
3751 1201 3852 1256 hoc

2277 1289 2434 1354 solet,
2457 1305 2578 1344 cum
2603 1291 2717 1346 loca
2735 1291 2976 1359 quaedam
2993 1295 3165 1363 ampla
3191 1301 3247 1348 et
3268 1292 3510 1362 pulchra,
3535 1293 3617 1348 vel
3647 1293 3858 1349 urbium

2281 1380 2364 1434 vel
2377 1393 2646 1450 agrorum,
2661 1397 2780 1449 qua:
2796 1382 2905 1450 jam
2925 1397 3021 1436 nos
3033 1397 3177 1452 saepe
3191 1383 3420 1438 videndo
3449 1385 3563 1438 sine
3578 1384 3750 1454 aliqua
3761 1401 3858 1440 vo-

2282 1471 2480 1540 luptate
2507 1474 2929 1541 praeteribamus,
2959 1474 3288 1528 ostendimus
3315 1475 3394 1528 eis
3421 1475 3511 1544 qui
3535 1483 3690 1530 antea
3724 1490 3862 1530 nun-

2278 1578 2438 1632 quam
2468 1564 2730 1627 viderant,
2759 1573 2815 1618 ut
2847 1575 3025 1619 nostra
3047 1554 3332 1621 delectatio
3355 1568 3406 1620 in
3433 1582 3624 1622 eorum
3655 1567 3864 1622 novita-

2282 1658 2402 1711 tatis
2426 1641 2780 1712 delectalionc
2810 1659 3131 1712 renovetur?
3173 1658 3244 1712 Et
3269 1668 3415 1713 tanto
3442 1661 3631 1729 magis,
3663 1669 3862 1730 quanto

2233 1793 2252 1804 α
2280 1760 2408 1804 sunt
2432 1750 2747 1813 anticiores;
2777 1749 2899 1818 quia
2927 1764 3022 1819 per
3058 1751 3258 1805 amoris
3315 1751 3585 1806 vinculum
3610 1752 3664 1805 in
3693 1766 3864 1822 quan-

2284 1851 2392 1895 tum
2413 1843 2464 1896 in
2483 1842 2587 1897 illis
2607 1857 2811 1907 sumus,
2841 1844 2893 1897 in
2918 1852 3122 1898 tantum
3153 1853 3209 1898 et
3237 1844 3390 1898 nobis
3421 1859 3553 1898 nova
3590 1844 3724 1898 fiunt
3745 1861 3865 1915 qum

2284 1944 2462 1990 vetera
2495 1937 2721 1989 fuerunt.
2747 1935 2851 1989 Sed
2884 1935 2928 1988 si
2977 1935 3029 1988 in
3077 1935 3238 1989 rebus
3293 1934 3725 2004 contemplandis
3764 1936 3867 1990 ali-

2282 2038 2535 2098 quantum
2555 2029 2900 2098 profecimus,
2936 2043 3040 2083 non
3065 2028 3310 2082 volumus
3329 2041 3424 2081 eos
3439 2041 3575 2096 quos
3593 2026 3867 2097 diligimus

2283 2120 2452 2174 laetari
2481 2129 2534 2173 et
2557 2128 2790 2187 stupere,
2820 2133 2940 2173 cum
2978 2119 3248 2173 intuentur
3275 2133 3439 2187 opera
3484 2133 3735 2172 manuum
3762 2117 3866 2172 ho-

2286 2215 2521 2281 minum;
2548 2216 2641 2269 sed
2668 2216 2910 2270 volumus
2935 2231 3028 2270 eos
3047 2217 3098 2270 in
3118 2217 3287 2287 ipsam
3310 2227 3477 2272 artem
3502 2219 3517 2248 ¹
3550 2205 3876 2273 consilium?

2287 2321 2352 2360 ve
2379 2306 2698 2361 institutoris
2734 2308 2999 2373 attollere,
3031 2317 3189 2377 atque
3217 2308 3340 2363 inde
3376 2323 3660 2378 exsurgere
3687 2309 3738 2362 in
3769 2308 3870 2364 ad-

2286 2399 2622 2455 mirationem
2660 2400 2977 2469 landemque
3007 2403 3382 2467 omnicreantis
3413 2403 3526 2467 Dei,
3555 2402 3643 2458 ubi
3671 2405 3871 2459 amoris

2288 2489 2738 2546 fructuosissimus
2767 2492 2886 2546 finis
2904 2502 3014 2546 est:
3039 2502 3238 2562 quanto
3265 2508 3395 2564 ergo
3423 2495 3588 2564 magis
3607 2494 3868 2549 delectari

2287 2596 2386 2636 nos
2410 2593 2640 2651 oportet,
2667 2598 2787 2638 cum
2812 2585 2984 2653 ipsum
3016 2585 3182 2639 Deum
3215 2585 3326 2654 jam
3366 2585 3575 2640 discere
3628 2585 3873 2642 homines

2288 2676 2567 2742 accedunt,
2602 2685 2818 2747 promer
2873 2692 3030 2746 quem
3058 2677 3310 2732 discenda
3359 2686 3484 2733 sunt
3520 2693 3874 2748 quacumque

2286 2767 2537 2822 discenda
2568 2777 2719 2832 sunt;
2751 2777 2805 2822 et
2835 2769 2888 2822 in
2917 2783 3102 2823 eorum
3144 2770 3376 2825 novitate
3420 2770 3683 2838 innovari,
3718 2781 3774 2824 ut
3824 2771 3871 2826 si

2287 2858 2527 2930 frigidior
2555 2869 2637 2915 est
2663 2861 2817 2914 solita
2848 2863 2869 2893 ⁸
2897 2872 3079 2915 nostra
3145 2861 3473 2931 praedicatio,
3505 2863 3716 2917 insolita
3775 2877 3872 2918 eo-

2287 2967 2405 3007 rum
2429 2952 2700 3008 auditionc
2728 2952 3026 3008 fervescat?
3057 2954 3169 3010 lluc
3194 2955 3401 3010 accedit
3447 2955 3512 3011 ad
3551 2970 3871 3023 comparan-

2288 3045 2411 3100 dam
2444 3047 2704 3112 laatitiam,
2728 3048 2868 3117 quod
2920 3051 3214 3118 cegitamus
3243 3059 3296 3104 et
3319 3051 3722 3106 consideramus
3743 3092 3758 3117 ,
3801 3052 3874 3108 de

2289 3152 2390 3206 qua
2415 3139 2614 3194 erroris
2640 3148 2813 3194 morte
2839 3140 2892 3193 in
2922 3141 3084 3194 vitam
3109 3139 3229 3195 fidei
3257 3150 3491 3196 transeat
3512 3142 3692 3198 homo.
3727 3143 3798 3197 Et
3825 3144 3873 3199 si

2288 3227 2433 3282 vicos
2456 3229 2826 3284 usitatissimos
2844 3245 2964 3285 cum
2994 3231 3229 3285 benefica
3259 3231 3524 3286 hilaritate
3542 3233 3829 3288 transimus
3855 3275 3872 3302 ,

2290 3319 2504 3386 quando
2528 3319 2687 3374 alicui
2720 3320 2857 3374 forte
2886 3321 2978 3389 qui
3001 3321 3230 3376 errando
3257 3321 3609 3389 laboraverat,
3641 3323 3874 3380 demon-

2289 3419 2518 3466 stramus
2548 3412 2684 3466 viam
2715 3428 2727 3463 :
2756 3419 2954 3480 quanto
2978 3411 3206 3466 alacrius
3231 3421 3288 3466 et
3311 3426 3433 3467 cum
3458 3414 3652 3483 gaudio
3702 3416 3878 3486 majo-

2291 3516 2350 3555 re
2379 3502 2431 3554 in
2449 3501 2686 3556 doctrina
2704 3501 2944 3570 salutari,
2974 3502 3135 3557 etiam
3166 3502 3258 3558 illa
3285 3519 3405 3572 quas
3426 3513 3644 3574 propter
3668 3520 3766 3561 nos
3791 3523 3878 3562 re-

2292 3599 2470 3647 texere
2507 3610 2610 3648 non
2660 3609 2794 3662 opus
2843 3603 2946 3659 est,
2981 3594 3354 3664 perambulare
3407 3596 3698 3662 debemus;
3748 3614 3877 3656 cum

2291 3684 2526 3738 animam
2574 3685 2934 3740 miserandam
2958 3696 3013 3742 et
3057 3687 3332 3742 erroribus
3383 3689 3562 3744 saeculi
3605 3689 3876 3760 fatigatam

2297 3789 2387 3843 per
2417 3776 2602 3829 itinera
2635 3777 2798 3844 pacis,
2827 3777 2942 3845 ipso
2967 3778 3056 3846 qui
3086 3777 3242 3833 nobis
3293 3795 3412 3834 eam
3440 3780 3462 3811 ³
3492 3783 3733 3851 praestitit
3782 3783 3876 3853 ju-

2289 3867 2448 3922 bente
2465 3867 2506 3931 ³,
2525 3868 2870 3924 deducimus?

2362 3958 2586 4014 CAPUT
2603 3959 2669 4013 XI
2680 3959 2816 4014 ll.——
2829 3961 2852 4014 1
2863 3960 2916 4016 8.
2930 3959 3414 4018 Remediumcontra
3424 3972 3656 4035 quartam
3668 3980 3879 4020 causam

2292 4051 2504 4121 fastidii.
2538 4051 2754 4105 Auditor
2780 4055 2853 4107 vel
2876 4053 3129 4109 audiendo
3153 4054 3231 4110 vel
3257 4057 3438 4110 stando
3459 4057 3721 4128 fatigatus,
3749 4074 3880 4125 quo-

2295 4146 2442 4198 modo
2471 4146 2790 4201 recreandas.
2826 4146 2961 4202 Usus
2986 4149 3230 4202 audiendi
3258 4151 3462 4203 uerbum
3493 4151 3588 4205 Dei
3629 4150 3876 4218 sedendo,

2293 4240 2345 4290 in
2365 4240 2662 4306 quibusdam
2717 4239 2959 4295 Ecclesiis
2988 4251 3235 4312 receptus.
3280 4243 3386 4299 Sed
3430 4258 3614 4298 revera
3642 4244 3876 4302 multum

2292 4337 2374 4382 cst
2404 4330 2694 4397 perdurare
2719 4332 2770 4385 in
2793 4333 3058 4401 loquendo
3116 4349 3284 4404 usque
3310 4335 3376 4390 ad
3403 4336 3684 4390 terminum
3736 4352 3882 4406 prte-

2293 4420 2557 4486 stitutnm,
2586 4435 2706 4475 cum
2730 4424 2931 4480 moveri
2963 4441 3065 4480 non
3107 4424 3348 4480 videmus
3372 4425 3698 4491 audientem;
3727 4429 3878 4497 quod

2295 4512 2406 4565 sive
2434 4526 2539 4566 non
2571 4512 2798 4577 audeat,
2822 4514 3096 4584 religionis
3127 4517 3316 4572 timore
3351 4517 3669 4571 constrictus
3693 4558 3709 4583 ,
3742 4535 3879 4576 voce

2293 4613 2383 4656 aut
2407 4603 2587 4673 aliquo
2616 4616 2766 4659 motu
2791 4607 3036 4676 corporis
3084 4607 3389 4676 significare
3431 4609 3879 4678 approbationem

2293 4709 2462 4758 suam,
2495 4695 2607 4752 sive
2635 4695 2864 4752 humana
2903 4699 3221 4754 verecundia
3246 4700 3605 4769 reprimatnr;
3633 4707 3745 4758 sive
3791 4704 3880 4758 di-

2292 4794 2375 4840 cta
2407 4802 2512 4841 non
2558 4788 2852 4857 intelligat,
2879 4790 2995 4846 sive
3051 4801 3394 4847 contemnat:
3445 4793 3877 4865 quandoquidem

2293 4879 2446 4935 nobis
2501 4896 2604 4935 non
2635 4883 2978 4940 cernentibus
3023 4885 3266 4941 animum
3313 4886 3430 4956 ejus
3461 4887 3720 4943 incertum
3756 4899 3878 4957 est,

2291 4972 2468 5028 omnia
2496 4987 2746 5030 sermone
2777 4977 3024 5032 tentanda
3066 4989 3213 5044 sunt,
3247 4994 3369 5048 quae
3395 4980 3462 5034 ad
3489 4995 3611 5035 eum
3639 4981 3882 5036 excitan-

2292 5063 2418 5118 dum
2440 5071 2494 5119 et
2523 5074 2770 5134 tanquam
2790 5066 2858 5122 de
2877 5068 3096 5125 latebris
3119 5071 3415 5125 eruendum
3442 5071 3646 5138 possint
3673 5073 3875 5130 valere.

2291 5155 2422 5210 Nam
2452 5166 2505 5212 et
2529 5157 2687 5214 timor
2719 5160 2915 5216 nimius
2935 5170 3097 5230 atque
3127 5160 3426 5228 impediens
3455 5161 3879 5222 declarationem

2288 5247 2471 5316 judicii
2497 5249 2633 5318 ejus,
2665 5250 2855 5306 blanda
2902 5249 3275 5305 exhortatione
3333 5250 3613 5318 pellendus
3659 5263 3778 5322 est,
3823 5265 3882 5312 et

2294 5339 2611 5396 insinuando
2640 5341 2924 5398 fraternam
2952 5342 3262 5397 societatem
3291 5343 3610 5398 verecundia
3670 5356 3881 5417 tempe-

2293 5431 2479 5498 randa,
2510 5441 2563 5486 et
2585 5433 2995 5502 interrogatione
3020 5431 3366 5500 quaerendum
3390 5443 3564 5488 utrum
3589 5435 3874 5507 intelligat,

2295 5532 2350 5580 et
2390 5523 2562 5579 danda
2595 5525 2801 5587 fiducia,
2832 5533 2892 5578 ut
2916 5525 2963 5579 si
2987 5525 3112 5595 quid
3142 5526 3192 5580 ei
3216 5527 3689 5584 contradicendum
3720 5531 3878 5587 vide-

2357 5681 2375 5750 ξ
2410 5679 2741 5750 Editi,arcem:
2771 5680 3080 5750 Aptiusalssq
3113 5689 3287 5733 artem.

2356 5743 2376 5805 ξ
2409 5743 2601 5805 ςίρᾼηι.
2630 5739 2917 5805 etpleriqnc
3068 5739 3128 5794 At
3149 5751 3222 5794 Π.
3251 5753 3303 5796 et
3321 5752 3451 5805 Lov.,
3474 5743 3624 5798 solito.

2361 5804 2380 5834 ³
2412 5801 2571 5850 Codex
2592 5803 2916 5864 corbeietisis,
2939 5817 2997 5855 ea
3019 5829 3039 5855 ε
