4124 6206
265 354 354 418 ω
1668 320 1872 381 LIBER
1907 319 2104 377 unus.

269 477 354 536 tur,
381 463 553 523 libere
574 460 836 537 proferat.
861 453 1218 529 Qumrcndum
1242 464 1402 506 etiam
1426 445 1493 503 de
1528 444 1617 499 illo
1644 452 1822 496 utrum

268 560 364 616 hac
389 554 677 628 aliquando
691 553 803 620 jam
818 547 1067 612 audierit,
1086 553 1141 599 et
1169 540 1409 597 fortassis
1432 552 1552 592 eum
1577 544 1827 602 tanquam

268 659 373 708 nota
400 658 452 704 et
467 625 775 718 pervulgata
805 656 911 696 non
942 644 1211 701 moveant;
1230 643 1285 687 et
1308 630 1570 703 agendum
1598 642 1696 698 pro
1716 625 1835 694 ejus

269 742 693 813 responsione,_ut
742 741 835 789 aut
861 731 1067 803 planius
1113 735 1169 784 et
1216 724 1499 780 enodatius
1527 722 1831 789 loquamur,

269 842 343 889 aut
368 810 672 902 opinionem
700 823 1021 883 contrariam
1045 817 1374 879 refellamus,
1401 822 1494 868 aut
1519 826 1582 866 ea
1610 824 1728 881 quae
1749 806 1833 863 illi

269 932 379 979 nota
401 928 526 976 sunt
557 933 661 973 non
689 915 1020 987 explicemus
1043 909 1220 972 latius,
1261 904 1358 962 sed
1400 903 1635 959 breviter
1684 913 1838 953 com-

271 1015 533 1086 plicemus,
572 1008 938 1079 eligamusque
962 1001 1137 1073 aliqua
1182 1014 1253 1054 ex
1307 996 1392 1051 his
1445 1008 1564 1065 quae
1615 990 1840 1063 mystice

270 1084 550 1159 dicta—sunt
574 1101 626 1155 in
653 1096 852 1153 sanctis
897 1092 1089 1157 Libris,
1138 1100 1192 1145 et
1234 1087 1465 1143 maxime
1495 1084 1547 1139 in
1574 1085 1685 1153 ipsa
1719 1097 1845 1136 nar-

271 1194 486 1256 ratione,
508 1204 628 1261 qua:
647 1184 937 1258 aperiendo
982 1190 1036 1238 et
1090 1177 1381 1236 revelaudo
1426 1182 1613 1231 noster
1665 1186 1843 1228 sermo

270 1282 549 1338 dulcescat.
578 1276 732 1345 Quod
759 1276 804 1329 si
834 1272 990 1328 nimis
1018 1269 1199 1325 tardus
1235 1276 1338 1333 est,
1388 1274 1442 1321 et
1479 1264 1548 1319 ab
1572 1262 1718 1319 omni
1750 1261 1843 1315 tali

280 1371 536 1427 suavitate
586 1363 850 1421 absurdus
887 1372 941 1419 et
987 1373 1223 1424 aversus,
1256 1353 1674 1412 misericorditer
1695 1349 1846 1405 suffe-

271 1461 459 1518 rendus
483 1468 587 1525 est,
618 1454 959 1525 breviterque
978 1450 1219 1507 decursis
1248 1446 1483 1513 ezrteris,
1513 1460 1575 1500 ea
1597 1458 1715 1514 quae
1735 1457 1850 1496 ma-

272 1554 409 1608 xime
434 1548 738 1605 necessaria
768 1554 914 1613 sunt,
942 1542 1007 1598 de
1033 1542 1237 1597 unitate
1257 1537 1546 1594 Catholica:
1570 1536 1612 1601 ί,
1631 1533 1698 1589 de
1736 1542 1852 1587 ten-

275 1645 577 1708 tationibus,
608 1641 675 1697 de
704 1639 993 1694 christiana
1020 1632 1439 1692 conversatione
1459 1637 1678 1700 propter
1706 1625 1849 1679 futu-

272 1750 386 1791 rum
398 1734 655 1806 judicium
678 1728 989 1786 terribiliter
1027 1722 1337 1780 inculcanda
1382 1726 1508 1775 sunt
1534 1760 1550 1785 ,
1578 1717 1854 1788 magisque

274 1843 371 1901 pro
400 1827 490 1883 illo
518 1825 587 1881 ad
613 1825 802 1890 Deum,
834 1835 991 1893 quam
1019 1818 1092 1873 illi
1121 1817 1187 1872 de
1213 1817 1322 1870 Deo
1356 1811 1523 1901 multa
1553 1809 1800 1867 dicenda.

346 1919 431 1976 19.
455 1917 610 1988 Smpe
628 1915 788 1970 etiam
811 1912 870 1967 fit
890 1919 946 1965 ut
970 1909 1059 1980 qui
1088 1908 1257 1979 primo
1293 1897 1527 1961 libbnter
1581 1898 1851 1966 audiebat,

275 2007 635 2066 velandiendo
653 2004 740 2061 vel
763 2003 952 2059 stando
970 2000 1235 2071 fatigatus,
1253 1996 1480 2064 nonjam
1503 1992 1744 2057 laudans,
1760 1988 1856 2044 sed

277 2101 508 2158 oscitans
525 2097 665 2153 labia
689 2094 923 2160 diducat,
951 2100 1006 2147 et
1031 2105 1090 2146 se
1115 2088 1263 2143 abire
1287 2085 1426 2141 velle
1466 2084 1627 2140 etiam
1659 2081 1858 2135 invitus

278 2191 542 2251 ostendat.
569 2188 721 2257 Quod
746 2186 831 2240 ubi
859 2182 1209 2246 senserimus,
1237 2187 1325 2233 aut
1356 2189 1618 2232 renovare
1644 2179 1858 2244 oportet

279 2285 396 2356 ejus
415 2282 675 2344 animum,
698 2275 927 2334 dicendo
952 2271 1148 2344 aliquid
1172 2270 1393 2323 honesta
1433 2264 1703 2320 hilaritate
1727 2277 1859 2317 con-

282 2353 445 2432 ditum
465 2381 521 2428 et
539 2379 720 2442 aptum
746 2367 823 2423 rei
851 2380 970 2437 quae
997 2364 1184 2434 agitur,
1219 2360 1303 2414 vel
1341 2355 1545 2428 aliquid
1585 2353 1737 2409 valde
1771 2353 1863 2407 mi-

282 2464 504 2522 randum
530 2470 586 2518 et
612 2457 966 2530 stupendum,
1020 2454 1103 2509 vel
1150 2451 1309 2507 etiam
1348 2447 1642 2505 dolendum
1701 2451 1863 2515 atque

286 2552 670 2627 plangendum;
701 2547 945 2617 etmagis
970 2545 1036 2600 de
1057 2545 1173 2615 ipso
1191 2583 1206 2608 ,
1235 2551 1293 2597 ut
1319 2539 1534 2611 propria
1567 2552 1695 2594 cura
1724 2551 1862 2607 pun-

285 2657 400 2704 ctus
422 2644 658 2715 evigilet;
686 2639 829 2712 quod
857 2646 1035 2693 tamen
1061 2649 1169 2691 non
1189 2630 1428 2688 offendat
1454 2631 1570 2700 ejus
1613 2641 1883 2685 verecun-.

287 2741 427 2796 diam
449 2737 739 2807 asperitate
767 2734 965 2802 aliqua,
1002 2727 1097 2785 sed
1126 2727 1305 2798 potius
1327 2722 1690 2779 familiaritate
1737 2734 1867 2776 con-

287 2834 429 2890 ciliet
458 2847 474 2897 ;
500 2839 594 2887 aut
636 2827 812 2883 oblata
857 2824 1142 2881 sessione'I
1166 2831 1478 2875 succurrere
1506 2833 1521 2883 ;
1565 2827 1868 2885 quanquam

290 2926 407 2981 sine
419 2918 758 2979 dubitatione
783 2915 975 2974 melius
999 2913 1111 2978 ﬁat,
1131 2910 1219 2966 ubi
1248 2907 1504 2964 decenter
1529 2905 1642 2960 fieri
1666 2910 1866 2974 potest,

292 3027 390 3073 uta
412 3014 677 3088 principio
702 3011 897 3067 sedens
925 3007 1124 3073 audiat;
1167 3005 1435 3074 longeque
1477 2998 1771 3055 consultius
1815 2996 1871 3050 in

293 3107 610 3180 quibusdam
636 3102 894 3159 Ecclesiis
923 3096 1291 3155 transmarinis
1322 3108 1426 3149 non
1458 3092 1630 3148 solum
1660 3089 1871 3145 antisti-

296 3178 644 3256 tessedentes
670 3195 959 3262 loquuntur
987 3188 1052 3244 ad
1080 3185 1359 3258 pupulum,
1408 3181 1504 3239 sed
1558 3181 1658 3251 ipsi
1712 3178 1873 3234 etiam

293 3290 490 3363 popqu
518 3285 707 3342 sedilia
738 3283 1038 3352 subiacent,
1062 3294 1129 3333 ne
1148 3277 1427 3349 quisquam
1454 3270 1717 3328 infirmior
1729 3278 1875 3327 stan-

297 3381 367 3437 do
391 3381 623 3435 lassatus
647 3390 677 3428 a
705 3372 1054 3429 saluberrima
1102 3366 1401 3423 intentione
1441 3369 1735 3428 avertatur,
1786 3366 1878 3414 aut

296 3472 458 3528 etiam
478 3475 702 3539 cogatur
716 3462 1023 3521 abscedere.
1053 3460 1122 3515 Et
1150 3467 1326 3513 tamen
1357 3454 1581 3510 multum
1634 3453 1873 3516 interest,

299 3562 343 3616 si
366 3576 425 3616 se
448 3559 733 3629 quisquam
782 3554 851 3608 de
879 3565 1066 3622 magna
1103 3544 1436 3603 multitudine
1488 3542 1766 3599 subtrahat
1811 3540 1878 3595 ad

305 3648 635 3723 reparandas
665 3648 838 3711 vires,
859 3643 949 3713 qui
976 3639 1085 3712 jam
1140 3643 1590 3693 sacramentorum
1627 3632 1881 3688 societate

300 3721 783 3803 deiinctuscstnt
803 3734 847 3788 si
870 3733 963 3788 ille
982 3729 1220 3786 discedat
1244 3725 1407 3801 (quod
1446 3725 1758 3795 plerumque
1799 3721 1882 3777 in-

299 3831 626 3890 evitabiliter
652 3835 892 3898 urgetur,
929 3839 996 3880 ne
1022 3823 1275 3879 interiore
1296 3820 1502 3876 defectu
1526 3818 1695 3874 victus
1718 3818 1879 3871 etiam

299 3923 475 3997 cadat)
505 3922 595 3992 qui
625 3919 809 3992 primis
836 3914 1187 3971 sacramentis
1213 3910 1535 3968 imbuendus
1562 3916 1679 3963 est:
1713 3916 1764 3963 et
1787 3922 1882 3977 pu-

300 4015 432 4070 dore
452 4014 595 4068 enim
626 4026 733 4066 non
752 4008 883 4064 dicit
901 4021 997 4063 cur
1029 4013 1134 4069 eat,
1155 4015 1206 4059 et
1232 4001 1592 4058 imbecillitate
1614 4008 1755 4054 stare
1779 4012 1886 4052 non

303 4107 522 4161 sinitur.
558 4104 819 4173 Expertus
843 4103 957 4155 haec
987 4099 1142 4154 dico:
1171 4111 1293 4151 nam
1322 4095 1445 4150 fecit
1486 4093 1588 4148 hoc
1628 4091 1839 4162 quidam
1866 4132 1881 4157 ,

304 4211 429 4251 eum
452 4209 574 4250 eum
598 4193 1000 4255 eatechizarem,
1030 4189 1190 4243 homo
1208 4186 1511 4242 rusticanus
1537 4226 1551 4251 ,
1593 4181 1734 4238 unde
1785 4195 1890 4236 ma-

307 4302 547 4360 gnOpere
586 4285 990 4358 praecavendum
1043 4297 1165 4338 esse
1189 4281 1367 4336 didici.
1401 4278 1530 4348 Quis
1569 4276 1710 4333 enim
1757 4273 1891 4331 ferat

309 4379 666 4450 arrogantiam
692 4388 931 4433 nostram
951 4416 967 4442 ,
1022 4389 1143 4429 cum
1184 4374 1329 4425 viros
1349 4372 1371 4401 ³
1400 4370 1593 4423 fratres
1642 4375 1851 4421 nostros
1873 4407 1888 4434 ,

311 4470 395 4525 vel
423 4470 585 4525 etiam
602 4468 747 4539 quod
774 4467 979 4536 majore
994 4462 1351 4519 sollicitudine
1377 4459 1671 4515 curandum
1702 4465 1805 4524 est,
1837 4465 1895 4511 ut

312 4563 421 4618 sint
447 4562 638 4616 fratres
664 4559 855 4625 nostri,
890 4572 1073 4614 coram
1091 4556 1247 4611 nobis
1271 4554 1462 4609 sedere
1486 4566 1592 4608 nou
1626 4551 1849 4606 facimus
1876 4565 1891 4614 ;

312 4655 556 4724 etipsum
579 4653 860 4709 Dominum
903 4658 1180 4712 nostrum,
1217 4647 1300 4700 cui
1348 4646 1604 4699 assistunt
1660 4641 1846 4711 Augeli
1876 4682 1892 4708 ,

313 4744 505 4811 sedens
533 4742 726 4799 mulier
744 4737 1180 4809 audiebat(Luc.
1227 4752 1300 4801 ι,
1349 4735 1474 4805 59)?
1522 4734 1663 4788 Sane
1715 4734 1760 4786 si
1807 4739 1899 4786 aut

314 4836 491 4891 brevis
514 4850 693 4891 sermo
715 4832 924 4888 futurus
957 4839 1061 4896 est,
1083 4838 1174 4884 aut
1196 4827 1470 4883 consessui
1501 4826 1651 4879 locus
1673 4837 1778 4877 nou
1818 4830 1900 4877 est

316 4939 489 4999 aptus,
518 4936 724 4984 stantes
741 4926 991 4990 audiant;
1034 4923 1129 4979 sed
1178 4937 1299 4975 cum
1353 4920 1504 4975 multi
1556 4917 1815 4980 audiunt,
1846 4925 1902 4971 et

321 5036 424 5075 non
450 5031 577 5076 tunc
600 5016 843 5074 initiandi
868 5016 910 5071 ".
931 5014 1063 5071 Nam
1104 5028 1227 5069 cum
1272 5027 1410 5065 unus
1441 5053 1455 5073 ,
1498 5020 1587 5064 aut
1634 5011 1742 5063 duo
1766 5052 1779 5073 ,
1811 5019 1902 5063 aut

323 5112 497 5182 pauci,
526 5110 620 5181 qui
638 5119 925 5180 propterea
950 5113 1216 5163 venerunt
1245 5110 1304 5157 ut
1316 5101 1593 5157 christiani
1644 5102 1792 5165 ﬁant,
1819 5115 1903 5169 pe-

323 5202 555 5257 riculose
580 5200 847 5271 loquimur
872 5198 1154 5253 stantibus.
1185 5193 1387 5248 Tamen
1430 5191 1475 5246 si
1498 5192 1607 5260 jam
1647 5191 1725 5245 sic
1748 5191 1903 5259 ccepi-

324 5309 466 5358 mus,
495 5293 689 5348 saltem
719 5290 1090 5345 animadverso
1134 5284 1395 5341 auditoris
1444 5282 1637 5347 taedio,
1688 5290 1740 5335 et
1783 5280 1906 5338 offe-

326 5384 484 5439 renda
503 5384 676 5439 sessio
689 5391 793 5448 est,
818 5382 926 5436 imo
944 5395 1073 5435 vero
1089 5390 1308 5449 prorsus
1327 5373 1595 5445 urgendus
1618 5381 1676 5427 ut
1698 5371 1902 5440 sedeat,

392 5520 409 5549 ⁸
441 5526 575 5579 Lov.,
618 5513 882 5579 Catholica!
916 5512 1051 5579 ﬁdei.
1071 5513 1188 5579 aditi
1213 5508 1444 5579 vero_al_ii
1469 5517 1520 5579 et
1538 5509 1763 5579 plerique
1798 5514 1905 5560 Mss.

321 5591 422 5642 non
443 5571 648 5639 habe'm.
677 5576 832 5642 ﬁdei;
857 5571 943 5640 prb
958 5589 1057 5642 qua
1071 5574 1317 5642 subaudiri
1331 5572 1511 5642 debet.
1543 5571 1783 5642 ’ἕωιθείεεο

390 5640 413 5704 ξ
444 5642 573 5704 Apud
594 5633 705 5704 ωδ.
727 5633 933 5698 additur,
943 5633 1150 5688 studeat.
1169 5635 1261 5685 Sed
1282 5633 1684 5694 subaudiendum,
1707 5638 1907 5694 oportet.

391 5703 414 5735 ³
443 5702 663 5754 mulli
684 5710 814 5761 Mss,
835 5711 988 5750 mos.

388 5768 411 5794 ⁸
442 5765 545 5815 sola
562 5765 711 5816 editio
733 5758 864 5824 l.ov.,
889 5773 997 5825 pro,
1010 5766 1144 5822 time,
1167 5758 1333 5820 habet,
1357 5761 1486 5809 stati.

3415 316 3525 377 526

1943 450 1997 494 et
2022 438 2302 495 dicendum
2325 441 2523 512 aliquid
2549 456 2655 511 quo
2679 448 2985 504 renovetur,
3013 454 3119 510 quo
3144 438 3307 495 etiam
3334 453 3463 495 cura
3496 482 3512 508 ,

1944 533 1989 585 si
2014 547 2113 601 qua
2146 532 2279 588 forte
2301 535 2509 589 irruens
2536 550 2658 588 eum
2681 548 2906 588 avocare
2934 541 3209 604 coeperat,
3243 531 3407 603 fugiat
3455 550 3525 592 ex

1945 625 2143 678 animo.
2176 624 2304 679 Cum
2334 627 2474 680 enim
2505 640 2678 679 causae
2701 625 2914 680 incerta}
2936 624 3044 679 sint
3079 637 3176 678 cur
3196 623 3306 693 jam
3334 623 3528 680 tacitus

1946 728 2158 774 recuset
2179 719 2384 785 audire,
2415 721 2522 789 jam
2549 719 2754 774 sedenti
2787 717 2983 787 aliquid
3009 716 3265 771 adversus
3286 717 3532 773 inciden-

1952 819 2031 866 tes
2054 811 2404 881 cogitationes
2428 809 2762 865 smcularium
2805 808 3140 878 negotiorum
3181 806 3406 873 dicatur,
3438 816 3533 864 aut
3610 862 3617 866 .

1949 902 2124 967 hilari,
2149 911 2205 957 ut
2232 902 2361 967 dixi,
2391 912 2479 956 aut
2509 903 2644 956 tristi
2673 901 2833 956 modo
2871 921 2885 957 :
2918 901 3039 955 utsi
3092 901 3222 970 ipsa;
3260 910 3386 956 sunt
3410 917 3531 973 quae

1951 1004 2182 1051 mentem
2213 1004 2626 1066 occupaverunt,
2658 994 2851 1049 cedant
2892 994 3042 1063 quasi
3083 994 3395 1050 nominatim
3439 1010 3533 1051 ac-

1953 1095 2184 1152 cusatae;
2217 1088 2261 1141 si
2280 1096 2457 1143 autem
2485 1088 2612 1156 ipsae
2643 1100 2746 1139 non
2777 1095 2936 1152 sunt,
2961 1093 3016 1141 et
3044 1085 3312 1142 audiendo
3340 1086 3534 1158 fatiga-

1957 1189 2047 1236 tus
2076 1189 2176 1247 est,
2207 1194 2328 1235 cum
2351 1179 2419 1235 de
2447 1179 2550 1233 illis
2581 1187 2829 1247 tanquam
2861 1179 2989 1248 ipsa:
3017 1179 3124 1234 sint
3170 1180 3534 1251 (quandoqui-

1957 1271 2079 1326 dem
2107 1269 2459 1341 ignoramus),
2487 1268 2814 1339 inopinatum
2834 1270 3036 1341 aliquid
3070 1279 3125 1326 et
3163 1272 3533 1327 extraordina-

1956 1365 2120 1429 rium,
2144 1378 2212 1418 eo
2233 1363 2394 1419 modo
2418 1379 2522 1433 quo
2551 1362 2681 1429 dixi,
2715 1364 2998 1433 loquimur,
3019 1377 3050 1417 a
3071 1363 3230 1419 taedio
3249 1375 3542 1421 renovatur
3610 1412 3621 1419 κ

1958 1456 2202 1511 intentio.
2223 1454 2327 1511 Sed
2355 1464 2409 1509 et
2430 1453 2592 1510 breve
2616 1455 2706 1519 sit,
2736 1455 2966 1510 maxime
2982 1455 3103 1525 quia
3127 1464 3276 1511 extra
3292 1457 3539 1513 ordinem

1959 1549 2232 1614 inseritur,
2269 1563 2338 1602 ne
2378 1547 2621 1603 morbum
2663 1546 2854 1602 fastidii
2884 1548 2972 1603 cui
2999 1547 3541 1606 subvenirevolumus

1961 1641 2117 1696 etiam
2139 1650 2328 1712 augeat
2343 1642 2454 1710 ipsa
2472 1640 2754 1697 medicina:
2770 1650 2823 1695 et
2834 1641 3176 1697 acoeleranda
3190 1650 3537 1711 suntcaatera,

1962 1743 2016 1787 et
2054 1732 2440 1803 promittendus
2477 1747 2640 1802 atque
2673 1732 3004 1788 exhibendus
3029 1732 3149 1788 finis
3176 1734 3544 1806 propinquior.

2034 1823 2257 1879 CAPUT
2292 1822 2434 1878 XIV.
2466 1853 2536 1863 —
2561 1823 2652 1878 20.
2696 1822 2996 1877 Remedium
3036 1823 3276 1879 adversus
3319 1826 3548 1896 quintam

1962 1931 2167 1969 causam
2207 1914 2364 1968 tazdii.
2415 1914 2712 1969 Remedium
2748 1924 2924 1970 contra
2942 1926 3136 1970 sextam
3154 1931 3359 1971 causam
3387 1917 3557 1975 Icadii.

1964 2005 2096 2061 Item
2116 2007 2354 2062 adversus
2382 2024 2589 2062 causam
2614 2017 2830 2061 sectam.
2860 2005 2916 2063 Si
2942 2016 3119 2063 autem
3146 2007 3404 2079 confregit
3429 2010 3551 2065 ani-

1966 2112 2112 2153 mum
2145 2106 2291 2152 tuum
2333 2097 2551 2151 alterius
2582 2097 2838 2162 actionis,
2870 2098 2954 2151 cui
2982 2105 3232 2167 tanquam
3260 2100 3429 2170 magis
3457 2114 3555 2156 ne-

1966 2189 2212 2244 cessaria:
2236 2190 2345 2256 jam
2376 2202 2671 2256 suspensus
2708 2202 2860 2250 eras,
2901 2189 3138 2254 emissio,
3188 2198 3242 2244 et
3271 2199 3552 2261 propterea

1970 2280 2137 2334 tristis
2171 2280 2460 2334 insuaviter
2485 2279 2815 2345 catechizas;
2842 2280 3078 2349 cogitare
3110 2280 3303 2349 debes,
3331 2291 3554 2352 excepto

1968 2375 2112 2448 quod
2132 2376 2329 2430 scimus
2350 2374 2768 2429 misericorditer
2793 2375 2947 2430 nobis
2968 2374 3231 2445 agendum
3260 2389 3380 2431 esse
3402 2376 3557 2448 quid-

1969 2467 2094 2539 quid
2121 2482 2242 2523 cum
2287 2466 2591 2522 hominibus
2619 2467 2856 2536 agimus,
2896 2476 2953 2522 et
2994 2481 3061 2522 ex
3098 2466 3275 2523 officio
3302 2469 3555 2525 sinceris-

1971 2559 2122 2614 sima:
2162 2558 2468 2623 charitatis;
2519 2558 2623 2613 hoc
2664 2573 2792 2629 ergo
2828 2566 3082 2629 excepto,
3129 2560 3389 2616 incertum
3435 2578 3556 2621 esse

1972 2647 2099 2719 quid
2129 2648 2310 2704 utilius
2345 2663 2598 2719 agamus,
2639 2656 2694 2704 et
2720 2649 2846 2718 quid
2877 2651 3228 2719 opportunius
3262 2657 3353 2705 aut
3389 2651 3559 2707 inter-

1975 2740 2270 2807 mittamus,
2298 2749 2390 2795 aut
2430 2740 2649 2795 omnino
2673 2740 3002 2795 omittamus.
3035 2739 3167 2809 Quia
3196 2741 3340 2797 enim
3371 2743 3563 2798 merita

1976 2830 2253 2885 hominum
2280 2846 2377 2907 pro
2398 2831 2588 2901 quibus
2613 2832 2839 2901 agimus,
2870 2831 3048 2902 qualia
3076 2831 3186 2887 sint
3222 2834 3359 2903 apud
3391 2833 3563 2890 Deum

1979 2939 2091 2980 non
2114 2925 2393 2990 novimus,
2422 2924 2548 2994 quid
2572 2924 2653 2980 eis
2676 2923 2743 2978 ad
2784 2933 2995 2993 tempus
3031 2925 3279 2994 expediat
3301 2935 3392 2981 aut
3420 2927 3566 2983 nulla

1978 3023 2072 3070 aut
2092 3013 2403 3071 tenuissima
2423 3023 2514 3069 aut
2539 3015 2892 3069 incertissima
2908 3016 3213 3084 conjectura
3234 3018 3566 3086 suspicamur

1979 3107 2159 3178 potius
2187 3146 2204 3173 ,
2228 3120 2386 3174 quam
2412 3104 2938 3174 comprehendimus.
2976 3104 3314 3175 Quapropter
3341 3121 3427 3162 res
3450 3108 3569 3177 qui-

1981 3197 2104 3254 dem
2148 3195 2383 3267 agendas
2424 3210 2523 3265 pro
2551 3202 2738 3249 nostro
2774 3202 2932 3264 captu
2977 3196 3225 3251 ordinare
3267 3198 3564 3255 debemus:

1984 3302 2118 3358 quas
2141 3300 2208 3341 eo
2229 3284 2392 3340 modo
2409 3299 2516 3355 quo
2536 3284 2839 3350 statuimus,
2871 3286 2915 3339 si
2945 3299 3197 3357 peragere
3215 3288 3568 3356 potuerimus,

1983 3394 2091 3433 non
2120 3376 2241 3432 ideo
2268 3374 2595 3445 gaudeamus
2622 3375 2743 3444 quia
2772 3376 2946 3442 nobis,
2975 3376 3069 3432 sed
3094 3377 3216 3448 quia
3243 3378 3358 3434 Deo
3383 3379 3461 3435 sic
3480 3395 3571 3437 eas

1984 3469 2068 3540 agi
2096 3468 2293 3539 placuit
2318 3486 2331 3523 :
2358 3467 2403 3521 si
2429 3476 2610 3522 autem
2632 3467 2806 3538 aliqua
2842 3467 3096 3524 inciderit
3119 3470 3410 3526 necessitas
3428 3515 3442 3540 ,
3469 3488 3572 3543 qua

1985 3568 2169 3618 noster
2195 3561 2285 3615 ille
2309 3560 2444 3616 ordo
2470 3561 2746 3626 turbetur;
2784 3561 3063 3617 fleetamur
3090 3563 3277 3630 facile,
3319 3581 3387 3621 ne
3430 3564 3574 3622 fran-

1986 3668 2171 3724 gamur
2189 3669 2204 3717 ;
2225 3661 2282 3706 ut
2309 3667 2467 3721 quem
2488 3652 2630 3706 Deus
2650 3660 2834 3707 nostro
2849 3652 2924 3722 (α)
2940 3654 3244 3722 praeposuit,
3265 3655 3378 3724 ipse
3394 3655 3462 3709 sit
3477 3668 3575 3711 no-

1999 3753 2128 3799 ster.
2156 3742 2385 3812 Equius
2403 3750 2489 3797 est
2512 3742 2654 3815 enim
2683 3748 2741 3795 ut
2770 3756 2869 3795 nos
2890 3740 3035 3810 ejus,
3067 3757 3225 3811 quam
3254 3751 3315 3797 ut
3358 3744 3446 3797 ille
3472 3759 3574 3800 no-

1989 3844 2157 3890 stram
2182 3833 2507 3888 voluntatem
2540 3837 2812 3898 sequatur.
2843 3829 2977 3895 Quia
3003 3838 3057 3883 et
3080 3830 3214 3883 ordo
3246 3830 3576 3900 agendarum

1990 3940 2194 3988 rerum,
2224 3938 2381 3993 quem
2413 3929 2597 3976 nostro
2617 3920 2840 3975 arbitrio
2862 3928 3044 3975 tenere
3066 3921 3333 3987 volumus,
3359 3922 3450 3978 ille
3474 3925 3578 3981 uti-

1992 4034 2096 4089 que
2139 4013 2517 4085 approbandus
2554 4021 2670 4077 est,
2716 4012 2806 4068 ubi
2855 4011 3060 4082 potiora
3104 4014 3429 4083 praecedunt.
3473 4016 3580 4073 Cur

1994 4124 2123 4179 ergo
2155 4122 2252 4162 nos
2290 4106 2534 4161 dolemus
2562 4103 2810 4161 homines
2837 4118 2868 4157 a
2916 4103 3142 4159 Domino
3169 4106 3280 4162 Deo
3310 4114 3457 4163 tanto
3483 4122 3581 4179 po-

1996 4201 2132 4255 tiore
2164 4196 2416 4271 praecedi,
2446 4206 2503 4250 ut
2531 4211 2598 4251 eo
2626 4195 2743 4266 ipso
2768 4210 2875 4267 quo
2894 4204 3136 4252 nostrum
3170 4211 3408 4256 amamus
3435 4200 3581 4256 ordi-

1996 4306 2138 4356 nem,
2158 4289 2443 4346 inordinati
2468 4302 2588 4345 esse
2603 4287 2912 4359 cupiamus?
2939 4286 3110 4344 Nemo
3133 4290 3274 4345 enim
3292 4290 3483 4349 melius
3497 4307 3587 4348 or-

1998 4382 2142 4437 dinat
2168 4380 2297 4452 quid
2325 4387 2465 4451 agat,
2495 4378 2597 4434 nisi
2618 4378 2709 4448 qui
2737 4378 2972 4447 paratior
2999 4387 3082 4434 est
3108 4394 3215 4434 non
3253 4393 3412 4449 agere
3439 4382 3581 4451 quod

2000 4473 2177 4528 divina
2229 4479 2490 4541 potestate
2532 4469 2879 4539 prohibetur,
2931 4483 3090 4538 quam
3139 4469 3382 4539 cupidior
3423 4485 3585 4540 agere

2001 4562 2143 4633 quod
2178 4562 2407 4615 humana
2435 4559 2757 4627 cogitatione
2783 4556 3089 4612 meditatur.
3118 4556 3253 4624 Quia
3283 4560 3456 4613 multa:
3493 4576 3585 4615 co-

2001 4652 2266 4723 gitationes
2303 4657 2419 4703 sunt
2459 4648 2513 4701 in
2540 4645 2693 4700 corde
2734 4645 2829 4699 viri
2849 4686 2864 4713 ,
2895 4646 3167 4700 consilium
3189 4654 3356 4701 Mem
3382 4647 3587 4705 Domini

2003 4752 2170 4795 manet
2198 4742 2251 4795 in
2273 4748 2514 4794 wternum
2539 4736 2722 4810 (Prov.
2744 4751 2860 4801 xta,
2887 4732 3005 4807 2i).

2076 4831 2165 4884 2L
2196 4828 2255 4885 Si
2280 4844 2404 4884 vero
2434 4844 2499 4883 ex
2523 4826 2702 4898 aliquo
2725 4824 2978 4882 seandalo
3002 4823 3343 4895 perturbatus
3376 4827 3587 4885 animus

2006 4940 2111 4979 non
2140 4921 2281 4978 valet
2315 4920 2475 4976 edere
2522 4933 2770 4975 serenum
2812 4916 3210 4988 jucundumque
3253 4931 3587 4989 sermonem,

2010 5025 2208 5070 laniant
2251 5026 2372 5067 esse
2409 5011 2720 5066 charitatem
2769 5016 2984 5079 oportet
3028 5008 3084 5064 in
3126 5022 3220 5064 eos
3262 5023 3361 5080 pro
3402 5012 3593 5082 quibus

2007 5105 2247 5160 Christus
2278 5109 2519 5156 mortuus
2543 5109 2653 5164 est,
2678 5099 2862 5153 volens
2890 5113 2985 5154 eos
3011 5099 3184 5169 pretio
3210 5103 3482 5173 sanguinis
3510 5103 3593 5158 sui

2008 5197 2074 5250 ab
2097 5207 2335 5248 errorqu
2354 5191 2687 5245 smeularium
2709 5197 2880 5244 morte
2898 5189 3196 5255 redimere;
3220 5201 3279 5246 ut
3296 5192 3399 5246 hoc
3420 5192 3592 5261 ipsum

2011 5285 2150 5357 quod
2179 5284 2332 5338 nobis
2358 5282 2601 5337 tristibus
2642 5280 2942 5345 nuntiatur,
2977 5290 3171 5351 prmsto
3210 5296 3330 5337 esse
3363 5280 3595 5353 aliquem

2010 5380 2100 5451 qui
2122 5376 2391 5433 desideret
2419 5375 2531 5431 fieri
2554 5374 2898 5441 christiauus,
2922 5375 2988 5431 ad
3007 5375 3427 5432 consolationem
3457 5375 3597 5432 illius

2012 5469 2509 5536 resolutionemque
2544 5465 2773 5520 tristitia:
2800 5467 2976 5522 valere
3001 5466 3228 5532 debeat,
3259 5465 3397 5520 sicut
3423 5466 3600 5527 solent

2013 5563 2281 5617 lucrorum
2336 5556 2526 5628 gaudia
2581 5557 2819 5613 dolorem
2873 5558 3041 5613 lenire
3088 5555 3428 5612 damnorum.
3477 5555 3595 5614 Non

2015 5654 2155 5709 enim
2198 5649 2505 5713 scandalum
2549 5662 2647 5702 nos
2672 5647 2950 5703 contristat
2993 5644 3248 5718 alicujus,
3294 5646 3399 5703 nisi
3434 5660 3595 5721 quem

2080 5754 2154 5816 (α)
2171 5751 2574 5810 Subaudiendum,
2590 5748 2768 5801 ordini.
