4124 6206
508 314 619 377 327

505 432 687 507 perire
724 436 815 487 aut
844 442 939 500 per
977 441 1133 499 quem
1174 424 1351 496 perire
1393 421 1662 478 inﬁrmum
1702 420 1782 474 vel
1822 417 2088 473 credimus

505 525 590 583 vel
617 523 875 580 videmus.
908 520 1001 575 Ille
1041 519 1199 589 igitur
1225 517 1314 586 qui
1352 513 1639 569 initiaudus
1667 510 1916 575 advenit,
1963 507 2090 562 dum

508 626 753 688 Speratur
782 626 940 684 posse
966 610 1254 681 prolicere,
1283 607 1524 662 dolorem
1550 605 1845 661 deficientis
1887 603 2094 657 abster—

507 716 614 778 gat.
642 705 775 772 Quia
802 712 853 757 et
878 702 921 756 si
946 701 1104 755 timor
1127 701 1216 754 ille
1240 699 1558 769 suggeritur,
1590 712 1658 751 ne
1684 696 1774 751 ﬁat
1795 695 2095 765 proselytus

507 797 648 852 filius
691 794 948 864 geltcnntc
988 791 1202 861 (Matth.
1240 806 1402 855 χχιιι,
1438 786 1559 859 15),
1604 787 1729 841 dum
1779 785 1929 841 multi
1967 784 2096 839 tales

507 894 790 943 versantur
819 893 942 938 ante
968 883 1155 937 oculos
1174 922 1195 948 ,
1232 897 1296 936 ex
1327 881 1519 951 quibus
1544 881 1788 934 oriuntur
1816 892 1879 933 ca
1905 876 2096 948 quibus

508 979 712 1035 urimur
748 975 998 1033 scandala
1020 1016 1035 1039 ,
1068 991 1174 1030 non
1211 974 1277 1028 ad
1310 973 1659 1028 retardandos
1690 987 1787 1027 nos
1826 970 2096 1041 pertinere

508 1068 698 1134 debet,
741 1067 835 1123 sed
867 1066 1034 1136 magis
1063 1066 1129 1121 ad
1155 1065 1467 1122 excitandos
1495 1074 1549 1121 et
1574 1063 1881 1120 acuendos:
1912 1072 2098 1133 quate-
2146 1080 2155 1087 ‘

510 1176 612 1217 nus
646 1175 803 1231 quem
831 1158 1117 1214 imbuimus
1142 1174 1489 1224 maneamus,
1534 1166 1592 1213 ut
1629 1167 1815 1213 caveat
1842 1158 2098 1213 imitatio-

510 1268 633 1310 nem
669 1266 853 1307 eorum
894 1251 984 1321 qui
1014 1266 1119 1305 non
1166 1251 1278 1322 ipsa
1304 1251 1559 1317 veritate,
1600 1248 1699 1305 sed
1727 1251 1842 1305 solo
1881 1249 2098 1305 nomine

511 1342 786 1399 christiani
835 1350 989 1409 sunt;
1040 1356 1140 1397 nec
1189 1355 1374 1396 eorum
1424 1340 1575 1396 turba
1622 1348 1952 1407 commotus,
2008 1348 2099 1394 aut

512 1434 709 1491 sectari
739 1432 868 1487 velit
893 1447 1021 1499 eos,
1053 1440 1144 1487 aut
1180 1432 1454 1487 Christum
1486 1433 1616 1487 nolit
1646 1434 1838 1487 sectari
1881 1440 2099 1503 propter

515 1541 646 1594 eos;
690 1534 745 1582 et
778 1533 871 1581 aut
899 1525 1031 1580 nolit
1059 1539 1178 1580 esse
1207 1525 1258 1579 in
1305 1525 1542 1580 Ecclesia
1573 1525 1666 1580 Dei
1693 1524 1784 1580 ubi
1823 1525 1897 1579 illi
1938 1532 2096 1591 sunt,

518 1628 612 1677 aut
642 1619 761 1675 talis
786 1618 857 1674 ibi
883 1618 1010 1673 velit
1029 1632 1149 1673 esse
1174 1616 1359 1688 quales
1388 1617 1461 1671 illi
1488 1626 1631 1673 sunt.
1661 1618 1729 1672 Et
1758 1616 1939 1673 nescio
1962 1632 2100 1688 quo-

516 1713 677 1769 modo
717 1712 771 1767 in
827 1710 1132 1781 huiusmodi
1172 1711 1387 1766 monitis
1412 1712 1429 1742 ¹
1457 1710 1730 1767 ardentior
1769 1725 1948 1766 sermo
1980 1717 2099 1779 est,

518 1804 607 1862 cui
639 1802 878 1859 fomitem
909 1801 1281 1857 subministrat
1310 1815 1547 1871 praesens
1576 1800 1730 1857 dolor
1754 1818 1766 1854 :
1798 1809 1856 1856 ut
1880 1816 1986 1857 non
2015 1815 2104 1857 so-

516 1897 629 1953 lum
657 1895 917 1967 pigriores
944 1908 1049 1949 non
1072 1896 1265 1961 simus,
1286 1894 1387 1949 sed
1417 1908 1483 1949 eo
1510 1895 1626 1964 ipso
1646 1894 1886 1951 dicamus
1911 1909 2107 1950 accen-

520 1990 632 2048 sius
658 1997 819 2059 atque
846 1986 1216 2043 vehementius
1235 2027 1251 2053 ,
1279 1985 1421 2057 quod
1448 1988 1747 2043 securiores
1785 1985 2026 2057 frigidius
2052 1993 2108 2041 et

528 2079 727 2136 lentius
764 2077 1097 2143 diceremus;
1128 2076 1558 2148 gaudeamusque
1591 2078 1746 2135 nobis
1769 2078 2107 2133 occasionem

521 2170 670 2239 dari,
702 2169 791 2226 ubi
830 2177 1009 2226 motus
1031 2167 1192 2223 animi
1223 2168 1393 2223 nostri
1420 2168 1539 2224 sine
1564 2166 1969 2224 fructificatione
1999 2182 2108 2223 non

520 2270 792 2320 transeat.-

591 2354 685 2410 2‘2.
715 2353 772 2410 Si
801 2362 978 2410 autem
1023 2352 1090 2409 de
1118 2352 1296 2423 aliquo
1333 2359 1513 2408 errato
1552 2360 1737 2407 nostro
1763 2351 1846 2407 vel
1891 2361 2110 2422 peccato

520 2460 627 2509 nos
667 2445 979 2503 mmstitudo
1007 2444 1446 2516 comprehendit,
1483 2459 1591 2500 non
1622 2453 1823 2500 tantum
1852 2444 2113 2500 memine-

523 2538 694 2595 rimus
723 2537 1044 2593 sacriﬁcium
1081 2536 1194 2592 Deo
1238 2535 1484 2606 spiritum
1529 2551 1651 2591 esse
1692 2536 2112 2592 contribulatum

526 2629 698 2703 (Psal.
722 2646 770 2696 ι,
803 2629 913 2701 19),
950 2628 1045 2684 sed
1073 2629 1233 2684 etiam
1261 2628 1411 2695 illud,
1443 2627 1574 2694 Quia
1602 2629 1733 2682 sicut
1756 2645 1890 2699 aqua
1916 2629 2107 2699 ignem,

526 2723 600 2778 sic
626 2722 942 2792 elemosyna
966 2720 1236 2791 exstinguit
1262 2728 1522 2791 peceatum
1554 2718 1739 2790 (Eccli.
1774 2735 1851 2785 nt,
1884 2719 2004 2788 53);
2036 2727 2110 2787 et,

532 2812 668 2879 Quia
692 2809 1092 2866 misericordiam
1112 2850 1128 2877 ,
1160 2810 1366 2880 inquit,
1409 2810 1523 2864 volo
1565 2826 1716 2880 quam
1758 2810 2063 2879 sacriﬁcium
2093 2811 2113 2841 ¹

531 2902 689 2974 (Osee
706 2917 781 2968 vr,
810 2899 887 2975 6).
915 2901 1064 2958 Sicut
1082 2917 1210 2973 ergo
1230 2902 1275 2958 si
1301 2902 1727 2972 periclitaremur
1750 2902 2019 2972 incendio,
2048 2904 2116 2959 ad

533 3007 725 3064 aquam
750 2991 932 3064 utique
960 3006 1298 3049 eurreremus
1320 3034 1335 3060 ,
1385 3008 1492 3064 quo
1521 3002 1701 3063 posset
1730 2993 2030 3064 exstingui,
2065 3002 2119 3050 et

531 3083 924 3156 gratularemur
947 3082 994 3138 si
1018 3083 1139 3155 quis
1176 3099 1295 3139 eam
1321 3083 1392 3139 de
1420 3083 1662 3153 proximo
1691 3084 1942 3151 offerret;
1974 3085 2047 3139 ita
2073 3086 2120 3140 si

532 3175 603 3232 de
641 3182 828 3232 nostro
870 3174 995 3230 feno
1022 3176 1199 3246 aliqua
1245 3177 1448 3247 peccati
1496 3175 1708 3232 ﬁamma
1744 3179 2037 3245 surrexit’,
2065 3187 2121 3235 et

532 3274 815 3337 propterea
842 3266 1240 3332 conturbamur,
1274 3266 1397 3321 data
1423 3267 1707 3323 occasione
1732 3269 2119 3324 misericordis-

533 3357 655 3415 simi
685 3357 885 3429 operis,
915 3368 1163 3428 tanquam
1194 3357 1262 3411 de
1286 3357 1466 3411 oblato
1495 3358 1640 3414 fonte
1667 3360 1995 3429 gaudeamus
2016 3401 2030 3426 ,
2064 3370 2121 3417 ut

534 3448 661 3505 inde
684 3448 813 3504 illud
841 3446 986 3519 quod
1024 3455 1297 3502 exarserat
1326 3448 1678 3518 opprimatur.
1705 3449 1819 3505 Nisi
1845 3449 1984 3507 forte
2011 3459 2120 3507 tam

534 3540 688 3596 stulti
723 3554 935 3608 sumus,
982 3546 1040 3594 ut
1063 3538 1293 3593 alacrius
1322 3538 1644 3594 arbitremur
1682 3555 1803 3595 cum
1833 3557 1969 3612 pane
1994 3558 2120 3598 cur-

546 3629 804 3697 rendum,
842 3644 950 3701 quo
973 3637 1214 3684 ventrem
1235 3628 1521 3684 esurientis
1562 3631 1911 3700 impleamus,
1962 3648 2120 3703 quam

538 3738 661 3781 cum
686 3724 849 3779 verbo
883 3722 1011 3789 Dei,
1035 3736 1141 3793 quo
1183 3729 1416 3777 mentem
1444 3721 1585 3778 istud
1612 3723 1818 3779 edentis
1847 3724 1869 3756 ‘
1891 3725 2124 3781 instrua-

536 3829 678 3873 mus.
738 3814 855 3870 Huc
890 3813 1140 3881 accedit,
1182 3812 1305 3884 quia
1344 3813 1390 3868 si
1434 3815 1800 3869 tantummodo
1845 3816 2123 3886 prodesset

540 3907 646 3963 hoc
672 3906 870 3972 facere,
892 3920 996 3961 non
1018 3905 1194 3962 facere
1208 3914 1386 3961 autem
1412 3905 1541 3960 nihil
1564 3906 1811 3973 obesset;
1844 3906 2123 3964 infeliciter

541 3999 597 4056 in
638 3997 876 4071 periculo
900 3998 1106 4066 salutis,
1154 4013 1260 4052 non
1296 3997 1404 4067 jam
1446 3997 1707 4068 proximi,
1752 3997 1847 4053 sed
1887 4007 2120 4068 nostrae,

540 4093 780 4148 oblatum
823 4090 1119 4146 remedium
1149 4105 1545 4161 sperneremus.
1591 4091 1726 4146 Cum
1762 4107 1889 4146 vero
1930 4107 1997 4147 ex
2032 4108 2127 4149 ore

540 4183 750 4240 Domini
780 4189 889 4236 tam
914 4182 1191 4236 minaciter
1237 4191 1392 4238 sonet
1410 4224 1425 4249 ,
1472 4184 1626 4238 Serve
1650 4201 1863 4254 nequam
1889 4195 1937 4239 et
1962 4187 2122 4258 piger,

541 4274 690 4329 dares
723 4272 987 4343 pecuniam
1017 4287 1181 4325 meam
1216 4273 1567 4326 nummulariis
1604 4272 1817 4345 (Matth.
1858 4292 1989 4342 xxv,
2034 4277 2123 4344 26,

542 4362 667 4435 27),;
696 4377 816 4435 qua:
846 4360 1062 4417 tandem
1103 4360 1369 4417 dementia
1410 4370 1529 4429 est,
1562 4363 1811 4432 quoniam
1852 4376 2127 4437 peccatum

543 4465 789 4514 nostrum
829 4469 929 4511 nos
956 4455 1135 4527 angit,
1178 4453 1299 4509 ideo
1326 4468 1516 4510 rursus
1542 4456 1685 4511 velle
1720 4472 1973 4528 peccare,
2020 4475 2127 4515 non

542 4546 722 4605 dando
765 4545 1044 4617 pecuniam
1074 4544 1397 4601 dominicam
1429 4545 1630 4601 volenti
1675 4556 1730 4602 et
1768 4550 2001 4618 petenti?
2035 4549 2129 4605 llis

543 4648 705 4711 atque
731 4638 1034 4709 huiusmodi
1075 4638 1484 4709 cogitationibus
1525 4647 1579 4695 et
1612 4641 2129 4698 considerationibus

544 4730 765 4803 depulsa
789 4730 1017 4802 caligine
1043 4730 1341 4797 tzediorum,
1372 4732 1438 4786 ad
1459 4734 1894 4789 catechizandum
1918 4742 2131 4804 aptatur

544 4822 792 4889 intentio,
838 4831 895 4877 ut
929 4822 1162 4877 suaviter
1189 4822 1494 4889 imbibatur,
1529 4824 1670 4894 quod
1713 4825 1937 4895 impigre
1971 4834 2129 4894 atque

550 4914 797 4971 hilariter
821 4913 889 4970 de
915 4914 1191 4970 eharitatis
1216 4916 1458 4971 ubertate
1486 4919 1799 4986 prorumpit.
1833 4917 1960 4972 Hmc
1986 4920 2128 4974 cnim

548 5022 656 5063 non
679 5017 787 5062 tam
812 5021 912 5078 ego
937 5006 1060 5071 tibi,
1088 5021 1247 5078 quam
1270 5007 1517 5062 omnibus
1542 5008 1695 5063 nobis
1721 5008 1848 5063 dicit
1865 5010 1885 5039 ⁸
1914 5008 2028 5079 ipsa
2051 5010 2130 5066 di-

548 5095 738 5163 lectio,
793 5112 911 5167 quae
949 5097 1140 5155 diffusa
1164 5106 1248 5155 est
1274 5097 1327 5154 in
1370 5098 1623 5154 cordibus
1652 5100 1850 5157 nostris
1875 5116 1969 5171 per
2009 5101 2129 5172 Spi-

610 5279 629 5348 ξ
661 5276 814 5348 mliti,
836 5281 966 5348 metu
986 5291 1172 5348 aquam
1188 5294 1359 5332 vocem
1375 5288 1677 5348 praetereunt
1695 5290 1825 5348 Mss;
1850 5285 2017 5348 plures
2050 5288 2132 5338 alii

546 5346 713 5411 autem
742 5338 985 5411 .ejusloco
1013 5338 1198 5411 habent
1214 5377 1229 5403 ,
1258 5338 1480 5411 monitis.
1506 5344 1649 5411 Paulo
1679 5338 1823 5411 post,
1851 5338 1926 5397 'ex
1952 5351 2129 5409 verbo,

932 5400 1323 5479 §lYE-,,‘,“i§‘§"ibi
1362 5406 1491 5479 ξριρι
1529 5408 1581 5455 in
1623 5400 1846 5479 “liquis-
1867 5400 2129 5479 codicibus;

545 5461 919 5539 West},
932 5461 1108 5539 facta?!
1127 5474 1235 5539 erat
1256 5466 1306 5514 in
1330 5468 1473 5539 editis
1492 5501 1507 5539 τ
1526 5461 1941 5539 sumministrat.

609 5498 1108 5593 i'éﬁ'iiifo‘i'loW
1123 5498 2131 5593 ὄὶιέἧῆἳῖρἒιιῗιῗἮιῖἱὲἪῖίεωηιθτ

1083 5656 1202 5701 Ven.
1221 5657 1351 5712 Lov.,
1366 5651 1656 5724 surrexerit.
1722 5661 1780 5705 Μ.

665 5717 694 5759 S
711 5722 741 5759 c
768 5718 877 5759 Mss.
898 5712 1020 5759 Edm
1041 5725 1180 5759 vero.
1202 5720 1409 5759 mentem
1427 5713 1679 5759 eruderat“.

611 5708 635 5783 ξ
665 5708 877 5783 astas.
898 5708 1022 5783 Ediii.
1041 5725 1180 5783 vero»
1202 5708 1409 5783 meum
1427 5713 1679 5766 διαάεπιίεο

610 5771 636 5805 ⁸
667 5770 784 5823 Edrti
806 5772 914 5825 fere
936 5774 1044 5837 soli,
1059 5770 1227 5827 dictat.

1373 308 1462 365 DE
1501 302 2049 365 CATECHIZANDIS
2088 301 2403 370 RUDIBUS,
2444 303 2503 359 S.
2540 304 2915 364 AUGUSTINI

3678 313 3788 370 528

2201 416 2361 473 ritum
2389 428 2631 475 sanctum
2657 421 2747 491 qui
2777 422 2933 479 datus
2958 430 3041 479 cst
3065 423 3220 479 nobis
3247 423 3424 495 (Rom.
3449 440 3502 494 v,
3530 424 3607 497 5).

2270 509 2495 567 CAPUT
2518 512 2634 568 XV.
2658 514 2833 571 ——25.
2864 514 2971 570 Pro
2999 533 3327 587 personarum
3354 518 3637 576 diversitate
3656 529 3786 576 tem-

2201 605 2424 672 peranda
2453 606 2634 660 oratio.
2663 606 2767 662 Sed
2799 622 2939 663 nunc
2970 608 3127 663 etiam
3155 608 3285 664 illud
3313 610 3454 681 quod
3481 611 3789 683 priusquam

2202 696 2566 764 promitterem
2599 713 2703 752 non
2734 698 3017 769 debebam,
3036 702 3148 772 jam
3188 702 3416 759 fortasse
3434 703 3671 759 debitum
3692 704 3791 760 ﬂa-

2200 786 2356 855 gitas,
2390 794 2448 841 ut
2469 788 2681 858 aliquod
2705 792 2966 847 sermonis
2987 793 3312 864 exemplum,
3344 803 3594 866 tanquam
3618 797 3663 851 si
3689 810 3790 867 ego

2203 877 2435 948 aliquem
2466 880 2814 949 catechizem,
2849 898 2956 937 non
2985 899 3071 939 me
3102 885 3277 955 pigeat
3304 886 3593 956 explicare,
3621 894 3675 941 et
3701 887 3787 942 in-

2204 970 2457 1025 tuendum
2481 972 2572 1026 tibi
2596 987 2912 1042 proponere.
2938 974 3089 1041 Quod
3116 975 3421 1046 priusquam
3439 976 3651 1045 faciam,
3670 977 3793 1033 volo

2204 1063 2406 1132 cogites
2435 1063 2595 1118 aliam
2632 1079 2751 1121 esse
2777 1066 3126 1123 intentionem
3158 1067 3440 1136 dictantis,
3470 1084 3593 1125 cum
3621 1069 3794 1127 lector

2206 1150 2415 1210 futurus
2443 1155 2733 1226 cogitatur;
2774 1165 2831 1211 et
2869 1158 3026 1212 aliam
3056 1157 3355 1228 loquentis,
3391 1174 3511 1215 cum
3551 1175 3795 1230 praesens

2206 1249 2418 1305 auditor
2436 1248 2732 1304 attenditur
2757 1268 2770 1303 :
2798 1249 2924 1303 etin
2947 1264 3012 1304 eo
3036 1250 3153 1319 ipso
3174 1250 3330 1304 aliam
3361 1251 3416 1305 in
3442 1260 3651 1307 secreto
3675 1266 3795 1307 mo-

2208 1339 2406 1407 nentis,
2435 1339 2562 1393 dum
2589 1338 2766 1394 nullus
2794 1339 2933 1395 alius
2974 1339 3064 1410 qui
3090 1339 3159 1395 de
3183 1339 3339 1395 nobis
3359 1340 3562 1411 judicet
3594 1350 3793 1412 praesto

2207 1442 2319 1499 est;
2353 1432 2513 1487 aliam
2559 1432 2732 1502 palam
2773 1430 3015 1487 docentis
3056 1432 3284 1504 aliquid,
3315 1448 3437 1490 cum
3464 1433 3794 1490 dissimiliter

2207 1524 2538 1595 opinantium
2588 1523 2898 1578 circumstat
2944 1522 3158 1582 auditus
3196 1542 3208 1577 :
3254 1531 3311 1579 et
3356 1524 3410 1580 in
3458 1523 3563 1581 hoc
3594 1541 3793 1597 genere

2207 1615 2365 1670 aliam
2383 1657 2397 1683 ,
2425 1630 2547 1670 cum
2572 1614 2797 1669 docetur
2824 1629 2981 1681 unus,
3021 1615 3201 1670 caeteri
3228 1624 3404 1671 autem
3430 1623 3679 1687 tanquam
3705 1615 3794 1687 ju-

2209 1708 2446 1765 dicantes
2486 1714 2578 1762 aut
2602 1713 2914 1762 attestantes
2939 1720 3058 1777 qua:
3086 1706 3188 1761 sibi
3226 1715 3350 1762 nota
3375 1714 3503 1762 sunt
3541 1706 3792 1772 audiunt;

2210 1802 2368 1856 aliam
2393 1814 2515 1855 cum
2548 1814 2736 1854 omnes
2764 1797 3123 1854 communiter
3155 1798 3282 1869 quid
3320 1798 3390 1854 ad
3429 1813 3522 1854 eos
3558 1799 3799 1869 profera-

2211 1908 2330 1949 mus
2373 1898 2721 1962 exspectant:
2755 1897 2810 1946 et
2850 1905 3035 1946 rursus
3063 1890 3119 1946 in
3158 1890 3260 1946 hoc
3286 1890 3403 1962 ipso
3444 1891 3603 1947 aliam
3627 1934 3643 1961 ,
3675 1907 3799 1949 cum

2210 1983 2361 2055 quasi
2391 1983 2638 2055 privatim
2667 1983 3016 2049 consedetur,
3048 1991 3107 2038 ut
3135 1985 3511 2041 sermocinatio
3541 2000 3797 2043 consera-

2213 2084 2329 2141 tur;
2360 2076 2553 2140 aliam,
2585 2090 2707 2129 cum
2732 2074 2959 2145 populus
2991 2082 3171 2129 tacens
3200 2090 3362 2130 unum
3399 2075 3468 2132 de
3494 2076 3611 2132 loco
3640 2092 3801 2148 supe-

2213 2166 2357 2223 riore
2397 2165 2666 2222 dicturum
2708 2181 2998 2236 suspensus
3035 2167 3309 2222 intuetur:
3340 2168 3672 2240 multumque
3714 2170 3800 2226 in-

2215 2270 2415 2329 terest,
2446 2268 2501 2316 et
2534 2275 2658 2316 cum
2702 2260 2776 2314 ita
2825 2259 3083 2328 dicimus,
3116 2268 3294 2315 utrum
3335 2261 3488 2331 pauci
3526 2263 3704 2318 adsint
3729 2278 3803 2321 an

2215 2353 2404 2418 multi;
2437 2351 2580 2406 docti
2606 2367 2672 2405 an
2702 2350 2925 2417 indocti,
2956 2367 3023 2405 an
3050 2366 3116 2406 ex
3136 2361 3363 2422 utroque
3385 2368 3584 2425 genere
3609 2354 3798 2424 mixti;

2218 2444 2406 2501 urbani
2432 2459 2499 2498 an
2529 2441 2747 2510 rustici,
2789 2457 2858 2496 an
2891 2441 2945 2497 hi
2970 2451 3026 2498 et
3052 2442 3130 2498 illi
3155 2442 3346 2511 simul;
3389 2460 3456 2499 an
3484 2446 3710 2517 populus
3734 2463 3804 2504 ex

2218 2538 2363 2593 omni
2390 2537 2663 2591 hominum
2684 2550 2883 2607 genere
2905 2544 3232 2608 temperatus
3250 2538 3340 2593 sit.
3363 2537 3507 2597 Fieri
3526 2540 3670 2597 enim
3692 2557 3803 2599 non

2219 2640 2415 2703 potest,
2448 2629 2550 2684 nisi
2577 2628 2733 2684 aliter
2768 2638 2927 2699 atque
2959 2629 3114 2686 aliter
3137 2630 3372 2686 afﬁciant
3395 2632 3697 2690 locuturum
3723 2646 3806 2692 at.

2219 2739 2324 2794 que
2349 2722 2615 2779 dicturum
2633 2762 2647 2788 ,
2679 2729 2734 2777 et
2762 2729 2821 2777 ut
2848 2736 3027 2777 sermo
3053 2723 3148 2793 qui
3187 2723 3479 2794 profertur,
3505 2723 3806 2785 affectionis

2220 2812 2383 2868 animi
2410 2827 2440 2866 a
2467 2828 2572 2883 quo
2598 2810 2888 2882 profertur,
2914 2812 3199 2882 quemdam
3225 2815 3379 2885 quasi
3402 2816 3605 2873 vultum
3628 2828 3803 2890 gerat,

2221 2913 2276 2961 et
2319 2919 2415 2974 pro
2444 2903 2633 2959 eadem
2667 2902 2979 2959 diversitate
3025 2903 3238 2961 diverse
3275 2905 3473 2963 afﬁciet
3499 2908 3805 2979 auditores,

2222 3012 2343 3053 cum
2386 3005 2443 3052 et
2484 2996 2585 3066 ipsi
2626 3010 2685 3051 se
2732 2996 2879 3066 ipsos
2907 2994 3120 3052 diverse
3145 2995 3382 3054 afﬁciant
3410 2998 3638 3056 invicem
3665 3016 3808 3072 prae-

2224 3087 2396 3144 sentia
2423 3101 2540 3143 sua.
2570 3085 2676 3141 Sed
2701 3086 2824 3157 quia
2851 3084 2921 3141 de
2947 3085 3169 3141 rudibus
3195 3087 3498 3145 imbuendis
3527 3105 3669 3163 nunc
3692 3092 3809 3163 agi-

2224 3196 2376 3247 mus,
2404 3179 2473 3235 de
2517 3193 2604 3234 me
2630 3178 2746 3248 ipso
2777 3178 2869 3232 tibi
2912 3177 3064 3233 testis
3104 3193 3257 3246 sum,
3286 3180 3442 3234 aliter
3469 3188 3630 3251 atque
3652 3182 3811 3239 aliter

2225 3288 2312 3328 me
2338 3270 2563 3337 moveri,
2589 3285 2710 3325 cum
2736 3276 2862 3324 ante
2887 3284 2974 3324 me
2997 3269 3433 3327 catechizandum
3454 3273 3611 3330 video
3631 3274 3814 3331 erudi-

2227 3375 2368 3432 tum,
2397 3364 2655 3428 inertem,
2684 3361 2853 3417 civem
2875 3404 2889 3430 ,
2919 3363 3255 3433 peregrinum
3277 3404 3292 3430 ,
3324 3364 3543 3421 divitem
3561 3408 3576 3433 ,
3608 3382 3814 3440 paupe-

2224 3473 2363 3525 rem,
2389 3456 2676 3526 privatum,
2701 3453 3040 3520 honoratum,
3064 3455 3119 3509 in
3142 3463 3405 3526 potestate
3419 3456 3595 3529 aliqua
3615 3462 3816 3518 consti-

2229 3557 2432 3613 tutum,
2477 3546 2620 3600 illius
2658 3553 2749 3599 aut
2792 3544 2933 3600 illius
2972 3545 3149 3616 gentis
3177 3544 3480 3615 hominem,
3534 3549 3679 3606 illius
3721 3560 3816 3619 aut

2227 3643 2370 3699 illius
2398 3641 2575 3697 mtatis
2599 3648 2692 3695 aut
2716 3655 2875 3695 sexus
2895 3681 2911 3708 ,
2943 3654 3010 3694 ex
3040 3640 3127 3695 illa
3156 3649 3250 3696 aut
3291 3641 3378 3697 illa
3408 3651 3587 3711 secta,
3616 3659 3683 3701 ex
3719 3645 3813 3702 illo

2228 3743 2319 3791 aut
2344 3734 2436 3790 illo
2466 3733 2668 3804 vulgari
2705 3748 2891 3788 errore
2915 3734 3219 3789 venientem
3244 3752 3258 3790 :
3288 3750 3354 3792 ac
3377 3751 3476 3807 pro
3503 3737 3816 3797 diversitate

2229 3834 2406 3881 motus
2438 3823 2545 3879 mei
2582 3837 2761 3879 sermo
2803 3823 2916 3892 ipse
2959 3831 3011 3879 et
3044 3823 3313 3893 procedit,
3357 3835 3412 3881 et
3440 3828 3812 3900 progreditur,

2229 3924 2287 3973 et
2307 3916 2508 3971 finitur.
2530 3914 2597 3970 Et
2616 3914 2738 3986 quia
2764 3928 2886 3969 cum
2916 3914 3106 3970 eadem
3130 3916 3381 3972 omnibus
3405 3918 3665 3995 debeatur
3685 3921 3816 3979 cha-

2230 4008 2391 4074 ritas,
2421 4021 2528 4061 non
2559 4004 2747 4062 eadem
2775 4013 2860 4061 est
2887 4006 3136 4063 omnibus
3168 4006 3469 4065 adhibenda
3507 4012 3772 4070 medicina
3797 4031 3811 4069 :

2232 4101 2343 4170 ipsa
2374 4100 2502 4155 item
2526 4098 2758 4154 charitas
2776 4098 2911 4154 alios
2930 4100 3175 4169 parturit,
3199 4116 3320 4155 cum
3341 4102 3459 4158 aliis
3483 4103 3811 4175 inﬁrmatur;

2232 4192 2366 4246 alios
2394 4199 2547 4273 curat
2574 4189 2867 4256 aediﬁcare,
2914 4190 3048 4246 alios
3094 4194 3461 4250 contremiscit
3506 4195 3813 4266 offendere;

2233 4283 2301 4339 ad
2327 4283 2459 4338 alios
2501 4298 2560 4339 se
2588 4283 2839 4350 inclinat,
2876 4282 2945 4338 ad
2972 4284 3105 4339 alios
3133 4300 3194 4340 se
3222 4286 3406 4357 erigit;
3437 4287 3554 4343 aliis
3580 4287 3774 4345 blanda
3795 4332 3813 4360 ,

2233 4374 2353 4429 aliis
2380 4387 2603 4439 severa,
2648 4373 2780 4428 nulli
2822 4374 3037 4431 inimica
3060 4417 3076 4444 ,
3122 4377 3370 4434 omnibus
3410 4385 3601 4434 mater.
3632 4378 3701 4434 Et
3721 4382 3818 4452 qui

2235 4482 2345 4523 non
2386 4474 2641 4539 expertus
2668 4476 2753 4524 est
2784 4468 2973 4525 eadem
3014 4468 3276 4527 charitate
3314 4471 3456 4541 quod
3489 4471 3646 4541 dico,
3691 4489 3819 4534 cum

2234 4557 2378 4615 videt
2406 4573 2533 4625 nos,
2562 4559 2686 4630 quia
2727 4560 2950 4617 facultas
2971 4560 3149 4632 aliqua
3173 4562 3328 4618 nobis
3350 4561 3549 4619 donata
3587 4564 3821 4626 delectat

2236 4652 2571 4709 laudabiliter
2594 4653 2934 4709 innotescere
2960 4653 3012 4709 in
3043 4668 3138 4710 ore
3159 4654 3538 4725 multitudinis,
3566 4658 3691 4715 inde
3719 4675 3821 4716 nos

2235 4744 2420 4802 beatos
2466 4752 2652 4815 putat:
2684 4745 2827 4800 Deus
2850 4755 3059 4812 autem,
3092 4732 3158 4801 in
3175 4746 3327 4817 cujus
3350 4758 3695 4819 conspectum
3736 4751 3822 4807 in-

2238 4845 2344 4891 trat
2381 4840 2613 4908 gemitus
2656 4836 3078 4907 compeditorum
3119 4837 3295 4910 (Psal.
3328 4855 3561 4907 uxvtu,
3601 4842 3714 4913 11),
3740 4841 3823 4896 vi-

2237 4925 2361 4981 deat
2388 4924 2737 4981 humilitatem
2762 4936 3002 4984 nostram
3030 4937 3084 4984 et
3111 4929 3348 4987 laborem
3374 4940 3634 5000 nostrum,
3660 4940 3715 4988 et
3741 4932 3825 4988 di-

2237 5018 2413 5072 mittat
2442 5018 2620 5072 omnia
2649 5028 2865 5089 peccata
2892 5029 3075 5077 nostra
3105 5022 3277 5095 (Psal.
3311 5039 3461 5091 xxxv,
3495 5024 3605 5096 18).
3632 5026 3825 5092 Quam-

2237 5107 2428 5164 obrem
2477 5109 2522 5163 si
2573 5108 2700 5180 quid
2747 5111 2838 5167 tibi
2890 5112 2943 5166 in
2993 5111 3146 5169 nobis
3196 5113 3428 5182 placuit,
3479 5121 3538 5168 ut
3586 5115 3823 5187 aliquam

2238 5199 2668 5256 observationem
2697 5202 2962 5258 sermonis
2992 5202 3068 5257 tui
3093 5215 3125 5255 a
3149 5202 3302 5256 nobis
3322 5201 3507 5258 audire
3526 5218 3821 5277 quaereres,

2239 5291 2430 5346 melius
2459 5291 2688 5348 videndo
2730 5302 2785 5348 et
2826 5291 3092 5347 audiendo
3132 5305 3231 5346 nos
3272 5305 3394 5347 cum
3434 5292 3549 5350 haec
3573 5296 3822 5367 agimus,

2239 5400 2397 5455 quam
2422 5384 2644 5456 legendo
2678 5400 2800 5441 cum
2827 5386 2941 5441 haec
2968 5384 3251 5450 dictamus,
3285 5385 3571 5446 edisceres.

2309 5499 2537 5557 CAPUT
2580 5500 2719 5557 XVI.
2739 5530 2811 5542 --
2828 5501 2917 5556 24.
2950 5498 3200 5555 Famula
3245 5504 3488 5560 orationis
3515 5506 3822 5565 eatechistte.

2241 5591 2526 5648 Emordium
2578 5594 2785 5646 ductum
2832 5609 2865 5645 a
2911 5592 3154 5648 laudabili
3199 5596 3462 5665 proposito
3489 5599 3829 5670 suscipiende

2243 5685 2533 5740 christiana:
2555 5684 2832 5755 religionis,
2861 5695 3069 5755 prapter
3088 5686 3317 5755 futuram
3336 5690 3576 5760 requiem.
3606 5688 3828 5763 Requies

2240 5778 2296 5833 in
2324 5778 2467 5835 rebus
2493 5778 2722 5845 inquietis
2750 5779 3164 5848 nonquwrenda.
3198 5779 3321 5838 Non
3347 5781 3402 5838 in
3420 5782 3628 5857 divitiis,
3659 5802 3749 5842 nec
3769 5785 3824 5843 in
