4144 6212
299 388 409 451 329

302 501 593 561 honoribus.
622 499 865 573 Requiem
905 508 1183 569 quwrentes
1218 501 1272 556 in
1299 501 1669 558 oblectamentis
1717 506 1887 559 carnis

298 608 345 653 et
368 615 421 651 ιιι
446 594 770 667 spectaculis.
799 593 906 650 Sed
928 602 1106 649 tamen
1134 591 1392 650 faciamus
1412 595 1642 665 aliquem
1675 596 1888 652 venisse

297 688 361 743 ad
392 703 509 755 nos,
542 686 761 758 quivult
792 702 914 742 esse
942 687 1287 755 christianos,
1330 696 1385 742 et
1419 686 1487 742 de
1529 702 1729 759 genere
1771 688 1890 758 qui-

295 780 420 837 dem
454 780 766 847 idiotarum,
799 796 905 835 non
936 789 1113 835 tamen
1138 778 1550 845 rusticanorum,
1593 779 1689 835 sed
1728 779 1889 835 urbao

294 888 512 939 uorum,
542 873 728 944 quales
771 871 912 942 apud
942 870 1319 943 Carthaginem
1361 871 1541 942 plures
1577 872 1809 943 experiri
1835 880 1885 928 te

293 982 521 1023 necesse
549 977 659 1022 est:
686 966 1069 1037 interrogatum
1096 965 1257 1020 etiam
1296 973 1471 1020 utrum
1509 972 1726 1036 propter
1762 964 1886 1019 vitae

292 1057 578 1129 prmscntis
607 1057 819 1128 aliquod
848 1056 1213 1124 commodum,
1266 1072 1331 1110 an
1380 1064 1600 1127 propter
1644 1055 1883 1126 requiem

291 1166 415 1220 qua:
438 1158 558 1220 post
589 1149 730 1204 hanc
753 1149 917 1203 vitam
960 1158 1228 1219 speratur,
1260 1148 1586 1203 christianus
1624 1162 1744 1203 esse
1786 1146 1885 1202 dc-

291 1242 525 1310 siderat,
573 1250 790 1313 propter
822 1242 1051 1295 futuram
1099 1240 1338 1309 requiem
1383 1238 1764 1309 reSpondisse:
1794 1238 1884 1292 tali

292 1334 524 1391 fortasse
559 1350 591 1390 a
635 1333 790 1388 nobis
816 1333 1173 1387 instrueretur
1210 1332 1464 1401 alloquio.
1503 1331 1616 1387 Deo
1657 1330 1877 1401 gratias,

290 1424 463 1482 frater
492 1444 505 1479 :
538 1424 692 1479 valde
722 1423 813 1479 tibi
840 1424 1098 1494 gratulor,
1126 1432 1180 1477 et
1199 1422 1405 1492 gaudeo
1436 1421 1504 1476 de
1536 1430 1605 1487 te,
1651 1420 1794 1490 quod
1828 1420 1880 1473 in

290 1517 457 1572 tantis
480 1531 543 1572 ac
571 1524 676 1570 tam
708 1514 1028 1585 periculosis
1046 1513 1208 1583 hujus
1246 1513 1427 1568 saeculi
1472 1512 1880 1582 tempestatibus

289 1606 366 1664 de
392 1608 566 1678 aliqua
594 1622 718 1662 vera
749 1615 805 1662 et
823 1613 965 1661 certa
995 1604 1283 1660 securitate
1311 1604 1573 1674 cogitasti.
1598 1602 1729 1657 Nam
1750 1611 1803 1658 et
1826 1602 1878 1657 in

293 1699 400 1756 hac
416 1700 521 1755 vita
550 1698 793 1754 homines
818 1698 1025 1768 magnis
1053 1696 1326 1759 laboribus
1354 1696 1595 1767 requiem
1631 1703 1879 1766 quierunt

288 1799 354 1847 et
381 1791 739 1854 securitatem,
782 1787 878 1844 sed
912 1786 1089 1859 pravis
1143 1786 1521 1858 cupiditatibus
1567 1801 1673 1841 non
1724 1786 1875 1839 inve-

291 1882 469 1937 niunt.
492 1881 692 1936 Volunt
715 1864 862 1935 enim'
888 1878 1226 1950 requiescere
1266 1878 1320 1931 in
1346 1877 1507 1932 rebus
1546 1874 1799 1947 inquietis
1826 1883 1880 1929 et

291 1988 403 2028 non
448 1970 877 2044 permanentihus
909 1988 922 2024 :
952 1978 1008 2024 et
1056 1968 1178 2039 quia
1229 1967 1334 2022 illzc
1383 1976 1622 2038 tempore
1666 1966 1880 2024 subtra-

291 2064 494 2120 huntur
513 2073 567 2120 et
591 2070 888 2129 transeunt,
913 2060 1193 2117 timoribus
1219 2069 1274 2116 et
1305 2059 1580 2115 doloribus
1626 2074 1721 2114 eos
1763 2057 1877 2129 agi-

290 2164 433 2222 tant,
469 2169 568 2211 nec
594 2156 805 2225 quietos
829 2167 950 2208 esse
990 2150 1323 2221 permittunt.
1354 2149 1483 2205 Sive
1524 2148 1668 2205 enim
1700 2150 1752 2202 in
1795 2148 1878 2201 di-

291 2246 442 2301 vitiis
513 2245 643 2300 velit
700 2244 861 2298 homo
908 2226 1299 2313 “requiescere,
1375 2238 1543 2310 magis
1617 2238 1879 2309 superbus

286 2337 545 2403 efﬁcitur,
575 2351 734 2407 quam
764 2348 1003 2391 securus.
1033 2335 1225 2389 Annon
1251 2332 1496 2387 videmus
1522 2346 1678 2402 quam
1725 2329 1876 2384 multi

290 2443 393 2485 eas
443 2427 619 2483 subito
670 2425 1019 2497 perdiderint,
1089 2423 1237 2479 multi
1285 2423 1445 2479 etiam
1500 2430 1717 2492 pr0ptcr
1759 2419 1878 2475 illas

291 2520 578 2594 perierint,
612 2527 849 2574 autcum
879 2533 972 2574 eas
1002 2517 1199 2572 habere
1243 2516 1483 2586 cupiunt,
1531 2523 1621 2568 aut
1650 2528 1769 2568 cum
1799 2512 1877 2567 eis

287 2613 565 2684 Oppressis
591 2627 619 2667 a
649 2609 1010 2682 cupidioribus
1047 2609 1357 2663 auferuntur
1379 2608 1432 2661 ‘?
1460 2605 1589 2674 Qua:
1627 2604 1671 2659 si
1713 2604 1874 2660 etiam

290 2720 395 2777 per
417 2712 579 2758 totam
610 2703 772 2757 vitam
802 2715 923 2756 cum
970 2700 1185 2756 homine
1224 2705 1620 2770 permanerent,
1669 2704 1722 2749 ct
1767 2711 1872 2749 non

292 2797 612 2854 desererent
634 2795 943 2851 dilectorem
965 2807 1139 2859 suum,
1171 2792 1284 2862 ipse
1308 2790 1425 2845 illas
1454 2803 1546 2842 sua
1592 2797 1762 2842 morte
1790 2786 1879 2842 de-

292 2898 523 2947 sereret.
554 2888 759 2956 Quanta
782 2895 865 2942 est
886 2885 1029 2941 enim
1059 2885 1164 2939 vita
1192 2883 1444 2949 hominis,
1473 2881 1682 2936 etiamsi
1717 2893 1875 2936 sene-

286 2980 447 3037 seat?
476 2980 581 3034 Aut
608 2994 728 3034 cum
759 2977 857 3033 sibi
884 2975 1128 3031 homines
1155 2981 1341 3044 optant
1370 2981 1718 3038 senectutem,
1748 2970 1872 3041 quid

286 3070 437 3128 aliud
457 3079 636 3142 optant
669 3068 768 3125 nisi
814 3069 1027 3139 longam
1067 3065 1466 3120 inﬁrmitatem?
1490 3063 1577 3119 Sic
1615 3071 1670 3118 ct
1700 3062 1872 3117 hono-

285 3179 384 3220 res
407 3162 565 3233 hujus
587 3160 787 3228 swculi,
812 3159 939 3230 quid
965 3167 1090 3214 sunt
1119 3157 1221 3212 nisi
1251 3155 1466 3228 typhus,
1494 3162 1547 3209 et
1578 3153 1804 3208 inanitas
1823 3154 1868 3221 ¹,

287 3263 348 3311 et
367 3253 533 3309 ruinae
558 3250 889 3325 periculum?
911 3250 1046 3317 Quia
1075 3250 1153 3305 sic
1189 3248 1464 3317 Scriptura
1490 3254 1672 3301 sancta
1697 3244 1824 3300 dicit
1857 3262 1872 3301 :

290 3348 473 3405 Omnis
493 3364 610 3413 caro
635 3347 827 3418 fenum,
860 3354 907 3400 et
936 3344 1143 3399 claritas
1174 3341 1390 3397 hominis
1416 3348 1469 3393 ut
1496 3341 1592 3411 ﬂos
1623 3339 1745 3412 feni.
1770 3337 1874 3391 Fe-

286 3458 414 3497 rrum
441 3441 598 3508 aruit,
643 3441 741 3510 ﬂos
766 3437 988 3503 decidit;
1018 3435 1222 3491 verbum
1262 3443 1428 3487 autem
1456 3430 1661 3486 Domini
1708 3437 1873 3484 manet

282 3534 344 3589 in
366 3543 610 3589 wternum
638 3529 771 3603 (Isai
791 3545 879 3595 ιιι,
911 3527 1059 3600 6-8).
1090 3525 1215 3581 ideo
1239 3524 1329 3595 qui
1352 3537 1533 3578 veram
1558 3522 1797 3591 requiem
1817 3527 1872 3575 et

284 3642 473 3684 veram
496 3625 805 3682 felicitatem
832 3620 1123 3688 desiderat,
1147 3618 1309 3674 debet
1340 3616 1525 3672 tollere
1552 3630 1699 3685 spem
1717 3628 1868 3669 suam

282 3718 355 3776 de
383 3718 542 3775 rebus
566 3715 879 3773 mortalibus
903 3722 959 3771 et
1002 3707 1469 3783 prmtereuntibus,
1501 3716 1555 3762 et
1593 3722 1709 3762 eam
1759 3704 1871 3760 col-

280 3808 467 3867 locare
494 3809 551 3864 in
577 3808 744 3865 verbo
769 3803 1013 3869 Domini;
1040 3811 1102 3858 ut
1120 3801 1333 3857 haerens
1359 3803 1407 3855 ei
1434 3798 1576 3870 quod
1605 3805 1780 3853 manet
1811 3795 1866 3850 in

276 3895 568 3969 lcternum,
596 3901 757 3956 etiam
785 3898 901 3969 ipse
924 3910 1047 3951 cum
1074 3894 1165 3949 illo
1191 3900 1403 3948 maneat
1433 3891 1485 3946 in
1510 3899 1790 3945 aeternum.

355 3993 451 4049 25.
483 3992 619 4049 Sunt
645 3992 805 4047 etiam
840 3987 1082 4043 homines
1109 3983 1196 4055 qui
1246 3997 1347 4039 nec
1388 3982 1585 4037 divites
1623 3988 1870 4051 quierunt

274 4102 427 4154 esse,
456 4100 560 4141 nec
584 4083 650 4140 ad
678 4096 841 4138 vanas
880 4080 1146 4136 honorum
1193 4089 1417 4147 pompas
1459 4073 1700 4129 ambiunt
1745 4087 1869 4143 per-

274 4178 475 4237 venire
504 4194 518 4231 :
546 4175 643 4232 sed
677 4175 905 4248 gaudere
933 4182 987 4229 et
1029 4169 1369 4241 requiescere
1418 4165 1603 4220 volunt
1640 4165 1691 4219 in
1717 4164 1870 4235 popi-

289 4271 383 4328 nis
420 4277 475 4326 et
502 4267 558 4322 in
590 4262 1040 4329 fornicationibus,
1071 4263 1191 4317 etin
1218 4256 1438 4314 theatris
1467 4264 1626 4327 atque
1654 4263 1865 4326 Specta-

276 4362 421 4420 culis
461 4357 780 4431 nugacilatis
820 4372 937 4428 quae
990 4355 1042 4409 in
1100 4351 1307 4423 magnis
1353 4347 1656 4406 civitatibus
1698 4345 1867 4417 gratis

277 4454 502 4510 habent.
568 4448 674 4506 Sed
722 4448 799 4504 sic
858 4448 1019 4504 etiam
1081 4444 1181 4514 ipsi
1257 4452 1349 4498 aut
1400 4445 1719 4497 consumunt
1773 4453 1866 4508 per

276 4544 544 4605 luxuriam
575 4549 943 4615 paupertatem
975 4552 1148 4605 suam,
1172 4545 1226 4592 et
1250 4535 1318 4591 ab
1343 4542 1577 4605 egestate
1602 4540 1789 4611 postep
1808 4531 1863 4585 in

276 4639 425 4696 furta
450 4647 503 4695 et
527 4635 862 4701 eﬁraeturas,
889 4640 943 4687 et
968 4627 1253 4701 aliquando
1289 4627 1447 4680 etiam
1499 4624 1550 4679 in
1589 4622 1865 4679 latrocinia

276 4729 588 4805 prosiliunt,
612 4735 665 4783 et
690 4725 865 4781 subito
893 4721 1075 4778 multis
1096 4729 1151 4776 et
1189 4718 1396 4790 magnis
1434 4716 1714 4771 timoribus
1760 4714 1864 4768 im-

275 4825 526 4897 plentur;
558 4829 613 4875 et
638 4820 726 4891 qui
756 4818 809 4872 in
836 4815 1029 4888 popina
1059 4812 1216 4885 paulo
1242 4819 1366 4866 ante
1403 4808 1711 4874 cantabant,
1754 4806 1866 4878 jam

273 4916 526 4988 planctus
546 4911 777 4967 careeris
801 4908 1088 4964 somniant.
1119 4904 1321 4963 Studiis
1359 4910 1537 4958 autem
1582 4908 1862 4971 Spectacu-

269 5007 454 5065 lorum
480 5005 615 5059 ﬁunt
642 4998 975 5057 dcemonibus
1019 4996 1240 5063 similes,
1273 4992 1598 5049 clamoribus
1624 4990 1735 5045 suis
1779 4991 1864 5044 in-

266 5094 496 5156 citando
516 5092 762 5148 homines
786 5100 845 5145 ut
870 5104 929 5145 se
951 5088 1178 5144 invicem
1200 5086 1431 5152 caedant,
1456 5098 1751 5153 secumque
1774 5081 1867 5137 ha-

265 5189 443 5248 beant
466 5184 800 5242 contentiosa
828 5181 1121 5239 certamina
1166 5178 1257 5249 qui
1303 5192 1361 5231 se
1418 5192 1527 5231 non
1585 5176 1862 5243 laeserunt,

261 5281 405 5339 dum
432 5277 644 5349 placere
668 5275 856 5330 insano
879 5273 1072 5344 populo
1098 5268 1318 5339 cupiunt
1347 5283 1359 5322 :
1392 5282 1524 5337 quos
1545 5266 1587 5321 si
1624 5263 1864 5319 animad-

259 5370 537 5429 verterint
583 5381 704 5423 esse
753 5364 1073 5429 concordes,
1108 5373 1235 5418 tunc
1259 5374 1354 5416 eos
1397 5360 1625 5415 oderunt
1665 5367 1718 5414 et
1749 5373 1869 5427 per-

255 5470 594 5535 sequuntur,
625 5467 681 5516 et
707 5467 959 5530 tanquam
983 5455 1283 5513 collusores
1313 5459 1372 5508 ut
1405 5450 1630 5507 fustibus
1674 5450 1867 5505 verbe-

332 5682 355 5718 ι
396 5679 625 5744 Plerique
649 5685 778 5740 Mss,
817 5680 902 5727 aut
923 5680 976 5727 ut
1006 5674 1076 5727 eis
1098 5671 1337 5739 oppressis
1374 5686 1405 5724 a
1428 5665 1755 5736 cupidioribus
1780 5681 1868 5719 au-

252 5749 717 5871 reqes’iéuplerjque
738 5806 847 5871 uss.
883 5806 941 5851 At
963 5798 1080 5871 editi
1102 5801 1357 5861 omittunt,
1389 5804 1434 5850 et
1457 5793 1663 5849 inanitas
1693 5806 1709 5846 .'
1732 5794 1871 5858 cujus

251 5873 386 5928 loco
406 5864 775 5925 norinulli'stss.,
794 5869 846 5914 et
867 5864 1066 5913 vanitas.

562 5947 792 6011 timor.
828 5947 1109 6009 Aususr.
1155 5946 1257 6007 VI.

1725 388 1926 446 LIBER
1964 389 2165 452 UNUS.

3480 400 3590 469 330

1998 517 2185 563 rentur
2212 509 2530 577 exclamant,
2563 518 2617 568 et
2644 512 2782 568 hanc
2825 513 3153 585 iniquitatem
3190 512 3363 576 facere
3407 523 3576 581 etiam

1999 600 2261 657 vindicem
2292 601 2629 672 iniquitatum
2650 605 2885 674 judicem
2912 617 3138 678 cogunt;
3170 611 3215 664 si
3244 620 3420 668 autem
3445 614 3585 671 hor-

1997 693 2191 749 rendas
2235 695 2492 751 adversus
2560 698 2785 753 invicem
2843 692 3143 757 inimicitias
3182 717 3275 759 eos
3317 721 3583 766 exercere

1996 788 2358 856 cognoverint,
2389 789 2501 845 sive
2545 791 2695 845 sintne
2726 793 2816 862 qui
2855 795 3190 864 appellantur
3211 798 3250 862 ’,
3283 800 3395 855 sive
3450 815 3588 858 see—-

1995 878 2100 932 nici
2128 888 2180 933 et
2212 880 2504 952 thymelici,
2537 883 2648 938 sive
2674 887 2891 955 aurigae,
2942 887 3053 943 sive
3090 899 3394 959 venatores,
3442 903 3594 963 quog

1994 972 2219 1026 miseros
2233 987 2337 1026 non
2362 974 2532 1028 solum
2552 974 2795 1032 homines
2812 993 2931 1032 cum
2954 978 3275 1044 hominibus,
3300 981 3393 1036 sed
3414 984 3586 1039 etiam.

1993 1060 2237 1117 homines
2262 1077 2381 1118 cum
2414 1064 2599 1119 bestiis
2636 1066 2687 1119 in
2729 1076 2998 1123 certamen
3047 1085 3381 1141 pugnamque
3427 1087 3589 1128 com-

1993 1151 2237 1218 mittunt;
2266 1169 2370 1223 quo
2394 1154 2597 1223 majore
2625 1156 2880 1211 adversus
2924 1158 3146 1214 invicem
3190 1160 3455 1217 discordia
3493 1163 3587 1219 fu-

1993 1259 2112 1299 rere
2138 1246 2421 1312 senserint,
2452 1261 2517 1301 eo
2549 1248 2717 1319 magis
2736 1258 2917 1303 amant
2942 1261 2994 1306 et
3024 1251 3377 1320 delectantur,
3403 1264 3458 1311 et
3487 1257 3579 1312 in.-

1989 1336 2165 1393 citatis
2193 1340 2213 1369 ²
2241 1337 2439 1404 favent,
2469 1350 2523 1395 et
2550 1340 2785 1395 faventes
2816 1341 3055 1409 incitant,
3090 1344 3209 1412 plus
3238 1344 3582 1404 adversusse

1988 1430 2132 1500 ipsos
2167 1432 2490 1488 insanientes
2520 1433 2619 1505 ipsi
2658 1444 2986 1504 spectatores
3041 1437 3179 1490 alter
3227 1453 3324 1507 pro
3378 1441 3579 1506 altera,

1988 1537 2143 1593 quam
2169 1523 2242 1578 illi
2274 1541 2496 1595 quorum
2524 1525 2781 1580 insaniam
2812 1526 2981 1581 insani
3012 1540 3319 1597 provocant,
3349 1531 3440 1585 sed
3482 1532 3583 1586 in-

1987 1613 2244 1669 saniendo
2288 1615 2309 1646 ³
2339 1625 2580 1685 spectare
2607 1616 2932 1672 desiderant.
2966 1618 3243 1686 Quomodo
3268 1636 3394 1692 ergo
3421 1624 3573 1679 sani-

1987 1713 2145 1761 tatem
2172 1707 2316 1776 pacis
2345 1716 2526 1762 tenere
2575 1708 2785 1762 animus
2816 1717 3013 1779 potest,
3056 1711 3145 1782 qui
3192 1712 3475 1769 discordiis
3518 1723 3580 1770 et:

1985 1798 2368 1853 certaminibus
2412 1798 2681 1869 pascitur?
2711 1799 2891 1868 Qualis
2935 1802 3077 1856 enim
3124 1802 3274 1876 cibus
3319 1806 3575 1872 sumitur,

1986 1887 2107 1942 talis
2146 1889 2395 1943 valetudo
2437 1890 2801 1959 consequitur.
2855 1891 3158 1967 Postremo-
3196 1896 3438 1963 quamvis
3486 1899 3574 1953 in-

1985 1991 2113 2031 sana
2154 1980 2342 2050 gaudia
2388 1996 2496 2035 non
2531 1982 2636 2036 sint
2662 1982 2875 2053 gaudia,
2946 1992 3126 2040 tamen
3163 1987 3573 2060 qualiacumque

1985 2072 2108 2136 sint,
2134 2082 2188 2128 et
2213 2070 2601 2143 quantumlibet
2635 2074 2865 2131 delectet
2893 2075 2914 2107 ‘
2935 2076 3189 2146 jactantia
3239 2079 3571 2149 divitiarum,

1984 2176 2038 2215 et
2066 2170 2245 2217 tumor
2270 2163 2552 2229 honorum,
2581 2179 2779 2236 vorago
2825 2165 3163 2237 popinarum,
3193 2179 3248 2225 et
3269 2170 3404 2227 bella
3430 2174 3574 2229 theae

1986 2261 2186 2308 trorum
2219 2254 2258 2320 ⁸,
2311 2263 2365 2310 et
2390 2255 2724 2311 immunditia
2766 2255 3214 2328 fornicationum,
3256 2271 3310 2317 et
3356 2265 3576 2337 prurigo

1985 2345 2343 2414 thermarum;
2391 2348 2564 2404 aufert
2617 2350 2797 2404 omnia
2862 2351 2963 2407 ista
3029 2369 3132 2408 una
3190 2353 3467 2426 febricula,
3518 2368 3577 2417 et

1982 2437 2155 2493 adhuc
2182 2440 2481 2497 viventibus
2508 2450 2672 2497 totam
2704 2442 2890 2499 falsam
2934 2444 3314 2504 beatitudinem
3357 2451 3572 2507 subtra-

1983 2529 2060 2585 hit
2086 2549 2097 2584 :
2130 2541 2367 2588 remanet
2389 2533 2562 2589 inanis
2586 2542 2640 2591 et
2668 2536 2846 2592 saucia
2872 2539 3222 2605 conscientia,
3249 2542 3412 2598 Deum
3439 2560 3567 2602 sen~

1981 2638 2103 2678 sura
2121 2624 2382 2695 judicem,
2425 2643 2582 2698 quem
2612 2628 2790 2684 noluit
2836 2628 3034 2687 habere
3072 2633 3384 2703 custodem;
3411 2647 3464 2692 et
3490 2638 3570 2693 in-

1981 2726 2202 2773 ventura
2248 2733 2496 2790 asperum
2540 2721 2845 2790 Dominum,
2888 2740 3048 2796 quem
3097 2727 3306 2784 dulcem
3356 2740 3569 2803 patrem

1980 2826 2222 2882 quaerere
2259 2820 2313 2868 et
2337 2827 2518 2870 amare
2543 2817 2884 2888 contempsit.
2916 2818 2995 2874 Tu
3022 2830 3202 2877 autem
3232 2824 3355 2894 quia
3384 2842 3568 2885 veram

1981 2907 2216 2977 requiem
2243 2923 2362 2978 quae
2390 2916 2512 2979 post
2550 2909 2689 2966 hanc
2725 2910 2886 2967 vitam
2928 2911 3249 2972 Christianis
3291 2919 3565 2990 promitti-

1982 3004 2065 3050 tur
2103 2997 2320 3068 quaeris,
2349 2999 2510 3054 etiam
2542 2998 2630 3056 hic
2673 3017 2791 3058 eam
2842 3004 2982 3059 inter
3032 3007 3401 3065 amarissimas
3445 3013 3570 3067 vita:

1978 3083 2137 3157 hujus
2160 3089 2433 3145 molestias
2453 3106 2671 3147 suavem
2688 3092 3086 3166 jucundamque
3103 3099 3361 3167 gustabis,
3385 3102 3429 3156 si
3448 3104 3567 3171 ejus

1978 3177 2068 3249 qui
2098 3194 2214 3233 eam
2248 3180 2493 3249 promisit
2524 3191 2790 3253 praecepta
2814 3183 3088 3241 dilexeris.
3113 3187 3233 3243 Cito
3262 3190 3404 3244 enim
3434 3207 3563 3247 sen-

1978 3268 2078 3323 ties
2097 3268 2360 3326 dulciores
2389 3285 2508 3327 esse
2530 3272 2749 3343 justitim
2778 3272 2984 3331 fructus
3037 3293 3195 3348 quam
3236 3279 3550 3351 iniquitatis,

1977 3368 2030 3415 et
2051 3361 2225 3415 verius
2254 3372 2415 3433 atque
2449 3364 2737 3434 jucundius
2765 3367 3001 3438 gaudere
3027 3368 3302 3427 hominem
3326 3371 3393 3429 de
3415 3374 3555 3431 bona

1976 3453 2300 3509 conscientia
2332 3455 2471 3510 inter
2507 3457 2797 3525 molestias,
2832 3476 2991 3530 quam
3013 3461 3081 3518 de
3112 3463 3247 3518 mala
3284 3466 3423 3521 inter
3468 3468 3565 3524 de-

1976 3545 2151 3612 licias;
2182 3547 2303 3616 quia
2336 3563 2439 3604 non
2463 3549 2540 3603 sic
2565 3551 2759 3605 venisti
2786 3553 3037 3624 conjungi
3060 3554 3319 3613 Ecclesia:
3350 3558 3469 3627 Dei,
3501 3570 3563 3619 ut

1975 3652 2036 3692 ex
2069 3654 2130 3693 ea
2156 3641 2505 3709 temporalem
2536 3641 2769 3711 aliquam
2797 3644 3083 3700 utilitatem
3113 3649 3375 3717 requiras.

2044 3728 2265 3785 CAPUT
2283 3729 2609 3786 XVII.-—-26.
2630 3732 3136 3807 Reprehenditurjqui
3156 3740 3272 3793 velit
3293 3742 3557 3798 esseCltri-

1973 3820 2166 3875 stianus
2195 3831 2402 3892 prapter
2430 3825 2746 3876 commodum
2776 3825 3070 3895 temporale.
3103 3826 3421 3885 Christianus
3444 3848 3559 3888 vere

1974 3923 2064 3978 est,
2087 3914 2172 3982 qui
2193 3913 2484 3983 religionem
2508 3915 2775 3983 proﬁtetur
2820 3926 3023 3987 prapter
3046 3920 3270 3988 futuram
3313 3924 3555 3991 requiem.

1973 4001 2176 4059 Transit
2222 4006 2291 4058 ad
2341 4006 2681 4061 narrationem
2727 4023 2900 4062 eorum
2940 4025 3055 4080 quae
3120 4013 3370 4068 credenda
3416 4030 3554 4075 sunt.

1975 4091 2141 4149 Filius
2162 4092 2255 4148 Dei
2280 4111 2369 4149 cur
2397 4096 2546 4152 homo
2575 4101 2759 4169 factus.
2805 4098 2940 4155 Sunt
2964 4100 3107 4156 enim
3138 4104 3227 4174 qui
3272 4115 3558 4176 pr0ptcrea

1973 4187 2156 4242 volunt
2178 4202 2299 4243 esse
2325 4188 2626 4257 christiani,
2657 4201 2715 4247 ut
2743 4201 2834 4247 aut
2854 4207 3262 4263 promereantur
3309 4197 3556 4259 homines

1972 4278 2210 4349 aquibus
2248 4282 2558 4350 temporalia
2595 4284 2875 4340 commoda
2919 4296 3252 4357 exspectant,
3306 4300 3396 4347 aut
3433 4294 3557 4364 quia

1973 4371 2240 4427 oll‘enderc
2260 4372 2448 4428 nolunt
2479 4389 2610 4444 quos
2642 4375 2853 4433 timent.
2887 4376 2995 4433 Sed
3027 4378 3112 4434 isti
3139 4381 3352 4451 reprobi
3378 4393 3503 4439 sunt
3535 4403 3550 4439 :

1972 4472 2025 4518 et
2054 4464 2097 4518 si
2124 4464 2191 4519 ad
2216 4472 2424 4536 tempus
2453 4480 2546 4520 cos
2569 4476 2742 4534 portat
2763 4466 3022 4537 Ecclesia,
3060 4471 3199 4526 sicut
3224 4486 3347 4527 arca
3377 4489 3557 4545 usque

1972 4555 2038 4611 ad
2068 4564 2275 4627 tempus
2301 4557 2661 4612 ventilationis
2694 4560 2898 4627 paleam
2941 4562 3187 4627 sustinet;
3242 4564 3288 4618 si
3333 4580 3439 4620 non
3492 4583 3552 4622 se

1972 4648 2322 4715 correxerint,
2387 4656 2441 4702 et
2493 4657 2711 4717 propter
2754 4648 2986 4705 futuram
3030 4653 3412 4721 sempiternam
3472 4674 3555 4713 re-

1971 4739 2149 4809 quiem
2177 4736 2450 4792 christiani
2482 4750 2598 4791 esse
2618 4738 2899 4807 coeperint,
2932 4738 2987 4792 in
3010 4741 3117 4796 line
3138 4746 3545 4812 separabuntur.

1972 4831 2079 4887 Nec
2110 4832 2206 4886 sibi
2235 4829 2578 4891 blandiantur
2598 4830 2738 4901 quod
2767 4831 2818 4886 in
2857 4847 2977 4888 area
3006 4843 3230 4903 possunt
3266 4851 3385 4892 esse
3423 4854 3547 4896 cum

1973 4928 2238 4983 frumento
2262 4925 2353 4981 Dei
2385 4943 2398 4977 :
2428 4925 2550 4996 quia
2578 4925 2629 4980 in
2655 4924 2850 4981 horreo
2871 4941 2989 4981 cum
3014 4926 3106 4981 illo
3121 4943 3227 4983 non
3256 4938 3431 4996 erunt,
3451 4933 3548 4989 sed

1974 5018 2082 5091 igni
2108 5018 2287 5074 debito
2314 5018 2648 5074 destinantur
2669 5018 2690 5050 θ
2720 5017 2932 5092 (Matth.
2956 5034 3035 5088 nt,
3067 5019 3179 5093 12).
3219 5020 3354 5078 Sunt
3389 5025 3551 5082 etiam

2037 5175 2221 5244 ξιον..
2244 5168 2337 5220 sint
2358 5168 2550 5240 athleta:
2572 5170 2654 5234 qui
2684 5171 3003 5241 appellantur.
3030 5181 3085 5224 Af.
3104 5172 3329 5239 plerique
3368 5192 3426 5230 ac
3448 5195 3556 5233 me.

1973 5233 2106 5283 lioris
2127 5239 2253 5281 notae
2287 5240 2414 5283 Mss.
2456 5238 2595 5281 sume
2629 5246 2713 5283 aut
2754 5231 3075 5283 appellantur.
3102 5244 3201 5283 Vox
3226 5248 3332 5283 erat
3355 5241 3553 5283 forsitan

1974 5240 2106 5284 tiaris
2127 5240 2253 5281 notae
2287 5240 2414 5291 Mss,
2456 5240 2595 5281 smtw
2629 5240 2713 5295 qui
2754 5240 3075 5297 appeuantnr.
3102 5244 3201 5287 Vox
3226 5248 3332 5291 erat
3355 5241 3557 5294 forsitan

1968 5295 2099 5368 apud
2123 5293 2256 5368 Afros
2274 5299 2392 5368 tunc
2430 5292 2656 5368 vu'lgarjs.
2686 5301 2753 5368 ln_
2771 5296 3064 5368 Corbeiensi
3089 5298 3257 5368 codice
3293 5304 3556 5368 scribitur,

1973 5355 2161 5408 sinthte.
2190 5362 2239 5402 tn
2272 5362 2376 5403 MSS.
2401 5355 2686 5425 quibusdam
2709 5356 2904 5429 etapud
2928 5366 3025 5407 Am.
3050 5355 3263 5424 legitur,
3308 5361 3404 5413 sint
3426 5355 3556 5429 (equi

1973 5416 2294 5484 appellantur.
2320 5416 2452 5484 apud
2469 5422 2563 5477 Er.,
2578 5423 2673 5467 sint
2691 5431 2771 5481 qui
2794 5418 3116 5484 appellantur.

2319 5450 3151 5542 ἒῖὤιῖιὶὁὶ⁰ιιῖὲέἶζῖἴ¹ἕι¹ἷὲἓεᾜῖᾝιῑ
3168 5484 3334 5547 plures
3354 5491 3481 5547 ιιεε..
3506 5489 3554 5539 ct

1974 5554 2301 5654 ’πίηξῖξςωιῗιέε
2342 5608 2397 5651 At
2419 5601 2553 5667 editi,
2578 5613 2856 5667 provocant,
2885 5611 2930 5657 et
2961 5605 3260 5667 insaniam-

2040 5667 2062 5738 ξ
2094 5673 2170 5738 ter.
2198 5672 2250 5738 et
2272 5671 2401 5738 Lqu
2426 5661 2673 5738 delectent.
2700 5661 2942 5738 atumet
2962 5664 3332 5738 Mss.,.delec.tet.

2038 5730 2060 5797 if
2092 5729 2165 5777 sic
2187 5736 2285 5797 Am:
2307 5731 2381 5797 Er.
2409 5732 2461 5797 et.
2474 5724 2695 5797 plerique
2712 5736 2820 5780 Mss.
2846 5736 2907 5797 At.
2918 5736 3051 5790 ωιτη
3069 5724 3414 5797 ἐὴεαιζὶφναιιι

2041 5792 2226 5863 “tam,
2250 5786 2634 5863 deﬁniebantur;
2650 5797 2708 5841 Αῑ
2740 5799 2842 5842 Am.
2879 5796 2955 5841 ru‘.
2981 5786 3161 5843 et'uss.
3203 5790 3387 5846 habent
3432 5808 3559 5859 prum

1980 5854 2108 5906 senti
2134 5859 2373 5915 tempore,
2397 5850 2710 5902 destinantur.

2979 5937 3243 6015 (Ome)
