4124 6206
541 349 643 409 331

541 468 629 523 alii
657 465 878 522 meliore
905 458 1115 531 quidem
1157 468 1271 527 spe,
1305 452 1401 509 sed
1442 461 1617 507 tamen
1646 465 1752 504 non
1794 446 2002 502 minore
2030 457 2128 514 pe-

543 560 729 622 riculo,
753 558 839 626 qui
860 555 968 624 jam
1018 552 1185 606 Deum
1214 547 1426 613 timent,
1455 553 1511 600 et
1560 559 1669 598 non
1708 538 1934 595 irrident
1975 533 2125 590 chri-

545 654 774 707 stianum
811 660 1025 708 nomen,
1074 657 1171 698 nec
1201 639 1452 696 simulato
1492 636 1657 692 corde
1708 634 1913 688 intrant
1940 626 2128 684 Eccle-

544 745 677 799 siam
704 742 814 806 Dei,
842 737 935 793 sed
963 738 1015 791 in
1038 736 1139 790 ista
1154 734 1262 789 vita
1286 740 1599 802 exspectant
1618 726 1954 792 felicitatem,
1972 731 2030 778 ut
2047 720 2129 778 fe-

542 836 756 891 liciores
774 834 879 887 sint
904 831 955 885 in
970 831 1128 885 rebus
1154 827 1402 892 terrenis,
1431 839 1588 896 quam
1612 822 1685 877 illi
1713 820 1801 891 qui
1819 834 1922 875 non
1948 814 2131 873 colunt

545 926 715 981 Deum
747 942 760 979 :
792 923 1017 993 ideoque
1041 936 1163 975 cum
1189 918 1420 973 viderint
1448 914 1709 986 quosdam
1744 912 2036 967 sceleratos
2076 912 2133 962 et

546 1016 741 1086 impios
770 1014 867 1089 ista
893 1012 1073 1068 saeculi
1092 1013 1108 1045 ¹
1140 1009 1501 1081 prosperitate
1531 1005 1735 1076 pollere
1763 1011 1817 1057 et
1841 1000 2139 1066 excellere,

552 1125 611 1167 se
640 1118 816 1165 autem
846 1107 929 1162 vel
951 1106 1126 1160 minus
1153 1103 1350 1159 habere
1376 1100 1477 1156 ista
1508 1101 1591 1155 vel
1616 1097 1885 1160 amittere,
1917 1101 2131 1165 pertur-

547 1202 741 1256 bantur
770 1209 1019 1270 tanquam
1043 1198 1157 1251 sine
1184 1210 1343 1251 causa
1366 1195 1535 1249 Deum
1583 1190 1761 1246 colant
1785 1231 1801 1258 ,
1828 1196 1882 1244 et
1918 1186 2071 1241 facile
2101 1199 2133 1238 a

547 1296 655 1351 ﬁde
676 1293 943 1350 deficiunt.

616 1388 708 1441 27.
741 1388 840 1455 Qui
862 1392 1038 1440 autem
1064 1390 1283 1453 propter
1317 1377 1703 1435 beatitudinem
1748 1371 2133 1443 sempiternam

546 1488 597 1534 et
625 1488 933 1549 perpetuam
966 1476 1226 1546 requiem,
1269 1488 1388 1543 quze
1413 1480 1535 1542 post
1563 1470 1700 1522 hanc
1738 1467 1904 1520 vitam
1933 1463 2132 1517 sanctis

548 1573 722 1627 futura
752 1570 1096 1641 promittitur,
1119 1567 1233 1622 vult
1267 1565 1383 1620 ﬁeri
1425 1563 1769 1627 Christianus,
1810 1566 1869 1612 ut
1905 1571 2012 1611 non
2046 1561 2135 1608 eat

549 1665 604 1719 in
654 1665 827 1733 ignem
883 1671 1141 1715 mternum
1188 1673 1308 1712 cum
1375 1654 1607 1716 diabolo,
1664 1651 1756 1704 sed
1806 1649 1859 1702 in
1912 1660 2130 1716 regnum

548 1763 807 1809 aeternum
838 1753 998 1806 intret
1022 1765 1144 1804 cum
1168 1747 1381 1802 Christo
1401 1743 1609 1816 (Matth.
1642 1757 1763 1807 xxv,
1788 1740 1878 1800 54,
1897 1739 1986 1802 41,
2015 1734 2128 1806 46),

551 1862 675 1902 vere
707 1847 817 1914 ipse
842 1843 1164 1899 christianus
1189 1848 1291 1901 est,
1319 1848 1507 1891 cautus
1550 1837 1601 1888 in
1634 1831 1779 1886 omni
1817 1828 2133 1893 tentatione,

548 1953 617 1993 ne
646 1935 915 2007 prosperis
947 1934 1105 1988 rebus
1134 1934 1529 1997 corrumpatur,
1554 1933 1609 1979 et
1646 1940 1713 1978 ne
1744 1921 2015 1990 frangatur
2043 1916 2135 1970 ad-

550 2028 743 2089 versis,
768 2035 820 2080 et
864 2026 915 2078 in
948 2021 1270 2079 abundantia
1320 2019 1583 2074 bonorum
1630 2025 1968 2068 terrenarum
2017 2024 2134 2062 mo-

550 2118 734 2175 destus
773 2125 826 2172 et
869 2126 1194 2184 temperans,
1230 2119 1282 2166 et
1333 2110 1385 2164 in
1431 2104 1858 2162 tribulationibus
1894 2099 2047 2155 fortis
2084 2106 2138 2153 et

551 2212 779 2283 patiens.
827 2209 929 2277 Qui
972 2208 1131 2262 etiam
1170 2202 1500 2275 proficiendo
1539 2200 1817 2270 perveniet
1859 2196 1925 2250 ad
1974 2193 2134 2247 talem

555 2304 818 2366 animum,
852 2308 912 2355 ut
939 2300 1057 2369 plus
1105 2305 1251 2351 amet
1278 2295 1466 2359 Deum,
1513 2306 1670 2361 quam
1708 2290 1890 2342 timeat
1934 2285 2138 2356 gehen-

550 2413 676 2452 nam
711 2415 723 2450 :
756 2404 812 2450 ut
837 2391 1045 2449 etiamsi
1074 2390 1216 2444 dicat
1244 2387 1318 2442 illi
1358 2387 1522 2452 Deus,
1576 2382 1739 2437 L'tere
1771 2378 1978 2434 deliciis
2022 2392 2139 2433 car-

552 2491 765 2547 nalibus
809 2485 1171 2558 sempiternis,
1206 2492 1261 2537 et
1310 2488 1565 2552 quantum
1602 2485 1753 2547 potes
1801 2488 1984 2545 pecca,
2040 2486 2141 2526 nec

552 2581 823 2648 morieris,
852 2594 951 2634 nec
973 2578 1026 2634 in
1053 2576 1355 2646 gehennam
1382 2570 1635 2635 mitteris,
1666 2567 1758 2622 sed
1787 2581 1998 2621 mecum
2024 2571 2140 2617 tan-

552 2671 829 2727 tummodo
850 2686 959 2724 non
990 2670 1131 2733 eris;
1161 2665 1527 2728 exhorrescat,
1560 2669 1613 2715 et
1639 2659 1859 2714 omnino
1886 2672 1991 2711 non
2016 2670 2137 2724 pec-

556 2773 658 2828 cet,
695 2777 797 2816 non
821 2762 929 2829 jam
962 2769 1018 2813 ut
1048 2760 1099 2811 in
1146 2757 1274 2810 illud
1313 2754 1455 2826 quod
1506 2751 1721 2806 timebat
1766 2764 1870 2805 n0n
1920 2746 2137 2813 incidat,

554 2854 649 2910 sed
675 2869 743 2908 ne
773 2852 923 2906 illum
945 2865 1101 2921 quem
1125 2848 1206 2903 sic
1233 2856 1376 2902 amat
1398 2844 1636 2901 offendat
1663 2863 1675 2898 :
1714 2844 1764 2897 in
1794 2858 1899 2913 quo
1922 2856 2025 2895 uno
2060 2848 2141 2895 est

554 2946 769 3017 requies
814 2945 857 3010 9,
890 2957 1046 3014 quam
1070 2940 1256 2996 oculus
1283 2955 1391 2994 non
1418 2938 1567 3006 vidit,
1600 2952 1698 2991 nec
1745 2935 1889 2989 auris
1919 2932 2137 2999 audivit,

560 3054 663 3095 nec
688 3039 740 3093 in
767 3052 860 3092 cor
886 3034 1119 3090 hominis
1154 3031 1418 3099 ascendit,
1451 3046 1607 3102 quam
1650 3028 1971 3101 praeparavit
1998 3026 2143 3083 Deus

557 3127 896 3199 diligentibus
918 3140 1037 3181 eum
1070 3122 1113 3197 (ι
1141 3122 1258 3179 Cor.
1280 3139 1335 3189 ιι,
1369 3121 1448 3192 9).

627 3221 717 3276 28.
746 3221 821 3275 De
866 3235 969 3290 qua
1005 3217 1190 3288 requie
1235 3215 1501 3286 significat
1540 3214 1560 3245 ³
1609 3212 1904 3283 Scriptura,
1958 3219 2141 3266 etnon

557 3321 721 3379 tacet,
754 3310 894 3382 quod
924 3310 991 3363 ab
1014 3310 1163 3363 initio
1191 3306 1379 3362 mundi
1402 3322 1470 3361 ex
1498 3321 1602 3376 quo
1632 3305 1759 3360 fecit
1788 3306 1927 3358 Deus
1947 3303 2143 3358 malum

557 3414 611 3460 et
639 3413 834 3458 terram
860 3408 913 3455 et
937 3399 1115 3454 omnia
1146 3413 1265 3468 quae
1286 3398 1341 3452 in
1369 3396 1446 3451 eis
1475 3405 1617 3461 sunt,
1658 3410 1753 3449 sex
1791 3394 1983 3449 diebus
2014 3408 2143 3463 ope-

555 3501 707 3549 ratus
728 3502 827 3556 est,
862 3500 916 3544 et
944 3489 1172 3561 septimo
1197 3488 1283 3542 die
1304 3487 1569 3558 requievit
1592 3486 1747 3557 (Gen.
1777 3502 1812 3547 ι,
1845 3496 1890 3539 et
1914 3502 1971 3551 ιι,
2004 3486 2141 3556 1ο5).

558 3584 777 3641 Peterat
803 3583 943 3637 enim
967 3581 1305 3650 omnipotens
1330 3587 1386 3635 et
1426 3592 1534 3633 uno
1575 3586 1848 3632 momento
1890 3577 2144 3646 temporis

561 3677 740 3733 omnia
772 3675 966 3730 facere.
996 3672 1109 3728 Non
1140 3680 1317 3727 autem
1358 3670 1711 3732 laboraverat,
1731 3680 1791 3725 ut
1836 3669 2142 3739 requiesce-

557 3778 664 3835 ret,
698 3765 927 3839 quando,
962 3764 1128 3833 Dixit,
1156 3774 1201 3819 et
1231 3763 1367 3834 facta
1396 3770 1513 3818 sunt
1536 3777 1554 3826 ;
1584 3760 1861 3828 mandavit,
1887 3773 1931 3814 et
1976 3770 2146 3814 creata

562 3870 681 3916 sunt
705 3857 879 3932 (Psal.
904 3872 1125 3921 CXLVIII,
1161 3853 1217 3927 5)
1250 3873 1262 3908 :
1296 3853 1390 3910 sed
1414 3863 1470 3910 ut
1500 3851 1844 3923 significaret,
1869 3851 1990 3923 quia
2026 3859 2148 3922 post

566 3967 661 4007 sex
688 3958 875 4005 natales
904 3948 1089 4004 mundi
1113 3946 1288 4017 hujus,
1319 3945 1544 4016 septima
1579 3952 1736 3999 aetate
1776 3952 2026 4014 tanquam
2064 3957 2148 3998 se-

560 4045 730 4116 ptimo
751 4042 837 4097 die
876 4041 1213 4111 requieturus
1256 4046 1339 4092 est
1369 4038 1421 4091 in
1442 4036 1643 4092 sanctis
1688 4035 1833 4103 suis;
1891 4035 2015 4106 quia
2045 4035 2146 4107 ipsi

563 4139 619 4192 in
650 4136 740 4189 illo
765 4132 1101 4201 requiescent
1132 4139 1252 4200 post
1279 4128 1456 4182 omnia
1483 4128 1625 4182 bona
1650 4142 1833 4196 Opera,
1869 4127 1921 4181 in
1957 4125 2147 4196 quibus

563 4228 615 4284 ei
641 4227 958 4289 servierunt,
988 4238 1105 4292 quae
1149 4222 1262 4290 ipse
1305 4220 1358 4274 in
1403 4219 1507 4273 illis
1554 4228 1822 4289 operatur,
1854 4219 1943 4289 qui
1968 4226 2140 4285 vocat,

562 4330 619 4378 ct
648 4320 908 4391 prceeipit,
939 4327 992 4373 et
1019 4300 1227 4371 delicta.
1252 4315 1519 4383 praeterita
1548 4313 1788 4379 dimittit,
1820 4322 1873 4367 et
1893 4312 2150 4383 justificat

563 4426 686 4469 eum
718 4409 807 4482 qui
833 4408 979 4480 prius
997 4416 1117 4462 erat
1147 4404 1359 4475 impius.
1407 4404 1557 4460 Sicut
1597 4411 1776 4459 autem
1822 4419 1944 4458 cum
1974 4402 2050 4458 illi
2080 4419 2147 4461 ex

564 4503 708 4560 dono
732 4502 847 4573 ejus
874 4500 1011 4555 bene
1036 4505 1345 4569 operantur,
1370 4505 1515 4551 recte
1535 4494 1729 4551 dicitur
1758 4495 1869 4566 ipse
1895 4496 2105 4564 Operari
2130 4512 2145 4562 ;

528 4582 641 4662 isic
665 4611 785 4652 cum
811 4594 863 4649 in
890 4592 984 4648 illo
1022 4586 1426 4662 requiescunt‘,
1469 4599 1618 4643 recte
1664 4586 1859 4643 dicitur
1902 4585 2016 4655 ipse
2056 4601 2142 4641 re-

565 4689 863 4761 quiescere.
895 4685 1027 4741 Nam
1053 4682 1195 4756 quod
1241 4683 1309 4740 ad
1331 4682 1503 4753 ipsum
1526 4681 1734 4747 attinet,
1779 4678 2147 4750 pausationem

566 4798 674 4838 non
704 4781 913 4853 qurerit,
960 4779 1084 4850 quia
1116 4777 1355 4834 laborem
1394 4790 1502 4829 non
1549 4773 1731 4828 sentit.
1780 4770 1929 4827 Fecit
1969 4779 2151 4826 autem

565 4875 741 4931 omnia
771 4889 868 4944 per
894 4870 1130 4927 Verbum
1162 4883 1339 4933 suum;
1370 4875 1425 4922 et
1445 4863 1681 4920 Verbum
1705 4862 1820 4935 ejus
1850 4864 1962 4934 ipse
2000 4862 2149 4918 Chri-

563 4974 697 5031 stus,
723 4967 774 5019 in
806 4978 914 5036 quo
962 4961 1309 5031 requiescunt
1347 4957 1533 5029 Angeli
1569 4966 1624 5013 et
1660 4970 1849 5012 omnes
1900 4956 2149 5011 caelestes

563 5056 897 5112 mundissimi
928 5054 1146 5127 spiritus
1192 5053 1246 5109 in
1284 5060 1468 5106 sancto
1504 5050 1737 5106 silentio.
1766 5049 1937 5129 Homo
1970 5057 2147 5104 autem

561 5156 786 5220 peccato
812 5147 992 5216 lapsus
1011 5144 1243 5216 perdidit
1257 5142 1498 5213 requiem
1520 5156 1679 5212 quam
1700 5139 1928 5197 habebat
1954 5140 2005 5196 in
2031 5140 2147 5211 ejus

564 5240 861 5303 divinitate,
890 5246 943 5292 et
971 5237 1158 5308 recipit
1182 5251 1300 5293 eam
1327 5233 1353 5268 ⁸
1378 5236 1436 5291 in
1454 5234 1569 5304 ejus
1595 5233 1922 5290 humanitate
1952 5250 1966 5292 :
1996 5232 2145 5290 ideo-

563 5346 670 5403 que
707 5338 1006 5400 opportuno
1055 5337 1313 5397 tempore,
1339 5341 1447 5398 quo
1495 5326 1609 5395 ipse
1649 5325 1852 5382 sciebat
1894 5335 2147 5397 oportere

563 5424 704 5492 ﬁeri,
737 5423 896 5479 homo
923 5420 1095 5477 factus
1133 5426 1188 5475 et
1212 5418 1280 5475 de
1331 5419 1528 5476 femina
1565 5428 1720 5476 natus
1763 5430 1864 5477 est.
1914 5421 1960 5477 A
1984 5435 2147 5479 carne

625 5536 645 5568 ι
679 5541 779 5585 Am.
802 5541 877 5584 Er.
902 5539 953 5583 et
968 5538 1075 5582 tres
1095 5538 1222 5585 Mss..
1245 5530 1487 5583 adtentari.

625 5598 647 5665 ξ
678 5567 877 5647 ἓῖὲὶῖἔεῖ
1506 5598 1575 5645 σεε
1596 5594 1801 5665 rentes

624 5659 647 5724 ξ
674 5666 773 5707 Am.
790 5664 862 5707 Er.
879 5665 932 5707 et
950 5655 1460 5724 tereomnesmmya
1471 5668 1640 5724 quare

624 5719 649 5752 δ
681 5727 748 5769 tta
768 5726 875 5768 Mss.
912 5726 967 5769 Αι
988 5718 1124 5779 editi,
1145 5715 1189 5769 si
1435 5714 1755 5779 γεὶιαίεεοωᾶ.

621 5781 647 5818 ³
678 5778 1533 5843 smmum,an

1388 336 1475 391 DE
1512 325 2058 390 CATECIIIZANDIS
2096 323 2411 393 RUDIBUS,
2450 323 2507 381 S.
2550 321 2916 381 AUGUSTlNl

3704 323 3810 384 333

2236 441 2431 513 quippe
2456 440 2806 496 contaminari
2836 454 2941 493 non
2986 445 3216 508 poterat,
3248 439 3362 508 ipse
3391 453 3606 495 carnem
3637 441 3815 511 potius

2235 532 2602 587 mundaturus.
2635 530 2809 601 Ipsum
2836 532 3036 600 antiqui
3064 530 3231 587 sancti
3259 540 3537 586 venturum
3568 530 3619 586 in
3663 543 3817 588 reve-

2237 626 2436 680 latione
2480 624 2709 695 Spiritus
2753 632 3139 694 cognoverunt,
3170 634 3223 680 et
3255 625 3733 694 prophetaverunt;
3764 633 3820 682 et

2237 718 2314 775 sic
2342 718 2475 774 salvi
2515 718 2638 774 facti
2690 729 2813 773 sunt
2838 718 3107 774 credendo
3152 720 3278 789 quia
3324 720 3524 784 veniet,
3556 720 3693 775 sicut
3721 733 3819 774 nos

2237 814 2369 870 salvi
2398 814 2659 869 efficimur
2695 812 2962 869 credendo
3004 814 3128 883 quia
3160 814 3303 868 venit
3334 831 3346 866 :
3377 822 3436 867 ut
3479 813 3820 884 diligeremus

2240 907 2426 974 Deum,
2454 907 2643 978 quisic
2671 921 2767 960 nos
2811 906 3019 975 dilexit,
3064 915 3127 961 tit
3173 908 3386 961 unicum
3422 905 3614 962 Filium
3664 922 3817 961 suum

2239 998 2493 1065 mitteret,
2520 997 2607 1068 qui
2628 996 2919 1051 humilitate
2935 998 2950 1028 ¹
2995 1006 3189 1052 nostra:
3211 997 3546 1052 mortalitatis
3565 996 3779 1052 indutus
3803 1038 3819 1064 ,

2240 1098 2294 1144 et
2321 1104 2350 1143 a
2378 1087 2746 1158 peccatoribus
2774 1097 2829 1142 et
2852 1102 2949 1158 pro
2970 1087 3337 1158 peccatoribus
3359 1097 3671 1142 moreretur.
3702 1086 3827 1142 Jam

2241 1182 2383 1238 enim
2408 1182 2536 1236 olim
2562 1180 2628 1235 ab
2652 1180 2955 1235 ineuntibus
2983 1179 3195 1234 smculis
3225 1180 3463 1249 mysterii
3505 1179 3665 1249 hujus
3689 1178 3815 1232 alti-

2241 1274 2370 1330 tudo
2393 1271 2721 1344 prtefigurari
2748 1272 3200 1343 prmnuntiarique
3231 1286 3339 1326 non
3371 1280 3566 1327 cessat.

2310 1364 2535 1421 CAPUT
2564 1362 2747 1419 XVIII.
2770 1363 2947 1418 ——29.
2990 1362 3070 1417 De
3098 1362 3313 1417 hominis
3340 1371 3383 1417 et
3412 1379 3579 1417 rerum
3605 1362 3824 1417 alim-unt

2240 1458 2490 1512 creatione
2515 1456 2636 1527 quid
2663 1454 2987 1510 credendum.
3020 1453 3190 1507 Homo
3231 1455 3284 1507 in
3312 1453 3550 1525 paradiso
3576 1454 3824 1508 constitu-

2241 1558 2341 1603 tus.
2371 1548 2473 1603 Cur
2515 1555 2710 1602 creatus
2737 1547 2825 1617 qui
2864 1547 3215 1618 prwscicbatur
3259 1554 3580 1617 peccaturus.
3626 1543 3825 1615 Lapsus

2242 1640 2456 1694 hominis
2500 1648 2547 1692 et
2599 1639 2766 1709 angeli
2812 1638 2941 1691 nihil
2987 1637 3094 1692 Deo
3140 1639 3326 1692 nocuit.
3379 1638 3643 1707 Quoniam
3687 1637 3826 1693 Deus

2242 1732 2598 1801 omnipotens,
2628 1741 2683 1785 et
2708 1730 2880 1785 bonus
2914 1738 2968 1784 et
2983 1731 3158 1800 justus
3188 1740 3242 1786 et
3280 1730 3605 1799 misericors,
3634 1731 3725 1802 qui
3751 1728 3820 1786 fe-

2242 1825 2315 1881 cit
2346 1825 2521 1879 omnia
2549 1823 2709 1890 bona,
2748 1824 2861 1878 sive
2900 1838 3088 1894 magna
3126 1824 3242 1879 sive
3270 1839 3457 1894 parva,
3481 1824 3594 1880 sive
3621 1838 3829 1880 summa

2243 1916 2356 1970 sive
2386 1914 2563 1968 infima
2591 1931 2605 1980 ;
2638 1914 2750 1970 sive
2778 1930 2898 1985 qua:
2918 1914 3183 1983 videntur,
3213 1915 3369 1970 sicuti
3397 1923 3521 1970 sunt
3555 1916 3748 1971 caelum
3776 1922 3830 1970 et

2246 2015 2387 2061 terra
2434 2015 2489 2061 et
2523 2021 2690 2072 mare,
2728 2015 2783 2061 et
2817 2006 2866 2059 in
2894 2005 3034 2060 caelo
3077 2005 3157 2060 sol
3190 2015 3243 2063 et
3270 2006 3415 2072 luna,
3459 2015 3515 2061 et
3547 2014 3737 2061 cetera
3766 2003 3831 2060 si-

2243 2096 2391 2163 dera,
2422 2096 2475 2149 in
2508 2106 2648 2150 terra
2690 2104 2868 2150 autem
2909 2105 2969 2150 et
3011 2094 3145 2150 mari
3183 2094 3403 2152 arbores
3443 2105 3497 2151 et
3535 2095 3753 2151 frutices
3777 2098 3832 2150 et‘

2244 2188 2493 2243 animalia
2524 2203 2633 2242 sum
2657 2189 2915 2258 cujusque
2953 2198 3178 2254 naturae,
3210 2197 3264 2242 et
3289 2188 3466 2243 omnia
3494 2202 3716 2257 corpora
3743 2185 3832 2242 vel

2245 2277 2481 2333 cmlestia
2508 2278 2592 2332 vel
2623 2279 2930 2343 terrestria;
2955 2279 3068 2333 sive
3096 2293 3217 2349 quae
3251 2294 3354 2334 non
3377 2278 3641 2344 videntur,
3671 2274 3831 2333 sicuti

2246 2377 2372 2423 sunt
2396 2368 2613 2438 spiritus
2647 2368 2838 2437 quibus
2866 2383 3090 2438 corpora
3128 2376 3440 2440 vegetautur
3483 2375 3538 2424 et
3564 2365 3832 2424 vivifican-

2249 2466 2333 2512 tur
2361 2477 2372 2512 :
2400 2457 2522 2513 fecit
2550 2468 2604 2513 et
2630 2458 2897 2514 hominem
2923 2458 2989 2514 ad
3018 2459 3303 2531 imaginem
3333 2475 3517 2529 suam;
3561 2470 3619 2516 ut
3641 2468 3830 2532 quem-

2246 2550 2532 2607 admodum
2575 2552 2686 2623 ipse
2713 2568 2806 2621 per
2832 2553 3271 2624 omnipotentiam
3303 2569 3455 2610 suam
3490 2561 3685 2625 praeest
3709 2550 3831 2609 uni-

2245 2659 2415 2699 versze
2452 2652 2729 2710 creaturae,
2773 2646 2849 2701 sic
2888 2645 3050 2702 homo
3092 2663 3184 2718 per
3215 2646 3611 2720 intelligentiam
3654 2658 3829 2714 suam,

2247 2750 2347 2805 qua
2378 2735 2538 2790 etiam
2567 2735 2874 2792 Creatorem
2904 2752 3057 2792 suum
3083 2739 3357 2810 cognoscit
3384 2748 3440 2794 et
3462 2738 3607 2805 colit,
3636 2750 3834 2809 praees-

2247 2835 2329 2882 set
2349 2828 2597 2883 omnibus
2621 2829 2849 2884 terrenis
2881 2830 3221 2885 animalibus.
3251 2829 3401 2887 Fecit
3435 2830 3511 2885 illi
3537 2829 3699 2886 etiam
3732 2826 3830 2884 ad-

2243 2917 2497 2988 jutorium
2543 2918 2837 2975 feminam:
2868 2937 2975 2976 non
3014 2921 3081 2976 ad
3127 2922 3401 2991 carnalem
3444 2920 3834 2993 concupiscen-

2247 3011 2397 3077 tiam,
2426 3012 2855 3083 quandoquidem
2895 3028 2996 3069 nec
3037 3014 3406 3085 corruptibilia
3444 3029 3667 3083 carpam
3706 3021 3835 3069 tunc

2250 3102 2534 3173 habebant,
2574 3115 2859 3177 antequam
2906 3121 2999 3163 eos
3035 3106 3331 3163 mortalitas
3361 3105 3641 3162 invaderet
3674 3119 3836 3178 ptena

2248 3196 2487 3264 peccati;
2527 3195 2623 3251 sed
2666 3206 2723 3251 ut
2763 3196 2987 3252 haberet
3024 3206 3079 3252 et
3118 3199 3199 3252 vir
3244 3197 3471 3269 gloriam
3505 3196 3574 3253 de
3613 3194 3833 3277 femina,

2248 3302 2368 3343 cum
2406 3289 2455 3343 ei
2484 3290 2695 3358 praeiret
2720 3288 2785 3343 ad
2820 3289 2986 3344 Deum
3003 3291 3048 3355 ⁸,
3078 3305 3241 3359 seque
3284 3289 3362 3346 illi
3399 3289 3671 3361 prteberet
3711 3287 3838 3344 imi-

2251 3380 2468 3435 tandum
2507 3381 2557 3435 in
2587 3381 2866 3437 sanctitate
2904 3390 3063 3452 atque
3092 3381 3325 3453 pietate;
3370 3383 3509 3437 sicut
3548 3382 3665 3453 ipse
3693 3386 3842 3439 esset

2248 3472 2416 3544 gloria
2443 3472 2561 3538 Dei,
2589 3486 2709 3527 cum
2737 3471 2853 3542 ejus
2877 3474 3197 3544 sapientiam
3212 3483 3549 3546 sequeretur.

2321 3564 2409 3619 50.
2455 3564 2635 3634 Itaque
2660 3566 2938 3621 constituit
2962 3581 3056 3622 eos
3081 3567 3134 3623 in
3158 3566 3389 3639 quodam
3412 3567 3530 3624 loco
3558 3575 3838 3641 perpetua

2251 3654 2629 3723 beatitudinis,
2677 3673 2836 3727 quem
2887 3659 3119 3728 appellat
3165 3659 3442 3733 Scriptura
3491 3658 3835 3732 paradisum;

2251 3757 2683 3819 prmceptumque
2727 3750 2829 3804 illis
2860 3749 3028 3817 dedit,
3077 3750 3221 3822 quod
3262 3751 3309 3808 si
3351 3768 3459 3811 non
3492 3754 3841 3826 transgreder-

2252 3848 2458 3905 rentur,
2491 3841 2544 3894 in
2572 3841 2660 3896 illa
2685 3856 2899 3914 semper
2925 3843 3339 3901 immortalitatis
3364 3845 3690 3905 beatitudine
3711 3863 3841 3921 per-

2253 3941 2569 3987 manerent:
2598 3933 2842 3989 siautem
2871 3936 3392 4006 transgrederentur,
3415 3938 3674 4011 supplicia
3700 3954 3840 3997 mor-

2256 4024 2473 4079 talitatis
2518 4026 2903 4095 expenderent.
2955 4027 3278 4086 Praesciebat
3316 4039 3496 4088 autem
3551 4031 3691 4089 Deus
3743 4047 3843 4093 eos

2255 4123 2684 4186 transgressurus
2709 4135 2721 4171 :
2748 4118 2845 4174 sed
2880 4127 3058 4176 tamen
3091 4120 3215 4191 quia
3245 4121 3490 4178 conditor
3518 4130 3601 4179 est
3628 4132 3683 4177 et
3709 4121 3844 4178 eﬂ'e-

2255 4212 2372 4259 ctor
2397 4207 2572 4262 omnis
2599 4206 2744 4273 boni,
2788 4209 2956 4278 magis
2981 4223 3077 4264 eos
3104 4208 3245 4277 fecit,
3277 4210 3491 4282 quando
3524 4211 3646 4267 fecit
3665 4220 3720 4266 et
3744 4211 3843 4269 be-

2256 4297 2406 4363 stias,
2447 4306 2504 4352 ut
2542 4298 2787 4368 impleret
2832 4309 3031 4357 terram
3069 4302 3224 4359 bonis
3256 4305 3500 4361 terrenis.
3549 4302 3617 4360 Et
3654 4305 3844 4378 utique

2254 4389 2447 4445 melior
2484 4399 2565 4445 est
2608 4390 2769 4447 homo
2818 4394 2981 4449 etiam
3024 4404 3293 4465 peccator,
3337 4412 3495 4467 quam
3536 4396 3727 4453 bestia.
3769 4397 3845 4456 Et

2255 4490 2579 4551 prceceptum
2601 4483 2744 4552 quod
2768 4499 2873 4539 non
2900 4495 3053 4541 erant
3074 4487 3356 4554 servaturi,
3386 4487 3555 4558 magis
3579 4486 3750 4557 dedit,
3784 4499 3846 4546 ut

2254 4577 2436 4630 essent
2474 4576 2881 4646 inexcusabiles,
2908 4593 3028 4633 cum
3058 4579 3109 4634 in
3135 4594 3228 4634 eos
3251 4578 3526 4635 vindicare
3550 4580 3830 4651 ccepisset.

2254 4666 2521 4737 Quidquid
2559 4670 2701 4724 enim
2728 4669 2890 4725 homo
2927 4671 3137 4739 fecerit,
3169 4670 3491 4728 laudabilem
3522 4672 3576 4729 in
3619 4673 3733 4729 suis
3757 4670 3842 4729 fa-

2254 4760 2361 4815 ctis
2390 4759 2593 4816 invenit
2631 4761 2842 4818 Deum:
2873 4763 2918 4818 si
2941 4772 3089 4819 recte
3118 4764 3304 4835 egerit,
3332 4763 3650 4821 laudabilem
3691 4765 3845 4821 inve-

2254 4851 2334 4906 nit
2375 4866 2471 4922 per
2502 4852 2762 4922 justitiam
2802 4855 3175 4925 prtemiorum;
3219 4855 3265 4912 si
3294 4857 3617 4928 peccaverit,
3659 4856 3846 4913 lauda-

2252 4943 2415 5000 bilem
2452 4944 2655 5001 invenit
2676 4960 2770 5016 per
2790 4947 3053 5017 justitiam
3086 4949 3509 5021 suppliciorum;
3549 4950 3594 5005 si
3626 4958 3845 5020 peccata

2253 5034 2531 5093 confessus
2551 5036 2619 5093 ad
2649 5048 2793 5096 recte
2821 5041 3115 5099 vivendum
3137 5042 3381 5110 redierit,
3400 5038 3720 5097 laudabilem
3758 5043 3846 5098 in-

2253 5127 2399 5182 venit
2443 5142 2539 5199 per
2576 5128 3002 5189 misericordiam
3044 5131 3511 5203 indulgentiarum.
3558 5131 3667 5187 Cur
3714 5147 3848 5203 ergo

2253 5232 2359 5275 non
2380 5217 2580 5274 taceret
2602 5220 2741 5278 Deus
2761 5221 3057 5289 hominem,
3084 5220 3325 5292 quamvis
3351 5236 3472 5277 eum
3499 5231 3846 5293 peccaturum

2251 5321 2634 5384 prmnosceret,
2675 5330 2797 5371 cum
2837 5324 2891 5370 et
2935 5322 3167 5371 stantem
3206 5323 3517 5384 coronaret,
3552 5323 3610 5372 et
3646 5316 3848 5373 caden-

2251 5411 2363 5460 tem
2405 5404 2699 5474 ordinaret,
2746 5413 2805 5461 et
2843 5413 3149 5477 surgentem
3190 5404 3486 5477 adjuvaret,
3534 5422 3748 5479 semper
3787 5417 3849 5466 et

2250 5494 2446 5566 ubique
2485 5495 2602 5567 ipse
2646 5496 2908 5567 gloriosus
2934 5495 3192 5564 bonitate,
3251 5495 3477 5567 iustitia,
3521 5498 3846 5556 clementia?

2249 5587 2481 5643 maxime
2507 5587 2630 5659 quia
2656 5588 2731 5657 {et
2754 5587 2880 5643 illud
2911 5588 3246 5657 praesciebat,
3284 5588 3351 5646 de
3375 5589 3669 5662 propagine
3695 5605 3846 5649 mor-

2313 5727 2332 5796 ξ
2366 5733 2467 5796 5n]-
2494 5731 2546 5796 ξι
2567 5729 2665 5796 εισι
2687 5721 2997 5796 ("immitius

2312 5792 2333 5823 ι
2365 5794 2462 5850 Εικ,
2787 5786 2907 5839 mut
2927 5786 3027 5851 alii,
3047 5787 3320 5842 mit
