4124 6206
305 476 523 532 talitatis
566 473 681 546 ejus
710 473 919 531 futuros
970 482 1203 538 sanctos,
1248 475 1335 544 qui
1381 489 1487 529 non
1532 474 1633 527 sibi
1679 488 1892 543 quaere-

301 581 446 636 rent,
490 568 585 625 sed
608 566 850 624 Creatori
894 580 992 623 suo
1031 567 1252 639 gloriam
1294 566 1504 631 darent,
1536 575 1587 621 et
1628 580 1749 621 cum
1798 581 1892 621 co-

302 660 467 716 lendo
518 660 587 716 ab
630 661 774 715 omni
829 659 1171 729 corruptione
1221 657 1449 725 liberati,
1501 673 1621 713 cum
1677 658 1933 729 Angelis'

304 753 507 808 sanctis
542 764 755 823 semper
780 751 965 808 vivere
1014 761 1069 808 et
1112 751 1267 807 beate
1303 750 1482 806 vivere
1524 752 1897 821 mererentur?

305 843 409 911 Qui
431 843 575 900 enim
605 841 910 898 hominibus
935 841 1081 899 dedit
1111 842 1339 898 liberum
1373 841 1672 909 arbitrium,
1704 850 1762 897 ut
1790 857 1896 897 non

307 935 493 993 servili
517 936 854 1002 necessitate,
900 933 995 990 sed
1021 935 1249 1005 ingenua
1277 933 1549 990 voluntate
1594 934 1762 989 Deum
1800 948 1896 990 co-

306 1029 503 1093 lereut,
527 1026 672 1083 dedit
707 1027 867 1082 etiam
894 1025 1131 1097 Angelis.
1162 1025 1228 1080 Et
1270 1025 1390 1081 ideo
1415 1040 1515 1081 nec
1540 1025 1780 1095 angelus,
1806 1025 1899 1105 qui

308 1133 435 1177 cum
471 1119 745 1191 spiritibus
772 1119 892 1174 aliis
935 1118 1253 1174 satellitibus
1284 1118 1395 1173 suis
1424 1116 1779 1188 superbiendo
1803 1116 1900 1172 de-

311 1207 482 1267 seruit
510 1207 866 1265 obedientiam
888 1207 1006 1275 Dei,
1036 1217 1088 1263 et
1116 1207 1359 1264 diabolus
1382 1207 1549 1263 factus
1570 1218 1672 1274 est,
1701 1208 1901 1279 aliquid
1929 1213 1934 1218 '

311 1299 496 1356 nocuit
518 1298 649 1366 Deo,
680 1298 776 1354 sed
804 1296 906 1354 sibi
936 1315 950 1352 :
984 1298 1134 1353 novit
1173 1299 1315 1354 enim
1357 1298 1494 1354 Deus
1531 1298 1778 1355 ordinare
1804 1298 1900 1355 de-

313 1398 555 1447 serentes
579 1404 638 1446 se
665 1388 872 1444 animas
894 1387 993 1460 (a),
1020 1396 1075 1444 et
1109 1400 1176 1444 ex
1202 1402 1383 1443 carum
1406 1389 1549 1459 justa
1576 1389 1788 1445 miseria
1814 1390 1900 1445 in-

313 1479 538 1538 teriores
580 1487 762 1551 partes
813 1486 1073 1534 creaturae
1118 1492 1230 1533 sua:
1280 1478 1804 1535 convenientissimis
1849 1489 1903 1535 et

316 1568 809 1643 congruentissimis
859 1568 1062 1642 legibus
1114 1566 1441 1624 admiranda:
1487 1569 1902 1639 dispensationis

318 1662 569 1719 ornare‘.
587 1659 770 1732 itaque
797 1674 897 1716 nec
922 1659 1170 1716 diabolus
1194 1660 1390 1732 aliquid
1416 1661 1525 1716 Deo
1552 1662 1750 1727 nocuit,
1780 1661 1901 1732 quia

318 1753 405 1812 vel
424 1753 540 1826 ipse
557 1755 742 1824 lapsus
766 1762 869 1820 est,
898 1752 983 1807 vel
1012 1752 1281 1807 hominem
1310 1750 1519 1807 seduxit
1542 1752 1607 1807 ad
1636 1762 1859 1807 mortem
1885 1770 1898 1806 :

318 1861 420 1905 nec
451 1847 571 1917 ipse
608 1845 770 1902 homo
806 1846 860 1901 in
890 1842 1069 1915 aliquo
1094 1844 1284 1899 minuit
1308 1845 1587 1899 veritatem
1625 1855 1713 1899 aut
1745 1854 1901 1914 pote-

324 1946 515 1997 atatem
550 1947 645 1995 aut
668 1938 973 1995 beatitatem
1006 1938 1030 1969 '
1059 1936 1363 1994 Conditoris
1402 1938 1504 2004 sui,
1545 1939 1664 2008 quia
1691 1939 1904 2010 conjugi

320 2046 429 2090 suae
451 2028 689 2089 seducta:
706 2045 737 2085 a
760 2028 989 2096 diabolo,
1018 2028 1085 2085 ad
1110 2027 1165 2084 id
1200 2030 1340 2099 quod
1369 2028 1508 2083 Deus
1530 2029 1898 2098 prohibuerat,

321 2122 534 2195 propria
583 2121 856 2178 voluntate
906 2119 1196 2177 consensit.
1241 2119 1561 2176 Justissimis
1609 2121 1751 2175 enim
1806 2121 1901 2176 Dei

322 2215 524 2290 legibus
552 2229 744 2273 omnes
768 2212 1004 2270 damnati
1029 2223 1173 2279 sunt,
1209 2212 1318 2268 Deo
1355 2211 1589 2284 glorioso
1615 2228 1709 2282 per
1738 2213 1906 2283 arqui-

322 2311 483 2369 ta'tem
532 2309 804 2379 vindictae,
856 2308 958 2379 ipsi
1006 2306 1346 2379 ignominiosi
1385 2320 1482 2377 per
1524 2306 1905 2376 turpitudinem

322 2394 494 2475 pinnat
525 2394 677 2475 (Gen.
706 2415 766 2468 n,
791 2400 876 2471 tn)
906 2417 921 2454 :
948 2408 1005 2454 ut
1030 2408 1085 2455 et
1110 2398 1269 2454 homo
1298 2411 1327 2452 a
1357 2411 1454 2452 suo
1476 2393 1728 2452 Creatore
1749 2412 1906 2453 aver-

324 2504 414 2552 sus
432 2494 611 2549 victus
641 2490 854 2548 diabolo
878 2488 1217 2555 subderetur,
1249 2498 1303 2543 et
1340 2486 1581 2544 diabolus
1610 2487 1810 2542 homini
1840 2484 1907 2541 ad

328 2583 637 2641 Creatorem
676 2597 833 2638 suum
860 2595 1123 2638 converso
1157 2578 1453 2637 vincendus
1482 2587 1904 2649 proponeretur;

324 2682 381 2730 ut
406 2675 731 2747 quicumque
768 2671 984 2729 diabolo
1024 2686 1198 2743 usque
1240 2671 1294 2730 in
1332 2669 1492 2724 tinem
1520 2670 1901 2735 consentirent,

324 2781 445 2823 cum
472 2764 567 2822 iilo
593 2764 736 2821 irent
760 2764 812 2819 in
841 2772 1040 2819 aeterna
1066 2759 1358 2834 supplicia;
1382 2760 1703 2831 quicumque
1725 2771 1905 2815 autem

325 2854 664 2912 humiiiarcnt
702 2867 766 2910 se
808 2852 938 2920 Deo,
981 2863 1036 2908 et
1073 2865 1169 2922 per
1215 2849 1331 2922 ejus
1370 2850 1593 2921 gratiam
1636 2849 1908 2905 diabolum

323 2945 617 3011 vincerent,
647 2953 847 3000 mterna
884 2944 1100 3014 praemia
1122 2950 1478 2997 mererentur.

388 3032 622 3095 CAPUT
655 3033 805 3091 XIX.
832 3033 1015 3089 —-5i.
1059 3031 1127 3087 In
1169 3030 1401 3086 Ecclesia
1443 3032 1559 3086 boni
1593 3042 1637 3087 et
1674 3033 1813 3097 mali,
1853 3033 1909 3087 in

328 3129 428 3199 ﬁne
460 3125 751 3199 separandi.
783 3124 1020 3181 Civitates
1050 3123 1167 3178 dum
1193 3124 1255 3177 ab
1278 3122 1424 3177 initio
1452 3124 1646 3193 generis
1680 3123 1905 3176 humani.

328 3218 584 3273 Diluvium
619 3222 669 3272 et
695 3222 1219 3270 arcasacramentum.
1250 3210 1330 3267 De
1348 3211 1636 3266 Abrahamo
1669 3221 1717 3266 et
1739 3210 1911 3267 Israe-

328 3310 461 3365 litico
502 3308 714 3381 populo.
765 3306 968 3361 Horum
1013 3305 1151 3359 dicta
1195 3314 1244 3359 et
1284 3307 1439 3377 facta,
1487 3304 1751 3375 prophetia
1789 3305 1906 3375 fuit.

326 3396 503 3471 Neque
549 3400 654 3455 hoc
690 3410 796 3454 nos
838 3410 1057 3453 movere
1098 3395 1289 3463 debet;
1334 3396 1457 3467 quia
1501 3394 1655 3450 multi
1698 3395 1912 3454 diabolo

328 3492 684 3560 consentiunt,
715 3499 768 3547 et
792 3489 950 3561 pauci
988 3491 1154 3545 Deum
1196 3497 1532 3559 sequuntur:
1562 3487 1683 3558 quia
1720 3496 1775 3542 et
1799 3485 1911 3542 fru-

328 3593 560 3641 mentum
596 3583 655 3639 in
694 3581 1097 3653 consparatione
1125 3567 1408 3651 palearnm.
1424 3579 1577 3634 valde
1604 3578 1909 3649 pauciorem

328 3674 484 3732 habet
506 3687 812 3731 numerum.
848 3671 957 3728 Sed
994 3673 1140 3727 sicut
1166 3669 1399 3741 agricola
1435 3669 1581 3725 novit
1603 3667 1728 3739 quid
1757 3668 1912 3725 faciat

328 3767 396 3825 de
423 3768 628 3840 ingenti
653 3779 849 3822 acervo
872 3763 1061 3836 paleae,
1097 3764 1175 3818 sic
1198 3760 1332 3817 nihil
1372 3768 1454 3817 est
1493 3761 1602 3817 Deo
1628 3760 1911 3816 multitudo

329 3869 691 3930 peccatorum,
727 3855 819 3928 qui
854 3856 1005 3912 novit
1053 3852 1182 3925 quid
1226 3852 1294 3908 de
1333 3851 1440 3908 illis
1477 3861 1617 3923 agat,
1650 3861 1707 3907 ut
1741 3850 1912 3907 admi-

330 3946 573 4004 nistratio
593 3948 743 4018 regni
771 3948 888 4018 ejus
914 3960 979 4002 ex
994 3944 1139 4000 nulla
1174 3951 1324 4014 parte
1348 3942 1593 3999 turbetur
1614 3951 1771 4013 atque
1797 3951 1912 3997 tur-

330 4044 504 4110 petur.
545 4038 661 4094 Nec
687 4038 807 4094 ideo
836 4036 1104 4109 putandus
1146 4043 1229 4091 est
1255 4035 1447 4092 vicisse
1488 4033 1749 4101 diabolus,
1788 4034 1911 4107 quia

332 4137 516 4184 secum
552 4130 751 4199 plures,
787 4143 910 4184 eum
950 4128 1142 4199 quibus
1176 4142 1206 4181 a
1237 4127 1422 4197 paucis
1463 4127 1783 4194 vinceretur,
1826 4136 1910 4183 at-

332 4220 514 4275 traxit.
557 4219 679 4275 Duae
720 4221 900 4290 itaque
930 4219 1195 4287 civitates,
1238 4232 1343 4273 una
1378 4218 1698 4289 iniquorum,
1743 4216 1910 4273 altera

332 4330 655 4388 sanctorum,
686 4318 755 4375 ab
774 4318 926 4374 initio
953 4315 1166 4389 generis
1202 4315 1424 4371 humani
1454 4330 1623 4386 usque
1662 4314 1716 4369 in
1751 4314 1911 4370 linem

333 4411 510 4469 sreculi
541 4411 919 4482 perducuntur,
966 4424 1106 4464 nunc
1150 4406 1425 4479 permixtae
1454 4406 1783 4478 corporibus,
1816 4405 1911 4462 sed

333 4500 693 4560 voluntatibus
716 4510 997 4572 separatae,
1031 4500 1083 4555 in
1112 4498 1201 4555 die
1232 4510 1364 4553 vero
1388 4498 1571 4569 judicii
1599 4498 1758 4553 etiam
1795 4512 1912 4553 cor-

333 4607 460 4666 pore
492 4592 824 4666 separandae.
865 4592 1065 4648 Omnes
1094 4592 1239 4646 enim
1274 4590 1527 4646 homines
1555 4599 1796 4647 amantes
1825 4607 1912 4647 su-

333 4684 565 4755 perbiam
592 4694 649 4739 et
686 4684 1034 4754 ternporalem
1062 4681 1481 4738 dominationem
1509 4698 1631 4738 cum
1667 4698 1804 4737 vano
1828 4692 1911 4755 ty-

333 4778 437 4849 pho
456 4784 511 4834 et
532 4791 729 4848 pompa
748 4775 1090 4847 arrogantiae,
1118 4790 1411 4846 omnesque
1432 4775 1649 4846 spiritus
1669 4776 1758 4846 qui
1792 4775 1912 4830 talia

335 4867 574 4938 diligunt,
604 4875 659 4923 et
680 4867 903 4939 gloriam
935 4881 1086 4923 suam
1111 4865 1443 4937 subjectione
1472 4868 1744 4922 hominum
1769 4881 1914 4937 qum-

336 4970 474 5028 ruut,
515 4960 674 5017 simul
714 4977 821 5018 una
860 4962 1120 5019 societate
1160 4961 1394 5019 devincti
1434 4973 1587 5029 sunt;
1636 4962 1729 5019 sed
1776 4972 1829 5019 et
1868 4964 1911 5019 si

336 5051 508 5123 δῶμ’
545 5051 828 5109 adversum
856 5067 919 5109 se
944 5068 1043 5125 pro
1081 5053 1164 5109 his
1200 5053 1359 5109 rebus
1387 5051 1655 5122 dimicant,
1688 5054 1803 5125 pari
1832 5063 1913 5110 ta-

337 5158 455 5199 men
500 5142 744 5215 pondere
782 5144 1086 5215 cupiditatis
1130 5144 1188 5199 in
1226 5144 1471 5201 eamdem
1500 5144 1912 5216 profunditatem

298 5278 307 5283 τ
338 5236 747 5307 praecipitantur,
778 5245 835 5292 et
854 5236 957 5292 sibi
995 5249 1205 5293 morum
1234 5242 1288 5292 et
1319 5236 1629 5292 meritorum
1672 5236 1915 5293 similitu-

337 5325 457 5383 dine
507 5328 919 5400 conjunguntur.
978 5327 1048 5384 Et
1097 5342 1285 5384 rursus
1332 5340 1519 5382 omnes
1567 5326 1813 5381 homines
1860 5334 1914 5383 et

337 5432 522 5477 omnes
544 5420 764 5493 spiritus
793 5419 1067 5478 humiliter
1094 5418 1189 5477 Dei
1215 5419 1436 5492 gloriam
1458 5427 1778 5491 qumrentes,
1807 5432 1914 5475 non

335 5524 506 5582 suam,
545 5520 599 5571 et
632 5527 758 5570 eum
781 5511 981 5585 pietate
1023 5520 1309 5583 sectantes,
1353 5510 1420 5567 ad
1450 5524 1607 5567 unam
1649 5510 1914 5582 pertinent

396 5666 416 5728 ¥
449 5663 555 5728 sola
574 5665 874 5728 editioLov”
895 5666 1142 5721 Minue.

394 5727 418 5799 ξ
446 5726 674 5799 stertente
694 5725 1045 5799 ριεεςρωίμυιξι
1055 5765 1070 5790 ν
1082 5734 1178 5799 μαι
1194 5725 1481 5799 beatam:-

394 5787 810 5854 ξμζάευὺισεὶ
830 5795 1029 5854 suum
1049 5787 1483 5854 cimpa;omisso,
1510 5790 1608 5843 sed.

391 5826 1010 5922 (πὶᾶἆᾜῖπ

1696 358 1898 415 LIBER
1936 359 2135 417 UNUS.

3478 375 3583 432 554

2002 475 2334 532 societatem.
2366 476 2433 533 Et
2456 485 2633 535 tamen
2659 479 2801 537 Deus
2836 480 3386 552 misericordissimus,
3411 495 3461 541 et
3490 505 3585 543 su-

2002 581 2100 638 per
2124 569 2314 639 impios
2341 569 2583 627 homines
2610 572 2818 642 patiens
2847 581 2948 641 est,
2989 582 3043 630 et
3075 575 3275 645 praebet
3308 578 3387 633 eis
3414 580 3587 647 poeni-

2003 659 2184 715 tentite
2208 668 2363 731 atque
2384 664 2727 719 correctionis
2752 665 2949 720 locum.

2074 749 2163 805 32.
2202 749 2334 806 Nam
2382 753 2603 833 etquod
2630 768 2816 810 omnes
2854 754 3059 811 diluvio
3102 756 3319 823 delevit,
3360 771 3588 830 excepto

2004 854 2113 896 uno
2133 841 2277 911 justo
2302 857 2422 898 cum
2438 832 2578 911 suis,
2607 860 2740 916 quos
2767 840 2821 900 in
2843 862 2965 902 arca
2992 851 3191 903 servari
3218 849 3401 916 \‘Olttit,
3427 867 3589 907 nove-

1952 983 1955 987 ,
2004 935 2332 1027 rat'quidem
2356 936 2498 1006 quod
2520 952 2625 992 non
2655 954 2713 995 se
2741 940 3032 994 correcturi
3063 950 3242 995 essent
3272 961 3283 995 :
3313 955 3585 999 verumta-

2005 1022 2127 1080 men
2159 1022 2280 1080 cum
2319 1042 2414 1097 per
2440 1036 2653 1083 centum
2679 1044 2852 1085 annos
2876 1044 2997 1085 arca
3029 1030 3278 1086 fabricata
3307 1044 3406 1098 est,
3440 1050 3580 1103 prm-

2006 1115 2285 1197 dicabatur
2346 1120 2528 1191 utique
2578 1120 2657 1178 eis
2719 1123 2796 1176 ira
2854 1123 3225 1199 Dei'ventura
3283 1142 3444 1197 super
3494 1144 3588 1184 eos

2008 1203 2158 1277 (Gen.
2195 1222 2268 1274 vt,
2305 1209 2434 1281 vn);
2463 1217 2519 1265 et
2560 1211 2605 1265 si
2640 1222 3079 1268 converterentur
3102 1216 3120 1246 ί
3153 1216 3216 1270 ad
3250 1216 3433 1285 Deum,
3466 1234 3588 1288 par-

2007 1305 2155 1355 ceret
2191 1299 2289 1366 eis,
2319 1301 2453 1355 sicut
2484 1304 2721 1373 pepercit
2756 1314 2935 1373 postea
2967 1306 3151 1361 Ninive
3187 1308 3383 1364 civitati
3414 1311 3589 1380 agenti

2007 1391 2395 1460 paenitentiam,
2431 1408 2549 1446 eum
2586 1394 2634 1448 ei
2664 1409 2759 1463 per
2795 1395 3104 1465 prOphetam
3161 1397 3391 1453 futurum
3433 1400 3590 1455 inter-

2007 1483 2138 1538 itum
2166 1485 2573 1554 praenuntiasset
2604 1484 2773 1556 (J0me
2793 1491 2894 1557 in).
2928 1488 3037 1543 lloe
3061 1501 3236 1546 autem
3274 1493 3395 1547 facit
3425 1494 3585 1559 Deus,

2009 1574 2168 1628 etiam
2198 1575 2298 1629 illis
2324 1590 2456 1645 quos
2483 1577 2629 1631 novit
2666 1578 2718 1632 in
2750 1579 2949 1633 malitia
2986 1593 3418 1650 perseveraturos
3454 1586 3588 1642 dans

2008 1665 2300 1733 paenitendi
2324 1667 2572 1736 spatium,
2598 1677 2654 1722 ut
2678 1679 2913 1724 nostram
2937 1672 3237 1740 patientiam
3264 1685 3509 1728 exerceat
3534 1685 3589 1730 et

2009 1755 2256 1811 informet
2283 1758 2526 1828 exemplo
2556 1775 2685 1828 suo;
2730 1776 2832 1831 quo
2861 1764 3167 1819 noverimus
3205 1776 3459 1836 quantum
3488 1784 3587 1823 nos

2009 1856 2252 1916 oporteat
2270 1848 2615 1905 tolerabiliter
2636 1853 2800 1907 malos
2825 1856 3108 1922 sustinere,
3133 1873 3253 1911 cum
3281 1858 3589 1929 ignoremus

2009 1937 2195 2007 quales
2225 1950 2406 2008 postea
2436 1942 2595 1996 futuri
2637 1951 2778 2010 sunt,
2811 1945 3021 2013 quando
3062 1947 3152 2001 ille
3182 1951 3349 2017 parcit
3387 1959 3440 2003 et
3466 1953 3591 2007 sinit

2010 2042 2103 2083 cos
2130 2029 2327 2095 vivere,
2378 2047 2534 2100 quem
2573 2032 2703 2087 nihil
2742 2034 3034 2091 futurorum
3076 2037 3222 2092 latet.
3253 2037 3589 2096 Praenuntia-

2012 2120 2166 2175 batur
2207 2131 2381 2178 tamen
2429 2125 2588 2178 etiam
2640 2125 2821 2180 diluvii
2874 2137 3207 2182 sacramento
3251 2143 3353 2199 quo
3400 2148 3493 2199 per
3533 2131 3594 2187 li-

2011 2224 2168 2280 gnum
2202 2213 2333 2282 justi
2364 2213 2571 2270 liberati
2616 2226 2758 2280 sunt,
2804 2215 2978 2272 futura
3022 2217 3257 2272 Ecclesia
3298 2236 3456 2290 quam
3498 2238 3592 2277 rex

2011 2302 2128 2372 ejus
2161 2313 2215 2358 et
2250 2304 2390 2360 Deus
2413 2305 2657 2361 Christus
2682 2308 2939 2378 mysterio
2979 2324 3089 2363 sua:
3132 2310 3307 2365 crucis
3337 2312 3403 2365 ab
3433 2312 3592 2382 hujus

2012 2393 2190 2447 saeculi
2236 2394 2603 2451 submersione
2655 2397 2951 2466 suspendit.
3007 2397 3190 2468 Neque
3250 2401 3393 2455 enim
3452 2402 3592 2457 Deus

2012 2483 2288 2555 ignorabat
2311 2486 2455 2556 quod
2486 2488 2648 2542 etiam
2671 2503 2733 2543 ex
2767 2488 2868 2542 illis
2898 2489 2988 2558 qui
3013 2489 3224 2544 fuerant
3250 2492 3301 2544 in
3332 2506 3454 2546 arca
3480 2506 3594 2547 ser-

2010 2577 2137 2640 vati,
2169 2578 2422 2632 nascituri
2452 2588 2602 2633 erant
2630 2578 2777 2645 mali,
2811 2579 2900 2649 qui
2932 2576 3119 2634 faciem
3159 2590 3313 2635 terra:
3340 2581 3593 2652 iniquita-

2014 2665 2154 2721 tibus
2175 2667 2365 2721 iterum
2405 2666 2728 2738 implerent:
2763 2668 2857 2724 sed
2896 2679 3071 2725 tamen
3098 2680 3151 2725 et
3183 2674 3486 2743 exemplum
3511 2673 3594 2728 fu—

2013 2757 2115 2812 turi
2153 2757 2339 2827 judicii
2393 2758 2557 2825 dedit,
2604 2769 2658 2815 et
2708 2768 3012 2815 sanctorum
3057 2752 3423 2817 liberationem
3465 2764 3596 2834 ligni

2011 2849 2269 2920 mysterio
2288 2850 2687 2921 praenuntiavit.
2718 2851 2852 2907 Nam
2891 2862 2946 2907 et
2972 2861 3091 2922 post
3124 2852 3240 2908 haec
3264 2848 3384 2908 non
3414 2870 3595 2910 cessa-

2010 2941 2088 2996 vit
2112 2941 2434 3011 repullulare
2474 2943 2672 2997 malitia
2702 2958 2794 3013 per
2833 2942 3136 3013 superbiam
3170 2955 3222 3000 et
3264 2945 3512 3002 libidines
3541 2954 3597 3003 et

2012 3034 2221 3091 illicitas
2268 3036 2586 3105 impietatcs,
2637 3051 2757 3091 cum
2803 3034 3050 3091 homines
3095 3035 3308 3092 deserto
3343 3035 3598 3095 Creatore

2013 3143 2130 3194 suo,
2174 3116 2281 3183 non
2315 3124 2494 3183 solum
2535 3126 2601 3181 ad
2641 3137 2942 3182 creaturam
2986 3144 3146 3198 quam
3184 3130 3325 3183 Deus
3358 3130 3598 3186 condidit

2012 3220 2147 3291 lapsi
2177 3227 2322 3287 sunt,
2354 3227 2412 3276 ut
2433 3233 2529 3289 pro
2556 3218 2666 3273 Deo
2695 3218 2937 3273 colerent
2968 3218 3112 3288 quod
3139 3218 3262 3273 fecit
3298 3219 3472 3288 Deus;
3502 3219 3599 3276 sed

2013 3312 2171 3368 etiam
2212 3310 2280 3366 ad
2321 3296 2485 3383 opera
2524 3325 2777 3365 manuum
2809 3309 3085 3365 hominum
3128 3318 3184 3365 et
3221 3311 3287 3365 ad
3323 3310 3597 3369 fabrorum

2013 3404 2237 3460 artificia
2261 3413 2621 3460 curvaverunt
2642 3403 2847 3457 animas
2868 3419 3010 3466 suas,
3044 3402 3132 3459 ubi
3159 3403 3224 3459 de
3255 3404 3358 3460 illis
3390 3407 3598 3475 turpius

2014 3496 2253 3552 diabolus
2279 3504 2333 3551 et
2358 3495 2615 3551 daemonia
2641 3494 3060 3565 triumpharent;
3090 3512 3207 3566 qua:
3235 3510 3294 3550 se
3318 3496 3369 3550 in
3402 3495 3598 3553 talibus

2014 3587 2281 3660 ﬁgmentis
2302 3586 2510 3643 adorari
2540 3586 2891 3657 venerarique
2916 3586 3185 3655 hetantur,
3218 3586 3344 3642 dum
3372 3604 3589 3645 errores

2014 3696 2141 3737 suos
2170 3680 2417 3736 humanis
2444 3680 2718 3736 erroribus
2745 3681 3028 3750 pascunt”.

2086 3772 2177 3829 5'5.
2218 3771 2401 3843 Neque
2431 3780 2554 3825 tunc
2593 3785 2722 3825 sane
2747 3769 3029 3826 defuerunt
3050 3770 3178 3842 justi
3209 3773 3298 3843 qui
3324 3773 3489 3828 Deum
3513 3773 3599 3844 pie

2014 3872 2339 3938 quaererent,
2371 3874 2425 3919 et
2468 3864 2771 3935 superbiam
2799 3864 3001 3919 diaboli
3034 3864 3329 3930 vincerent,
3362 3864 3507 3919 cives
3530 3863 3597 3920 il-

2016 3960 2119 4014 lius
2147 3966 2345 4013 sanctae
2385 3956 2635 4021 civitatis,
2679 3970 2812 4026 quos
2855 3957 2995 4025 regis
3022 3955 3105 4010 sui
3146 3955 3342 4011 Christi
3372 3968 3600 4015 ventura

2016 4051 2288 4108 humilitas
2327 4064 2421 4121 per
2466 4046 2722 4119 Spiritum
2762 4046 2998 4103 revelata
3041 4048 3268 4103 sanavit.
3301 4047 3379 4103 Ex
3407 4048 3600 4120 quibus

2017 4142 2284 4201 Abraham
2303 4143 2420 4214 pius
2436 4149 2490 4197 et
2502 4140 2671 4197 ﬁdelis
2687 4138 2781 4196 Dei
2793 4154 2978 4198 servus
2996 4141 3197 4197 electus
3209 4151 3290 4197 est
3307 4141 3458 4213 (Gen.
3473 4139 3596 4217 xu),

2016 4236 2099 4292 cui
2120 4235 2582 4292 demonstraretur
2601 4243 2990 4291 sacramentum
3013 4233 3132 4289 Filii
3158 4233 3275 4301 Dei,
3301 4244 3359 4291 ut
3380 4246 3600 4308 propter

2014 4327 2367 4384 imitationem
2400 4326 2525 4383 fidei
2547 4343 2734 4383 omnes
2762 4327 2947 4383 ﬁdeles
2972 4327 3210 4383 omnium
3234 4330 3470 4399 gentium
3504 4330 3601 4387 ﬁlii

2017 4420 2134 4493 ejus
2171 4419 2334 4476 futuri
2374 4419 2697 4476 dicerentur.
2738 4418 2822 4474 Ex
2862 4419 2955 4474 illo
3002 4429 3156 4475 natus
3186 4428 3269 4476 est
3311 4423 3538 4492 populus
3567 4437 3599 4478 a

2015 4528 2123 4584 quo
2159 4528 2296 4568 unus
2334 4510 2474 4566 Deus
2519 4527 2673 4581 verus
2716 4511 2980 4565 coleretur
3012 4510 3103 4580 qui
3143 4509 3270 4565 fecit
3312 4513 3506 4565 emtum
3546 4521 3602 4567 et

2017 4610 2247 4671 terram,
2275 4618 2395 4657 cum
2425 4610 2633 4658 eceterae
2670 4608 2855 4670 gentes
2894 4599 3197 4654 simulacris
3230 4608 3284 4654 et
3322 4600 3601 4657 daemoniis

2017 4696 2294 4753 servirent.
2322 4692 2380 4748 In
2408 4710 2474 4749 eo
2502 4693 2658 4763 plane
2689 4691 2883 4762 populo
2908 4691 3077 4746 multo
3100 4689 3397 4746 evidentius
3425 4691 3602 4748 futura

2018 4787 2257 4843 Ecclesia
2284 4785 2505 4857 ﬁgurata
2535 4792 2635 4839 est.
2664 4783 2793 4837 Erat
2820 4781 2963 4838 enim
2995 4782 3066 4836 ibi
3093 4780 3376 4837 multitudo
3415 4799 3602 4838 carna-

2018 4881 2105 4946 lis,
2152 4895 2270 4950 quac
2313 4885 2530 4948 propter
2576 4873 2805 4930 visibilia
2847 4872 3108 4929 beneficia
3159 4873 3365 4928 colebat
3411 4874 3599 4928 Deum.

2019 4973 2184 5029 Erant
2210 4970 2280 5026 ibi
2305 4978 2479 5025 autem
2510 4966 2665 5039 pauci
2692 4964 2925 5021 futuram
2953 4965 3192 5034 requiem
3223 4965 3517 5034 cogitantes
3548 4977 3604 5020 ct

2018 5063 2289 5122 cmlestem
2337 5060 2561 5132 patriam
2600 5057 2950 5128 requirentes,
2996 5054 3188 5124 quibus
3232 5056 3602 5125 prOphctando

2021 5151 2356 5210 revelabatur
2399 5149 2576 5204 futura
2619 5146 2890 5203 humilitas
2940 5143 3056 5210 Dei,
3104 5145 3244 5216 regis
3289 5156 3343 5202 et
3391 5147 3602 5203 Domini

2017 5242 2187 5300 nostri
2218 5239 2349 5297 Jesu
2377 5238 2594 5308 Christi,
2626 5247 2684 5293 ut
2723 5251 2821 5307 per
2858 5252 2976 5294 eam
3016 5234 3175 5293 ﬁdem
3220 5236 3288 5293 ab
3327 5239 3470 5292 omni
3502 5253 3599 5295 su-

2017 5334 2200 5406 perbia
2228 5339 2286 5389 et
2312 5340 2520 5387 tumore
2547 5338 2879 5387 sanarentur.
2921 5328 3121 5386 Horum
3150 5338 3476 5396 sanctorum,
3508 5332 3600 5402 qui

2017 5432 2408 5499 prtecesserunt
2446 5431 2684 5493 tempore
2729 5422 3059 5477 nativitatem
3102 5421 3333 5488 Domini,
3364 5435 3473 5477 non
3513 5436 3602 5479 so-

2019 5521 2131 5577 lum
2156 5532 2357 5586 sermo,
2386 5513 2483 5572 sed
2502 5514 2661 5571 etiam
2684 5515 2810 5583 vita,
2832 5524 2885 5573 et
2910 5514 3178 5585 eonjugia,
3207 5523 3258 5569 et
3282 5513 3397 5580 lilii,
3432 5522 3486 5570 et
3515 5515 3599 5570 fa-

2019 5620 2124 5679 cta,
2171 5607 2451 5681 prophetia
2493 5606 2590 5661 fuit
2638 5605 2795 5678 hujus
2835 5606 3114 5676 temporis,
3156 5618 3260 5674 quo
3308 5619 3405 5673 per
3435 5604 3598 5663 ﬁdem

2084 5726 2100 5756 ι
2119 5729 2195 5771 Er.
2218 5728 2270 5772 et
2288 5727 2425 5783 Lov.,
2447 5725 2500 5771 ut
2517 5717 2562 5772 si
3004 5725 3102 5768 Am.
3130 5721 3182 5770 et
3201 5722 3327 5780 Mssa
3348 5719 3397 5768 et
3417 5714 3467 5770 si
3484 5728 3597 5771 con-

2025 5789 2318 5850 vertermtur
2345 5819 2359 5833 .
2410 5844 2420 5850 _
2543 5844 2583 5850 __
2871 5839 2883 5850 ,

2086 5851 2106 5882 ³
2138 5844 2451 5904 Floriaeeusis
2472 5844 2666 5908 quidam
2686 5850 2787 5906 Ms,
2814 5844 3028 5894 adsociat.
