4124 6206
452 402 716 475 passionis
748 399 943 458 Christi
981 413 1045 455 ex
1084 394 1331 468 gentibus
1378 402 1730 465 congregatur
1758 391 2024 447 Ecclesia.

453 494 560 552 Per
592 493 712 550 illos
759 499 970 548 sanctos
1019 485 1351 543 Patriarchas
1388 493 1441 540 et
1488 484 1782 554 Prophetas
1824 481 2027 538 carnali

453 585 654 662 papulo
681 584 863 651 Israel,
891 581 978 653 qui
1006 588 1186 651 postea
1225 578 1385 632 etiam
1412 576 1580 632 Judaei
1603 575 1847 646 appellati
1881 582 2025 640 sunt,

451 689 508 737 et
536 677 758 735 visibilia
787 673 1041 731 beneﬁcia
1071 669 1506 727 ministrabantur
1532 683 1651 738 quin
1688 667 1971 722 carnaliter
1996 680 2028 719 a

454 769 683 825 Domino
706 764 1097 829 desiderabant,
1136 771 1189 817 et
1216 759 1567 816 coercitiones
1596 772 1871 829 prunarum
1910 771 2029 811 cor-

451 861 713 933 poralium
744 857 934 929 quibus
973 872 1072 926 pro
1098 864 1337 923 tempore
1378 860 1723 917 terrerentur,
1766 850 1902 905 sicut
1937 863 2031 903 eo-

453 969 571 1009 rum
608 952 819 1009 duritia:
852 949 1193 1019 congruebat.
1234 945 1300 999 Et
1338 945 1391 1000 in
1436 942 1519 998 his
1563 951 1737 998 tamen
1782 939 2029 995 omnibus

453 1046 706 1119 mysteria
726 1041 1021 1115 spiritualia
1046 1038 1495 1110 significabantur,
1518 1050 1636 1105 qua:
1660 1033 1727 1089 ad
1761 1031 2028 1087 Christum

449 1146 506 1193 et
553 1134 845 1194 Ecclesiam
895 1131 1263 1202 pertinerent:
1291 1127 1442 1197 cujus
1486 1124 1740 1180 Ecclesia:
1788 1122 2029 1178 membra

451 1238 606 1285 erant
645 1227 805 1282 etiam
838 1224 914 1279 illi
945 1222 1137 1287 sancti,
1181 1219 1423 1290 quamvis
1467 1220 1519 1272 in
1550 1218 1647 1272 hac
1690 1216 1796 1271 vita
1836 1214 2031 1271 fuerint

449 1327 739 1389 antequam
783 1312 1076 1370 secundum
1120 1326 1334 1367 carnem
1373 1308 1616 1363 Christus
1644 1307 1905 1363 Dominus
1938 1321 2031 1361 na-

449 1418 706 1466 sceretur.
751 1408 867 1478 Ipse
909 1406 1051 1462 enim
1095 1403 1398 1474 unigenitus
1430 1401 1524 1456 Dei
1569 1400 1752 1466 Filius,
1794 1398 2028 1453 Verbum

449 1500 644 1566 Patris,
692 1496 896 1568 aequale
933 1504 986 1549 et
1024 1502 1347 1549 cozeternum
1391 1491 1554 1556 Patri,
1594 1506 1686 1560 per
1710 1488 1851 1559 (mod
1893 1487 2030 1543 facta

449 1602 576 1649 sunt
606 1592 804 1657 omnia,
848 1590 1012 1644 homo
1043 1595 1258 1658 propter
1301 1600 1399 1640 nos
1440 1583 1611 1638 factus
1638 1590 1740 1650 est,
1787 1593 1843 1635 ut
1873 1582 2031 1636 totius

449 1682 708 1739 Ecclesia:
752 1690 1000 1749 tanquam
1033 1677 1194 1732 totius
1236 1674 1479 1744 corporis
1521 1679 1677 1742 caput
1713 1679 1875 1726 esset.
1924 1668 2031 1725 Sed

451 1775 595 1830 velut
629 1780 772 1827 totus
800 1771 960 1824 homo
1004 1766 1129 1822 dum
1176 1765 1430 1829 nascitur,
1473 1763 1680 1819 etiamsi
1725 1777 1942 1816 manum
1975 1759 2029 1815 in

449 1863 717 1925 nascendo
743 1858 1050 1932 pratmittat,
1094 1866 1272 1912 tamen
1302 1856 1546 1910 universo
1580 1852 1789 1923 corpori
1820 1851 1919 1905 sub
1949 1866 2032 1906 ca-

449 1956 557 2027 pite
598 1954 878 2023 conjuncta
917 1960 1076 2021 atque
1117 1956 1391 2018 compacta
1436 1954 1538 2011 est,
1576 1942 2023 2015 quemadmodum

450 2048 610 2103 etiam
642 2043 883 2100 nonnulli
908 2043 960 2097 in
991 2042 1120 2111 ipsis
1150 2038 1474 2095 Patriarchis
1495 2037 1560 2091 ad
1589 2036 1741 2106 hujus
1764 2035 1927 2105 ipsius
1952 2034 2031 2089 rei

450 2139 659 2209 signum
687 2150 845 2191 manu
876 2133 1145 2205 praemissa
1185 2131 1292 2185 nati
1322 2139 1446 2184 sunt
1475 2127 1928 2198 (Gen.xxv,25).:
1959 2126 2031 2181 ita

452 2242 640 2283 omnes
661 2226 830 2282 sancti
859 2224 947 2295 qui
988 2233 1111 2277 ante
1140 2220 1349 2276 Domini
1375 2220 1540 2275 nostri
1567 2220 1694 2275 Jcsu
1714 2218 1909 2272 Christi
1934 2232 2029 2272 na-

450 2321 707 2376 tivitatem
739 2318 791 2373 in
822 2316 981 2372 terris
1008 2314 1239 2379 fuerunt,
1279 2312 1519 2384 quamvis
1561 2319 1687 2365 ante
1730 2310 1838 2364 nati
1883 2317 2028 2379 sunt,

450 2421 629 2467 tamen
668 2408 917 2464 universo
958 2405 1191 2477 corpori,
1237 2404 1389 2475 cujus
1423 2403 1510 2459 ille
1550 2412 1709 2473 caput
1749 2402 1889 2468 cst‘,
1931 2401 2032 2456 sub

451 2505 624 2575 capite
648 2501 1006 2558 colueserunt.

527 2591 753 2650 CAPUT
769 2589 965 2646 XX.-
987 2588 1075 2645 54.
1099 2586 1450 2641 lsraelitarum
1477 2584 1685 2639 servitus
1709 2585 1759 2638 in
1777 2581 2025 2655 Egypto,

450 2694 496 2741 et
523 2683 750 2739 liberatio
776 2682 952 2749 viaque
977 2695 1067 2749 per
1089 2694 1230 2732 mare
1252 2677 1500 2732 Rubrum.
1534 2675 1820 2746 Baptismus
1840 2675 2036 2743 [igura-

453 2787 554 2830 tus.
579 2773 700 2828 Ovis
718 2772 996 2827 immolatio
1021 2770 1269 2841 passionis
1294 2766 1480 2822 Christi
1505 2768 1689 2837 ﬁgura.
1714 2767 1821 2821 Lex
1841 2767 2033 2837 scripta

452 2865 610 2936 digito
636 2861 752 2917 Dei.
779 2860 1064 2915 Jerusalem
1098 2872 1245 2930 typus
1278 2859 1490 2913 civitatis
1529 2857 1756 2912 caelestis.
1800 2857 2032 2928 Populus

451 2971 581 3026 ergo
599 2953 688 3009 ille
709 2951 914 3008 delatus
932 2951 987 3006 in
1003 2950 1312 3022 Egyptum,
1339 2950 1554 3005 servivit
1584 2950 1691 3018 regi
1722 2946 2027 3013 durissimo;

448 3056 506 3104 et
530 3043 857 3118 gravissimis
886 3043 1154 3098 laboribus
1180 3041 1418 3097 eruditus
1437 3082 1451 3107 ,
1483 3039 1727 3111 quaesivit
1775 3039 2030 3096 liberato-

450 3156 565 3196 rem
616 3138 779 3194 Deum
814 3154 827 3190 :
860 3146 914 3192 et
948 3136 1138 3191 missus
1165 3145 1248 3190 est
1278 3135 1353 3189 eis
1386 3148 1521 3187 unus
1548 3132 1615 3188 de
1643 3132 1756 3203 ipso
1787 3132 1981 3203 populo
2012 3174 2028 3198 ,

450 3240 666 3287 sanctus
692 3229 783 3284 Dei
809 3243 994 3282 servus
1023 3225 1261 3296 Moyses,
1288 3224 1374 3294 qui
1403 3224 1453 3278 iu
1485 3224 1679 3278 virtute
1708 3222 1798 3277 Dei
1828 3223 2031 3293 magnis

451 3320 724 3377 miraculis
750 3328 960 3375 terrens
990 3326 1115 3371 tunc
1150 3315 1366 3383 impiam
1395 3323 1604 3384 gentem
1637 3313 2027 3383 .digyptiorum,

452 3411 639 3467 eduxit
676 3408 798 3464 inde
841 3405 1090 3478 populum
1141 3404 1235 3458 Dei
1285 3418 1379 3472 per
1427 3418 1572 3458 mare
1620 3402 1891 3467 Rubrum;
1942 3402 2029 3461 ubi

451 3500 735 3558 discedens
783 3513 917 3568 aqua
963 3498 1101 3551 viam
1144 3495 1367 3564 pra-ltuit
1394 3495 1786 3549 transeuntibus
1818 3512 1832 3546 :
1866 3493 2031 3566 Egy-

452 3591 546 3663 ptii
594 3598 771 3645 autem
800 3602 922 3643 cum
951 3601 1045 3643 eos
1075 3594 1557 3658 persequerentur,
1601 3586 1944 3642 redeuntibus
1974 3587 2031 3643 in

449 3699 511 3739 se
537 3681 783 3738 ﬂuctibus
807 3678 1042 3736 demersi
1079 3676 1324 3733 exstincti
1368 3686 1511 3732 sunt.
1562 3676 1637 3732 Ita
1682 3678 2029 3748 quemadmo-

447 3777 576 3832 dum
608 3790 701 3846 per
733 3772 986 3829 diluvium
1016 3770 1169 3842 aquis
1208 3778 1347 3825 terra
1388 3777 1604 3840 purgata
1631 3779 1713 3825 est
1739 3785 1769 3824 a
1797 3769 2028 3841 nequitia

451 3876 788 3942 peccatorum
808 3908 824 3934 ,
857 3864 945 3936 qui
974 3872 1097 3919 tunc
1121 3864 1175 3919 in
1203 3862 1290 3918 illa
1314 3861 1657 3919 inundatione
1684 3861 1847 3918 deleti
1881 3873 2025 3931 sunt,

452 3969 511 4018 et
531 3961 660 4032 justi
693 3965 979 4016 evaserunt
1004 3972 1098 4028 per
1122 3956 1320 4027 lignum
1351 3971 1363 4008 :
1395 3954 1471 4009 sic
1496 3969 1565 4010 ex
1591 3951 1822 4025 Egypto
1845 3953 2029 4017 exiens

448 4055 679 4127 populus
716 4052 832 4119 Dei,
862 4066 959 4122 per
982 4064 1148 4120 aquas
1174 4048 1273 4103 iter
1303 4047 1538 4111 invenit,
1577 4046 1769 4117 quibus
1794 4046 2027 4117 ipsorum

450 4148 635 4203 hostes
680 4142 980 4212 consumpti
1029 4147 1171 4195 sunt.
1222 4137 1333 4192 Nec
1380 4137 1453 4193 ibi
1491 4135 1659 4192 defuit
1692 4138 1823 4207 ligni
1851 4152 2028 4192 saera-

450 4244 711 4293 tuentum.
737 4232 868 4287 Nam
890 4231 1033 4300 virga
1059 4228 1321 4299 percussit
1350 4226 1587 4298 Moyses,
1618 4237 1675 4282 ut
1698 4226 1829 4282 illud
1859 4229 2026 4285 mira-

449 4327 627 4381 culum
656 4322 825 4378 fieret.
859 4318 1150 4388 Utrumque
1183 4317 1391 4386 signum
1417 4325 1502 4371 est
1535 4318 1703 4372 sancti
1729 4318 1984 4388 Baptismi
2008 4359 2024 4386 ,

456 4434 553 4489 per
578 4414 720 4488 quod
769 4411 952 4468 fideles
996 4411 1047 4465 in
1078 4424 1270 4465 novam
1306 4409 1466 4464 vitam
1497 4417 1789 4478 transeunt,
1812 4421 2027 4482 peccata

449 4523 581 4563 vero
600 4520 786 4563 eorum
812 4511 1062 4573 tanquam
1098 4499 1298 4555 inimici
1325 4498 1573 4556 delentur
1594 4510 1754 4572 atque
1784 4502 2025 4557 moriun-

454 4612 556 4657 tur.
584 4598 835 4671 Apertius
861 4605 1038 4652 autem
1063 4582 1263 4651 Christi
1285 4593 1459 4665 passio
1483 4594 1534 4649 in
1557 4593 1649 4649 illo
1676 4594 1868 4666 populo
1896 4593 2029 4666 ligu-

452 4704 565 4748 rata
592 4699 694 4758 est,
721 4704 841 4746 cum
863 4687 996 4759 jussi
1022 4694 1145 4742 sunt
1167 4699 1320 4741 ovem
1345 4684 1590 4742 occidere
1609 4693 1663 4741 et
1682 4684 2023 4755 manducare,

447 4784 595 4842 etde
620 4782 876 4855 sanguine
903 4781 1019 4849 ejus
1044 4787 1220 4849 postes
1250 4792 1375 4833 suos
1401 4776 1630 4848 signare,
1657 4785 1712 4834 et
1745 4776 1850 4833 hoc
1881 4778 2025 4834 cele-

449 4879 606 4934 hrare
633 4876 776 4931 omni
806 4887 966 4937 anno,
997 4879 1052 4926 et
1074 4868 1343 4941 appellare
1367 4868 1569 4925 Pascha
1596 4867 1827 4924 Domini.
1857 4867 2027 4924 Mani-

448 4968 730 5024 festissime
748 4964 940 5037 quippe
964 4960 1241 5033 prophetia
1262 4961 1282 4993 "
1303 4959 1370 5016 de
1396 4958 1620 5015 Domino
1653 4958 1779 5015 Jesu
1803 4957 2017 5016 Christo

448 5059 597 5126 dicit,
629 5059 749 5129 quia
787 5066 1022 5127 tanquam
1052 5054 1158 5109 ovis
1206 5053 1274 5107 ad
1317 5051 1685 5107 immolandum
1733 5051 1913 5107 ductus
1953 5061 2027 5107 est

453 5148 605 5225 (Isai.
635 5162 744 5215 LIII,
767 5148 845 5218 7).
867 5147 1031 5217 Cujus
1057 5145 1319 5219 passionis
1340 5152 1395 5202 et
1412 5144 1587 5202 crucis
1606 5143 1757 5216 signo
1777 5145 1833 5201 in
1851 5144 2025 5202 lronte

447 5242 606 5300 hodie
648 5251 894 5310 tanquam
946 5238 998 5292 in
1054 5246 1206 5309 poste
1257 5236 1544 5310 signandus
1586 5251 1678 5308 es,
1730 5251 2024 5311 omnesque

448 5329 732 5390 Christiani
761 5328 1056 5401 signantur.

521 5423 608 5478 55.
641 5420 770 5477 Inde
804 5434 904 5491 per
924 5418 1193 5475 desertum
1216 5419 1444 5493 populus
1467 5419 1558 5479 ille
1581 5419 1771 5479 ductus
1794 5429 1896 5492 est,
1926 5437 2024 5495 per

445 5515 788 5588 quadraginta
834 5526 1003 5570 annos
1046 5510 1252 5584 accepit
1289 5513 1452 5571 etiam
1493 5515 1665 5588 legem
1722 5515 1887 5589 digito
1924 5515 2023 5573 Dei

514 5654 533 5721 Ξ
570 5660 667 5721 MP:
696 5660 756 5721 el.
769 5659 895 5721 5.185»
917 5650 1244 5721 οιξίυδσυεαιθ
1265 5656 1412 5720 σανα
1435 5658 1526 5707 εει·

512 5714 533 5747 ¹
564 5713 657 5764 Soli
682 5714 816 5775 editi,
837 5713 1081 5777 propheta;

1303 281 1390 338 DE
1426 275 1970 338 CATECIIlZANDIS
2006 274 2327 343 RUDIBUS.
2365 276 2423 336 S.
2463 274 2835 338 AUGUSTINI

3611 276 3715 337 336

2144 394 2394 464 scriptam
2422 393 2615 466 (Exod.
2644 410 2780 461 t-xx,
2808 408 2952 449 xxxu
2973 433 2989 458 ,
3016 406 3205 459 xxxrv;
3231 390 3392 446 Num.
3415 405 3522 459 xlv,
3543 390 3643 457 ‘55,
3667 397 3717 446 et

2136 484 2284 541 Deut.
2308 501 2453 551 xxix,
2483 486 2561 560 5),
2587 501 2692 556 quo
2722 486 2934 542 nomine
2962 484 3290 556 significatur
3323 482 3551 553 Spiritus
3588 497 3716 539 san-

2135 585 2287 645 ctus,
2326 578 2463 633 sicut
2504 578 2555 633 in
2599 578 2885 648 Evangelia
2938 575 3372 632 manifestissime
3415 573 3716 630 declaratur

2137 666 2288 738 (Luc.
2317 683 2391 734 χι,
2418 668 2533 740 20).
2566 668 2751 739 Neque
2780 668 2922 723 enim
2950 667 3092 723 Deus
3115 666 3285 722 forma
3313 664 3554 736 corporis
3580 663 3717 720 deli-

2134 748 2275 815 nitus
2313 769 2418 827 est,
2450 775 2549 816 nec
2575 760 2737 818 sicin
2766 760 2859 815 illo
2881 758 3119 817 membra
3159 766 3214 814 et
3250 757 3400 829 digiti
3449 753 3717 826 cogitandi

2135 859 2278 916 sunt,
2301 850 2747 922 quemadmodum
2779 850 3020 906 videmus
3047 849 3099 904 in
3139 848 3293 904 nobis
3317 864 3332 901 :
3360 846 3454 903 sed
3474 847 3598 918 quia
3620 860 3719 916 per

2136 942 2389 1013 Spiritum
2416 951 2657 998 sanctum
2681 940 2819 997 dona
2840 941 2930 998 Dei
2948 940 3144 996 sanctis
3163 940 3487 1006 dividuntur,
3516 946 3717 1003 utcum

2136 1035 2343 1091 diversa
2389 1044 2630 1105 possunt,
2681 1050 2786 1089 non
2836 1044 3011 1090 tamen
3054 1032 3331 1089 discedant
3363 1047 3393 1086 a
3430 1028 3718 1087 concordia

2135 1126 2429 1193 charitatis,
2459 1126 2512 1181 in
2539 1125 2717 1196 digitis
2741 1133 2917 1181 autem
2958 1124 3190 1180 maxime
3214 1130 3437 1194 apparet
3470 1120 3715 1193 quaedam

2134 1216 2345 1282 divisio,
2369 1232 2466 1272 nec
2485 1224 2660 1272 tamen
2683 1216 2751 1271 ab
2772 1216 2971 1272 unitate
2991 1214 3257 1287 pratcisio;
3281 1213 3394 1269 sive
3414 1220 3717 1283 prepterea,

2135 1307 2248 1362 sive
2300 1315 2518 1377 prepter
2567 1306 2725 1361 aliam
2791 1319 3179 1378 quamcumque
3233 1317 3450 1360 causam
3493 1301 3721 1373 Spiritus

2136 1409 2353 1456 sanctus
2380 1399 2676 1471 appellatus
2701 1409 2782 1455 est
2806 1397 3003 1469 digitus
3039 1398 3171 1466 Dei,
3201 1413 3308 1454 non
3339 1406 3515 1453 tamen
3540 1437 3557 1464 ,
3598 1410 3719 1450 cum

2139 1490 2241 1547 hoc
2274 1489 2554 1557 audimus,
2588 1489 2804 1545 humani
2832 1488 3072 1560 corporis
3100 1487 3271 1544 forma
3304 1485 3589 1559 cogitanda
3616 1494 3719 1541 est.

2136 1583 2356 1652 Accepit
2381 1596 2510 1653 ergo
2538 1581 2630 1637 ille
2657 1580 2883 1652 populus
2911 1581 3083 1650 legem
3122 1579 3287 1651 digito
3327 1578 3425 1634 Dei
3464 1579 3718 1649 scriptam

2137 1673 2189 1728 in
2223 1673 2414 1728 tabulis
2439 1688 2568 1728 sane
2596 1671 2853 1744 lapideis,
2904 1671 2973 1727 ad
3022 1671 3427 1743 significandam
3467 1670 3721 1727 duritiam

2135 1765 2314 1821 cordis
2336 1765 2570 1831 illorum,
2600 1763 2742 1836 quod
2772 1764 2941 1835 legem
2967 1778 3073 1820 non
3098 1771 3252 1820 erant
3274 1763 3567 1834 impleturi.
3585 1761 3725 1819 Cor-

2136 1855 2336 1926 poralia
2360 1855 2556 1926 quippe
2570 1853 2710 1910 dona
2731 1852 3095 1911 desiderantes
3109 1870 3140 1910 a
3157 1854 3404 1920 Domino,
3420 1854 3589 1926 magis
3605 1867 3725 1911 car-

2135 1948 2242 2003 nali
2265 1948 2454 2003 timore
2478 1962 2638 2018 quam
2660 1946 2922 2018 spirituali
2947 1945 3206 2003 cbaritale
3231 1945 3557 2003 tenebantur
3582 1962 3600 2002 :
3637 1946 3722 2003 le-

2135 2054 2258 2110 gem
2293 2046 2474 2094 autem
2520 2052 2629 2094 non
2680 2024 2875 2110 implet
2908 2038 3012 2094 nisi
3056 2038 3310 2095 charitas.
3360 2036 3487 2094 Ideo
3537 2038 3721 2096 multis

2136 2131 2487 2191 sacramentis
2513 2129 2809 2186 visibilibus
2831 2130 3039 2186 onerati
3066 2138 3193 2186 sunt
3208 2171 3225 2198 ,
3256 2145 3362 2202 quo
3385 2129 3567 2186 servili
3590 2129 3723 2202 jugo

2136 2231 2527 2292 premerentur,
2558 2222 2614 2277 in
2642 2220 3108 2278 observationibus
3128 2220 3370 2278 ciborum
3399 2221 3530 2278 etin
3549 2220 3722 2278 sacri-

2138 2312 2273 2368 ficiis
2296 2312 2629 2380 animalium,
2655 2321 2709 2369 et
2730 2311 2783 2368 in
2810 2312 2928 2369 aliis
2947 2311 3427 2370 innumerabilibus
3458 2328 3615 2385 :quae
3636 2321 3723 2370 ta-

2136 2421 2259 2462 men
2302 2407 2451 2478 signa
2495 2415 2649 2463 erant
2684 2421 2863 2463 rerum
2907 2406 3269 2480 spiritualium
3313 2407 3381 2464 ad
3432 2407 3721 2466 Dominum

2114 2497 2317 2555 desum
2347 2498 2616 2555 Christum
2638 2507 2693 2554 et
2720 2498 2788 2555 ad
2815 2498 3108 2556 Ecclesium
3151 2500 3571 2571 pertinentium;
3601 2514 3723 2573 quas

2137 2600 2262 2645 tunc
2288 2605 2318 2643 a
2358 2590 2541 2660 paucis
2583 2590 2780 2645 sanctis
2816 2596 2873 2646 et
2907 2589 3338 2661 intelligebantur
3373 2589 3445 2647 ad
3487 2588 3724 2647 fructum

2135 2681 2339 2746 salutis,
2369 2688 2425 2737 et
2447 2680 2868 2737 observabuntur
2894 2680 2963 2737 ad
2985 2681 3392 2754 congruentiam
3419 2683 3677 2756 temporis
3698 2723 3718 2754 ,

2134 2784 2165 2824 a
2208 2770 2540 2828 multitudine
2565 2786 2693 2827 vero
2718 2772 3013 2830 carnalium
3057 2773 3427 2832 tantummodo
3466 2773 3723 2832 observa-

2136 2861 2347 2929 bantur,
2377 2877 2483 2918 non
2513 2862 2961 2935 intelligebantur.

2205 2954 2295 3012 56.
2337 2954 2443 3012 Per
2467 2956 2633 3011 multa
2662 2956 2841 3027 itaque
2869 2964 2924 3012 et
2948 2955 3093 3013 varia
3116 2955 3268 3028 signa
3299 2972 3481 3014 rerum
3515 2956 3721 3015 futura-

2134 3061 2274 3114 rum,
2309 3060 2442 3118 quas
2485 3046 2700 3117 longum
2725 3054 2808 3102 est
2835 3061 3026 3103 omnes
3062 3061 3521 3114 commemorare,
3546 3054 3604 3104 et
3626 3061 3722 3104 eas
3798 3076 3811 3081 —

2135 3138 2356 3195 nuncin
2380 3137 2620 3194 Ecclesia
2644 3137 2883 3194 videmus
2908 3137 3157 3209 impleri,
3184 3137 3470 3211 perductus
3497 3146 3582 3196 est
3629 3138 3722 3196 ille

2136 3230 2360 3302 papulus
2417 3230 2488 3285 ad
2529 3239 2725 3286 terram
2765 3230 3155 3301 promissionis,
3205 3231 3297 3287 ubi
3351 3232 3722 3303 temporaliter

2134 3322 2520 3392 carnaliterque
2543 3330 2790 3394 regnaret
2826 3337 2924 3392 pro
2958 3321 3121 3377 modo
3142 3321 3395 3379 desiderii
3418 3324 3502 3381 sui
3534 3340 3549 3378 :
3574 3324 3725 3396 quod

2134 3421 2311 3469 tamen
2355 3427 2575 3483 regnum
2615 3420 2888 3468 terrenum
2926 3411 3077 3483 regni
3104 3412 3394 3485 spiritualis
3430 3414 3722 3487 imaginem

2132 3504 2312 3576 gessit.
2321 3503 2395 3560 lbi
2410 3503 2702 3559 Jerusalem
2715 3502 2928 3559 condita
2942 3514 3027 3560 est
3042 3503 3396 3561 famosissima
3410 3505 3720 3576 civitasDei,

2133 3594 2374 3650 serviens
2400 3594 2453 3648 in
2479 3593 2631 3664 signo
2647 3592 2829 3650 liberte
2843 3594 3093 3664 civitatis,
3106 3610 3225 3667 quae
3236 3595 3471 3652 ctelestis
3497 3595 3722 3654 Jerusa-

2133 3685 2237 3741 lem
2275 3684 2466 3740 dicitur
2503 3683 2696 3757 (Galat.
2725 3699 2798 3751 IV,
2833 3685 2925 3753 25,
2950 3686 3068 3757 26),
3089 3685 3233 3757 quod
3267 3686 3490 3744 verbum
3512 3694 3594 3745 est
3625 3686 3726 3744 he-

2131 3775 2355 3844 hrmum,
2377 3785 2432 3831 et
2450 3776 2825 3846 interpretatur
2847 3775 2995 3831 Visio
3014 3775 3181 3848 pacis.
3217 3775 3387 3848 Cujus
3404 3777 3554 3835 cives
3593 3787 3723 3837 sunt

2133 3879 2322 3921 omnes
2342 3865 2658 3921 sanetilicati
2681 3864 2925 3922 homines
2942 3866 3032 3937 qui
3061 3865 3302 3936 fuerunt,
3325 3878 3383 3925 et
3396 3868 3485 3941 qui
3501 3878 3645 3938 sunt,
3661 3878 3721 3928 et

2133 3957 2222 4028 qui
2262 3956 2424 4014 futuri
2465 3967 2622 4025 sunt;
2654 3968 2710 4017 et
2733 3966 2923 4015 omnes
2945 3959 3258 4017 sanctiﬁcati
3286 3961 3527 4033 spiritus,
3554 3962 3719 4027 etiam

2132 4048 2453 4121 quicumque
2470 4050 2521 4104 in
2543 4049 2770 4107 excelsis
2787 4050 3050 4107 cmlorum
3068 4051 3309 4122 partibus
3324 4052 3411 4123 pia
3427 4051 3718 4111 devotione

2133 4141 2505 4213 obtemperant
2534 4142 2674 4210 Deo,
2702 4158 2803 4200 nec
2827 4143 3103 4199 imitantur
3143 4144 3362 4216 impiam
3397 4145 3597 4204 diaboli
3623 4163 3719 4202 su-

2134 4236 2373 4306 perbiam
2416 4246 2472 4292 et
2512 4236 2821 4307 angelorum
2858 4237 2995 4308 ejus.
3035 4236 3203 4308 Hujus
3238 4238 3467 4295 civitatis
3505 4253 3598 4295 rex
3631 4247 3718 4295 est

2132 4326 2388 4382 Dominus
2429 4325 2584 4382 Jesus
2621 4326 2900 4395 Christus,
2931 4327 3167 4384 Verbum
3198 4328 3294 4385 Dei
3319 4343 3428 4400 quo
3454 4336 3716 4400 reguntur

2132 4417 2324 4473 summi
2353 4415 2540 4486 Angeli
2567 4457 2584 4484 ,
2616 4425 2673 4473 et
2700 4416 2934 4473 Verbum
2963 4417 3233 4475 hominem
3257 4432 3538 4475 assumens
3562 4427 3623 4475 ut
3644 4434 3715 4477 eo

2132 4516 2442 4578 regerentur
2468 4516 2524 4563 ct
2552 4507 2818 4576 homines,
2845 4508 2938 4581 qui
2976 4508 3140 4565 simul
3166 4522 3357 4565 omnes
3381 4522 3505 4565 cum
3530 4508 3626 4566 illo
3653 4509 3710 4566 in
3744 4558 3751 4563 .

2132 4606 2330 4653 aeterna
2361 4612 2489 4669 pace
2517 4599 2833 4670 regnabant.
2865 4599 2947 4654 Ad
2975 4598 3134 4670 hujus
3162 4599 3302 4671 regis
3324 4600 3717 4672 praefiguratio-

2132 4704 2253 4745 nem
2278 4689 2332 4744 in
2362 4691 2453 4746 illo
2476 4700 2687 4748 terreno
2723 4707 2891 4764 regno
2925 4691 3103 4762 populi
3129 4690 3294 4748 Israel
3322 4691 3563 4751 maxime
3579 4696 3717 4751 emi-

2133 4780 2246 4836 nuit
2289 4796 2383 4838 rex
2422 4781 2609 4849 David,
2636 4782 2705 4838 de
2730 4783 2885 4854 cujus
2922 4782 3130 4840 semine
3172 4783 3465 4841 secundum
3493 4799 3715 4843 carnem

2130 4874 2338 4930 veniret
2352 4874 2661 4930 verissimus
2683 4889 2781 4930 rex
2806 4882 2990 4932 noster
3004 4876 3264 4934 Dominus
3275 4876 3434 4935 Iesus
3447 4877 3714 4949 Christus,

2130 4965 2216 5037 qui
2242 4973 2315 5020 est
2340 4980 2494 5035 super
2520 4966 2690 5020 omnia
2725 4965 2865 5031 Deus
2899 4968 3187 5024 benedictus
3220 4970 3276 5024 in
3319 4970 3508 5026 statuta
3535 4969 3689 5041 (Rom

2129 5069 2206 5123 ιι,
2235 5055 2314 5127 5).
2344 5055 2506 5112 Multa
2534 5056 2588 5112 in
2617 5057 2707 5113 illa
2734 5066 2874 5115 terra
2917 5059 3287 5130 promissionis
3327 5069 3475 5130 gesta
3499 5070 3625 5115 sunt
3664 5066 3715 5115 in

2129 5150 2353 5222 ﬁguram
2384 5151 2589 5207 venturi
2622 5150 2823 5209 Christi
2860 5161 2916 5209 et
2957 5153 3241 5219 Ecclesiae,
3275 5166 3397 5224 quae
3430 5153 3483 5207 in
3514 5158 3715 5209 sanctis

2129 5242 2307 5300 Libris
2330 5243 2586 5315 paulatim
2604 5244 2811 5301 discere
2837 5245 3055 5314 poteris.

2199 5334 2426 5393 CAPUT
2462 5335 2606 5392 XXI.
2631 5366 2699 5377 -—
2726 5336 2813 5392 37.
2853 5334 3131 5405 Captivitas
3155 5334 3470 5406 Babylonica
3499 5345 3545 5390 et
3575 5336 3627 5389 in
3655 5354 3713 5389 ei.

2129 5435 2270 5501 gesta
2304 5428 2425 5499 quid
2450 5427 2752 5500 signiﬁcent.
2803 5424 2926 5480 Post
2967 5425 3309 5496 captivitatem
3345 5423 3710 5496 Babylonicum

2130 5517 2333 5574 libertas
2356 5519 2521 5591 qualis
2535 5517 2753 5573 reddita.
2767 5517 2896 5571 Post
2918 5516 3121 5587 aliquot
3140 5525 3318 5571 tamen
3338 5518 3712 5587 generationes

2128 5612 2366 5672 ostendit
2404 5612 2567 5669 alium
2606 5620 2787 5684 typum
2828 5608 2892 5663 ad
2922 5624 3036 5664 rem
3069 5612 3301 5665 maxime
3330 5609 3708 5679 pertinentem.

2128 5705 2267 5766 Nam
2288 5706 2548 5781 captivata
2574 5713 2654 5764 est
2672 5703 2763 5760 illa
2783 5701 2989 5771 civitas,
3015 5710 3072 5760 et
3097 5701 3265 5759 multa
3293 5716 3417 5775 pars
3446 5700 3563 5771 ejus
3583 5698 3711 5756 edu-
