  <div class='ocr_page' id='page_1' title='image "/cluster/home/n/w/nwhite01/storage/ocr_20150623/40/hvd.32044096580626/176.png"; bbox 0 0 4124 6206; ppageno 0'>
   <div class='ocr_carea' id='block_1_1' title="bbox 334 282 446 340">
    <p class='ocr_par' dir='ltr' id='par_1_1' title="bbox 334 282 446 340">
     <span class='ocr_line' id='line_1_1' title="bbox 334 282 446 340; baseline -0.027 0"><span class='ocrx_word' id='word_1_1' title='bbox 334 282 446 340; x_wconf 67' lang='grc'><strong>537</strong></span> 
     </span>
    </p>
   </div>
   <div class='ocr_carea' id='block_1_2' title="bbox 331 391 1923 468">
    <p class='ocr_par' dir='ltr' id='par_1_2' title="bbox 331 391 1923 468">
     <span class='ocr_line' id='line_1_2' title="bbox 331 391 1923 468; baseline 0 -16"><span class='ocrx_word' id='word_1_2' title='bbox 331 403 424 452; x_wconf 86' lang='lat' dir='ltr'><strong>cta</strong></span> <span class='ocrx_word' id='word_1_3' title='bbox 447 395 501 451; x_wconf 91' lang='lat' dir='ltr'><strong>in</strong></span> <span class='ocrx_word' id='word_1_4' title='bbox 527 393 896 466; x_wconf 81' lang='lat' dir='ltr'><strong>Babyloniam.</strong></span> <span class='ocrx_word' id='word_1_5' title='bbox 937 391 1087 449; x_wconf 90' lang='lat' dir='ltr'><strong>Sicut</strong></span> <span class='ocrx_word' id='word_1_6' title='bbox 1113 402 1290 450; x_wconf 90' lang='lat' dir='ltr'><strong>autem</strong></span> <span class='ocrx_word' id='word_1_7' title='bbox 1333 395 1628 464; x_wconf 86' lang='lat' dir='ltr'><strong>Jerusalem</strong></span> <span class='ocrx_word' id='word_1_8' title='bbox 1657 397 1923 468; x_wconf 89' lang='lat' dir='ltr'><strong>signiﬁcat</strong></span> 
     </span>
    </p>
   </div>
   <div class='ocr_carea' id='block_1_3' title="bbox 330 489 1922 562">
    <p class='ocr_par' dir='ltr' id='par_1_3' title="bbox 330 489 1922 562">
     <span class='ocr_line' id='line_1_3' title="bbox 330 489 1922 562; baseline 0 -16"><span class='ocrx_word' id='word_1_9' title='bbox 330 489 608 546; x_wconf 89' lang='lat' dir='ltr'><strong>civitatem</strong></span> <span class='ocrx_word' id='word_1_10' title='bbox 658 489 1075 559; x_wconf 79' lang='lat' dir='ltr'><strong>societatemque</strong></span> <span class='ocrx_word' id='word_1_11' title='bbox 1120 498 1451 554; x_wconf 87' lang='lat' dir='ltr'><strong>sanctorum;</strong></span> <span class='ocrx_word' id='word_1_12' title='bbox 1501 492 1578 546; x_wconf 90' lang='lat' dir='ltr'><strong>sic</strong></span> <span class='ocrx_word' id='word_1_13' title='bbox 1632 490 1922 562; x_wconf 88' lang='lat' dir='ltr'><strong>Babylonia</strong></span> 
     </span>
    </p>
   </div>
   <div class='ocr_carea' id='block_1_4' title="bbox 331 574 1920 647">
    <p class='ocr_par' dir='ltr' id='par_1_4' title="bbox 331 574 1920 647">
     <span class='ocr_line' id='line_1_4' title="bbox 331 574 1920 647; baseline 0.001 -17"><span class='ocrx_word' id='word_1_14' title='bbox 331 574 881 646; x_wconf 89' lang='lat' dir='ltr'><strong>signiﬁcatcivitatem</strong></span> <span class='ocrx_word' id='word_1_15' title='bbox 899 576 1314 646; x_wconf 83' lang='lat' dir='ltr'><strong>societatemque</strong></span> <span class='ocrx_word' id='word_1_16' title='bbox 1332 576 1652 646; x_wconf 90' lang='lat' dir='ltr'><strong>iniquorum,</strong></span> <span class='ocrx_word' id='word_1_17' title='bbox 1671 577 1920 647; x_wconf 88' lang='lat' dir='ltr'><strong>quoniam</strong></span> 
     </span>
    </p>
   </div>
   <div class='ocr_carea' id='block_1_5' title="bbox 329 665 1920 737">
    <p class='ocr_par' dir='ltr' id='par_1_5' title="bbox 329 665 1920 737">
     <span class='ocr_line' id='line_1_5' title="bbox 329 665 1920 737; baseline 0 -15"><span class='ocrx_word' id='word_1_18' title='bbox 329 665 532 722; x_wconf 87' lang='lat' dir='ltr'><strong>dicitur</strong></span> <span class='ocrx_word' id='word_1_19' title='bbox 557 667 900 737; x_wconf 88' lang='lat' dir='ltr'><strong>interpretari</strong></span> <span class='ocrx_word' id='word_1_20' title='bbox 924 667 1194 722; x_wconf 80' lang='lat' dir='ltr'><strong>Confusio.</strong></span> <span class='ocrx_word' id='word_1_21' title='bbox 1227 667 1300 722; x_wconf 91' lang='lat' dir='ltr'><strong>De</strong></span> <span class='ocrx_word' id='word_1_22' title='bbox 1328 667 1520 736; x_wconf 84' lang='lat' dir='ltr'><strong>quibus</strong></span> <span class='ocrx_word' id='word_1_23' title='bbox 1549 668 1756 723; x_wconf 90' lang='lat' dir='ltr'><strong>duabus</strong></span> <span class='ocrx_word' id='word_1_24' title='bbox 1785 669 1920 722; x_wconf 90' lang='lat' dir='ltr'><strong>civi-</strong></span> 
     </span>
    </p>
   </div>
   <div class='ocr_carea' id='block_1_6' title="bbox 331 757 1919 828">
    <p class='ocr_par' dir='ltr' id='par_1_6' title="bbox 331 757 1919 828">
     <span class='ocr_line' id='line_1_6' title="bbox 331 757 1919 828; baseline 0 -15"><span class='ocrx_word' id='word_1_25' title='bbox 331 757 565 824; x_wconf 86' lang='lat' dir='ltr'><strong>tatibus,</strong></span> <span class='ocrx_word' id='word_1_26' title='bbox 597 759 665 813; x_wconf 87' lang='lat' dir='ltr'><strong>ab</strong></span> <span class='ocrx_word' id='word_1_27' title='bbox 706 757 928 812; x_wconf 79' lang='lat' dir='ltr'><strong>exordio</strong></span> <span class='ocrx_word' id='word_1_28' title='bbox 957 759 1168 828; x_wconf 80' lang='lat' dir='ltr'><strong>generis</strong></span> <span class='ocrx_word' id='word_1_29' title='bbox 1209 758 1423 812; x_wconf 81' lang='lat' dir='ltr'><strong>humani</strong></span> <span class='ocrx_word' id='word_1_30' title='bbox 1456 773 1622 828; x_wconf 91' lang='lat' dir='ltr'><strong>usque</strong></span> <span class='ocrx_word' id='word_1_31' title='bbox 1662 759 1713 812; x_wconf 91' lang='lat' dir='ltr'><strong>in</strong></span> <span class='ocrx_word' id='word_1_32' title='bbox 1759 759 1919 813; x_wconf 91' lang='lat' dir='ltr'><strong>ﬁnem</strong></span> 
     </span>
    </p>
   </div>
   <div class='ocr_carea' id='block_1_7' title="bbox 332 848 1924 918">
    <p class='ocr_par' dir='ltr' id='par_1_7' title="bbox 332 848 1924 918">
     <span class='ocr_line' id='line_1_7' title="bbox 332 848 1924 918; baseline -0.001 -13"><span class='ocrx_word' id='word_1_33' title='bbox 332 849 516 905; x_wconf 69' lang='lat' dir='ltr'><strong>saeculi</strong></span> <span class='ocrx_word' id='word_1_34' title='bbox 549 849 810 918; x_wconf 84' lang='lat' dir='ltr'><strong>permixte</strong></span> <span class='ocrx_word' id='word_1_35' title='bbox 830 849 846 879; x_wconf 75' lang='grc' dir='ltr'>ί</span> <span class='ocrx_word' id='word_1_36' title='bbox 876 857 1171 918; x_wconf 84' lang='lat' dir='ltr'><strong>temporum</strong></span> <span class='ocrx_word' id='word_1_37' title='bbox 1199 848 1455 903; x_wconf 83' lang='lat' dir='ltr'><strong>varietate</strong></span> <span class='ocrx_word' id='word_1_38' title='bbox 1483 849 1839 916; x_wconf 89' lang='lat' dir='ltr'><strong>currentibus,</strong></span> <span class='ocrx_word' id='word_1_39' title='bbox 1867 857 1924 904; x_wconf 90' lang='lat' dir='ltr'><strong>ct</strong></span> 
     </span>
    </p>
   </div>
   <div class='ocr_carea' id='block_1_8' title="bbox 333 938 1922 1009">
    <p class='ocr_par' dir='ltr' id='par_1_8' title="bbox 333 938 1922 1009">
     <span class='ocr_line' id='line_1_8' title="bbox 333 938 1922 1009; baseline 0 -15"><span class='ocrx_word' id='word_1_40' title='bbox 333 939 527 996; x_wconf 81' lang='lat' dir='ltr'><strong>ultimo</strong></span> <span class='ocrx_word' id='word_1_41' title='bbox 548 939 751 1009; x_wconf 87' lang='lat' dir='ltr'><strong>judicio</strong></span> <span class='ocrx_word' id='word_1_42' title='bbox 791 938 1102 1009; x_wconf 82' lang='lat' dir='ltr'><strong>separandis</strong></span> <span class='ocrx_word' id='word_1_43' title='bbox 1126 982 1141 1006; x_wconf 88' lang='lat'><strong>,</strong></span> <span class='ocrx_word' id='word_1_44' title='bbox 1181 939 1343 1009; x_wconf 90' lang='lat' dir='ltr'><strong>paulo</strong></span> <span class='ocrx_word' id='word_1_45' title='bbox 1382 948 1505 994; x_wconf 90' lang='lat' dir='ltr'><strong>ante</strong></span> <span class='ocrx_word' id='word_1_46' title='bbox 1546 940 1656 1009; x_wconf 89' lang='lat' dir='ltr'><strong>jam</strong></span> <span class='ocrx_word' id='word_1_47' title='bbox 1690 939 1922 994; x_wconf 81' lang='lat' dir='ltr'><strong>diximus</strong></span> 
     </span>
    </p>
   </div>
   <div class='ocr_carea' id='block_1_9' title="bbox 337 1030 1923 1102">
    <p class='ocr_par' dir='ltr' id='par_1_9' title="bbox 337 1030 1923 1102">
     <span class='ocr_line' id='line_1_9' title="bbox 337 1030 1923 1102; baseline -0.001 -15"><span class='ocrx_word' id='word_1_48' title='bbox 337 1030 490 1101; x_wconf 82' lang='lat' dir='ltr'><strong>(Cap.</strong></span> <span class='ocrx_word' id='word_1_49' title='bbox 518 1031 629 1102; x_wconf 80' lang='lat' dir='ltr'><strong>l9).</strong></span> <span class='ocrx_word' id='word_1_50' title='bbox 660 1031 748 1086; x_wconf 83' lang='lat' dir='ltr'><strong>illa</strong></span> <span class='ocrx_word' id='word_1_51' title='bbox 777 1046 905 1102; x_wconf 89' lang='lat' dir='ltr'><strong>ergo</strong></span> <span class='ocrx_word' id='word_1_52' title='bbox 934 1032 1212 1101; x_wconf 86' lang='lat' dir='ltr'><strong>captivitas</strong></span> <span class='ocrx_word' id='word_1_53' title='bbox 1248 1031 1544 1087; x_wconf 82' lang='lat' dir='ltr'><strong>Jerusalem</strong></span> <span class='ocrx_word' id='word_1_54' title='bbox 1586 1031 1836 1098; x_wconf 82' lang='lat' dir='ltr'><strong>civitatis,</strong></span> <span class='ocrx_word' id='word_1_55' title='bbox 1868 1039 1923 1086; x_wconf 91' lang='lat' dir='ltr'><strong>et</strong></span> 
     </span>
    </p>
   </div>
   <div class='ocr_carea' id='block_1_10' title="bbox 332 1121 1922 1192">
    <p class='ocr_par' dir='ltr' id='par_1_10' title="bbox 332 1121 1922 1192">
     <span class='ocr_line' id='line_1_10' title="bbox 332 1121 1922 1192; baseline 0.001 -16"><span class='ocrx_word' id='word_1_56' title='bbox 332 1121 425 1176; x_wconf 90' lang='lat' dir='ltr'><strong>ille</strong></span> <span class='ocrx_word' id='word_1_57' title='bbox 463 1121 690 1191; x_wconf 90' lang='lat' dir='ltr'><strong>populus</strong></span> <span class='ocrx_word' id='word_1_58' title='bbox 720 1121 772 1174; x_wconf 92' lang='lat' dir='ltr'><strong>in</strong></span> <span class='ocrx_word' id='word_1_59' title='bbox 803 1121 1146 1192; x_wconf 82' lang='lat' dir='ltr'><strong>Babyloniam</strong></span> <span class='ocrx_word' id='word_1_60' title='bbox 1175 1121 1366 1177; x_wconf 92' lang='lat' dir='ltr'><strong>ductus</strong></span> <span class='ocrx_word' id='word_1_61' title='bbox 1395 1122 1459 1176; x_wconf 93' lang='lat' dir='ltr'><strong>ad</strong></span> <span class='ocrx_word' id='word_1_62' title='bbox 1489 1122 1801 1177; x_wconf 83' lang='lat' dir='ltr'><strong>servitutem</strong></span> <span class='ocrx_word' id='word_1_63' title='bbox 1842 1121 1922 1177; x_wconf 90' lang='lat' dir='ltr'><strong>ire</strong></span> 
     </span>
    </p>
   </div>
   <div class='ocr_carea' id='block_1_11' title="bbox 327 1212 1924 1284">
    <p class='ocr_par' dir='ltr' id='par_1_11' title="bbox 327 1212 1924 1284">
     <span class='ocr_line' id='line_1_11' title="bbox 327 1212 1924 1284; baseline 0 -19"><span class='ocrx_word' id='word_1_64' title='bbox 327 1213 552 1283; x_wconf 77' lang='lat' dir='ltr'><strong>iubetur</strong></span> <span class='ocrx_word' id='word_1_65' title='bbox 580 1227 609 1266; x_wconf 91' lang='lat' dir='ltr'><strong>a</strong></span> <span class='ocrx_word' id='word_1_66' title='bbox 642 1212 869 1268; x_wconf 92' lang='lat' dir='ltr'><strong>Domino</strong></span> <span class='ocrx_word' id='word_1_67' title='bbox 905 1228 1004 1284; x_wconf 90' lang='lat' dir='ltr'><strong>per</strong></span> <span class='ocrx_word' id='word_1_68' title='bbox 1029 1213 1316 1268; x_wconf 88' lang='lat' dir='ltr'><strong>Jeremiam</strong></span> <span class='ocrx_word' id='word_1_69' title='bbox 1346 1214 1490 1267; x_wconf 92' lang='lat' dir='ltr'><strong>illius</strong></span> <span class='ocrx_word' id='word_1_70' title='bbox 1517 1214 1771 1283; x_wconf 91' lang='lat' dir='ltr'><strong>temporis</strong></span> <span class='ocrx_word' id='word_1_71' title='bbox 1799 1227 1924 1282; x_wconf 88' lang='lat' dir='ltr'><strong>pro-</strong></span> 
     </span>
    </p>
   </div>
   <div class='ocr_carea' id='block_1_12' title="bbox 336 1303 1922 1377">
    <p class='ocr_par' dir='ltr' id='par_1_12' title="bbox 336 1303 1922 1377">
     <span class='ocr_line' id='line_1_12' title="bbox 336 1303 1922 1377; baseline 0.001 -18"><span class='ocrx_word' id='word_1_72' title='bbox 336 1303 574 1374; x_wconf 88' lang='lat' dir='ltr'><strong>phetam.</strong></span> <span class='ocrx_word' id='word_1_73' title='bbox 608 1305 674 1360; x_wconf 90' lang='lat' dir='ltr'><strong>Et</strong></span> <span class='ocrx_word' id='word_1_74' title='bbox 707 1305 1033 1361; x_wconf 74' lang='lat' dir='ltr'><strong>exstiterunt</strong></span> <span class='ocrx_word' id='word_1_75' title='bbox 1060 1321 1215 1376; x_wconf 90' lang='lat' dir='ltr'><strong>reges</strong></span> <span class='ocrx_word' id='word_1_76' title='bbox 1252 1305 1576 1374; x_wconf 70' lang='lat' dir='ltr'><strong>Babylonim,</strong></span> <span class='ocrx_word' id='word_1_77' title='bbox 1604 1305 1702 1360; x_wconf 91' lang='lat' dir='ltr'><strong>sub</strong></span> <span class='ocrx_word' id='word_1_78' title='bbox 1732 1306 1922 1377; x_wconf 84' lang='lat' dir='ltr'><strong>quibus</strong></span> 
     </span>
    </p>
   </div>
   <div class='ocr_carea' id='block_1_13' title="bbox 332 1395 1920 1467">
    <p class='ocr_par' dir='ltr' id='par_1_13' title="bbox 332 1395 1920 1467">
     <span class='ocr_line' id='line_1_13' title="bbox 332 1395 1920 1467; baseline -0.001 -17"><span class='ocrx_word' id='word_1_79' title='bbox 332 1395 412 1451; x_wconf 86' lang='lat' dir='ltr'><strong>illi</strong></span> <span class='ocrx_word' id='word_1_80' title='bbox 439 1397 763 1464; x_wconf 89' lang='lat' dir='ltr'><strong>serviebant,</strong></span> <span class='ocrx_word' id='word_1_81' title='bbox 791 1396 882 1467; x_wconf 89' lang='lat' dir='ltr'><strong>qui</strong></span> <span class='ocrx_word' id='word_1_82' title='bbox 921 1412 986 1451; x_wconf 82' lang='lat' dir='ltr'><strong>ex</strong></span> <span class='ocrx_word' id='word_1_83' title='bbox 1016 1411 1203 1451; x_wconf 91' lang='lat' dir='ltr'><strong>eorum</strong></span> <span class='ocrx_word' id='word_1_84' title='bbox 1225 1397 1506 1453; x_wconf 89' lang='lat' dir='ltr'><strong>occasione</strong></span> <span class='ocrx_word' id='word_1_85' title='bbox 1527 1396 1778 1450; x_wconf 89' lang='lat' dir='ltr'><strong>commoti</strong></span> <span class='ocrx_word' id='word_1_86' title='bbox 1801 1396 1920 1466; x_wconf 90' lang='lat' dir='ltr'><strong>qui-</strong></span> 
     </span>
    </p>
   </div>
   <div class='ocr_carea' id='block_1_14' title="bbox 333 1486 1921 1559">
    <p class='ocr_par' dir='ltr' id='par_1_14' title="bbox 333 1486 1921 1559">
     <span class='ocr_line' id='line_1_14' title="bbox 333 1486 1921 1559; baseline -0.001 -16"><span class='ocrx_word' id='word_1_87' title='bbox 333 1486 559 1543; x_wconf 86' lang='lat' dir='ltr'><strong>busdam</strong></span> <span class='ocrx_word' id='word_1_88' title='bbox 585 1488 859 1553; x_wconf 89' lang='lat' dir='ltr'><strong>miraculis</strong></span> <span class='ocrx_word' id='word_1_89' title='bbox 879 1498 1261 1559; x_wconf 82' lang='lat' dir='ltr'><strong>cognoscerent</strong></span> <span class='ocrx_word' id='word_1_90' title='bbox 1289 1498 1344 1544; x_wconf 90' lang='lat' dir='ltr'><strong>et</strong></span> <span class='ocrx_word' id='word_1_91' title='bbox 1371 1491 1613 1544; x_wconf 88' lang='lat' dir='ltr'><strong>colerent</strong></span> <span class='ocrx_word' id='word_1_92' title='bbox 1641 1498 1696 1544; x_wconf 90' lang='lat' dir='ltr'><strong>et</strong></span> <span class='ocrx_word' id='word_1_93' title='bbox 1715 1489 1818 1543; x_wconf 90' lang='lat' dir='ltr'><strong>coli</strong></span> <span class='ocrx_word' id='word_1_94' title='bbox 1837 1489 1921 1557; x_wconf 85' lang='lat' dir='ltr'><strong>ju-</strong></span> 
     </span>
    </p>
   </div>
   <div class='ocr_carea' id='block_1_15' title="bbox 334 1581 1918 1653">
    <p class='ocr_par' dir='ltr' id='par_1_15' title="bbox 334 1581 1918 1653">
     <span class='ocr_line' id='line_1_15' title="bbox 334 1581 1918 1653; baseline 0 -17"><span class='ocrx_word' id='word_1_95' title='bbox 334 1581 526 1636; x_wconf 88' lang='lat' dir='ltr'><strong>berent</strong></span> <span class='ocrx_word' id='word_1_96' title='bbox 554 1597 719 1637; x_wconf 91' lang='lat' dir='ltr'><strong>unum</strong></span> <span class='ocrx_word' id='word_1_97' title='bbox 746 1597 931 1638; x_wconf 89' lang='lat' dir='ltr'><strong>verum</strong></span> <span class='ocrx_word' id='word_1_98' title='bbox 977 1582 1145 1637; x_wconf 92' lang='lat' dir='ltr'><strong>Deum</strong></span> <span class='ocrx_word' id='word_1_99' title='bbox 1166 1624 1181 1647; x_wconf 92' lang='lat'><strong>,</strong></span> <span class='ocrx_word' id='word_1_100' title='bbox 1211 1583 1301 1653; x_wconf 90' lang='lat' dir='ltr'><strong>qui</strong></span> <span class='ocrx_word' id='word_1_101' title='bbox 1341 1582 1580 1638; x_wconf 88' lang='lat' dir='ltr'><strong>condidit</strong></span> <span class='ocrx_word' id='word_1_102' title='bbox 1614 1585 1918 1636; x_wconf 86' lang='lat' dir='ltr'><strong>universam</strong></span> 
     </span>
    </p>
   </div>
   <div class='ocr_carea' id='block_1_16' title="bbox 331 1671 1919 1746">
    <p class='ocr_par' dir='ltr' id='par_1_16' title="bbox 331 1671 1919 1746">
     <span class='ocr_line' id='line_1_16' title="bbox 331 1671 1919 1746; baseline 0 -20"><span class='ocrx_word' id='word_1_103' title='bbox 331 1682 632 1728; x_wconf 86' lang='lat' dir='ltr'><strong>creaturam</strong></span> <span class='ocrx_word' id='word_1_104' title='bbox 664 1672 824 1746; x_wconf 85' lang='lat' dir='ltr'><strong>(Dan.</strong></span> <span class='ocrx_word' id='word_1_105' title='bbox 856 1688 998 1739; x_wconf 76' lang='lat' dir='ltr'><strong>n-vr,</strong></span> <span class='ocrx_word' id='word_1_106' title='bbox 1030 1671 1161 1744; x_wconf 68' lang='lat' dir='ltr'><strong>xxv).</strong></span> <span class='ocrx_word' id='word_1_107' title='bbox 1193 1673 1333 1727; x_wconf 92' lang='lat' dir='ltr'><strong>Jussi</strong></span> <span class='ocrx_word' id='word_1_108' title='bbox 1365 1681 1489 1728; x_wconf 88' lang='lat' dir='ltr'><strong>sunt</strong></span> <span class='ocrx_word' id='word_1_109' title='bbox 1516 1682 1692 1728; x_wconf 91' lang='lat' dir='ltr'><strong>autem</strong></span> <span class='ocrx_word' id='word_1_110' title='bbox 1719 1681 1772 1727; x_wconf 91' lang='lat' dir='ltr'><strong>ct</strong></span> <span class='ocrx_word' id='word_1_111' title='bbox 1795 1687 1919 1727; x_wconf 82' lang='lat' dir='ltr'><strong>ora-</strong></span> 
     </span>
    </p>
   </div>
   <div class='ocr_carea' id='block_1_17' title="bbox 335 1764 1918 1837">
    <p class='ocr_par' dir='ltr' id='par_1_17' title="bbox 335 1764 1918 1837">
     <span class='ocr_line' id='line_1_17' title="bbox 335 1764 1918 1837; baseline -0.002 -15"><span class='ocrx_word' id='word_1_112' title='bbox 335 1779 397 1822; x_wconf 81' lang='lat' dir='ltr'><strong>re</strong></span> <span class='ocrx_word' id='word_1_113' title='bbox 419 1780 517 1836; x_wconf 89' lang='lat' dir='ltr'><strong>pro</strong></span> <span class='ocrx_word' id='word_1_114' title='bbox 553 1766 633 1822; x_wconf 89' lang='lat' dir='ltr'><strong>eis</strong></span> <span class='ocrx_word' id='word_1_115' title='bbox 667 1781 699 1820; x_wconf 86' lang='lat' dir='ltr'><strong>a</strong></span> <span class='ocrx_word' id='word_1_116' title='bbox 726 1767 919 1837; x_wconf 86' lang='lat' dir='ltr'><strong>quibus</strong></span> <span class='ocrx_word' id='word_1_117' title='bbox 946 1766 1139 1836; x_wconf 86' lang='lat' dir='ltr'><strong>captivi</strong></span> <span class='ocrx_word' id='word_1_118' title='bbox 1171 1764 1522 1832; x_wconf 90' lang='lat' dir='ltr'><strong>tenebantur,</strong></span> <span class='ocrx_word' id='word_1_119' title='bbox 1564 1773 1619 1820; x_wconf 89' lang='lat' dir='ltr'><strong>et</strong></span> <span class='ocrx_word' id='word_1_120' title='bbox 1647 1767 1699 1819; x_wconf 92' lang='lat' dir='ltr'><strong>in</strong></span> <span class='ocrx_word' id='word_1_121' title='bbox 1731 1779 1918 1820; x_wconf 88' lang='lat' dir='ltr'><strong>eorum</strong></span> 
     </span>
    </p>
   </div>
   <div class='ocr_carea' id='block_1_18' title="bbox 333 1856 1919 1930">
    <p class='ocr_par' dir='ltr' id='par_1_18' title="bbox 333 1856 1919 1930">
     <span class='ocr_line' id='line_1_18' title="bbox 333 1856 1919 1930; baseline -0.002 -16"><span class='ocrx_word' id='word_1_122' title='bbox 333 1872 467 1930; x_wconf 82' lang='lat' dir='ltr'><strong>pace</strong></span> <span class='ocrx_word' id='word_1_123' title='bbox 505 1873 689 1929; x_wconf 82' lang='lat' dir='ltr'><strong>pacem</strong></span> <span class='ocrx_word' id='word_1_124' title='bbox 729 1873 968 1930; x_wconf 88' lang='lat' dir='ltr'><strong>sperare,</strong></span> <span class='ocrx_word' id='word_1_125' title='bbox 1013 1857 1080 1912; x_wconf 89' lang='lat' dir='ltr'><strong>ad</strong></span> <span class='ocrx_word' id='word_1_126' title='bbox 1109 1856 1400 1929; x_wconf 80' lang='lat' dir='ltr'><strong>gignendos</strong></span> <span class='ocrx_word' id='word_1_127' title='bbox 1442 1857 1577 1913; x_wconf 85' lang='lat' dir='ltr'><strong>ﬁlios</strong></span> <span class='ocrx_word' id='word_1_128' title='bbox 1601 1898 1616 1923; x_wconf 95' lang='lat'><strong>,</strong></span> <span class='ocrx_word' id='word_1_129' title='bbox 1649 1865 1703 1912; x_wconf 91' lang='lat' dir='ltr'><strong>et</strong></span> <span class='ocrx_word' id='word_1_130' title='bbox 1729 1856 1919 1911; x_wconf 83' lang='lat' dir='ltr'><strong>domos</strong></span> 
     </span>
    </p>
   </div>
   <div class='ocr_carea' id='block_1_19' title="bbox 334 1951 1918 2023">
    <p class='ocr_par' dir='ltr' id='par_1_19' title="bbox 334 1951 1918 2023">
     <span class='ocr_line' id='line_1_19' title="bbox 334 1951 1918 2023; baseline -0.001 -15"><span class='ocrx_word' id='word_1_131' title='bbox 334 1952 696 2017; x_wconf 65' lang='lat' dir='ltr'><strong>aediﬁcandas,</strong></span> <span class='ocrx_word' id='word_1_132' title='bbox 725 1961 779 2007; x_wconf 90' lang='lat' dir='ltr'><strong>et</strong></span> <span class='ocrx_word' id='word_1_133' title='bbox 811 1951 1126 2023; x_wconf 89' lang='lat' dir='ltr'><strong>plantandos</strong></span> <span class='ocrx_word' id='word_1_134' title='bbox 1153 1951 1338 2007; x_wconf 88' lang='lat' dir='ltr'><strong>hortos</strong></span> <span class='ocrx_word' id='word_1_135' title='bbox 1364 1959 1418 2007; x_wconf 89' lang='lat' dir='ltr'><strong>et</strong></span> <span class='ocrx_word' id='word_1_136' title='bbox 1446 1952 1648 2008; x_wconf 90' lang='lat' dir='ltr'><strong>vineas.</strong></span> <span class='ocrx_word' id='word_1_137' title='bbox 1677 1951 1802 2006; x_wconf 87' lang='lat' dir='ltr'><strong>Post</strong></span> <span class='ocrx_word' id='word_1_138' title='bbox 1827 1966 1918 2006; x_wconf 87' lang='lat' dir='ltr'><strong>se-</strong></span> 
     </span>
    </p>
   </div>
   <div class='ocr_carea' id='block_1_20' title="bbox 333 2040 1918 2115">
    <p class='ocr_par' dir='ltr' id='par_1_20' title="bbox 333 2040 1918 2115">
     <span class='ocr_line' id='line_1_20' title="bbox 333 2040 1918 2115; baseline -0.004 -15"><span class='ocrx_word' id='word_1_139' title='bbox 333 2045 603 2115; x_wconf 89' lang='lat' dir='ltr'><strong>ptuaginta</strong></span> <span class='ocrx_word' id='word_1_140' title='bbox 627 2051 804 2099; x_wconf 89' lang='lat' dir='ltr'><strong>autem</strong></span> <span class='ocrx_word' id='word_1_141' title='bbox 832 2057 1002 2098; x_wconf 91' lang='lat' dir='ltr'><strong>annos</strong></span> <span class='ocrx_word' id='word_1_142' title='bbox 1027 2043 1354 2114; x_wconf 86' lang='lat' dir='ltr'><strong>promittitur</strong></span> <span class='ocrx_word' id='word_1_143' title='bbox 1379 2042 1460 2098; x_wconf 91' lang='lat' dir='ltr'><strong>eis</strong></span> <span class='ocrx_word' id='word_1_144' title='bbox 1488 2042 1555 2096; x_wconf 91' lang='lat' dir='ltr'><strong>ab</strong></span> <span class='ocrx_word' id='word_1_145' title='bbox 1583 2041 1670 2096; x_wconf 87' lang='lat' dir='ltr'><strong>illa</strong></span> <span class='ocrx_word' id='word_1_146' title='bbox 1699 2040 1918 2110; x_wconf 90' lang='lat' dir='ltr'><strong>captivi-</strong></span> 
     </span>
    </p>
   </div>
   <div class='ocr_carea' id='block_1_21' title="bbox 335 2133 1915 2207">
    <p class='ocr_par' dir='ltr' id='par_1_21' title="bbox 335 2133 1915 2207">
     <span class='ocr_line' id='line_1_21' title="bbox 335 2133 1915 2207; baseline -0.002 -18"><span class='ocrx_word' id='word_1_147' title='bbox 335 2141 443 2190; x_wconf 86' lang='lat' dir='ltr'><strong>tate</strong></span> <span class='ocrx_word' id='word_1_148' title='bbox 471 2135 714 2190; x_wconf 89' lang='lat' dir='ltr'><strong>liberatio</strong></span> <span class='ocrx_word' id='word_1_149' title='bbox 756 2133 983 2207; x_wconf 79' lang='lat' dir='ltr'><strong>(Jerem.</strong></span> <span class='ocrx_word' id='word_1_150' title='bbox 1013 2149 1142 2198; x_wconf 82' lang='lat' dir='ltr'><strong>xxv,</strong></span> <span class='ocrx_word' id='word_1_151' title='bbox 1182 2134 1366 2204; x_wconf 69' lang='lat' dir='ltr'><strong>xxxx).</strong></span> <span class='ocrx_word' id='word_1_152' title='bbox 1396 2133 1510 2187; x_wconf 85' lang='lat' dir='ltr'><strong>Hoc</strong></span> <span class='ocrx_word' id='word_1_153' title='bbox 1538 2140 1715 2188; x_wconf 91' lang='lat' dir='ltr'><strong>autem</strong></span> <span class='ocrx_word' id='word_1_154' title='bbox 1748 2141 1915 2186; x_wconf 90' lang='lat' dir='ltr'><strong>totum</strong></span> 
     </span>
    </p>
   </div>
   <div class='ocr_carea' id='block_1_22' title="bbox 334 2223 1916 2298">
    <p class='ocr_par' dir='ltr' id='par_1_22' title="bbox 334 2223 1916 2298">
     <span class='ocr_line' id='line_1_22' title="bbox 334 2223 1916 2298; baseline -0.002 -18"><span class='ocrx_word' id='word_1_155' title='bbox 334 2223 555 2295; x_wconf 80' lang='lat' dir='ltr'><strong>ﬁgurate</strong></span> <span class='ocrx_word' id='word_1_156' title='bbox 571 2223 904 2296; x_wconf 89' lang='lat' dir='ltr'><strong>signiﬁcabat</strong></span> <span class='ocrx_word' id='word_1_157' title='bbox 923 2224 1217 2280; x_wconf 91' lang='lat' dir='ltr'><strong>Ecclesiam</strong></span> <span class='ocrx_word' id='word_1_158' title='bbox 1239 2224 1438 2279; x_wconf 90' lang='lat' dir='ltr'><strong>Christi</strong></span> <span class='ocrx_word' id='word_1_159' title='bbox 1460 2224 1773 2298; x_wconf 90' lang='lat' dir='ltr'><strong>inomnibus</strong></span> <span class='ocrx_word' id='word_1_160' title='bbox 1789 2238 1916 2278; x_wconf 84' lang='lat' dir='ltr'><strong>san-</strong></span> 
     </span>
    </p>
   </div>
   <div class='ocr_carea' id='block_1_23' title="bbox 336 2315 1917 2388">
    <p class='ocr_par' dir='ltr' id='par_1_23' title="bbox 336 2315 1917 2388">
     <span class='ocr_line' id='line_1_23' title="bbox 336 2315 1917 2388; baseline -0.002 -16"><span class='ocrx_word' id='word_1_161' title='bbox 336 2318 440 2372; x_wconf 90' lang='lat' dir='ltr'><strong>ctis</strong></span> <span class='ocrx_word' id='word_1_162' title='bbox 477 2316 615 2387; x_wconf 82' lang='lat' dir='ltr'><strong>eius,</strong></span> <span class='ocrx_word' id='word_1_163' title='bbox 646 2318 736 2388; x_wconf 90' lang='lat' dir='ltr'><strong>qui</strong></span> <span class='ocrx_word' id='word_1_164' title='bbox 761 2326 886 2373; x_wconf 90' lang='lat' dir='ltr'><strong>sunt</strong></span> <span class='ocrx_word' id='word_1_165' title='bbox 910 2318 1055 2372; x_wconf 91' lang='lat' dir='ltr'><strong>cives</strong></span> <span class='ocrx_word' id='word_1_166' title='bbox 1081 2315 1376 2372; x_wconf 89' lang='lat' dir='ltr'><strong>Jerusalem</strong></span> <span class='ocrx_word' id='word_1_167' title='bbox 1406 2316 1660 2381; x_wconf 62' lang='lat' dir='ltr'><strong>caelestis,</strong></span> <span class='ocrx_word' id='word_1_168' title='bbox 1692 2316 1917 2370; x_wconf 81' lang='lat' dir='ltr'><strong>servitu-</strong></span> 
     </span>
    </p>
   </div>
   <div class='ocr_carea' id='block_1_24' title="bbox 331 2408 1916 2480">
    <p class='ocr_par' dir='ltr' id='par_1_24' title="bbox 331 2408 1916 2480">
     <span class='ocr_line' id='line_1_24' title="bbox 331 2408 1916 2480; baseline -0.001 -16"><span class='ocrx_word' id='word_1_169' title='bbox 331 2424 444 2464; x_wconf 87' lang='lat' dir='ltr'><strong>ram</strong></span> <span class='ocrx_word' id='word_1_170' title='bbox 491 2408 656 2463; x_wconf 83' lang='lat' dir='ltr'><strong>fuisse</strong></span> <span class='ocrx_word' id='word_1_171' title='bbox 692 2409 792 2464; x_wconf 90' lang='lat' dir='ltr'><strong>sub</strong></span> <span class='ocrx_word' id='word_1_172' title='bbox 828 2409 1042 2480; x_wconf 88' lang='lat' dir='ltr'><strong>regibus</strong></span> <span class='ocrx_word' id='word_1_173' title='bbox 1073 2409 1231 2478; x_wconf 89' lang='lat' dir='ltr'><strong>hujus</strong></span> <span class='ocrx_word' id='word_1_174' title='bbox 1266 2409 1481 2466; x_wconf 83' lang='lat' dir='ltr'><strong>saeculi.</strong></span> <span class='ocrx_word' id='word_1_175' title='bbox 1512 2408 1649 2463; x_wconf 92' lang='lat' dir='ltr'><strong>Dicit</strong></span> <span class='ocrx_word' id='word_1_176' title='bbox 1677 2408 1820 2462; x_wconf 92' lang='lat' dir='ltr'><strong>enim</strong></span> <span class='ocrx_word' id='word_1_177' title='bbox 1861 2415 1916 2463; x_wconf 92' lang='lat' dir='ltr'><strong>et</strong></span> 
     </span>
    </p>
   </div>
   <div class='ocr_carea' id='block_1_25' title="bbox 332 2499 1912 2572">
    <p class='ocr_par' dir='ltr' id='par_1_25' title="bbox 332 2499 1912 2572">
     <span class='ocr_line' id='line_1_25' title="bbox 332 2499 1912 2572; baseline 0 -18"><span class='ocrx_word' id='word_1_178' title='bbox 332 2500 622 2570; x_wconf 85' lang='lat' dir='ltr'><strong>apostolica</strong></span> <span class='ocrx_word' id='word_1_179' title='bbox 645 2499 906 2566; x_wconf 88' lang='lat' dir='ltr'><strong>doctrina,</strong></span> <span class='ocrx_word' id='word_1_180' title='bbox 939 2509 997 2555; x_wconf 91' lang='lat' dir='ltr'><strong>ut</strong></span> <span class='ocrx_word' id='word_1_181' title='bbox 1026 2501 1188 2555; x_wconf 85' lang='lat' dir='ltr'><strong>omnis</strong></span> <span class='ocrx_word' id='word_1_182' title='bbox 1217 2501 1387 2554; x_wconf 86' lang='lat' dir='ltr'><strong>anima</strong></span> <span class='ocrx_word' id='word_1_183' title='bbox 1413 2499 1789 2555; x_wconf 75' lang='lat' dir='ltr'><strong>sublimioribus</strong></span> <span class='ocrx_word' id='word_1_184' title='bbox 1818 2516 1912 2572; x_wconf 82' lang='lat' dir='ltr'><strong>po-</strong></span> 
     </span>
    </p>
   </div>
   <div class='ocr_carea' id='block_1_26' title="bbox 333 2593 1914 2659">
    <p class='ocr_par' dir='ltr' id='par_1_26' title="bbox 333 2593 1914 2659">
     <span class='ocr_line' id='line_1_26' title="bbox 333 2593 1914 2659; baseline -0.001 -12"><span class='ocrx_word' id='word_1_185' title='bbox 333 2594 588 2649; x_wconf 83' lang='lat' dir='ltr'><strong>testatibus</strong></span> <span class='ocrx_word' id='word_1_186' title='bbox 617 2593 816 2648; x_wconf 83' lang='lat' dir='ltr'><strong>subdita</strong></span> <span class='ocrx_word' id='word_1_187' title='bbox 843 2593 940 2658; x_wconf 87' lang='lat' dir='ltr'><strong>sit;</strong></span> <span class='ocrx_word' id='word_1_188' title='bbox 977 2603 1033 2649; x_wconf 87' lang='lat' dir='ltr'><strong>et</strong></span> <span class='ocrx_word' id='word_1_189' title='bbox 1057 2602 1113 2649; x_wconf 92' lang='lat' dir='ltr'><strong>ut</strong></span> <span class='ocrx_word' id='word_1_190' title='bbox 1138 2593 1427 2650; x_wconf 86' lang='lat' dir='ltr'><strong>reddantur</strong></span> <span class='ocrx_word' id='word_1_191' title='bbox 1452 2595 1681 2649; x_wconf 89' lang='lat' dir='ltr'><strong>omnibus</strong></span> <span class='ocrx_word' id='word_1_192' title='bbox 1709 2593 1914 2659; x_wconf 86' lang='lat' dir='ltr'><strong>omnia;</strong></span> 
     </span>
    </p>
   </div>
   <div class='ocr_carea' id='block_1_27' title="bbox 331 2677 1910 2758">
    <p class='ocr_par' dir='ltr' id='par_1_27' title="bbox 331 2677 1910 2758">
     <span class='ocr_line' id='line_1_27' title="bbox 331 2677 1910 2758; baseline 0.001 -20"><span class='ocrx_word' id='word_1_193' title='bbox 331 2685 412 2739; x_wconf 86' lang='lat' dir='ltr'><strong>cui</strong></span> <span class='ocrx_word' id='word_1_194' title='bbox 449 2686 725 2751; x_wconf 87' lang='lat' dir='ltr'><strong>tributum,</strong></span> <span class='ocrx_word' id='word_1_195' title='bbox 773 2686 1054 2752; x_wconf 85' lang='lat' dir='ltr'><strong>tributum;</strong></span> <span class='ocrx_word' id='word_1_196' title='bbox 1081 2687 1162 2741; x_wconf 87' lang='lat' dir='ltr'><strong>cui</strong></span> <span class='ocrx_word' id='word_1_197' title='bbox 1197 2677 1440 2758; x_wconf 75' lang='lat' dir='ltr'><strong>vectigal,</strong></span> <span class='ocrx_word' id='word_1_198' title='bbox 1485 2686 1693 2756; x_wconf 84' lang='lat' dir='ltr'><strong>vectigal</strong></span> <span class='ocrx_word' id='word_1_199' title='bbox 1735 2685 1910 2758; x_wconf 80' lang='lat' dir='ltr'><strong>(Rom.</strong></span> 
     </span>
    </p>
   </div>
   <div class='ocr_carea' id='block_1_28' title="bbox 331 2775 1910 2847">
    <p class='ocr_par' dir='ltr' id='par_1_28' title="bbox 331 2775 1910 2847">
     <span class='ocr_line' id='line_1_28' title="bbox 331 2775 1910 2847; baseline 0 -18"><span class='ocrx_word' id='word_1_200' title='bbox 331 2790 456 2840; x_wconf 83' lang='lat' dir='ltr'><strong>xm,</strong></span> <span class='ocrx_word' id='word_1_201' title='bbox 499 2776 568 2842; x_wconf 77' lang='lat' dir='ltr'><strong>i,</strong></span> <span class='ocrx_word' id='word_1_202' title='bbox 619 2775 706 2846; x_wconf 89' lang='lat'><strong>7);</strong></span> <span class='ocrx_word' id='word_1_203' title='bbox 756 2784 811 2831; x_wconf 89' lang='lat' dir='ltr'><strong>et</strong></span> <span class='ocrx_word' id='word_1_204' title='bbox 852 2785 1044 2831; x_wconf 66' lang='lat' dir='ltr'><strong>caetera</strong></span> <span class='ocrx_word' id='word_1_205' title='bbox 1072 2792 1190 2847; x_wconf 69' lang='lat' dir='ltr'><strong>qua:</strong></span> <span class='ocrx_word' id='word_1_206' title='bbox 1232 2777 1378 2833; x_wconf 90' lang='lat' dir='ltr'><strong>salvo</strong></span> <span class='ocrx_word' id='word_1_207' title='bbox 1407 2776 1500 2832; x_wconf 91' lang='lat' dir='ltr'><strong>Dei</strong></span> <span class='ocrx_word' id='word_1_208' title='bbox 1550 2776 1716 2831; x_wconf 89' lang='lat' dir='ltr'><strong>nostri</strong></span> <span class='ocrx_word' id='word_1_209' title='bbox 1745 2776 1910 2841; x_wconf 91' lang='lat' dir='ltr'><strong>cultu,</strong></span> 
     </span>
    </p>
   </div>
   <div class='ocr_carea' id='block_1_29' title="bbox 331 2866 1913 2939">
    <p class='ocr_par' dir='ltr' id='par_1_29' title="bbox 331 2866 1913 2939">
     <span class='ocr_line' id='line_1_29' title="bbox 331 2866 1913 2939; baseline -0.001 -17"><span class='ocrx_word' id='word_1_210' title='bbox 331 2867 725 2922; x_wconf 86' lang='lat' dir='ltr'><strong>constitutionis</strong></span> <span class='ocrx_word' id='word_1_211' title='bbox 746 2868 991 2923; x_wconf 65' lang='lat' dir='ltr'><strong>humanae</strong></span> <span class='ocrx_word' id='word_1_212' title='bbox 1020 2868 1348 2939; x_wconf 89' lang='lat' dir='ltr'><strong>principibus</strong></span> <span class='ocrx_word' id='word_1_213' title='bbox 1368 2867 1674 2934; x_wconf 88' lang='lat' dir='ltr'><strong>reddimus;</strong></span> <span class='ocrx_word' id='word_1_214' title='bbox 1699 2866 1913 2937; x_wconf 89' lang='lat' dir='ltr'><strong>quando</strong></span> 
     </span>
    </p>
   </div>
   <div class='ocr_carea' id='block_1_30' title="bbox 330 2960 1914 3030">
    <p class='ocr_par' dir='ltr' id='par_1_30' title="bbox 330 2960 1914 3030">
     <span class='ocr_line' id='line_1_30' title="bbox 330 2960 1914 3030; baseline -0.001 -16"><span class='ocrx_word' id='word_1_215' title='bbox 330 2967 385 3014; x_wconf 88' lang='lat' dir='ltr'><strong>et</strong></span> <span class='ocrx_word' id='word_1_216' title='bbox 411 2960 526 3030; x_wconf 87' lang='lat' dir='ltr'><strong>ipse</strong></span> <span class='ocrx_word' id='word_1_217' title='bbox 557 2961 836 3029; x_wconf 88' lang='lat' dir='ltr'><strong>Dominus,</strong></span> <span class='ocrx_word' id='word_1_218' title='bbox 864 2970 923 3015; x_wconf 91' lang='lat' dir='ltr'><strong>ut</strong></span> <span class='ocrx_word' id='word_1_219' title='bbox 948 2960 1102 3015; x_wconf 89' lang='lat' dir='ltr'><strong>nobis</strong></span> <span class='ocrx_word' id='word_1_220' title='bbox 1128 2960 1284 3030; x_wconf 85' lang='lat' dir='ltr'><strong>hujus</strong></span> <span class='ocrx_word' id='word_1_221' title='bbox 1313 2975 1457 3016; x_wconf 76' lang='lat' dir='ltr'><strong>sana:</strong></span> <span class='ocrx_word' id='word_1_222' title='bbox 1489 2960 1749 3015; x_wconf 72' lang='lat' dir='ltr'><strong>doctrina:</strong></span> <span class='ocrx_word' id='word_1_223' title='bbox 1775 2975 1914 3030; x_wconf 76' lang='lat' dir='ltr'><strong>prte-</strong></span> 
     </span>
    </p>
   </div>
   <div class='ocr_carea' id='block_1_31' title="bbox 331 3049 1910 3124">
    <p class='ocr_par' dir='ltr' id='par_1_31' title="bbox 331 3049 1910 3124">
     <span class='ocr_line' id='line_1_31' title="bbox 331 3049 1910 3124; baseline -0.002 -16"><span class='ocrx_word' id='word_1_224' title='bbox 331 3051 483 3108; x_wconf 89' lang='lat' dir='ltr'><strong>beret</strong></span> <span class='ocrx_word' id='word_1_225' title='bbox 501 3053 826 3124; x_wconf 77' lang='lat' dir='ltr'><strong>exemplum,</strong></span> <span class='ocrx_word' id='word_1_226' title='bbox 852 3067 948 3122; x_wconf 91' lang='lat' dir='ltr'><strong>pro</strong></span> <span class='ocrx_word' id='word_1_227' title='bbox 968 3053 1140 3122; x_wconf 85' lang='lat' dir='ltr'><strong>capite</strong></span> <span class='ocrx_word' id='word_1_228' title='bbox 1163 3051 1394 3106; x_wconf 89' lang='lat' dir='ltr'><strong>hominis</strong></span> <span class='ocrx_word' id='word_1_229' title='bbox 1412 3066 1517 3122; x_wconf 92' lang='lat' dir='ltr'><strong>quo</strong></span> <span class='ocrx_word' id='word_1_230' title='bbox 1538 3059 1651 3106; x_wconf 87' lang='lat' dir='ltr'><strong>erat</strong></span> <span class='ocrx_word' id='word_1_231' title='bbox 1673 3049 1910 3116; x_wconf 90' lang='lat' dir='ltr'><strong>indutus,</strong></span> 
     </span>
    </p>
   </div>
   <div class='ocr_carea' id='block_1_32' title="bbox 331 3139 1907 3215">
    <p class='ocr_par' dir='ltr' id='par_1_32' title="bbox 331 3139 1907 3215">
     <span class='ocr_line' id='line_1_32' title="bbox 331 3139 1907 3215; baseline -0.004 -13"><span class='ocrx_word' id='word_1_232' title='bbox 331 3145 585 3202; x_wconf 87' lang='lat' dir='ltr'><strong>tributum</strong></span> <span class='ocrx_word' id='word_1_233' title='bbox 610 3145 820 3201; x_wconf 90' lang='lat' dir='ltr'><strong>solvere</strong></span> <span class='ocrx_word' id='word_1_234' title='bbox 841 3160 946 3201; x_wconf 93' lang='lat' dir='ltr'><strong>non</strong></span> <span class='ocrx_word' id='word_1_235' title='bbox 967 3144 1286 3215; x_wconf 89' lang='lat' dir='ltr'><strong>dedignatus</strong></span> <span class='ocrx_word' id='word_1_236' title='bbox 1305 3155 1388 3199; x_wconf 91' lang='lat' dir='ltr'><strong>est</strong></span> <span class='ocrx_word' id='word_1_237' title='bbox 1405 3142 1616 3214; x_wconf 83' lang='lat' dir='ltr'><strong>(Matth.</strong></span> <span class='ocrx_word' id='word_1_238' title='bbox 1641 3157 1770 3206; x_wconf 82' lang='lat' dir='ltr'><strong>xvn,</strong></span> <span class='ocrx_word' id='word_1_239' title='bbox 1792 3139 1907 3213; x_wconf 77' lang='lat'><strong>26).</strong></span> 
     </span>
    </p>
   </div>
   <div class='ocr_carea' id='block_1_33' title="bbox 331 3233 1911 3294">
    <p class='ocr_par' dir='ltr' id='par_1_33' title="bbox 331 3233 1911 3294">
     <span class='ocr_line' id='line_1_33' title="bbox 331 3233 1911 3294; baseline -0.004 0"><span class='ocrx_word' id='word_1_240' title='bbox 331 3237 594 3294; x_wconf 89' lang='lat' dir='ltr'><strong>Jubentur</strong></span> <span class='ocrx_word' id='word_1_241' title='bbox 620 3246 799 3293; x_wconf 87' lang='lat' dir='ltr'><strong>autem</strong></span> <span class='ocrx_word' id='word_1_242' title='bbox 825 3237 984 3293; x_wconf 88' lang='lat' dir='ltr'><strong>etiam</strong></span> <span class='ocrx_word' id='word_1_243' title='bbox 1014 3237 1154 3293; x_wconf 84' lang='lat' dir='ltr'><strong>servi</strong></span> <span class='ocrx_word' id='word_1_244' title='bbox 1191 3236 1466 3292; x_wconf 88' lang='lat' dir='ltr'><strong>christiani</strong></span> <span class='ocrx_word' id='word_1_245' title='bbox 1493 3244 1547 3290; x_wconf 91' lang='lat' dir='ltr'><strong>ct</strong></span> <span class='ocrx_word' id='word_1_246' title='bbox 1573 3235 1698 3291; x_wconf 91' lang='lat' dir='ltr'><strong>boni</strong></span> <span class='ocrx_word' id='word_1_247' title='bbox 1731 3233 1911 3290; x_wconf 90' lang='lat' dir='ltr'><strong>ﬁdeles</strong></span> 
     </span>
    </p>
   </div>
   <div class='ocr_carea' id='block_1_34' title="bbox 330 3328 1911 3402">
    <p class='ocr_par' dir='ltr' id='par_1_34' title="bbox 330 3328 1911 3402">
     <span class='ocr_line' id='line_1_34' title="bbox 330 3328 1911 3402; baseline -0.002 -15"><span class='ocrx_word' id='word_1_248' title='bbox 330 3329 559 3387; x_wconf 88' lang='lat' dir='ltr'><strong>dominis</strong></span> <span class='ocrx_word' id='word_1_249' title='bbox 601 3330 714 3387; x_wconf 90' lang='lat' dir='ltr'><strong>suis</strong></span> <span class='ocrx_word' id='word_1_250' title='bbox 738 3330 1122 3402; x_wconf 88' lang='lat' dir='ltr'><strong>temporalibus</strong></span> <span class='ocrx_word' id='word_1_251' title='bbox 1161 3329 1528 3401; x_wconf 77' lang='lat' dir='ltr'><strong>:equanimiter</strong></span> <span class='ocrx_word' id='word_1_252' title='bbox 1579 3328 1911 3399; x_wconf 91' lang='lat' dir='ltr'><strong>ﬁdeliterque</strong></span> 
     </span>
    </p>
   </div>
   <div class='ocr_carea' id='block_1_35' title="bbox 331 3421 1912 3496">
    <p class='ocr_par' dir='ltr' id='par_1_35' title="bbox 331 3421 1912 3496">
     <span class='ocr_line' id='line_1_35' title="bbox 331 3421 1912 3496; baseline -0.002 -16"><span class='ocrx_word' id='word_1_253' title='bbox 331 3425 531 3480; x_wconf 82' lang='lat' dir='ltr'><strong>servire</strong></span> <span class='ocrx_word' id='word_1_254' title='bbox 563 3423 777 3496; x_wconf 81' lang='lat' dir='ltr'><strong>(Ep/tes.</strong></span> <span class='ocrx_word' id='word_1_255' title='bbox 810 3441 882 3490; x_wconf 78' lang='lat' dir='ltr'><strong>vi,</strong></span> <span class='ocrx_word' id='word_1_256' title='bbox 905 3423 961 3496; x_wconf 84' lang='lat'><strong>5)</strong></span> <span class='ocrx_word' id='word_1_257' title='bbox 994 3442 1010 3480; x_wconf 91' lang='lat'>:</span> <span class='ocrx_word' id='word_1_258' title='bbox 1038 3439 1172 3496; x_wconf 92' lang='lat' dir='ltr'><strong>quos</strong></span> <span class='ocrx_word' id='word_1_259' title='bbox 1192 3422 1478 3495; x_wconf 89' lang='lat' dir='ltr'><strong>judicaturi</strong></span> <span class='ocrx_word' id='word_1_260' title='bbox 1505 3430 1648 3489; x_wconf 89' lang='lat' dir='ltr'><strong>sunt,</strong></span> <span class='ocrx_word' id='word_1_261' title='bbox 1671 3421 1716 3478; x_wconf 92' lang='lat' dir='ltr'><strong>si</strong></span> <span class='ocrx_word' id='word_1_262' title='bbox 1742 3434 1912 3492; x_wconf 89' lang='lat' dir='ltr'><strong>usque</strong></span> 
     </span>
    </p>
   </div>
   <div class='ocr_carea' id='block_1_36' title="bbox 331 3513 1909 3586">
    <p class='ocr_par' dir='ltr' id='par_1_36' title="bbox 331 3513 1909 3586">
     <span class='ocr_line' id='line_1_36' title="bbox 331 3513 1909 3586; baseline -0.003 -15"><span class='ocrx_word' id='word_1_263' title='bbox 331 3515 382 3571; x_wconf 89' lang='lat' dir='ltr'><strong>in</strong></span> <span class='ocrx_word' id='word_1_264' title='bbox 406 3515 566 3571; x_wconf 88' lang='lat' dir='ltr'><strong>ﬁnem</strong></span> <span class='ocrx_word' id='word_1_265' title='bbox 600 3515 813 3586; x_wconf 89' lang='lat' dir='ltr'><strong>iniquos</strong></span> <span class='ocrx_word' id='word_1_266' title='bbox 841 3515 1172 3579; x_wconf 87' lang='lat' dir='ltr'><strong>invenerint;</strong></span> <span class='ocrx_word' id='word_1_267' title='bbox 1204 3523 1294 3569; x_wconf 87' lang='lat' dir='ltr'><strong>aut</strong></span> <span class='ocrx_word' id='word_1_268' title='bbox 1322 3529 1442 3569; x_wconf 92' lang='lat' dir='ltr'><strong>cum</strong></span> <span class='ocrx_word' id='word_1_269' title='bbox 1472 3513 1664 3584; x_wconf 90' lang='lat' dir='ltr'><strong>quibus</strong></span> <span class='ocrx_word' id='word_1_270' title='bbox 1689 3513 1909 3583; x_wconf 85' lang='lat' dir='ltr'><strong>aequali-</strong></span> 
     </span>
    </p>
   </div>
   <div class='ocr_carea' id='block_1_37' title="bbox 331 3604 1908 3678">
    <p class='ocr_par' dir='ltr' id='par_1_37' title="bbox 331 3604 1908 3678">
     <span class='ocr_line' id='line_1_37' title="bbox 331 3604 1908 3678; baseline -0.003 -15"><span class='ocrx_word' id='word_1_271' title='bbox 331 3615 412 3664; x_wconf 87' lang='lat' dir='ltr'><strong>ter</strong></span> <span class='ocrx_word' id='word_1_272' title='bbox 438 3608 716 3678; x_wconf 89' lang='lat' dir='ltr'><strong>regnaturi</strong></span> <span class='ocrx_word' id='word_1_273' title='bbox 745 3617 888 3674; x_wconf 89' lang='lat' dir='ltr'><strong>sunt,</strong></span> <span class='ocrx_word' id='word_1_274' title='bbox 910 3609 955 3663; x_wconf 92' lang='lat' dir='ltr'><strong>si</strong></span> <span class='ocrx_word' id='word_1_275' title='bbox 983 3616 1038 3662; x_wconf 90' lang='lat' dir='ltr'><strong>et</strong></span> <span class='ocrx_word' id='word_1_276' title='bbox 1065 3606 1141 3662; x_wconf 92' lang='lat' dir='ltr'><strong>illi</strong></span> <span class='ocrx_word' id='word_1_277' title='bbox 1164 3606 1231 3661; x_wconf 89' lang='lat' dir='ltr'><strong>ad</strong></span> <span class='ocrx_word' id='word_1_278' title='bbox 1251 3621 1436 3662; x_wconf 91' lang='lat' dir='ltr'><strong>verum</strong></span> <span class='ocrx_word' id='word_1_279' title='bbox 1466 3605 1633 3661; x_wconf 89' lang='lat' dir='ltr'><strong>Deum</strong></span> <span class='ocrx_word' id='word_1_280' title='bbox 1665 3604 1908 3660; x_wconf 87' lang='lat' dir='ltr'><strong>conversi</strong></span> 
     </span>
    </p>
   </div>
   <div class='ocr_carea' id='block_1_38' title="bbox 330 3695 1911 3768">
    <p class='ocr_par' dir='ltr' id='par_1_38' title="bbox 330 3695 1911 3768">
     <span class='ocr_line' id='line_1_38' title="bbox 330 3695 1911 3768; baseline -0.003 -14"><span class='ocrx_word' id='word_1_281' title='bbox 330 3697 547 3754; x_wconf 79' lang='lat' dir='ltr'><strong>iuerint.</strong></span> <span class='ocrx_word' id='word_1_282' title='bbox 578 3697 839 3755; x_wconf 89' lang='lat' dir='ltr'><strong>Omnibus</strong></span> <span class='ocrx_word' id='word_1_283' title='bbox 878 3706 1054 3753; x_wconf 90' lang='lat' dir='ltr'><strong>tamen</strong></span> <span class='ocrx_word' id='word_1_284' title='bbox 1089 3697 1393 3768; x_wconf 64' lang='lat' dir='ltr'><strong>praecipitur</strong></span> <span class='ocrx_word' id='word_1_285' title='bbox 1421 3696 1624 3752; x_wconf 91' lang='lat' dir='ltr'><strong>servire</strong></span> <span class='ocrx_word' id='word_1_286' title='bbox 1663 3695 1911 3751; x_wconf 88' lang='lat' dir='ltr'><strong>humanis</strong></span> 
     </span>
    </p>
   </div>
   <div class='ocr_carea' id='block_1_39' title="bbox 331 3789 1911 3862">
    <p class='ocr_par' dir='ltr' id='par_1_39' title="bbox 331 3789 1911 3862">
     <span class='ocr_line' id='line_1_39' title="bbox 331 3789 1911 3862; baseline -0.003 -17"><span class='ocrx_word' id='word_1_287' title='bbox 331 3789 683 3862; x_wconf 87' lang='lat' dir='ltr'><strong>potestatibus</strong></span> <span class='ocrx_word' id='word_1_288' title='bbox 719 3798 879 3860; x_wconf 89' lang='lat' dir='ltr'><strong>atque</strong></span> <span class='ocrx_word' id='word_1_289' title='bbox 916 3789 1179 3853; x_wconf 86' lang='lat' dir='ltr'><strong>terrenis,</strong></span> <span class='ocrx_word' id='word_1_290' title='bbox 1222 3802 1500 3860; x_wconf 90' lang='lat' dir='ltr'><strong>quousque</strong></span> <span class='ocrx_word' id='word_1_291' title='bbox 1538 3795 1658 3859; x_wconf 91' lang='lat' dir='ltr'><strong>post</strong></span> <span class='ocrx_word' id='word_1_292' title='bbox 1702 3796 1911 3857; x_wconf 91' lang='lat' dir='ltr'><strong>tempus</strong></span> 
     </span>
    </p>
   </div>
   <div class='ocr_carea' id='block_1_40' title="bbox 330 3878 1911 3954">
    <p class='ocr_par' dir='ltr' id='par_1_40' title="bbox 330 3878 1911 3954">
     <span class='ocr_line' id='line_1_40' title="bbox 330 3878 1911 3954; baseline -0.003 -16"><span class='ocrx_word' id='word_1_293' title='bbox 330 3881 686 3953; x_wconf 69' lang='lat' dir='ltr'><strong>prasﬁnitum,</strong></span> <span class='ocrx_word' id='word_1_294' title='bbox 736 3881 878 3952; x_wconf 93' lang='lat' dir='ltr'><strong>quod</strong></span> <span class='ocrx_word' id='word_1_295' title='bbox 934 3881 1232 3954; x_wconf 88' lang='lat' dir='ltr'><strong>signiﬁcant</strong></span> <span class='ocrx_word' id='word_1_296' title='bbox 1271 3881 1601 3952; x_wconf 84' lang='lat' dir='ltr'><strong>septuaginta</strong></span> <span class='ocrx_word' id='word_1_297' title='bbox 1647 3880 1792 3946; x_wconf 88' lang='lat' dir='ltr'><strong>anni,</strong></span> <span class='ocrx_word' id='word_1_298' title='bbox 1843 3878 1911 3934; x_wconf 90' lang='lat' dir='ltr'><strong>ab</strong></span> 
     </span>
    </p>
   </div>
   <div class='ocr_carea' id='block_1_41' title="bbox 332 3969 1912 4045">
    <p class='ocr_par' dir='ltr' id='par_1_41' title="bbox 332 3969 1912 4045">
     <span class='ocr_line' id='line_1_41' title="bbox 332 3969 1912 4045; baseline -0.004 -15"><span class='ocrx_word' id='word_1_299' title='bbox 332 3975 484 4032; x_wconf 88' lang='lat' dir='ltr'><strong>istius</strong></span> <span class='ocrx_word' id='word_1_300' title='bbox 507 3973 691 4030; x_wconf 63' lang='lat' dir='ltr'><strong>saeculi</strong></span> <span class='ocrx_word' id='word_1_301' title='bbox 714 3975 1027 4030; x_wconf 76' lang='lat' dir='ltr'><strong>conﬁusione</strong></span> <span class='ocrx_word' id='word_1_302' title='bbox 1050 3984 1295 4045; x_wconf 89' lang='lat' dir='ltr'><strong>tanquam</strong></span> <span class='ocrx_word' id='word_1_303' title='bbox 1318 3973 1385 4029; x_wconf 91' lang='lat' dir='ltr'><strong>de</strong></span> <span class='ocrx_word' id='word_1_304' title='bbox 1407 3971 1714 4044; x_wconf 86' lang='lat' dir='ltr'><strong>captivitate</strong></span> <span class='ocrx_word' id='word_1_305' title='bbox 1734 3969 1912 4040; x_wconf 87' lang='lat' dir='ltr'><strong>Baby-</strong></span> 
     </span>
    </p>
   </div>
   <div class='ocr_carea' id='block_1_42' title="bbox 328 4061 1909 4132">
    <p class='ocr_par' dir='ltr' id='par_1_42' title="bbox 328 4061 1909 4132">
     <span class='ocr_line' id='line_1_42' title="bbox 328 4061 1909 4132; baseline -0.004 -10"><span class='ocrx_word' id='word_1_306' title='bbox 328 4066 512 4132; x_wconf 66' lang='lat' dir='ltr'><strong>loniae,</strong></span> <span class='ocrx_word' id='word_1_307' title='bbox 544 4068 678 4121; x_wconf 89' lang='lat' dir='ltr'><strong>sicut</strong></span> <span class='ocrx_word' id='word_1_308' title='bbox 716 4066 1016 4122; x_wconf 83' lang='lat' dir='ltr'><strong>Jerusalem</strong></span> <span class='ocrx_word' id='word_1_309' title='bbox 1047 4066 1304 4122; x_wconf 83' lang='lat' dir='ltr'><strong>liberetur</strong></span> <span class='ocrx_word' id='word_1_310' title='bbox 1343 4063 1600 4120; x_wconf 85' lang='lat' dir='ltr'><strong>Ecclesia.</strong></span> <span class='ocrx_word' id='word_1_311' title='bbox 1634 4062 1714 4117; x_wconf 79' lang='lat' dir='ltr'><strong>Ex</strong></span> <span class='ocrx_word' id='word_1_312' title='bbox 1757 4061 1909 4130; x_wconf 84' lang='lat' dir='ltr'><strong>cujus</strong></span> 
     </span>
    </p>
   </div>
   <div class='ocr_carea' id='block_1_43' title="bbox 329 4151 1910 4228">
    <p class='ocr_par' dir='ltr' id='par_1_43' title="bbox 329 4151 1910 4228">
     <span class='ocr_line' id='line_1_43' title="bbox 329 4151 1910 4228; baseline -0.004 -15"><span class='ocrx_word' id='word_1_313' title='bbox 329 4156 650 4228; x_wconf 85' lang='lat' dir='ltr'><strong>captivitatis</strong></span> <span class='ocrx_word' id='word_1_314' title='bbox 671 4158 955 4213; x_wconf 91' lang='lat' dir='ltr'><strong>occasione</strong></span> <span class='ocrx_word' id='word_1_315' title='bbox 977 4157 1075 4228; x_wconf 92' lang='lat' dir='ltr'><strong>ipsi</strong></span> <span class='ocrx_word' id='word_1_316' title='bbox 1097 4156 1256 4212; x_wconf 91' lang='lat' dir='ltr'><strong>etiam</strong></span> <span class='ocrx_word' id='word_1_317' title='bbox 1284 4154 1482 4210; x_wconf 90' lang='lat' dir='ltr'><strong>terreni</strong></span> <span class='ocrx_word' id='word_1_318' title='bbox 1503 4167 1656 4222; x_wconf 87' lang='lat' dir='ltr'><strong>reges</strong></span> <span class='ocrx_word' id='word_1_319' title='bbox 1680 4151 1910 4208; x_wconf 92' lang='lat' dir='ltr'><strong>desertis</strong></span> 
     </span>
    </p>
   </div>
   <div class='ocr_carea' id='block_1_44' title="bbox 330 4246 1908 4321">
    <p class='ocr_par' dir='ltr' id='par_1_44' title="bbox 330 4246 1908 4321">
     <span class='ocr_line' id='line_1_44' title="bbox 330 4246 1908 4321; baseline -0.005 -15"><span class='ocrx_word' id='word_1_320' title='bbox 330 4249 506 4316; x_wconf 88' lang='lat' dir='ltr'><strong>idolis,</strong></span> <span class='ocrx_word' id='word_1_321' title='bbox 535 4265 634 4321; x_wconf 90' lang='lat' dir='ltr'><strong>pro</strong></span> <span class='ocrx_word' id='word_1_322' title='bbox 660 4251 852 4321; x_wconf 91' lang='lat' dir='ltr'><strong>quibus</strong></span> <span class='ocrx_word' id='word_1_323' title='bbox 879 4249 1336 4321; x_wconf 84' lang='lat' dir='ltr'><strong>persequebantur</strong></span> <span class='ocrx_word' id='word_1_324' title='bbox 1362 4246 1717 4313; x_wconf 90' lang='lat' dir='ltr'><strong>Christianos,</strong></span> <span class='ocrx_word' id='word_1_325' title='bbox 1745 4259 1908 4300; x_wconf 91' lang='lat' dir='ltr'><strong>unum</strong></span> 
     </span>
    </p>
   </div>
   <div class='ocr_carea' id='block_1_45' title="bbox 327 4338 1910 4410">
    <p class='ocr_par' dir='ltr' id='par_1_45' title="bbox 327 4338 1910 4410">
     <span class='ocr_line' id='line_1_45' title="bbox 327 4338 1910 4410; baseline -0.005 -12"><span class='ocrx_word' id='word_1_326' title='bbox 327 4358 510 4400; x_wconf 84' lang='lat' dir='ltr'><strong>verum</strong></span> <span class='ocrx_word' id='word_1_327' title='bbox 554 4343 722 4399; x_wconf 92' lang='lat' dir='ltr'><strong>Deum</strong></span> <span class='ocrx_word' id='word_1_328' title='bbox 757 4353 813 4398; x_wconf 90' lang='lat' dir='ltr'><strong>et</strong></span> <span class='ocrx_word' id='word_1_329' title='bbox 841 4342 1109 4397; x_wconf 90' lang='lat' dir='ltr'><strong>Christum</strong></span> <span class='ocrx_word' id='word_1_330' title='bbox 1157 4338 1438 4402; x_wconf 91' lang='lat' dir='ltr'><strong>Dominum</strong></span> <span class='ocrx_word' id='word_1_331' title='bbox 1467 4345 1831 4410; x_wconf 88' lang='lat' dir='ltr'><strong>cognoverunt</strong></span> <span class='ocrx_word' id='word_1_332' title='bbox 1855 4344 1910 4391; x_wconf 90' lang='lat' dir='ltr'><strong>et</strong></span> 
     </span>
    </p>
   </div>
   <div class='ocr_carea' id='block_1_46' title="bbox 329 4428 1909 4506">
    <p class='ocr_par' dir='ltr' id='par_1_46' title="bbox 329 4428 1909 4506">
     <span class='ocr_line' id='line_1_46' title="bbox 329 4428 1909 4506; baseline -0.006 -15"><span class='ocrx_word' id='word_1_333' title='bbox 329 4437 524 4504; x_wconf 87' lang='lat' dir='ltr'><strong>colunt,</strong></span> <span class='ocrx_word' id='word_1_334' title='bbox 551 4450 650 4506; x_wconf 90' lang='lat' dir='ltr'><strong>pro</strong></span> <span class='ocrx_word' id='word_1_335' title='bbox 666 4435 859 4506; x_wconf 91' lang='lat' dir='ltr'><strong>quibus</strong></span> <span class='ocrx_word' id='word_1_336' title='bbox 882 4433 1156 4505; x_wconf 87' lang='lat' dir='ltr'><strong>apostolus</strong></span> <span class='ocrx_word' id='word_1_337' title='bbox 1172 4433 1372 4488; x_wconf 88' lang='lat' dir='ltr'><strong>Paulus</strong></span> <span class='ocrx_word' id='word_1_338' title='bbox 1393 4431 1544 4502; x_wconf 91' lang='lat' dir='ltr'><strong>jubet</strong></span> <span class='ocrx_word' id='word_1_339' title='bbox 1563 4429 1726 4494; x_wconf 91' lang='lat' dir='ltr'><strong>orari,</strong></span> <span class='ocrx_word' id='word_1_340' title='bbox 1744 4428 1909 4485; x_wconf 89' lang='lat' dir='ltr'><strong>etiam</strong></span> 
     </span>
    </p>
   </div>
   <div class='ocr_carea' id='block_1_47' title="bbox 327 4519 1909 4599">
    <p class='ocr_par' dir='ltr' id='par_1_47' title="bbox 327 4519 1909 4599">
     <span class='ocr_line' id='line_1_47' title="bbox 327 4519 1909 4599; baseline -0.004 -17"><span class='ocrx_word' id='word_1_341' title='bbox 327 4543 442 4583; x_wconf 87' lang='lat' dir='ltr'><strong>cum</strong></span> <span class='ocrx_word' id='word_1_342' title='bbox 479 4535 932 4599; x_wconf 88' lang='lat' dir='ltr'><strong>persequerentur</strong></span> <span class='ocrx_word' id='word_1_343' title='bbox 957 4527 1271 4583; x_wconf 86' lang='lat' dir='ltr'><strong>Ecclesiam.</strong></span> <span class='ocrx_word' id='word_1_344' title='bbox 1299 4525 1388 4580; x_wconf 92' lang='lat' dir='ltr'><strong>Sic</strong></span> <span class='ocrx_word' id='word_1_345' title='bbox 1429 4524 1574 4580; x_wconf 90' lang='lat' dir='ltr'><strong>enim</strong></span> <span class='ocrx_word' id='word_1_346' title='bbox 1599 4523 1728 4579; x_wconf 90' lang='lat' dir='ltr'><strong>dicit</strong></span> <span class='ocrx_word' id='word_1_347' title='bbox 1759 4539 1771 4576; x_wconf 91' lang='lat'><strong>:</strong></span> <span class='ocrx_word' id='word_1_348' title='bbox 1806 4519 1909 4576; x_wconf 88' lang='lat' dir='ltr'><strong>0b-</strong></span> 
     </span>
    </p>
   </div>
   <div class='ocr_carea' id='block_1_48' title="bbox 326 4615 1904 4690">
    <p class='ocr_par' dir='ltr' id='par_1_48' title="bbox 326 4615 1904 4690">
     <span class='ocr_line' id='line_1_48' title="bbox 326 4615 1904 4690; baseline -0.004 -17"><span class='ocrx_word' id='word_1_349' title='bbox 326 4636 462 4674; x_wconf 79' lang='lat' dir='ltr'><strong>secro</strong></span> <span class='ocrx_word' id='word_1_350' title='bbox 485 4621 658 4690; x_wconf 85' lang='lat' dir='ltr'><strong>itaque</strong></span> <span class='ocrx_word' id='word_1_351' title='bbox 685 4619 905 4689; x_wconf 83' lang='lat' dir='ltr'><strong>primum</strong></span> <span class='ocrx_word' id='word_1_352' title='bbox 933 4618 1043 4688; x_wconf 84' lang='lat' dir='ltr'><strong>fieri</strong></span> <span class='ocrx_word' id='word_1_353' title='bbox 1079 4617 1456 4687; x_wconf 84' lang='lat' dir='ltr'><strong>deprecationes</strong></span> <span class='ocrx_word' id='word_1_354' title='bbox 1473 4655 1488 4680; x_wconf 91' lang='lat'><strong>,</strong></span> <span class='ocrx_word' id='word_1_355' title='bbox 1517 4615 1834 4669; x_wconf 84' lang='lat' dir='ltr'><strong>adorationes</strong></span> <span class='ocrx_word' id='word_1_356' title='bbox 1861 4615 1904 4680; x_wconf 78' lang='lat'><strong>’,</strong></span> 
     </span>
    </p>
   </div>
   <div class='ocr_carea' id='block_1_49' title="bbox 326 4706 1909 4786">
    <p class='ocr_par' dir='ltr' id='par_1_49' title="bbox 326 4706 1909 4786">
     <span class='ocr_line' id='line_1_49' title="bbox 326 4706 1909 4786; baseline -0.003 -22"><span class='ocrx_word' id='word_1_357' title='bbox 326 4711 752 4781; x_wconf 86' lang='lat' dir='ltr'><strong>interpellationes</strong></span> <span class='ocrx_word' id='word_1_358' title='bbox 774 4751 791 4777; x_wconf 94' lang='lat'><strong>,</strong></span> <span class='ocrx_word' id='word_1_359' title='bbox 817 4711 1098 4783; x_wconf 82' lang='lat' dir='ltr'><strong>gratiarum</strong></span> <span class='ocrx_word' id='word_1_360' title='bbox 1126 4710 1378 4786; x_wconf 78' lang='lat' dir='ltr'><strong>actiones,</strong></span> <span class='ocrx_word' id='word_1_361' title='bbox 1427 4724 1519 4778; x_wconf 83' lang='lat' dir='ltr'><strong>pro</strong></span> <span class='ocrx_word' id='word_1_362' title='bbox 1560 4706 1780 4778; x_wconf 83' lang='lat' dir='ltr'><strong>regibus,</strong></span> <span class='ocrx_word' id='word_1_363' title='bbox 1814 4721 1909 4776; x_wconf 83' lang='lat' dir='ltr'><strong>pro</strong></span> 
     </span>
    </p>
   </div>
   <div class='ocr_carea' id='block_1_50' title="bbox 325 4796 1904 4870">
    <p class='ocr_par' dir='ltr' id='par_1_50' title="bbox 325 4796 1904 4870">
     <span class='ocr_line' id='line_1_50' title="bbox 325 4796 1904 4870; baseline -0.004 -16"><span class='ocrx_word' id='word_1_364' title='bbox 325 4801 556 4855; x_wconf 80' lang='lat' dir='ltr'><strong>onmibus</strong></span> <span class='ocrx_word' id='word_1_365' title='bbox 582 4800 867 4856; x_wconf 85' lang='lat' dir='ltr'><strong>hominibus</strong></span> <span class='ocrx_word' id='word_1_366' title='bbox 883 4841 899 4866; x_wconf 98' lang='lat'><strong>,</strong></span> <span class='ocrx_word' id='word_1_367' title='bbox 928 4811 975 4855; x_wconf 87' lang='lat' dir='ltr'><strong>et</strong></span> <span class='ocrx_word' id='word_1_368' title='bbox 1000 4800 1228 4855; x_wconf 83' lang='lat' dir='ltr'><strong>omnibus</strong></span> <span class='ocrx_word' id='word_1_369' title='bbox 1251 4799 1337 4870; x_wconf 85' lang='lat' dir='ltr'><strong>qui</strong></span> <span class='ocrx_word' id='word_1_370' title='bbox 1361 4798 1417 4852; x_wconf 90' lang='lat' dir='ltr'><strong>in</strong></span> <span class='ocrx_word' id='word_1_371' title='bbox 1440 4796 1745 4853; x_wconf 81' lang='lat' dir='ltr'><strong>sublimitate</strong></span> <span class='ocrx_word' id='word_1_372' title='bbox 1767 4803 1904 4866; x_wconf 87' lang='lat' dir='ltr'><strong>sunt,</strong></span> 
     </span>
    </p>
   </div>
   <div class='ocr_carea' id='block_1_51' title="bbox 325 4890 1907 4965">
    <p class='ocr_par' dir='ltr' id='par_1_51' title="bbox 325 4890 1907 4965">
     <span class='ocr_line' id='line_1_51' title="bbox 325 4890 1907 4965; baseline -0.002 -19"><span class='ocrx_word' id='word_1_373' title='bbox 325 4903 378 4946; x_wconf 76' lang='lat' dir='ltr'><strong>ut</strong></span> <span class='ocrx_word' id='word_1_374' title='bbox 397 4909 629 4948; x_wconf 79' lang='lat' dir='ltr'><strong>securam</strong></span> <span class='ocrx_word' id='word_1_375' title='bbox 656 4903 705 4948; x_wconf 85' lang='lat' dir='ltr'><strong>et</strong></span> <span class='ocrx_word' id='word_1_376' title='bbox 733 4893 1060 4965; x_wconf 81' lang='lat' dir='ltr'><strong>tranquillam</strong></span> <span class='ocrx_word' id='word_1_377' title='bbox 1083 4893 1233 4947; x_wconf 82' lang='lat' dir='ltr'><strong>vitam</strong></span> <span class='ocrx_word' id='word_1_378' title='bbox 1263 4907 1472 4964; x_wconf 81' lang='lat' dir='ltr'><strong>agamus</strong></span> <span class='ocrx_word' id='word_1_379' title='bbox 1495 4908 1608 4945; x_wconf 87' lang='lat' dir='ltr'><strong>cum</strong></span> <span class='ocrx_word' id='word_1_380' title='bbox 1631 4890 1769 4944; x_wconf 88' lang='lat' dir='ltr'><strong>omni</strong></span> <span class='ocrx_word' id='word_1_381' title='bbox 1795 4890 1907 4958; x_wconf 81' lang='lat' dir='ltr'><strong>pie-</strong></span> 
     </span>
    </p>
   </div>
   <div class='ocr_carea' id='block_1_52' title="bbox 325 4979 1909 5056">
    <p class='ocr_par' dir='ltr' id='par_1_52' title="bbox 325 4979 1909 5056">
     <span class='ocr_line' id='line_1_52' title="bbox 325 4979 1909 5056; baseline -0.001 -19"><span class='ocrx_word' id='word_1_382' title='bbox 325 4991 423 5037; x_wconf 83' lang='lat' dir='ltr'><strong>tate</strong></span> <span class='ocrx_word' id='word_1_383' title='bbox 448 4993 496 5038; x_wconf 86' lang='lat' dir='ltr'><strong>et</strong></span> <span class='ocrx_word' id='word_1_384' title='bbox 536 4983 782 5038; x_wconf 82' lang='lat' dir='ltr'><strong>charitate</strong></span> <span class='ocrx_word' id='word_1_385' title='bbox 809 4983 830 5016; x_wconf 89' lang='grc'>³</span> <span class='ocrx_word' id='word_1_386' title='bbox 862 4983 918 5056; x_wconf 89' lang='lat' dir='ltr'><strong>(l</strong></span> <span class='ocrx_word' id='word_1_387' title='bbox 946 4982 1080 5038; x_wconf 81' lang='lat' dir='ltr'><strong>Tim.</strong></span> <span class='ocrx_word' id='word_1_388' title='bbox 1111 4998 1169 5049; x_wconf 89' lang='grc' dir='ltr'>ιι,</span> <span class='ocrx_word' id='word_1_389' title='bbox 1201 4983 1254 5049; x_wconf 79' lang='grc'>1,</span> <span class='ocrx_word' id='word_1_390' title='bbox 1288 4981 1384 5053; x_wconf 72' lang='lat'><strong>2).</strong></span> <span class='ocrx_word' id='word_1_391' title='bbox 1413 4979 1599 5051; x_wconf 87' lang='lat' dir='ltr'><strong>Itaque</strong></span> <span class='ocrx_word' id='word_1_392' title='bbox 1625 4995 1719 5050; x_wconf 90' lang='lat' dir='ltr'><strong>per</strong></span> <span class='ocrx_word' id='word_1_393' title='bbox 1762 4979 1909 5050; x_wconf 91' lang='lat' dir='ltr'><strong>ipsos</strong></span> 
     </span>
    </p>
   </div>
   <div class='ocr_carea' id='block_1_53' title="bbox 326 5073 1909 5147">
    <p class='ocr_par' dir='ltr' id='par_1_53' title="bbox 326 5073 1909 5147">
     <span class='ocr_line' id='line_1_53' title="bbox 326 5073 1909 5147; baseline -0.001 -18"><span class='ocrx_word' id='word_1_394' title='bbox 326 5075 446 5130; x_wconf 86' lang='lat' dir='ltr'><strong>data</strong></span> <span class='ocrx_word' id='word_1_395' title='bbox 476 5090 582 5147; x_wconf 80' lang='lat' dir='ltr'><strong>pax</strong></span> <span class='ocrx_word' id='word_1_396' title='bbox 609 5085 691 5132; x_wconf 88' lang='lat' dir='ltr'><strong>est</strong></span> <span class='ocrx_word' id='word_1_397' title='bbox 719 5076 994 5143; x_wconf 61' lang='lat' dir='ltr'><strong>Ecclesiae,</strong></span> <span class='ocrx_word' id='word_1_398' title='bbox 1025 5074 1266 5146; x_wconf 89' lang='lat' dir='ltr'><strong>quamvis</strong></span> <span class='ocrx_word' id='word_1_399' title='bbox 1296 5073 1909 5143; x_wconf 66' lang='lat' dir='ltr'><strong>temporalis,&#39;tranquil-</strong></span> 
     </span>
    </p>
   </div>
   <div class='ocr_carea' id='block_1_54' title="bbox 327 5161 1908 5238">
    <p class='ocr_par' dir='ltr' id='par_1_54' title="bbox 327 5161 1908 5238">
     <span class='ocr_line' id='line_1_54' title="bbox 327 5161 1908 5238; baseline -0.002 -17"><span class='ocrx_word' id='word_1_400' title='bbox 327 5167 444 5222; x_wconf 90' lang='lat' dir='ltr'><strong>litas</strong></span> <span class='ocrx_word' id='word_1_401' title='bbox 481 5167 827 5238; x_wconf 63' lang='lat' dir='ltr'><strong>temporalis‘</strong></span> <span class='ocrx_word' id='word_1_402' title='bbox 854 5167 922 5222; x_wconf 90' lang='lat' dir='ltr'><strong>ad</strong></span> <span class='ocrx_word' id='word_1_403' title='bbox 963 5165 1303 5222; x_wconf 68' lang='lat' dir='ltr'><strong>aediﬁcandas</strong></span> <span class='ocrx_word' id='word_1_404' title='bbox 1342 5161 1690 5232; x_wconf 88' lang='lat' dir='ltr'><strong>spiritualiter</strong></span> <span class='ocrx_word' id='word_1_405' title='bbox 1717 5161 1908 5218; x_wconf 91' lang='lat' dir='ltr'><strong>domos</strong></span> 
     </span>
    </p>
   </div>
   <div class='ocr_carea' id='block_1_55' title="bbox 326 5253 1908 5329">
    <p class='ocr_par' dir='ltr' id='par_1_55' title="bbox 326 5253 1908 5329">
     <span class='ocr_line' id='line_1_55' title="bbox 326 5253 1908 5329; baseline -0.001 -17"><span class='ocrx_word' id='word_1_406' title='bbox 326 5267 378 5313; x_wconf 89' lang='lat' dir='ltr'><strong>et</strong></span> <span class='ocrx_word' id='word_1_407' title='bbox 401 5257 726 5329; x_wconf 85' lang='lat' dir='ltr'><strong>plantandos</strong></span> <span class='ocrx_word' id='word_1_408' title='bbox 749 5257 937 5314; x_wconf 88' lang='lat' dir='ltr'><strong>hortos</strong></span> <span class='ocrx_word' id='word_1_409' title='bbox 969 5267 1025 5314; x_wconf 92' lang='lat' dir='ltr'><strong>et</strong></span> <span class='ocrx_word' id='word_1_410' title='bbox 1051 5257 1258 5313; x_wconf 88' lang='lat' dir='ltr'><strong>vineas.</strong></span> <span class='ocrx_word' id='word_1_411' title='bbox 1285 5253 1417 5311; x_wconf 86' lang='lat' dir='ltr'><strong>Nam</strong></span> <span class='ocrx_word' id='word_1_412' title='bbox 1443 5258 1500 5309; x_wconf 87' lang='lat' dir='ltr'><strong>et</strong></span> <span class='ocrx_word' id='word_1_413' title='bbox 1523 5267 1648 5309; x_wconf 86' lang='lat' dir='ltr'><strong>ecce</strong></span> <span class='ocrx_word' id='word_1_414' title='bbox 1672 5262 1724 5310; x_wconf 90' lang='lat' dir='ltr'><strong>te</strong></span> <span class='ocrx_word' id='word_1_415' title='bbox 1746 5254 1908 5310; x_wconf 89' lang='lat' dir='ltr'><strong>modo</strong></span> 
     </span>
    </p>
   </div>
   <div class='ocr_carea' id='block_1_56' title="bbox 325 5343 1910 5418">
    <p class='ocr_par' dir='ltr' id='par_1_56' title="bbox 325 5343 1910 5418">
     <span class='ocr_line' id='line_1_56' title="bbox 325 5343 1910 5418; baseline -0.003 -14"><span class='ocrx_word' id='word_1_416' title='bbox 325 5361 418 5418; x_wconf 87' lang='lat' dir='ltr'><strong>per</strong></span> <span class='ocrx_word' id='word_1_417' title='bbox 444 5348 604 5404; x_wconf 90' lang='lat' dir='ltr'><strong>istum</strong></span> <span class='ocrx_word' id='word_1_418' title='bbox 631 5363 936 5406; x_wconf 88' lang='lat' dir='ltr'><strong>sermonem</strong></span> <span class='ocrx_word' id='word_1_419' title='bbox 964 5346 1291 5404; x_wconf 82' lang='lat' dir='ltr'><strong>aediﬁcamus</strong></span> <span class='ocrx_word' id='word_1_420' title='bbox 1309 5353 1468 5415; x_wconf 90' lang='lat' dir='ltr'><strong>atque</strong></span> <span class='ocrx_word' id='word_1_421' title='bbox 1493 5343 1810 5415; x_wconf 88' lang='lat' dir='ltr'><strong>plantamus.</strong></span> <span class='ocrx_word' id='word_1_422' title='bbox 1840 5343 1910 5399; x_wconf 89' lang='lat' dir='ltr'><strong>Et</strong></span> 
     </span>
    </p>
   </div>
   <div class='ocr_carea' id='block_1_57' title="bbox 385 5476 1776 5548">
    <p class='ocr_par' dir='ltr' id='par_1_57' title="bbox 385 5476 1776 5548">
     <span class='ocr_line' id='line_1_57' title="bbox 385 5476 1776 5548; baseline -0.001 -17"><span class='ocrx_word' id='word_1_423' title='bbox 385 5481 405 5548; x_wconf 68' lang='grc' dir='ltr'><strong>ξ</strong></span> <span class='ocrx_word' id='word_1_424' title='bbox 438 5480 515 5548; x_wconf 80' lang='lat' dir='ltr'><strong>sic</strong></span> <span class='ocrx_word' id='word_1_425' title='bbox 543 5486 651 5531; x_wconf 76' lang='lat' dir='ltr'><strong>uss.</strong></span> <span class='ocrx_word' id='word_1_426' title='bbox 676 5487 744 5548; x_wconf 81' lang='lat' dir='ltr'><strong>At_</strong></span> <span class='ocrx_word' id='word_1_427' title='bbox 769 5480 913 5544; x_wconf 83' lang='lat' dir='ltr'><strong>editi,</strong></span> <span class='ocrx_word' id='word_1_428' title='bbox 1639 5534 1652 5548; x_wconf 83' lang='lat'>_</span> <span class='ocrx_word' id='word_1_429' title='bbox 1744 5535 1776 5548; x_wconf 29' lang='grc' dir='ltr'>Δ,</span> 
     </span>
    </p>
   </div>
   <div class='ocr_carea' id='block_1_58' title="bbox 386 5534 1904 5602">
    <p class='ocr_par' dir='ltr' id='par_1_58' title="bbox 386 5534 1904 5602">
     <span class='ocr_line' id='line_1_58' title="bbox 386 5534 1904 5602; baseline -0.003 -10"><span class='ocrx_word' id='word_1_430' title='bbox 386 5542 408 5574; x_wconf 62' lang='grc' dir='ltr'>θ</span> <span class='ocrx_word' id='word_1_431' title='bbox 437 5547 571 5602; x_wconf 81' lang='lat' dir='ltr'><strong>Lov.,</strong></span> <span class='ocrx_word' id='word_1_432' title='bbox 616 5542 872 5594; x_wconf 83' lang='lat' dir='ltr'><strong>orationes.</strong></span> <span class='ocrx_word' id='word_1_433' title='bbox 899 5534 1038 5594; x_wconf 59' lang='lat' dir='ltr'><strong>&#39;Eiditi</strong></span> <span class='ocrx_word' id='word_1_434' title='bbox 1058 5549 1226 5593; x_wconf 85' lang='lat' dir='ltr'><strong>autem</strong></span> <span class='ocrx_word' id='word_1_435' title='bbox 1245 5538 1327 5591; x_wconf 84' lang='lat' dir='ltr'><strong>alii</strong></span> <span class='ocrx_word' id='word_1_436' title='bbox 1361 5543 1416 5589; x_wconf 86' lang='lat' dir='ltr'><strong>et</strong></span> <span class='ocrx_word' id='word_1_437' title='bbox 1433 5544 1562 5600; x_wconf 65' lang='grc' dir='ltr'><strong>Μία..</strong></span> <span class='ocrx_word' id='word_1_438' title='bbox 1585 5534 1904 5588; x_wconf 83' lang='lat' dir='ltr'><strong>adorationes.</strong></span> 
     </span>
    </p>
   </div>
   <div class='ocr_carea' id='block_1_59' title="bbox 323 5602 942 5669">
    <p class='ocr_par' dir='ltr' id='par_1_59' title="bbox 323 5602 942 5669">
     <span class='ocr_line' id='line_1_59' title="bbox 323 5602 942 5669; baseline 0 0"><span class='ocrx_word' id='word_1_439' title='bbox 323 5608 485 5669; x_wconf 58' lang='lat' dir='ltr'><strong>mace</strong></span> <span class='ocrx_word' id='word_1_440' title='bbox 510 5611 606 5669; x_wconf 63' lang='grc' dir='ltr'><strong>ρει.</strong></span> <span class='ocrx_word' id='word_1_441' title='bbox 631 5602 942 5669; x_wconf 59' lang='lat' dir='ltr'><strong>promptus-</strong></span> 
     </span>
    </p>
   </div>
   <div class='ocr_carea' id='block_1_60' title="bbox 387 5658 1659 5736">
    <p class='ocr_par' dir='ltr' id='par_1_60' title="bbox 387 5658 1659 5736">
     <span class='ocr_line' id='line_1_60' title="bbox 387 5658 1659 5736; baseline -0.003 -21"><span class='ocrx_word' id='word_1_442' title='bbox 387 5666 410 5736; x_wconf 63' lang='grc' dir='ltr'><em>ξ</em></span> <span class='ocrx_word' id='word_1_443' title='bbox 442 5658 644 5736; x_wconf 57' lang='lat' dir='ltr'><strong>vulgata</strong></span> <span class='ocrx_word' id='word_1_444' title='bbox 659 5700 697 5736; x_wconf 93' lang='lat'><strong>,_</strong></span> <span class='ocrx_word' id='word_1_445' title='bbox 700 5663 916 5736; x_wconf 72' lang='lat' dir='ltr'><strong>castitate</strong></span> <span class='ocrx_word' id='word_1_446' title='bbox 944 5666 1120 5736; x_wconf 81' lang='lat' dir='ltr'><strong>:juxta</strong></span> <span class='ocrx_word' id='word_1_447' title='bbox 1139 5675 1382 5736; x_wconf 63' lang='lat' dir='ltr'><strong>35mm,</strong></span> 
     </span>
    </p>
   </div>
   <div class='ocr_carea' id='block_1_61' title="bbox 386 5725 1226 5793">
    <p class='ocr_par' dir='ltr' id='par_1_61' title="bbox 386 5725 1226 5793">
     <span class='ocr_line' id='line_1_61' title="bbox 386 5725 1226 5793; baseline 0 -15"><span class='ocrx_word' id='word_1_448' title='bbox 386 5725 410 5759; x_wconf 71' lang='grc' dir='ltr'>δ</span> <span class='ocrx_word' id='word_1_449' title='bbox 439 5727 513 5778; x_wconf 83' lang='lat' dir='ltr'><strong>sic</strong></span> <span class='ocrx_word' id='word_1_450' title='bbox 532 5725 642 5779; x_wconf 72' lang='lat' dir='ltr'><strong>uss.</strong></span> <span class='ocrx_word' id='word_1_451' title='bbox 663 5725 787 5779; x_wconf 71' lang='lat' dir='ltr'><strong>sunt</strong></span> <span class='ocrx_word' id='word_1_452' title='bbox 810 5740 962 5790; x_wconf 87' lang='lat' dir='ltr'><strong>vero,</strong></span> 
     </span>
    </p>
   </div>
   <div class='ocr_carea' id='block_1_62' title="bbox 1929 191 2116 212">
    <p class='ocr_par' dir='ltr' id='par_1_62' title="bbox 1929 191 2116 212">
     <span class='ocr_line' id='line_1_62' title="bbox 1929 191 2116 212; baseline 0 0"><span class='ocrx_word' id='word_1_453' title='bbox 1929 191 2052 212; x_wconf 43' lang='lat' dir='ltr'><strong>ut,”</strong></span> <span class='ocrx_word' id='word_1_454' title='bbox 2089 192 2116 203; x_wconf 81' lang='grc'><strong>”¹</strong></span> 
     </span>
    </p>
   </div>
   <div class='ocr_carea' id='block_1_63' title="bbox 1782 279 2215 341">
    <p class='ocr_par' dir='ltr' id='par_1_63' title="bbox 1782 279 2215 341">
     <span class='ocr_line' id='line_1_63' title="bbox 1782 279 2215 341; baseline -0.002 -4"><span class='ocrx_word' id='word_1_455' title='bbox 1782 280 1977 341; x_wconf 79' lang='lat' dir='ltr'><strong>LIBER</strong></span> <span class='ocrx_word' id='word_1_456' title='bbox 2013 279 2215 339; x_wconf 82' lang='lat' dir='ltr'><strong>UNUS.</strong></span> 
     </span>
    </p>
   </div>
   <div class='ocr_carea' id='block_1_64' title="bbox 3508 297 3616 355">
    <p class='ocr_par' dir='ltr' id='par_1_64' title="bbox 3508 297 3616 355">
     <span class='ocr_line' id='line_1_64' title="bbox 3508 297 3616 355; baseline -0.009 0"><span class='ocrx_word' id='word_1_457' title='bbox 3508 297 3616 355; x_wconf 69' lang='lat'><strong>3’58</strong></span> 
     </span>
    </p>
   </div>
   <div class='ocr_carea' id='block_1_65' title="bbox 2029 394 3605 482">
    <p class='ocr_par' dir='ltr' id='par_1_65' title="bbox 2029 394 3605 482">
     <span class='ocr_line' id='line_1_65' title="bbox 2029 394 3605 482; baseline 0.011 -31"><span class='ocrx_word' id='word_1_458' title='bbox 2029 394 2131 453; x_wconf 90' lang='lat' dir='ltr'><strong>hoc</strong></span> <span class='ocrx_word' id='word_1_459' title='bbox 2169 397 2226 453; x_wconf 87' lang='lat' dir='ltr'><strong>ﬁt</strong></span> <span class='ocrx_word' id='word_1_460' title='bbox 2266 412 2359 470; x_wconf 88' lang='lat' dir='ltr'><strong>per</strong></span> <span class='ocrx_word' id='word_1_461' title='bbox 2387 407 2550 456; x_wconf 78' lang='lat' dir='ltr'><strong>totum</strong></span> <span class='ocrx_word' id='word_1_462' title='bbox 2594 407 2776 459; x_wconf 85' lang='lat' dir='ltr'><strong>orbem</strong></span> <span class='ocrx_word' id='word_1_463' title='bbox 2806 416 3066 460; x_wconf 71' lang='lat' dir='ltr'><strong>terrarum</strong></span> <span class='ocrx_word' id='word_1_464' title='bbox 3103 420 3224 463; x_wconf 91' lang='lat' dir='ltr'><strong>cum</strong></span> <span class='ocrx_word' id='word_1_465' title='bbox 3254 421 3383 479; x_wconf 88' lang='lat' dir='ltr'><strong>pace</strong></span> <span class='ocrx_word' id='word_1_466' title='bbox 3416 425 3605 482; x_wconf 87' lang='lat' dir='ltr'><strong>regum</strong></span> 
     </span>
    </p>
   </div>
   <div class='ocr_carea' id='block_1_66' title="bbox 2027 487 3606 575">
    <p class='ocr_par' dir='ltr' id='par_1_66' title="bbox 2027 487 3606 575">
     <span class='ocr_line' id='line_1_66' title="bbox 2027 487 3606 575; baseline 0.011 -33"><span class='ocrx_word' id='word_1_467' title='bbox 2027 487 2436 547; x_wconf 84' lang='lat' dir='ltr'><strong>christianorum</strong></span> <span class='ocrx_word' id='word_1_468' title='bbox 2462 535 2476 558; x_wconf 92' lang='lat'><strong>,</strong></span> <span class='ocrx_word' id='word_1_469' title='bbox 2517 494 2652 548; x_wconf 90' lang='lat' dir='ltr'><strong>sicut</strong></span> <span class='ocrx_word' id='word_1_470' title='bbox 2682 495 2819 550; x_wconf 85' lang='lat' dir='ltr'><strong>idem</strong></span> <span class='ocrx_word' id='word_1_471' title='bbox 2849 495 2975 552; x_wconf 90' lang='lat' dir='ltr'><strong>dicit</strong></span> <span class='ocrx_word' id='word_1_472' title='bbox 3002 500 3273 568; x_wconf 88' lang='lat' dir='ltr'><strong>apostolus</strong></span> <span class='ocrx_word' id='word_1_473' title='bbox 3298 519 3310 556; x_wconf 89' lang='lat'><strong>:</strong></span> <span class='ocrx_word' id='word_1_474' title='bbox 3341 500 3436 556; x_wconf 85' lang='lat' dir='ltr'><strong>Dei</strong></span> <span class='ocrx_word' id='word_1_475' title='bbox 3460 505 3572 575; x_wconf 83' lang='lat' dir='ltr'><strong>agri</strong></span> <span class='ocrx_word' id='word_1_476' title='bbox 3583 534 3606 546; x_wconf 84' lang='lat'><strong>-</strong></span> 
     </span>
    </p>
   </div>
   <div class='ocr_carea' id='block_1_67' title="bbox 2027 580 3251 660">
    <p class='ocr_par' dir='ltr' id='par_1_67' title="bbox 2027 580 3251 660">
     <span class='ocr_line' id='line_1_67' title="bbox 2027 580 3251 660; baseline 0.008 -28"><span class='ocrx_word' id='word_1_477' title='bbox 2027 580 2246 645; x_wconf 84' lang='lat' dir='ltr'><strong>cultura,</strong></span> <span class='ocrx_word' id='word_1_478' title='bbox 2277 581 2371 637; x_wconf 83' lang='lat' dir='ltr'><strong>Dei</strong></span> <span class='ocrx_word' id='word_1_479' title='bbox 2397 583 2664 654; x_wconf 75' lang='lat' dir='ltr'><strong>azdiﬁcatio</strong></span> <span class='ocrx_word' id='word_1_480' title='bbox 2691 587 2807 640; x_wconf 84' lang='lat' dir='ltr'><strong>estis</strong></span> <span class='ocrx_word' id='word_1_481' title='bbox 2839 587 2889 660; x_wconf 93' lang='grc' dir='ltr'><strong>(Ι</strong></span> <span class='ocrx_word' id='word_1_482' title='bbox 2917 587 3035 643; x_wconf 87' lang='lat' dir='ltr'><strong>Cor.</strong></span> <span class='ocrx_word' id='word_1_483' title='bbox 3068 605 3142 656; x_wconf 89' lang='grc' dir='ltr'>ιιι,</span> <span class='ocrx_word' id='word_1_484' title='bbox 3172 591 3251 660; x_wconf 87' lang='lat'><strong>9).</strong></span> 
     </span>
    </p>
   </div>
   <div class='ocr_carea' id='block_1_68' title="bbox 2097 671 3604 758">
    <p class='ocr_par' dir='ltr' id='par_1_68' title="bbox 2097 671 3604 758">
     <span class='ocr_line' id='line_1_68' title="bbox 2097 671 3604 758; baseline 0.011 -33"><span class='ocrx_word' id='word_1_485' title='bbox 2097 671 2185 726; x_wconf 76' lang='lat'><strong>38.</strong></span> <span class='ocrx_word' id='word_1_486' title='bbox 2227 673 2294 727; x_wconf 89' lang='lat' dir='ltr'><strong>Et</strong></span> <span class='ocrx_word' id='word_1_487' title='bbox 2321 683 2439 744; x_wconf 90' lang='lat' dir='ltr'><strong>post</strong></span> <span class='ocrx_word' id='word_1_488' title='bbox 2465 691 2634 730; x_wconf 88' lang='lat' dir='ltr'><strong>annos</strong></span> <span class='ocrx_word' id='word_1_489' title='bbox 2671 677 2884 747; x_wconf 91' lang='lat' dir='ltr'><strong>quidem</strong></span> <span class='ocrx_word' id='word_1_490' title='bbox 2915 681 3245 752; x_wconf 84' lang='lat' dir='ltr'><strong>septuaginta</strong></span> <span class='ocrx_word' id='word_1_491' title='bbox 3267 724 3280 748; x_wconf 92' lang='lat'><strong>,</strong></span> <span class='ocrx_word' id='word_1_492' title='bbox 3316 699 3449 752; x_wconf 88' lang='lat' dir='ltr'><strong>quos</strong></span> <span class='ocrx_word' id='word_1_493' title='bbox 3485 701 3604 758; x_wconf 84' lang='lat' dir='ltr'><strong>my-</strong></span> 
     </span>
    </p>
   </div>
   <div class='ocr_carea' id='block_1_69' title="bbox 2027 763 3603 845">
    <p class='ocr_par' dir='ltr' id='par_1_69' title="bbox 2027 763 3603 845">
     <span class='ocr_line' id='line_1_69' title="bbox 2027 763 3603 845; baseline 0.01 -28"><span class='ocrx_word' id='word_1_494' title='bbox 2027 763 2178 838; x_wconf 29' lang='lat' dir='ltr'><strong>stice.</strong></span> <span class='ocrx_word' id='word_1_495' title='bbox 2206 765 2611 836; x_wconf 89' lang='lat' dir='ltr'><strong>prophetaverat</strong></span> <span class='ocrx_word' id='word_1_496' title='bbox 2651 769 2938 838; x_wconf 90' lang='lat' dir='ltr'><strong>Jeremias,</strong></span> <span class='ocrx_word' id='word_1_497' title='bbox 2986 781 3042 827; x_wconf 91' lang='lat' dir='ltr'><strong>ut</strong></span> <span class='ocrx_word' id='word_1_498' title='bbox 3088 773 3246 829; x_wconf 89' lang='lat' dir='ltr'><strong>ﬁnem</strong></span> <span class='ocrx_word' id='word_1_499' title='bbox 3302 784 3603 845; x_wconf 89' lang='lat' dir='ltr'><strong>temporum</strong></span> 
     </span>
    </p>
   </div>
   <div class='ocr_carea' id='block_1_70' title="bbox 2027 855 3608 937">
    <p class='ocr_par' dir='ltr' id='par_1_70' title="bbox 2027 855 3608 937">
     <span class='ocr_line' id='line_1_70' title="bbox 2027 855 3608 937; baseline 0.013 -29"><span class='ocrx_word' id='word_1_500' title='bbox 2027 855 2412 927; x_wconf 67' lang='lat' dir='ltr'><strong>prmﬁguraret,</strong></span> <span class='ocrx_word' id='word_1_501' title='bbox 2441 869 2617 916; x_wconf 88' lang='lat' dir='ltr'><strong>tamen</strong></span> <span class='ocrx_word' id='word_1_502' title='bbox 2643 871 2700 916; x_wconf 91' lang='lat' dir='ltr'><strong>ut</strong></span> <span class='ocrx_word' id='word_1_503' title='bbox 2729 864 2838 932; x_wconf 85' lang='lat' dir='ltr'><strong>ipsa</strong></span> <span class='ocrx_word' id='word_1_504' title='bbox 2866 864 3030 936; x_wconf 79' lang='lat' dir='ltr'><strong>figura</strong></span> <span class='ocrx_word' id='word_1_505' title='bbox 3062 866 3434 937; x_wconf 88' lang='lat' dir='ltr'><strong>integraretur,</strong></span> <span class='ocrx_word' id='word_1_506' title='bbox 3467 869 3608 929; x_wconf 70' lang='lat' dir='ltr'><strong>facta</strong></span> 
     </span>
    </p>
   </div>
   <div class='ocr_carea' id='block_1_71' title="bbox 2027 947 3606 1029">
    <p class='ocr_par' dir='ltr' id='par_1_71' title="bbox 2027 947 3606 1029">
     <span class='ocr_line' id='line_1_71' title="bbox 2027 947 3606 1029; baseline 0.011 -29"><span class='ocrx_word' id='word_1_507' title='bbox 2027 953 2110 1000; x_wconf 93' lang='lat' dir='ltr'><strong>est</strong></span> <span class='ocrx_word' id='word_1_508' title='bbox 2151 947 2203 1002; x_wconf 92' lang='lat' dir='ltr'><strong>in</strong></span> <span class='ocrx_word' id='word_1_509' title='bbox 2240 947 2534 1005; x_wconf 89' lang='lat' dir='ltr'><strong>Jerusalem</strong></span> <span class='ocrx_word' id='word_1_510' title='bbox 2567 954 2832 1008; x_wconf 88' lang='lat' dir='ltr'><strong>restitutio</strong></span> <span class='ocrx_word' id='word_1_511' title='bbox 2857 955 3222 1013; x_wconf 72' lang='lat' dir='ltr'><strong>mdiﬁcationis</strong></span> <span class='ocrx_word' id='word_1_512' title='bbox 3253 959 3433 1029; x_wconf 89' lang='lat' dir='ltr'><strong>templi</strong></span> <span class='ocrx_word' id='word_1_513' title='bbox 3463 961 3556 1016; x_wconf 88' lang='lat' dir='ltr'><strong>Dei</strong></span> <span class='ocrx_word' id='word_1_514' title='bbox 3589 982 3606 1020; x_wconf 90' lang='lat'><strong>:</strong></span> 
     </span>
    </p>
   </div>
   <div class='ocr_carea' id='block_1_72' title="bbox 2027 1036 3604 1123">
    <p class='ocr_par' dir='ltr' id='par_1_72' title="bbox 2027 1036 3604 1123">
     <span class='ocr_line' id='line_1_72' title="bbox 2027 1036 3604 1123; baseline 0.012 -33"><span class='ocrx_word' id='word_1_515' title='bbox 2027 1036 2120 1092; x_wconf 92' lang='lat' dir='ltr'><strong>sed</strong></span> <span class='ocrx_word' id='word_1_516' title='bbox 2145 1038 2266 1106; x_wconf 87' lang='lat' dir='ltr'><strong>quia</strong></span> <span class='ocrx_word' id='word_1_517' title='bbox 2291 1048 2456 1095; x_wconf 90' lang='lat' dir='ltr'><strong>totum</strong></span> <span class='ocrx_word' id='word_1_518' title='bbox 2484 1041 2706 1112; x_wconf 89' lang='lat' dir='ltr'><strong>ﬁgurate</strong></span> <span class='ocrx_word' id='word_1_519' title='bbox 2734 1046 3007 1116; x_wconf 86' lang='lat' dir='ltr'><strong>agebatur,</strong></span> <span class='ocrx_word' id='word_1_520' title='bbox 3037 1064 3141 1104; x_wconf 92' lang='lat' dir='ltr'><strong>non</strong></span> <span class='ocrx_word' id='word_1_521' title='bbox 3178 1059 3295 1105; x_wconf 86' lang='lat' dir='ltr'><strong>erat</strong></span> <span class='ocrx_word' id='word_1_522' title='bbox 3321 1052 3468 1108; x_wconf 88' lang='lat' dir='ltr'><strong>ﬁrma</strong></span> <span class='ocrx_word' id='word_1_523' title='bbox 3503 1069 3604 1123; x_wconf 80' lang='lat' dir='ltr'><strong>pax</strong></span> 
     </span>
    </p>
   </div>
   <div class='ocr_carea' id='block_1_73' title="bbox 2026 1127 3603 1210">
    <p class='ocr_par' dir='ltr' id='par_1_73' title="bbox 2026 1127 3603 1210">
     <span class='ocr_line' id='line_1_73' title="bbox 2026 1127 3603 1210; baseline 0.011 -30"><span class='ocrx_word' id='word_1_524' title='bbox 2026 1141 2089 1181; x_wconf 91' lang='lat' dir='ltr'><strong>ac</strong></span> <span class='ocrx_word' id='word_1_525' title='bbox 2129 1127 2344 1184; x_wconf 89' lang='lat' dir='ltr'><strong>libertas</strong></span> <span class='ocrx_word' id='word_1_526' title='bbox 2375 1132 2578 1186; x_wconf 88' lang='lat' dir='ltr'><strong>reddita</strong></span> <span class='ocrx_word' id='word_1_527' title='bbox 2605 1133 2823 1190; x_wconf 71' lang='lat' dir='ltr'><strong>Judazis.</strong></span> <span class='ocrx_word' id='word_1_528' title='bbox 2871 1137 3050 1208; x_wconf 84' lang='lat' dir='ltr'><strong>Itaque</strong></span> <span class='ocrx_word' id='word_1_529' title='bbox 3079 1151 3259 1210; x_wconf 87' lang='lat' dir='ltr'><strong>postea</strong></span> <span class='ocrx_word' id='word_1_530' title='bbox 3291 1157 3319 1196; x_wconf 91' lang='lat' dir='ltr'><strong>a</strong></span> <span class='ocrx_word' id='word_1_531' title='bbox 3351 1143 3603 1200; x_wconf 77' lang='lat' dir='ltr'><strong>Romanis</strong></span> 
     </span>
    </p>
   </div>
   <div class='ocr_carea' id='block_1_74' title="bbox 2026 1218 3603 1306">
    <p class='ocr_par' dir='ltr' id='par_1_74' title="bbox 2026 1218 3603 1306">
     <span class='ocr_line' id='line_1_74' title="bbox 2026 1218 3603 1306; baseline 0.014 -35"><span class='ocrx_word' id='word_1_532' title='bbox 2026 1218 2152 1273; x_wconf 87' lang='lat' dir='ltr'><strong>victi</strong></span> <span class='ocrx_word' id='word_1_533' title='bbox 2176 1230 2317 1288; x_wconf 91' lang='lat' dir='ltr'><strong>sunt,</strong></span> <span class='ocrx_word' id='word_1_534' title='bbox 2351 1231 2403 1277; x_wconf 93' lang='lat' dir='ltr'><strong>et</strong></span> <span class='ocrx_word' id='word_1_535' title='bbox 2429 1224 2692 1281; x_wconf 87' lang='lat' dir='ltr'><strong>tributarii</strong></span> <span class='ocrx_word' id='word_1_536' title='bbox 2721 1227 2863 1284; x_wconf 83' lang='lat' dir='ltr'><strong>facti.</strong></span> <span class='ocrx_word' id='word_1_537' title='bbox 2892 1230 2966 1284; x_wconf 82' lang='lat' dir='ltr'><strong>Ex</strong></span> <span class='ocrx_word' id='word_1_538' title='bbox 2995 1231 3086 1286; x_wconf 89' lang='lat' dir='ltr'><strong>illo</strong></span> <span class='ocrx_word' id='word_1_539' title='bbox 3115 1248 3242 1288; x_wconf 87' lang='lat' dir='ltr'><strong>sane</strong></span> <span class='ocrx_word' id='word_1_540' title='bbox 3271 1243 3510 1306; x_wconf 86' lang='lat' dir='ltr'><strong>tempore</strong></span> <span class='ocrx_word' id='word_1_541' title='bbox 3539 1255 3603 1293; x_wconf 82' lang='lat' dir='ltr'><strong>ex</strong></span> 
     </span>
    </p>
   </div>
   <div class='ocr_carea' id='block_1_75' title="bbox 2025 1316 3608 1396">
    <p class='ocr_par' dir='ltr' id='par_1_75' title="bbox 2025 1316 3608 1396">
     <span class='ocr_line' id='line_1_75' title="bbox 2025 1316 3608 1396; baseline 0.011 -33"><span class='ocrx_word' id='word_1_542' title='bbox 2025 1324 2130 1380; x_wconf 89' lang='lat' dir='ltr'><strong>quo</strong></span> <span class='ocrx_word' id='word_1_543' title='bbox 2159 1322 2350 1366; x_wconf 87' lang='lat' dir='ltr'><strong>terram</strong></span> <span class='ocrx_word' id='word_1_544' title='bbox 2381 1316 2748 1384; x_wconf 92' lang='lat' dir='ltr'><strong>promissionis</strong></span> <span class='ocrx_word' id='word_1_545' title='bbox 2776 1332 3115 1391; x_wconf 87' lang='lat' dir='ltr'><strong>acceperunt,</strong></span> <span class='ocrx_word' id='word_1_546' title='bbox 3147 1333 3201 1378; x_wconf 92' lang='lat' dir='ltr'><strong>et</strong></span> <span class='ocrx_word' id='word_1_547' title='bbox 3230 1340 3382 1396; x_wconf 90' lang='lat' dir='ltr'><strong>reges</strong></span> <span class='ocrx_word' id='word_1_548' title='bbox 3408 1326 3608 1382; x_wconf 90' lang='lat' dir='ltr'><strong>habere</strong></span> 
     </span>
    </p>
   </div>
   <div class='ocr_carea' id='block_1_76' title="bbox 2025 1407 3602 1487">
    <p class='ocr_par' dir='ltr' id='par_1_76' title="bbox 2025 1407 3602 1487">
     <span class='ocr_line' id='line_1_76' title="bbox 2025 1407 3602 1487; baseline 0.011 -33"><span class='ocrx_word' id='word_1_549' title='bbox 2025 1412 2333 1471; x_wconf 73' lang='lat' dir='ltr'><strong>emperunt,</strong></span> <span class='ocrx_word' id='word_1_550' title='bbox 2387 1420 2452 1460; x_wconf 90' lang='lat' dir='ltr'><strong>ne</strong></span> <span class='ocrx_word' id='word_1_551' title='bbox 2497 1407 2548 1460; x_wconf 93' lang='lat' dir='ltr'><strong>in</strong></span> <span class='ocrx_word' id='word_1_552' title='bbox 2590 1408 2769 1478; x_wconf 89' lang='lat' dir='ltr'><strong>aliquo</strong></span> <span class='ocrx_word' id='word_1_553' title='bbox 2809 1427 2992 1482; x_wconf 85' lang='lat' dir='ltr'><strong>regum</strong></span> <span class='ocrx_word' id='word_1_554' title='bbox 3023 1428 3238 1469; x_wconf 90' lang='lat' dir='ltr'><strong>suorum</strong></span> <span class='ocrx_word' id='word_1_555' title='bbox 3282 1418 3602 1487; x_wconf 88' lang='lat' dir='ltr'><strong>completum</strong></span> 
     </span>
    </p>
   </div>
   <div class='ocr_carea' id='block_1_77' title="bbox 2025 1497 3602 1578">
    <p class='ocr_par' dir='ltr' id='par_1_77' title="bbox 2025 1497 3602 1578">
     <span class='ocr_line' id='line_1_77' title="bbox 2025 1497 3602 1578; baseline 0.009 -30"><span class='ocrx_word' id='word_1_556' title='bbox 2025 1507 2143 1550; x_wconf 88' lang='lat' dir='ltr'><strong>esse</strong></span> <span class='ocrx_word' id='word_1_557' title='bbox 2173 1497 2561 1554; x_wconf 89' lang='lat' dir='ltr'><strong>arbitrarentur</strong></span> <span class='ocrx_word' id='word_1_558' title='bbox 2604 1501 2745 1570; x_wconf 88' lang='lat' dir='ltr'><strong>quod</strong></span> <span class='ocrx_word' id='word_1_559' title='bbox 2787 1502 2865 1558; x_wconf 91' lang='lat' dir='ltr'><strong>eis</strong></span> <span class='ocrx_word' id='word_1_560' title='bbox 2907 1504 3163 1560; x_wconf 88' lang='lat' dir='ltr'><strong>liberator</strong></span> <span class='ocrx_word' id='word_1_561' title='bbox 3202 1507 3447 1563; x_wconf 86' lang='lat' dir='ltr'><strong>Christus</strong></span> <span class='ocrx_word' id='word_1_562' title='bbox 3477 1524 3602 1578; x_wconf 78' lang='lat' dir='ltr'><strong>pro—</strong></span> 
     </span>
    </p>
   </div>
   <div class='ocr_carea' id='block_1_78' title="bbox 2025 1584 3609 1670">
    <p class='ocr_par' dir='ltr' id='par_1_78' title="bbox 2025 1584 3609 1670">
     <span class='ocr_line' id='line_1_78' title="bbox 2025 1584 3609 1670; baseline 0.01 -32"><span class='ocrx_word' id='word_1_563' title='bbox 2025 1584 2353 1652; x_wconf 89' lang='lat' dir='ltr'><strong>mittebatur,</strong></span> <span class='ocrx_word' id='word_1_564' title='bbox 2387 1591 2625 1660; x_wconf 88' lang='lat' dir='ltr'><strong>apertius</strong></span> <span class='ocrx_word' id='word_1_565' title='bbox 2651 1608 2746 1661; x_wconf 90' lang='lat' dir='ltr'><strong>per</strong></span> <span class='ocrx_word' id='word_1_566' title='bbox 2773 1595 2965 1650; x_wconf 89' lang='lat' dir='ltr'><strong>multas</strong></span> <span class='ocrx_word' id='word_1_567' title='bbox 2990 1597 3293 1666; x_wconf 88' lang='lat' dir='ltr'><strong>prophetias</strong></span> <span class='ocrx_word' id='word_1_568' title='bbox 3319 1599 3609 1670; x_wconf 83' lang='lat' dir='ltr'><strong>propheta-</strong></span> 
     </span>
    </p>
   </div>
   <div class='ocr_carea' id='block_1_79' title="bbox 2026 1678 3608 1758">
    <p class='ocr_par' dir='ltr' id='par_1_79' title="bbox 2026 1678 3608 1758">
     <span class='ocr_line' id='line_1_79' title="bbox 2026 1678 3608 1758; baseline 0.011 -28"><span class='ocrx_word' id='word_1_569' title='bbox 2026 1684 2110 1731; x_wconf 92' lang='lat' dir='ltr'><strong>tus</strong></span> <span class='ocrx_word' id='word_1_570' title='bbox 2149 1687 2230 1732; x_wconf 92' lang='lat' dir='ltr'><strong>est</strong></span> <span class='ocrx_word' id='word_1_571' title='bbox 2271 1678 2544 1748; x_wconf 89' lang='lat' dir='ltr'><strong>Christus;</strong></span> <span class='ocrx_word' id='word_1_572' title='bbox 2589 1699 2695 1738; x_wconf 87' lang='lat' dir='ltr'><strong>non</strong></span> <span class='ocrx_word' id='word_1_573' title='bbox 2733 1685 2906 1740; x_wconf 91' lang='lat' dir='ltr'><strong>solum</strong></span> <span class='ocrx_word' id='word_1_574' title='bbox 2952 1687 3019 1741; x_wconf 90' lang='lat' dir='ltr'><strong>ab</strong></span> <span class='ocrx_word' id='word_1_575' title='bbox 3046 1690 3162 1758; x_wconf 91' lang='lat' dir='ltr'><strong>ipso</strong></span> <span class='ocrx_word' id='word_1_576' title='bbox 3191 1689 3356 1744; x_wconf 89' lang='lat' dir='ltr'><strong>David</strong></span> <span class='ocrx_word' id='word_1_577' title='bbox 3384 1691 3436 1746; x_wconf 91' lang='lat' dir='ltr'><strong>in</strong></span> <span class='ocrx_word' id='word_1_578' title='bbox 3469 1691 3608 1747; x_wconf 75' lang='lat' dir='ltr'><strong>libro</strong></span> 
     </span>
    </p>
   </div>
   <div class='ocr_carea' id='block_1_80' title="bbox 2023 1767 3608 1851">
    <p class='ocr_par' dir='ltr' id='par_1_80' title="bbox 2023 1767 3608 1851">
     <span class='ocr_line' id='line_1_80' title="bbox 2023 1767 3608 1851; baseline 0.011 -29"><span class='ocrx_word' id='word_1_579' title='bbox 2023 1767 2378 1837; x_wconf 87' lang='lat' dir='ltr'><strong>Psalmorum,</strong></span> <span class='ocrx_word' id='word_1_580' title='bbox 2409 1773 2504 1828; x_wconf 91' lang='lat' dir='ltr'><strong>sed</strong></span> <span class='ocrx_word' id='word_1_581' title='bbox 2540 1776 2700 1830; x_wconf 89' lang='lat' dir='ltr'><strong>etiam</strong></span> <span class='ocrx_word' id='word_1_582' title='bbox 2731 1793 2763 1831; x_wconf 89' lang='lat' dir='ltr'><strong>a</strong></span> <span class='ocrx_word' id='word_1_583' title='bbox 2789 1778 2997 1832; x_wconf 71' lang='lat' dir='ltr'><strong>cmteris</strong></span> <span class='ocrx_word' id='word_1_584' title='bbox 3020 1788 3074 1834; x_wconf 90' lang='lat' dir='ltr'><strong>et</strong></span> <span class='ocrx_word' id='word_1_585' title='bbox 3099 1781 3305 1851; x_wconf 87' lang='lat' dir='ltr'><strong>magnis</strong></span> <span class='ocrx_word' id='word_1_586' title='bbox 3333 1790 3387 1837; x_wconf 88' lang='lat' dir='ltr'><strong>et</strong></span> <span class='ocrx_word' id='word_1_587' title='bbox 3407 1782 3608 1839; x_wconf 87' lang='lat' dir='ltr'><strong>sanctis</strong></span> 
     </span>
    </p>
   </div>
   <div class='ocr_carea' id='block_1_81' title="bbox 2021 1859 3606 1944">
    <p class='ocr_par' dir='ltr' id='par_1_81' title="bbox 2021 1859 3606 1944">
     <span class='ocr_line' id='line_1_81' title="bbox 2021 1859 3606 1944; baseline 0.011 -33"><span class='ocrx_word' id='word_1_588' title='bbox 2021 1859 2325 1929; x_wconf 86' lang='lat' dir='ltr'><strong>pr0phetis,</strong></span> <span class='ocrx_word' id='word_1_589' title='bbox 2371 1879 2539 1934; x_wconf 93' lang='lat' dir='ltr'><strong>usque</strong></span> <span class='ocrx_word' id='word_1_590' title='bbox 2579 1865 2645 1919; x_wconf 89' lang='lat' dir='ltr'><strong>ad</strong></span> <span class='ocrx_word' id='word_1_591' title='bbox 2690 1876 2899 1938; x_wconf 90' lang='lat' dir='ltr'><strong>tempus</strong></span> <span class='ocrx_word' id='word_1_592' title='bbox 2923 1870 3242 1939; x_wconf 87' lang='lat' dir='ltr'><strong>captivitatis</strong></span> <span class='ocrx_word' id='word_1_593' title='bbox 3283 1871 3336 1927; x_wconf 92' lang='lat' dir='ltr'><strong>in</strong></span> <span class='ocrx_word' id='word_1_594' title='bbox 3370 1873 3606 1944; x_wconf 79' lang='lat' dir='ltr'><strong>Babylo-</strong></span> 
     </span>
    </p>
   </div>
   <div class='ocr_carea' id='block_1_82' title="bbox 2021 1948 3606 2034">
    <p class='ocr_par' dir='ltr' id='par_1_82' title="bbox 2021 1948 3606 2034">
     <span class='ocr_line' id='line_1_82' title="bbox 2021 1948 3606 2034; baseline 0.011 -32"><span class='ocrx_word' id='word_1_595' title='bbox 2021 1948 2162 2003; x_wconf 90' lang='lat' dir='ltr'><strong>niam</strong></span> <span class='ocrx_word' id='word_1_596' title='bbox 2191 1968 2202 2002; x_wconf 94' lang='lat'><strong>:</strong></span> <span class='ocrx_word' id='word_1_597' title='bbox 2235 1961 2289 2006; x_wconf 91' lang='lat' dir='ltr'><strong>et</strong></span> <span class='ocrx_word' id='word_1_598' title='bbox 2329 1953 2379 2007; x_wconf 91' lang='lat' dir='ltr'><strong>in</strong></span> <span class='ocrx_word' id='word_1_599' title='bbox 2421 1955 2535 2024; x_wconf 90' lang='lat' dir='ltr'><strong>ipsa</strong></span> <span class='ocrx_word' id='word_1_600' title='bbox 2562 1957 2872 2026; x_wconf 88' lang='lat' dir='ltr'><strong>captivitate</strong></span> <span class='ocrx_word' id='word_1_601' title='bbox 2914 1959 3128 2015; x_wconf 79' lang='lat' dir='ltr'><strong>fuerunt</strong></span> <span class='ocrx_word' id='word_1_602' title='bbox 3167 1965 3475 2034; x_wconf 67' lang='lat' dir='ltr'><strong>prophetae,</strong></span> <span class='ocrx_word' id='word_1_603' title='bbox 3509 1965 3606 2034; x_wconf 86' lang='lat' dir='ltr'><strong>qui</strong></span> 
     </span>
    </p>
   </div>
   <div class='ocr_carea' id='block_1_83' title="bbox 2020 2045 3604 2111">
    <p class='ocr_par' dir='ltr' id='par_1_83' title="bbox 2020 2045 3604 2111">
     <span class='ocr_line' id='line_1_83' title="bbox 2020 2045 3604 2111; baseline 0.01 -16"><span class='ocrx_word' id='word_1_604' title='bbox 2020 2051 2298 2098; x_wconf 90' lang='lat' dir='ltr'><strong>venturum</strong></span> <span class='ocrx_word' id='word_1_605' title='bbox 2353 2045 2635 2102; x_wconf 90' lang='lat' dir='ltr'><strong>Domimnn</strong></span> <span class='ocrx_word' id='word_1_606' title='bbox 2696 2049 2879 2104; x_wconf 90' lang='lat' dir='ltr'><strong>Jesum</strong></span> <span class='ocrx_word' id='word_1_607' title='bbox 2933 2051 3206 2107; x_wconf 87' lang='lat' dir='ltr'><strong>Christum</strong></span> <span class='ocrx_word' id='word_1_608' title='bbox 3261 2053 3604 2111; x_wconf 90' lang='lat' dir='ltr'><strong>liberatorem</strong></span> 
     </span>
    </p>
   </div>
   <div class='ocr_carea' id='block_1_84' title="bbox 2020 2133 3598 2214">
    <p class='ocr_par' dir='ltr' id='par_1_84' title="bbox 2020 2133 3598 2214">
     <span class='ocr_line' id='line_1_84' title="bbox 2020 2133 3598 2214; baseline 0.011 -30"><span class='ocrx_word' id='word_1_609' title='bbox 2020 2133 2254 2188; x_wconf 79' lang='lat' dir='ltr'><strong>amnium</strong></span> <span class='ocrx_word' id='word_1_610' title='bbox 2267 2136 2666 2206; x_wconf 87' lang='lat' dir='ltr'><strong>prophetarcut.</strong></span> <span class='ocrx_word' id='word_1_611' title='bbox 2692 2140 2756 2194; x_wconf 88' lang='lat' dir='ltr'><strong>Et</strong></span> <span class='ocrx_word' id='word_1_612' title='bbox 2771 2150 3112 2212; x_wconf 89' lang='lat' dir='ltr'><strong>posteaquam</strong></span> <span class='ocrx_word' id='word_1_613' title='bbox 3143 2145 3396 2214; x_wconf 90' lang='lat' dir='ltr'><strong>templum</strong></span> <span class='ocrx_word' id='word_1_614' title='bbox 3419 2156 3598 2202; x_wconf 83' lang='lat' dir='ltr'><strong>trans-</strong></span> 
     </span>
    </p>
   </div>
   <div class='ocr_carea' id='block_1_85' title="bbox 2020 2224 3609 2308">
    <p class='ocr_par' dir='ltr' id='par_1_85' title="bbox 2020 2224 3609 2308">
     <span class='ocr_line' id='line_1_85' title="bbox 2020 2224 3609 2308; baseline 0.009 -31"><span class='ocrx_word' id='word_1_615' title='bbox 2020 2224 2151 2278; x_wconf 88' lang='lat' dir='ltr'><strong>actis</strong></span> <span class='ocrx_word' id='word_1_616' title='bbox 2193 2228 2524 2298; x_wconf 86' lang='lat' dir='ltr'><strong>septuaginta</strong></span> <span class='ocrx_word' id='word_1_617' title='bbox 2563 2231 2718 2286; x_wconf 90' lang='lat' dir='ltr'><strong>annis</strong></span> <span class='ocrx_word' id='word_1_618' title='bbox 2775 2233 3078 2288; x_wconf 86' lang='lat' dir='ltr'><strong>restitutum</strong></span> <span class='ocrx_word' id='word_1_619' title='bbox 3108 2243 3209 2300; x_wconf 89' lang='lat' dir='ltr'><strong>est,</strong></span> <span class='ocrx_word' id='word_1_620' title='bbox 3251 2244 3425 2292; x_wconf 87' lang='lat' dir='ltr'><strong>tantas</strong></span> <span class='ocrx_word' id='word_1_621' title='bbox 3457 2251 3609 2308; x_wconf 71' lang='lat' dir='ltr'><strong>pres-</strong></span> 
     </span>
    </p>
   </div>
   <div class='ocr_carea' id='block_1_86' title="bbox 2019 2319 3607 2400">
    <p class='ocr_par' dir='ltr' id='par_1_86' title="bbox 2019 2319 3607 2400">
     <span class='ocr_line' id='line_1_86' title="bbox 2019 2319 3607 2400; baseline 0.011 -31"><span class='ocrx_word' id='word_1_622' title='bbox 2019 2328 2172 2371; x_wconf 88' lang='lat' dir='ltr'><strong>suras</strong></span> <span class='ocrx_word' id='word_1_623' title='bbox 2188 2325 2242 2372; x_wconf 88' lang='lat' dir='ltr'><strong>et</strong></span> <span class='ocrx_word' id='word_1_624' title='bbox 2259 2319 2586 2376; x_wconf 89' lang='lat' dir='ltr'><strong>calamitates</strong></span> <span class='ocrx_word' id='word_1_625' title='bbox 2609 2337 2639 2376; x_wconf 88' lang='lat' dir='ltr'><strong>a</strong></span> <span class='ocrx_word' id='word_1_626' title='bbox 2663 2322 2880 2393; x_wconf 84' lang='lat' dir='ltr'><strong>regibus</strong></span> <span class='ocrx_word' id='word_1_627' title='bbox 2901 2323 3152 2381; x_wconf 89' lang='lat' dir='ltr'><strong>Gentium</strong></span> <span class='ocrx_word' id='word_1_628' title='bbox 3168 2326 3337 2382; x_wconf 68' lang='lat' dir='ltr'><strong>Judaai</strong></span> <span class='ocrx_word' id='word_1_629' title='bbox 3359 2331 3607 2400; x_wconf 82' lang='lat' dir='ltr'><strong>perpessi</strong></span> 
     </span>
    </p>
   </div>
   <div class='ocr_carea' id='block_1_87' title="bbox 2019 2412 3600 2489">
    <p class='ocr_par' dir='ltr' id='par_1_87' title="bbox 2019 2412 3600 2489">
     <span class='ocr_line' id='line_1_87' title="bbox 2019 2412 3600 2489; baseline 0.008 -25"><span class='ocrx_word' id='word_1_630' title='bbox 2019 2417 2162 2474; x_wconf 90' lang='lat' dir='ltr'><strong>sunt,</strong></span> <span class='ocrx_word' id='word_1_631' title='bbox 2198 2421 2252 2464; x_wconf 90' lang='lat' dir='ltr'><strong>ut</strong></span> <span class='ocrx_word' id='word_1_632' title='bbox 2283 2412 2638 2483; x_wconf 89' lang='lat' dir='ltr'><strong>intelligerent</strong></span> <span class='ocrx_word' id='word_1_633' title='bbox 2681 2416 2916 2471; x_wconf 90' lang='lat' dir='ltr'><strong>nondum</strong></span> <span class='ocrx_word' id='word_1_634' title='bbox 2961 2419 3172 2474; x_wconf 89' lang='lat' dir='ltr'><strong>venisse</strong></span> <span class='ocrx_word' id='word_1_635' title='bbox 3217 2418 3557 2476; x_wconf 89' lang='lat' dir='ltr'><strong>liberatorem</strong></span> <span class='ocrx_word' id='word_1_636' title='bbox 3583 2463 3600 2489; x_wconf 85' lang='lat'><strong>,</strong></span> 
     </span>
    </p>
   </div>
   <div class='ocr_carea' id='block_1_88' title="bbox 2019 2502 3601 2581">
    <p class='ocr_par' dir='ltr' id='par_1_88' title="bbox 2019 2502 3601 2581">
     <span class='ocr_line' id='line_1_88' title="bbox 2019 2502 3601 2581; baseline 0.009 -28"><span class='ocrx_word' id='word_1_637' title='bbox 2019 2514 2174 2568; x_wconf 91' lang='lat' dir='ltr'><strong>quem</strong></span> <span class='ocrx_word' id='word_1_638' title='bbox 2204 2515 2311 2556; x_wconf 90' lang='lat' dir='ltr'><strong>non</strong></span> <span class='ocrx_word' id='word_1_639' title='bbox 2339 2502 2684 2572; x_wconf 90' lang='lat' dir='ltr'><strong>spiritualiter</strong></span> <span class='ocrx_word' id='word_1_640' title='bbox 2712 2505 3060 2562; x_wconf 90' lang='lat' dir='ltr'><strong>liberaturum</strong></span> <span class='ocrx_word' id='word_1_641' title='bbox 3088 2507 3471 2581; x_wconf 85' lang='lat' dir='ltr'><strong>intelligebant,</strong></span> <span class='ocrx_word' id='word_1_642' title='bbox 3502 2509 3601 2567; x_wconf 88' lang='lat' dir='ltr'><strong>sed</strong></span> 
     </span>
    </p>
   </div>
   <div class='ocr_carea' id='block_1_89' title="bbox 2019 2590 3102 2658">
    <p class='ocr_par' dir='ltr' id='par_1_89' title="bbox 2019 2590 3102 2658">
     <span class='ocr_line' id='line_1_89' title="bbox 2019 2590 3102 2658; baseline 0.009 -15"><span class='ocrx_word' id='word_1_643' title='bbox 2019 2603 2116 2658; x_wconf 88' lang='lat' dir='ltr'><strong>pro</strong></span> <span class='ocrx_word' id='word_1_644' title='bbox 2143 2590 2455 2648; x_wconf 85' lang='lat' dir='ltr'><strong>liberatione</strong></span> <span class='ocrx_word' id='word_1_645' title='bbox 2477 2594 2674 2650; x_wconf 88' lang='lat' dir='ltr'><strong>carnali</strong></span> <span class='ocrx_word' id='word_1_646' title='bbox 2703 2595 3102 2653; x_wconf 82' lang='lat' dir='ltr'><strong>desiderabant.</strong></span> 
     </span>
    </p>
   </div>
   <div class='ocr_carea' id='block_1_90' title="bbox 2088 2679 3605 2748">
    <p class='ocr_par' dir='ltr' id='par_1_90' title="bbox 2088 2679 3605 2748">
     <span class='ocr_line' id='line_1_90' title="bbox 2088 2679 3605 2748; baseline 0.01 -15"><span class='ocrx_word' id='word_1_647' title='bbox 2088 2679 2312 2736; x_wconf 83' lang='lat' dir='ltr'><strong>CAPUT</strong></span> <span class='ocrx_word' id='word_1_648' title='bbox 2350 2681 2516 2738; x_wconf 84' lang='lat' dir='ltr'><strong>XXII.</strong></span> <span class='ocrx_word' id='word_1_649' title='bbox 2560 2715 2632 2724; x_wconf 96' lang='lat'><strong><em>—</em></strong></span> <span class='ocrx_word' id='word_1_650' title='bbox 2677 2685 2765 2741; x_wconf 78' lang='lat'><strong>39.</strong></span> <span class='ocrx_word' id='word_1_651' title='bbox 2813 2685 3018 2742; x_wconf 68' lang='lat' dir='ltr'><strong>£tates</strong></span> <span class='ocrx_word' id='word_1_652' title='bbox 3059 2689 3238 2744; x_wconf 87' lang='lat' dir='ltr'><strong>mundi</strong></span> <span class='ocrx_word' id='word_1_653' title='bbox 3291 2706 3400 2745; x_wconf 70' lang='lat' dir='ltr'><strong>sex.</strong></span> <span class='ocrx_word' id='word_1_654' title='bbox 3443 2691 3605 2748; x_wconf 67' lang='lat' dir='ltr'><strong>Sexta</strong></span> 
     </span>
    </p>
   </div>
   <div class='ocr_carea' id='block_1_91' title="bbox 2018 2773 3605 2838">
    <p class='ocr_par' dir='ltr' id='par_1_91' title="bbox 2018 2773 3605 2838">
     <span class='ocr_line' id='line_1_91' title="bbox 2018 2773 3605 2838; baseline 0.009 -15"><span class='ocrx_word' id='word_1_655' title='bbox 2018 2781 2138 2824; x_wconf 64' lang='lat' dir='ltr'><strong>aetas</strong></span> <span class='ocrx_word' id='word_1_656' title='bbox 2165 2788 2226 2826; x_wconf 78' lang='lat' dir='ltr'><strong>ex</strong></span> <span class='ocrx_word' id='word_1_657' title='bbox 2260 2773 2474 2828; x_wconf 83' lang='lat' dir='ltr'><strong>adventu</strong></span> <span class='ocrx_word' id='word_1_658' title='bbox 2501 2775 2708 2832; x_wconf 86' lang='lat' dir='ltr'><strong>Christi.</strong></span> <span class='ocrx_word' id='word_1_659' title='bbox 2740 2775 2969 2833; x_wconf 86' lang='lat' dir='ltr'><strong>Christus</strong></span> <span class='ocrx_word' id='word_1_660' title='bbox 2998 2777 3202 2838; x_wconf 79' lang='lat' dir='ltr'><strong>Novum</strong></span> <span class='ocrx_word' id='word_1_661' title='bbox 3228 2779 3605 2837; x_wconf 83' lang='lat' dir='ltr'><strong>Testamentum</strong></span> 
     </span>
    </p>
   </div>
   <div class='ocr_carea' id='block_1_92' title="bbox 2016 2863 3605 2943">
    <p class='ocr_par' dir='ltr' id='par_1_92' title="bbox 2016 2863 3605 2943">
     <span class='ocr_line' id='line_1_92' title="bbox 2016 2863 3605 2943; baseline 0.009 -28"><span class='ocrx_word' id='word_1_662' title='bbox 2016 2863 2331 2934; x_wconf 78' lang='lat' dir='ltr'><strong>sentpiterme</strong></span> <span class='ocrx_word' id='word_1_663' title='bbox 2355 2867 2663 2922; x_wconf 79' lang='lat' dir='ltr'><strong>htvreditatis</strong></span> <span class='ocrx_word' id='word_1_664' title='bbox 2689 2871 3039 2943; x_wconf 78' lang='lat' dir='ltr'><strong>manifestans,</strong></span> <span class='ocrx_word' id='word_1_665' title='bbox 3069 2882 3265 2927; x_wconf 86' lang='lat' dir='ltr'><strong>terrena</strong></span> <span class='ocrx_word' id='word_1_666' title='bbox 3288 2883 3605 2929; x_wconf 74' lang='lat' dir='ltr'><strong>contemnere</strong></span> 
     </span>
    </p>
   </div>
   <div class='ocr_carea' id='block_1_93' title="bbox 2016 2955 3605 3034">
    <p class='ocr_par' dir='ltr' id='par_1_93' title="bbox 2016 2955 3605 3034">
     <span class='ocr_line' id='line_1_93' title="bbox 2016 2955 3605 3034; baseline 0.009 -26"><span class='ocrx_word' id='word_1_667' title='bbox 2016 2955 2246 3026; x_wconf 72' lang='lat' dir='ltr'><strong>exemplo</strong></span> <span class='ocrx_word' id='word_1_668' title='bbox 2275 2957 2436 3012; x_wconf 87' lang='lat' dir='ltr'><strong>docet.</strong></span> <span class='ocrx_word' id='word_1_669' title='bbox 2477 2958 2731 3016; x_wconf 83' lang='lat' dir='ltr'><strong>Nativitas</strong></span> <span class='ocrx_word' id='word_1_670' title='bbox 2775 2963 2912 3034; x_wconf 91' lang='lat' dir='ltr'><strong>ejus,</strong></span> <span class='ocrx_word' id='word_1_671' title='bbox 2939 2964 3038 3018; x_wconf 82' lang='lat' dir='ltr'><strong>vita</strong></span> <span class='ocrx_word' id='word_1_672' title='bbox 3076 2973 3123 3018; x_wconf 87' lang='lat' dir='ltr'><strong>et</strong></span> <span class='ocrx_word' id='word_1_673' title='bbox 3163 2981 3320 3020; x_wconf 86' lang='lat' dir='ltr'><strong>mors.</strong></span> <span class='ocrx_word' id='word_1_674' title='bbox 3361 2965 3605 3022; x_wconf 85' lang='lat' dir='ltr'><strong>Peractis</strong></span> 
     </span>
    </p>
   </div>
   <div class='ocr_carea' id='block_1_94' title="bbox 2015 3048 3586 3126">
    <p class='ocr_par' dir='ltr' id='par_1_94' title="bbox 2015 3048 3586 3126">
     <span class='ocr_line' id='line_1_94' title="bbox 2015 3048 3586 3126; baseline 0.01 -27"><span class='ocrx_word' id='word_1_675' title='bbox 2015 3059 2142 3115; x_wconf 89' lang='lat' dir='ltr'><strong>ergo</strong></span> <span class='ocrx_word' id='word_1_676' title='bbox 2169 3048 2404 3117; x_wconf 89' lang='lat' dir='ltr'><strong>quinque</strong></span> <span class='ocrx_word' id='word_1_677' title='bbox 2428 3051 2672 3105; x_wconf 70' lang='lat' dir='ltr'><strong>aetatibus</strong></span> <span class='ocrx_word' id='word_1_678' title='bbox 2699 3053 2902 3120; x_wconf 67' lang='lat' dir='ltr'><strong>saeculi,</strong></span> <span class='ocrx_word' id='word_1_679' title='bbox 2939 3069 3163 3124; x_wconf 88' lang='lat' dir='ltr'><strong>quarum</strong></span> <span class='ocrx_word' id='word_1_680' title='bbox 3204 3056 3374 3126; x_wconf 90' lang='lat' dir='ltr'><strong>prima</strong></span> <span class='ocrx_word' id='word_1_681' title='bbox 3403 3067 3488 3113; x_wconf 89' lang='lat' dir='ltr'><strong>est</strong></span> <span class='ocrx_word' id='word_1_682' title='bbox 3514 3058 3586 3114; x_wconf 91' lang='lat' dir='ltr'><strong>ab</strong></span> 
     </span>
    </p>
   </div>
   <div class='ocr_carea' id='block_1_95' title="bbox 2016 3136 3597 3218">
    <p class='ocr_par' dir='ltr' id='par_1_95' title="bbox 2016 3136 3597 3218">
     <span class='ocr_line' id='line_1_95' title="bbox 2016 3136 3597 3218; baseline 0.008 -28"><span class='ocrx_word' id='word_1_683' title='bbox 2016 3136 2168 3192; x_wconf 91' lang='lat' dir='ltr'><strong>initio</strong></span> <span class='ocrx_word' id='word_1_684' title='bbox 2200 3139 2410 3208; x_wconf 89' lang='lat' dir='ltr'><strong>generis</strong></span> <span class='ocrx_word' id='word_1_685' title='bbox 2439 3140 2676 3208; x_wconf 90' lang='lat' dir='ltr'><strong>humani,</strong></span> <span class='ocrx_word' id='word_1_686' title='bbox 2709 3141 2764 3197; x_wconf 89' lang='lat' dir='ltr'><strong>id</strong></span> <span class='ocrx_word' id='word_1_687' title='bbox 2791 3153 2893 3210; x_wconf 90' lang='lat' dir='ltr'><strong>est,</strong></span> <span class='ocrx_word' id='word_1_688' title='bbox 2925 3144 2995 3198; x_wconf 90' lang='lat' dir='ltr'><strong>ab</strong></span> <span class='ocrx_word' id='word_1_689' title='bbox 3033 3145 3224 3211; x_wconf 80' lang='lat' dir='ltr'><strong>Adam,</strong></span> <span class='ocrx_word' id='word_1_690' title='bbox 3254 3147 3346 3217; x_wconf 90' lang='lat' dir='ltr'><strong>qui</strong></span> <span class='ocrx_word' id='word_1_691' title='bbox 3390 3148 3597 3218; x_wconf 90' lang='lat' dir='ltr'><strong>primus</strong></span> 
     </span>
    </p>
   </div>
   <div class='ocr_carea' id='block_1_96' title="bbox 2016 3227 3595 3306">
    <p class='ocr_par' dir='ltr' id='par_1_96' title="bbox 2016 3227 3595 3306">
     <span class='ocr_line' id='line_1_96' title="bbox 2016 3227 3595 3306; baseline 0.008 -25"><span class='ocrx_word' id='word_1_692' title='bbox 2016 3227 2176 3282; x_wconf 88' lang='lat' dir='ltr'><strong>homo</strong></span> <span class='ocrx_word' id='word_1_693' title='bbox 2197 3229 2362 3285; x_wconf 81' lang='lat' dir='ltr'><strong>tactus</strong></span> <span class='ocrx_word' id='word_1_694' title='bbox 2382 3240 2486 3298; x_wconf 91' lang='lat' dir='ltr'><strong>est,</strong></span> <span class='ocrx_word' id='word_1_695' title='bbox 2510 3246 2680 3303; x_wconf 89' lang='lat' dir='ltr'><strong>usque</strong></span> <span class='ocrx_word' id='word_1_696' title='bbox 2706 3233 2774 3287; x_wconf 87' lang='lat' dir='ltr'><strong>ad</strong></span> <span class='ocrx_word' id='word_1_697' title='bbox 2797 3233 2931 3301; x_wconf 87' lang='lat' dir='ltr'><strong>Noe,</strong></span> <span class='ocrx_word' id='word_1_698' title='bbox 2959 3234 3053 3306; x_wconf 89' lang='lat' dir='ltr'><strong>qui</strong></span> <span class='ocrx_word' id='word_1_699' title='bbox 3075 3233 3201 3291; x_wconf 80' lang='lat' dir='ltr'><strong>fecit</strong></span> <span class='ocrx_word' id='word_1_700' title='bbox 3226 3251 3406 3292; x_wconf 90' lang='lat' dir='ltr'><strong>arcam</strong></span> <span class='ocrx_word' id='word_1_701' title='bbox 3433 3237 3486 3295; x_wconf 88' lang='lat' dir='ltr'><strong>in</strong></span> <span class='ocrx_word' id='word_1_702' title='bbox 3511 3237 3595 3294; x_wconf 64' lang='lat' dir='ltr'><strong>dio</strong></span> 
     </span>
    </p>
   </div>
   <div class='ocr_carea' id='block_1_97' title="bbox 2014 3320 3595 3400">
    <p class='ocr_par' dir='ltr' id='par_1_97' title="bbox 2014 3320 3595 3400">
     <span class='ocr_line' id='line_1_97' title="bbox 2014 3320 3595 3400; baseline 0.008 -25"><span class='ocrx_word' id='word_1_703' title='bbox 2014 3320 2157 3376; x_wconf 90' lang='lat' dir='ltr'><strong>luvio</strong></span> <span class='ocrx_word' id='word_1_704' title='bbox 2181 3322 2333 3395; x_wconf 79' lang='lat' dir='ltr'><strong>(Gen.</strong></span> <span class='ocrx_word' id='word_1_705' title='bbox 2361 3327 2475 3396; x_wconf 74' lang='lat' dir='ltr'><strong>vn);</strong></span> <span class='ocrx_word' id='word_1_706' title='bbox 2504 3325 2628 3382; x_wconf 88' lang='lat' dir='ltr'><strong>inde</strong></span> <span class='ocrx_word' id='word_1_707' title='bbox 2651 3327 2884 3383; x_wconf 88' lang='lat' dir='ltr'><strong>secunda</strong></span> <span class='ocrx_word' id='word_1_708' title='bbox 2909 3336 2993 3384; x_wconf 84' lang='lat' dir='ltr'><strong>est.</strong></span> <span class='ocrx_word' id='word_1_709' title='bbox 3017 3343 3186 3400; x_wconf 85' lang='lat' dir='ltr'><strong>usque</strong></span> <span class='ocrx_word' id='word_1_710' title='bbox 3203 3329 3271 3388; x_wconf 87' lang='lat' dir='ltr'><strong>ad</strong></span> <span class='ocrx_word' id='word_1_711' title='bbox 3299 3329 3595 3399; x_wconf 76' lang='lat' dir='ltr'><strong>Abraham,</strong></span> 
     </span>
    </p>
   </div>
   <div class='ocr_carea' id='block_1_98' title="bbox 2015 3412 3638 3498">
    <p class='ocr_par' dir='ltr' id='par_1_98' title="bbox 2015 3412 3638 3498">
     <span class='ocr_line' id='line_1_98' title="bbox 2015 3412 3638 3498; baseline 0.01 -32"><span class='ocrx_word' id='word_1_712' title='bbox 2015 3412 2102 3484; x_wconf 87' lang='lat' dir='ltr'><strong>qui</strong></span> <span class='ocrx_word' id='word_1_713' title='bbox 2133 3422 2282 3485; x_wconf 84' lang='lat' dir='ltr'><strong>pater</strong></span> <span class='ocrx_word' id='word_1_714' title='bbox 2315 3414 2486 3477; x_wconf 85' lang='lat' dir='ltr'><strong>dictus</strong></span> <span class='ocrx_word' id='word_1_715' title='bbox 2514 3426 2598 3475; x_wconf 81' lang='lat' dir='ltr'><strong>est</strong></span> <span class='ocrx_word' id='word_1_716' title='bbox 2617 3418 2633 3449; x_wconf 86' lang='grc'>¹</span> <span class='ocrx_word' id='word_1_717' title='bbox 2680 3418 2915 3477; x_wconf 85' lang='lat' dir='ltr'><strong>omnium</strong></span> <span class='ocrx_word' id='word_1_718' title='bbox 2941 3421 3154 3492; x_wconf 87' lang='lat' dir='ltr'><strong>quidem</strong></span> <span class='ocrx_word' id='word_1_719' title='bbox 3192 3425 3430 3496; x_wconf 90' lang='lat' dir='ltr'><strong>gentium</strong></span> <span class='ocrx_word' id='word_1_720' title='bbox 3461 3425 3595 3498; x_wconf 83' lang='lat' dir='ltr'><strong>(Id.</strong></span> <span class='ocrx_word' id='word_1_721' title='bbox 3635 3413 3638 3416; x_wconf 48' lang='grc'><strong>’</strong></span> 
     </span>
    </p>
   </div>
   <div class='ocr_carea' id='block_1_99' title="bbox 2019 3507 3596 3583">
    <p class='ocr_par' dir='ltr' id='par_1_99' title="bbox 2019 3507 3596 3583">
     <span class='ocr_line' id='line_1_99' title="bbox 2019 3507 3596 3583; baseline 0.008 -24"><span class='ocrx_word' id='word_1_722' title='bbox 2019 3520 2149 3572; x_wconf 84' lang='lat' dir='ltr'><strong>xvn,</strong></span> <span class='ocrx_word' id='word_1_723' title='bbox 2181 3507 2258 3577; x_wconf 77' lang='grc'><strong>4),</strong></span> <span class='ocrx_word' id='word_1_724' title='bbox 2289 3523 2410 3579; x_wconf 75' lang='lat' dir='ltr'><strong>quae</strong></span> <span class='ocrx_word' id='word_1_725' title='bbox 2438 3507 2596 3564; x_wconf 89' lang='lat' dir='ltr'><strong>ﬁdem</strong></span> <span class='ocrx_word' id='word_1_726' title='bbox 2618 3511 2784 3581; x_wconf 90' lang='lat' dir='ltr'><strong>ipsius</strong></span> <span class='ocrx_word' id='word_1_727' title='bbox 2809 3512 3170 3583; x_wconf 88' lang='lat' dir='ltr'><strong>imitarentur;</strong></span> <span class='ocrx_word' id='word_1_728' title='bbox 3203 3515 3297 3570; x_wconf 89' lang='lat' dir='ltr'><strong>sed</strong></span> <span class='ocrx_word' id='word_1_729' title='bbox 3328 3524 3508 3571; x_wconf 89' lang='lat' dir='ltr'><strong>tamen</strong></span> <span class='ocrx_word' id='word_1_730' title='bbox 3528 3531 3596 3572; x_wconf 81' lang='lat' dir='ltr'><strong>ex</strong></span> 
     </span>
    </p>
   </div>
   <div class='ocr_carea' id='block_1_100' title="bbox 2015 3599 3597 3679">
    <p class='ocr_par' dir='ltr' id='par_1_100' title="bbox 2015 3599 3597 3679">
     <span class='ocr_line' id='line_1_100' title="bbox 2015 3599 3597 3679; baseline 0.008 -28"><span class='ocrx_word' id='word_1_731' title='bbox 2015 3599 2303 3668; x_wconf 88' lang='lat' dir='ltr'><strong>propagine</strong></span> <span class='ocrx_word' id='word_1_732' title='bbox 2331 3601 2507 3656; x_wconf 89' lang='lat' dir='ltr'><strong>carnis</strong></span> <span class='ocrx_word' id='word_1_733' title='bbox 2532 3618 2643 3658; x_wconf 76' lang='lat' dir='ltr'><strong>sua:</strong></span> <span class='ocrx_word' id='word_1_734' title='bbox 2663 3605 2684 3635; x_wconf 84' lang='lat'>&#39;</span> <span class='ocrx_word' id='word_1_735' title='bbox 2715 3602 2877 3660; x_wconf 87' lang='lat' dir='ltr'><strong>futuri</strong></span> <span class='ocrx_word' id='word_1_736' title='bbox 2905 3607 3095 3678; x_wconf 82' lang='lat' dir='ltr'><strong>populi</strong></span> <span class='ocrx_word' id='word_1_737' title='bbox 3124 3606 3428 3663; x_wconf 69' lang='lat' dir='ltr'><strong>Judzcorum</strong></span> <span class='ocrx_word' id='word_1_738' title='bbox 3460 3627 3476 3664; x_wconf 89' lang='lat'><strong>:</strong></span> <span class='ocrx_word' id='word_1_739' title='bbox 3507 3610 3597 3679; x_wconf 91' lang='lat' dir='ltr'><strong>qui</strong></span> 
     </span>
    </p>
   </div>
   <div class='ocr_carea' id='block_1_101' title="bbox 2015 3688 3598 3765">
    <p class='ocr_par' dir='ltr' id='par_1_101' title="bbox 2015 3688 3598 3765">
     <span class='ocr_line' id='line_1_101' title="bbox 2015 3688 3598 3765; baseline 0.009 -25"><span class='ocrx_word' id='word_1_740' title='bbox 2015 3695 2140 3742; x_wconf 82' lang='lat' dir='ltr'><strong>ante</strong></span> <span class='ocrx_word' id='word_1_741' title='bbox 2172 3688 2332 3744; x_wconf 88' lang='lat' dir='ltr'><strong>ﬁdem</strong></span> <span class='ocrx_word' id='word_1_742' title='bbox 2365 3691 2706 3748; x_wconf 75' lang='lat' dir='ltr'><strong>christianum</strong></span> <span class='ocrx_word' id='word_1_743' title='bbox 2741 3695 3010 3765; x_wconf 86' lang='lat' dir='ltr'><strong>gentium,</strong></span> <span class='ocrx_word' id='word_1_744' title='bbox 3044 3712 3181 3752; x_wconf 92' lang='lat' dir='ltr'><strong>unus</strong></span> <span class='ocrx_word' id='word_1_745' title='bbox 3225 3699 3363 3754; x_wconf 90' lang='lat' dir='ltr'><strong>inter</strong></span> <span class='ocrx_word' id='word_1_746' title='bbox 3409 3714 3598 3754; x_wconf 89' lang='lat' dir='ltr'><strong>omnes</strong></span> 
     </span>
    </p>
   </div>
   <div class='ocr_carea' id='block_1_102' title="bbox 2015 3779 3595 3856">
    <p class='ocr_par' dir='ltr' id='par_1_102' title="bbox 2015 3779 3595 3856">
     <span class='ocr_line' id='line_1_102' title="bbox 2015 3779 3595 3856; baseline 0.006 -23"><span class='ocrx_word' id='word_1_747' title='bbox 2015 3779 2249 3833; x_wconf 91' lang='lat' dir='ltr'><strong>omnium</strong></span> <span class='ocrx_word' id='word_1_748' title='bbox 2281 3791 2536 3837; x_wconf 78' lang='lat' dir='ltr'><strong>terrarum</strong></span> <span class='ocrx_word' id='word_1_749' title='bbox 2566 3784 2792 3852; x_wconf 88' lang='lat' dir='ltr'><strong>populus</strong></span> <span class='ocrx_word' id='word_1_750' title='bbox 2819 3801 2983 3840; x_wconf 89' lang='lat' dir='ltr'><strong>unmn</strong></span> <span class='ocrx_word' id='word_1_751' title='bbox 3009 3802 3194 3842; x_wconf 89' lang='lat' dir='ltr'><strong>verum</strong></span> <span class='ocrx_word' id='word_1_752' title='bbox 3223 3789 3386 3842; x_wconf 90' lang='lat' dir='ltr'><strong>Deum</strong></span> <span class='ocrx_word' id='word_1_753' title='bbox 3409 3789 3595 3856; x_wconf 90' lang='lat' dir='ltr'><strong>coluit,</strong></span> 
     </span>
    </p>
   </div>
   <div class='ocr_carea' id='block_1_103' title="bbox 2015 3873 3593 3939">
    <p class='ocr_par' dir='ltr' id='par_1_103' title="bbox 2015 3873 3593 3939">
     <span class='ocr_line' id='line_1_103' title="bbox 2015 3873 3593 3939; baseline 0.006 -15"><span class='ocrx_word' id='word_1_754' title='bbox 2015 3883 2082 3924; x_wconf 81' lang='lat' dir='ltr'><strong>ex</strong></span> <span class='ocrx_word' id='word_1_755' title='bbox 2119 3885 2224 3939; x_wconf 93' lang='lat' dir='ltr'><strong>quo</strong></span> <span class='ocrx_word' id='word_1_756' title='bbox 2249 3873 2447 3939; x_wconf 90' lang='lat' dir='ltr'><strong>populo</strong></span> <span class='ocrx_word' id='word_1_757' title='bbox 2485 3873 2719 3927; x_wconf 89' lang='lat' dir='ltr'><strong>salvator</strong></span> <span class='ocrx_word' id='word_1_758' title='bbox 2753 3873 3000 3930; x_wconf 90' lang='lat' dir='ltr'><strong>Christus</strong></span> <span class='ocrx_word' id='word_1_759' title='bbox 3039 3876 3332 3930; x_wconf 89' lang='lat' dir='ltr'><strong>secundum</strong></span> <span class='ocrx_word' id='word_1_760' title='bbox 3374 3892 3593 3933; x_wconf 88' lang='lat' dir='ltr'><strong>carnem</strong></span> 
     </span>
    </p>
   </div>
   <div class='ocr_carea' id='block_1_104' title="bbox 2016 3960 3592 4026">
    <p class='ocr_par' dir='ltr' id='par_1_104' title="bbox 2016 3960 3592 4026">
     <span class='ocr_line' id='line_1_104' title="bbox 2016 3960 3592 4026; baseline 0.008 -14"><span class='ocrx_word' id='word_1_761' title='bbox 2016 3960 2240 4014; x_wconf 88' lang='lat' dir='ltr'><strong>veniret.</strong></span> <span class='ocrx_word' id='word_1_762' title='bbox 2266 3960 2353 4014; x_wconf 90' lang='lat' dir='ltr'><strong>lsti</strong></span> <span class='ocrx_word' id='word_1_763' title='bbox 2385 3963 2526 4016; x_wconf 92' lang='lat' dir='ltr'><strong>enim</strong></span> <span class='ocrx_word' id='word_1_764' title='bbox 2553 3963 2760 4018; x_wconf 86' lang='lat' dir='ltr'><strong>articuli</strong></span> <span class='ocrx_word' id='word_1_765' title='bbox 2786 3963 3009 4020; x_wconf 89' lang='lat' dir='ltr'><strong>duarum</strong></span> <span class='ocrx_word' id='word_1_766' title='bbox 3033 3974 3248 4021; x_wconf 68' lang='lat' dir='ltr'><strong>mtatum</strong></span> <span class='ocrx_word' id='word_1_767' title='bbox 3278 3969 3517 4025; x_wconf 89' lang='lat' dir='ltr'><strong>eminent</strong></span> <span class='ocrx_word' id='word_1_768' title='bbox 3537 3971 3592 4026; x_wconf 89' lang='lat' dir='ltr'><strong>in</strong></span> 
     </span>
    </p>
   </div>
   <div class='ocr_carea' id='block_1_105' title="bbox 2014 4047 3595 4123">
    <p class='ocr_par' dir='ltr' id='par_1_105' title="bbox 2014 4047 3595 4123">
     <span class='ocr_line' id='line_1_105' title="bbox 2014 4047 3595 4123; baseline 0.008 -21"><span class='ocrx_word' id='word_1_769' title='bbox 2014 4048 2284 4104; x_wconf 86' lang='lat' dir='ltr'><strong>veteribus</strong></span> <span class='ocrx_word' id='word_1_770' title='bbox 2309 4047 2485 4106; x_wconf 87' lang='lat' dir='ltr'><strong>Libris</strong></span> <span class='ocrx_word' id='word_1_771' title='bbox 2517 4069 2529 4104; x_wconf 90' lang='lat'><strong>:</strong></span> <span class='ocrx_word' id='word_1_772' title='bbox 2563 4052 2887 4123; x_wconf 87' lang='lat' dir='ltr'><strong>reliquarum</strong></span> <span class='ocrx_word' id='word_1_773' title='bbox 2916 4064 3093 4112; x_wconf 91' lang='lat' dir='ltr'><strong>autem</strong></span> <span class='ocrx_word' id='word_1_774' title='bbox 3139 4057 3300 4112; x_wconf 90' lang='lat' dir='ltr'><strong>trium</strong></span> <span class='ocrx_word' id='word_1_775' title='bbox 3331 4058 3385 4113; x_wconf 86' lang='lat' dir='ltr'><strong>in</strong></span> <span class='ocrx_word' id='word_1_776' title='bbox 3414 4060 3595 4114; x_wconf 89' lang='lat' dir='ltr'><strong>Evan-</strong></span> 
     </span>
    </p>
   </div>
   <div class='ocr_carea' id='block_1_106' title="bbox 2012 4140 3597 4220">
    <p class='ocr_par' dir='ltr' id='par_1_106' title="bbox 2012 4140 3597 4220">
     <span class='ocr_line' id='line_1_106' title="bbox 2012 4140 3597 4220; baseline 0.008 -26"><span class='ocrx_word' id='word_1_777' title='bbox 2012 4140 2152 4211; x_wconf 89' lang='lat' dir='ltr'><strong>gelio</strong></span> <span class='ocrx_word' id='word_1_778' title='bbox 2177 4141 2337 4196; x_wconf 88' lang='lat' dir='ltr'><strong>etiam</strong></span> <span class='ocrx_word' id='word_1_779' title='bbox 2367 4141 2740 4211; x_wconf 89' lang='lat' dir='ltr'><strong>declarantur,</strong></span> <span class='ocrx_word' id='word_1_780' title='bbox 2771 4160 2894 4200; x_wconf 89' lang='lat' dir='ltr'><strong>cum</strong></span> <span class='ocrx_word' id='word_1_781' title='bbox 2929 4146 3161 4204; x_wconf 88' lang='lat' dir='ltr'><strong>carnalis</strong></span> <span class='ocrx_word' id='word_1_782' title='bbox 3203 4149 3352 4220; x_wconf 88' lang='lat' dir='ltr'><strong>origo</strong></span> <span class='ocrx_word' id='word_1_783' title='bbox 3380 4150 3597 4207; x_wconf 89' lang='lat' dir='ltr'><strong>Domini</strong></span> 
     </span>
    </p>
   </div>
   <div class='ocr_carea' id='block_1_107' title="bbox 2013 4231 3597 4315">
    <p class='ocr_par' dir='ltr' id='par_1_107' title="bbox 2013 4231 3597 4315">
     <span class='ocr_line' id='line_1_107' title="bbox 2013 4231 3597 4315; baseline 0.009 -25"><span class='ocrx_word' id='word_1_784' title='bbox 2013 4232 2142 4290; x_wconf 90' lang='lat' dir='ltr'><strong>Jesu</strong></span> <span class='ocrx_word' id='word_1_785' title='bbox 2167 4231 2363 4291; x_wconf 90' lang='lat' dir='ltr'><strong>Christi</strong></span> <span class='ocrx_word' id='word_1_786' title='bbox 2389 4245 2842 4295; x_wconf 90' lang='lat' dir='ltr'><strong>commemoratur</strong></span> <span class='ocrx_word' id='word_1_787' title='bbox 2862 4239 3078 4311; x_wconf 77' lang='lat' dir='ltr'><strong>(Matth.</strong></span> <span class='ocrx_word' id='word_1_788' title='bbox 3106 4257 3146 4309; x_wconf 90' lang='grc' dir='ltr'><strong>ι,</strong></span> <span class='ocrx_word' id='word_1_789' title='bbox 3179 4243 3292 4315; x_wconf 77' lang='grc'><strong>17).</strong></span> <span class='ocrx_word' id='word_1_790' title='bbox 3320 4243 3452 4300; x_wconf 87' lang='lat' dir='ltr'><strong>Nam</strong></span> <span class='ocrx_word' id='word_1_791' title='bbox 3481 4255 3597 4303; x_wconf 88' lang='lat' dir='ltr'><strong>ter-</strong></span> 
     </span>
    </p>
   </div>
   <div class='ocr_carea' id='block_1_108' title="bbox 2015 4324 3593 4406">
    <p class='ocr_par' dir='ltr' id='par_1_108' title="bbox 2015 4324 3593 4406">
     <span class='ocr_line' id='line_1_108' title="bbox 2015 4324 3593 4406; baseline 0.01 -28"><span class='ocrx_word' id='word_1_792' title='bbox 2015 4324 2084 4379; x_wconf 89' lang='lat' dir='ltr'><strong>tia</strong></span> <span class='ocrx_word' id='word_1_793' title='bbox 2110 4333 2195 4380; x_wconf 87' lang='lat' dir='ltr'><strong>est</strong></span> <span class='ocrx_word' id='word_1_794' title='bbox 2218 4325 2286 4381; x_wconf 90' lang='lat' dir='ltr'><strong>ab</strong></span> <span class='ocrx_word' id='word_1_795' title='bbox 2313 4325 2584 4383; x_wconf 83' lang='lat' dir='ltr'><strong>Abraham</strong></span> <span class='ocrx_word' id='word_1_796' title='bbox 2609 4343 2780 4400; x_wconf 90' lang='lat' dir='ltr'><strong>usque</strong></span> <span class='ocrx_word' id='word_1_797' title='bbox 2809 4330 2876 4386; x_wconf 89' lang='lat' dir='ltr'><strong>ad</strong></span> <span class='ocrx_word' id='word_1_798' title='bbox 2905 4332 3068 4388; x_wconf 89' lang='lat' dir='ltr'><strong>David</strong></span> <span class='ocrx_word' id='word_1_799' title='bbox 3098 4348 3278 4404; x_wconf 91' lang='lat' dir='ltr'><strong>regem</strong></span> <span class='ocrx_word' id='word_1_800' title='bbox 3305 4353 3318 4388; x_wconf 88' lang='lat'><strong>:</strong></span> <span class='ocrx_word' id='word_1_801' title='bbox 3350 4348 3537 4406; x_wconf 89' lang='lat' dir='ltr'><strong>quarta</strong></span> <span class='ocrx_word' id='word_1_802' title='bbox 3562 4354 3593 4393; x_wconf 89' lang='lat' dir='ltr'><strong>a</strong></span> 
     </span>
    </p>
   </div>
   <div class='ocr_carea' id='block_1_109' title="bbox 2014 4413 3593 4494">
    <p class='ocr_par' dir='ltr' id='par_1_109' title="bbox 2014 4413 3593 4494">
     <span class='ocr_line' id='line_1_109' title="bbox 2014 4413 3593 4494; baseline 0.009 -26"><span class='ocrx_word' id='word_1_803' title='bbox 2014 4413 2181 4470; x_wconf 89' lang='lat' dir='ltr'><strong>David</strong></span> <span class='ocrx_word' id='word_1_804' title='bbox 2207 4430 2376 4487; x_wconf 89' lang='lat' dir='ltr'><strong>usque</strong></span> <span class='ocrx_word' id='word_1_805' title='bbox 2396 4416 2464 4472; x_wconf 89' lang='lat' dir='ltr'><strong>ad</strong></span> <span class='ocrx_word' id='word_1_806' title='bbox 2487 4417 2632 4473; x_wconf 90' lang='lat' dir='ltr'><strong>illam</strong></span> <span class='ocrx_word' id='word_1_807' title='bbox 2656 4419 3016 4488; x_wconf 88' lang='lat' dir='ltr'><strong>captivitatem</strong></span> <span class='ocrx_word' id='word_1_808' title='bbox 3041 4437 3144 4492; x_wconf 91' lang='lat' dir='ltr'><strong>qua</strong></span> <span class='ocrx_word' id='word_1_809' title='bbox 3174 4425 3398 4494; x_wconf 88' lang='lat' dir='ltr'><strong>p0pulus</strong></span> <span class='ocrx_word' id='word_1_810' title='bbox 3421 4427 3511 4482; x_wconf 91' lang='lat' dir='ltr'><strong>Dei</strong></span> <span class='ocrx_word' id='word_1_811' title='bbox 3541 4429 3593 4483; x_wconf 92' lang='lat' dir='ltr'><strong>in</strong></span> 
     </span>
    </p>
   </div>
   <div class='ocr_carea' id='block_1_110' title="bbox 2015 4506 3565 4588">
    <p class='ocr_par' dir='ltr' id='par_1_110' title="bbox 2015 4506 3565 4588">
     <span class='ocr_line' id='line_1_110' title="bbox 2015 4506 3565 4588; baseline 0.007 -27"><span class='ocrx_word' id='word_1_812' title='bbox 2015 4506 2359 4578; x_wconf 83' lang='lat' dir='ltr'><strong>Babyloniam</strong></span> <span class='ocrx_word' id='word_1_813' title='bbox 2381 4511 2776 4581; x_wconf 88' lang='lat' dir='ltr'><strong>transmigravit</strong></span> <span class='ocrx_word' id='word_1_814' title='bbox 2807 4529 2821 4565; x_wconf 92' lang='lat'><strong>:</strong></span> <span class='ocrx_word' id='word_1_815' title='bbox 2843 4514 3026 4582; x_wconf 87' lang='lat' dir='ltr'><strong>quinta</strong></span> <span class='ocrx_word' id='word_1_816' title='bbox 3047 4514 3114 4568; x_wconf 92' lang='lat' dir='ltr'><strong>ab</strong></span> <span class='ocrx_word' id='word_1_817' title='bbox 3136 4515 3222 4569; x_wconf 88' lang='lat' dir='ltr'><strong>illa</strong></span> <span class='ocrx_word' id='word_1_818' title='bbox 3252 4519 3565 4588; x_wconf 84' lang='lat' dir='ltr'><strong>transmigra</strong></span> 
     </span>
    </p>
   </div>
   <div class='ocr_carea' id='block_1_111' title="bbox 2016 4597 3592 4673">
    <p class='ocr_par' dir='ltr' id='par_1_111' title="bbox 2016 4597 3592 4673">
     <span class='ocr_line' id='line_1_111' title="bbox 2016 4597 3592 4673; baseline 0.007 -22"><span class='ocrx_word' id='word_1_819' title='bbox 2016 4597 2160 4652; x_wconf 88' lang='lat' dir='ltr'><strong>tione</strong></span> <span class='ocrx_word' id='word_1_820' title='bbox 2185 4611 2351 4668; x_wconf 91' lang='lat' dir='ltr'><strong>usque</strong></span> <span class='ocrx_word' id='word_1_821' title='bbox 2375 4598 2444 4653; x_wconf 89' lang='lat' dir='ltr'><strong>ad</strong></span> <span class='ocrx_word' id='word_1_822' title='bbox 2468 4597 2754 4654; x_wconf 87' lang='lat' dir='ltr'><strong>adventum</strong></span> <span class='ocrx_word' id='word_1_823' title='bbox 2783 4599 2994 4655; x_wconf 91' lang='lat' dir='ltr'><strong>Domini</strong></span> <span class='ocrx_word' id='word_1_824' title='bbox 3019 4603 3188 4656; x_wconf 91' lang='lat' dir='ltr'><strong>nostri</strong></span> <span class='ocrx_word' id='word_1_825' title='bbox 3208 4603 3334 4659; x_wconf 90' lang='lat' dir='ltr'><strong>Jesu</strong></span> <span class='ocrx_word' id='word_1_826' title='bbox 3359 4607 3555 4662; x_wconf 89' lang='lat' dir='ltr'><strong>Christi</strong></span> <span class='ocrx_word' id='word_1_827' title='bbox 3579 4629 3592 4673; x_wconf 90' lang='lat'><strong>;</strong></span> 
     </span>
    </p>
   </div>
   <div class='ocr_carea' id='block_1_112' title="bbox 2014 4685 3589 4763">
    <p class='ocr_par' dir='ltr' id='par_1_112' title="bbox 2014 4685 3589 4763">
     <span class='ocr_line' id='line_1_112' title="bbox 2014 4685 3589 4763; baseline 0.006 -22"><span class='ocrx_word' id='word_1_828' title='bbox 2014 4701 2080 4742; x_wconf 74' lang='lat' dir='ltr'><strong>ex</strong></span> <span class='ocrx_word' id='word_1_829' title='bbox 2101 4685 2252 4756; x_wconf 89' lang='lat' dir='ltr'><strong>cujus</strong></span> <span class='ocrx_word' id='word_1_830' title='bbox 2282 4686 2514 4742; x_wconf 90' lang='lat' dir='ltr'><strong>adventu</strong></span> <span class='ocrx_word' id='word_1_831' title='bbox 2539 4699 2690 4744; x_wconf 81' lang='lat' dir='ltr'><strong>sexta</strong></span> <span class='ocrx_word' id='word_1_832' title='bbox 2719 4696 2852 4744; x_wconf 70' lang='lat' dir='ltr'><strong>aetas</strong></span> <span class='ocrx_word' id='word_1_833' title='bbox 2877 4690 3054 4759; x_wconf 90' lang='lat' dir='ltr'><strong>agitur</strong></span> <span class='ocrx_word' id='word_1_834' title='bbox 3083 4708 3097 4744; x_wconf 90' lang='lat'><strong>:</strong></span> <span class='ocrx_word' id='word_1_835' title='bbox 3125 4699 3183 4745; x_wconf 93' lang='lat' dir='ltr'><strong>ut</strong></span> <span class='ocrx_word' id='word_1_836' title='bbox 3205 4691 3314 4760; x_wconf 86' lang='lat' dir='ltr'><strong>jam</strong></span> <span class='ocrx_word' id='word_1_837' title='bbox 3346 4697 3589 4763; x_wconf 82' lang='lat' dir='ltr'><strong>spiritua-</strong></span> 
     </span>
    </p>
   </div>
   <div class='ocr_carea' id='block_1_113' title="bbox 2013 4777 3590 4854">
    <p class='ocr_par' dir='ltr' id='par_1_113' title="bbox 2013 4777 3590 4854">
     <span class='ocr_line' id='line_1_113' title="bbox 2013 4777 3590 4854; baseline 0.006 -22"><span class='ocrx_word' id='word_1_838' title='bbox 2013 4777 2078 4832; x_wconf 88' lang='lat' dir='ltr'><strong>lis</strong></span> <span class='ocrx_word' id='word_1_839' title='bbox 2101 4777 2291 4847; x_wconf 86' lang='lat' dir='ltr'><strong>gratia,</strong></span> <span class='ocrx_word' id='word_1_840' title='bbox 2319 4792 2438 4847; x_wconf 68' lang='lat' dir='ltr'><strong>qua:</strong></span> <span class='ocrx_word' id='word_1_841' title='bbox 2465 4778 2648 4848; x_wconf 89' lang='lat' dir='ltr'><strong>paucis</strong></span> <span class='ocrx_word' id='word_1_842' title='bbox 2689 4787 2816 4835; x_wconf 91' lang='lat' dir='ltr'><strong>tunc</strong></span> <span class='ocrx_word' id='word_1_843' title='bbox 2855 4780 3178 4836; x_wconf 87' lang='lat' dir='ltr'><strong>Patriarchis</strong></span> <span class='ocrx_word' id='word_1_844' title='bbox 3212 4791 3267 4836; x_wconf 91' lang='lat' dir='ltr'><strong>et</strong></span> <span class='ocrx_word' id='word_1_845' title='bbox 3308 4783 3590 4854; x_wconf 80' lang='lat' dir='ltr'><strong>PrOphetis</strong></span> 
     </span>
    </p>
   </div>
   <div class='ocr_carea' id='block_1_114' title="bbox 2012 4868 3589 4946">
    <p class='ocr_par' dir='ltr' id='par_1_114' title="bbox 2012 4868 3589 4946">
     <span class='ocr_line' id='line_1_114' title="bbox 2012 4868 3589 4946; baseline 0.004 -22"><span class='ocrx_word' id='word_1_846' title='bbox 2012 4877 2138 4925; x_wconf 90' lang='lat' dir='ltr'><strong>nota</strong></span> <span class='ocrx_word' id='word_1_847' title='bbox 2163 4877 2296 4933; x_wconf 89' lang='lat' dir='ltr'><strong>erat,</strong></span> <span class='ocrx_word' id='word_1_848' title='bbox 2315 4868 2744 4928; x_wconf 77' lang='lat' dir='ltr'><strong>manifestaretur</strong></span> <span class='ocrx_word' id='word_1_849' title='bbox 2757 4872 3006 4929; x_wconf 89' lang='lat' dir='ltr'><strong>omnibus</strong></span> <span class='ocrx_word' id='word_1_850' title='bbox 3025 4873 3270 4944; x_wconf 88' lang='lat' dir='ltr'><strong>gentibus</strong></span> <span class='ocrx_word' id='word_1_851' title='bbox 3300 4894 3312 4930; x_wconf 94' lang='lat'>:</span> <span class='ocrx_word' id='word_1_852' title='bbox 3347 4892 3413 4932; x_wconf 90' lang='lat' dir='ltr'><strong>ne</strong></span> <span class='ocrx_word' id='word_1_853' title='bbox 3442 4893 3589 4946; x_wconf 68' lang='lat' dir='ltr'><strong>quis—</strong></span> 
     </span>
    </p>
   </div>
   <div class='ocr_carea' id='block_1_115' title="bbox 2013 4965 3593 5040">
    <p class='ocr_par' dir='ltr' id='par_1_115' title="bbox 2013 4965 3593 5040">
     <span class='ocr_line' id='line_1_115' title="bbox 2013 4965 3593 5040; baseline 0.001 -18"><span class='ocrx_word' id='word_1_854' title='bbox 2013 4980 2173 5037; x_wconf 90' lang='lat' dir='ltr'><strong>quam</strong></span> <span class='ocrx_word' id='word_1_855' title='bbox 2194 4965 2363 5022; x_wconf 89' lang='lat' dir='ltr'><strong>Deum</strong></span> <span class='ocrx_word' id='word_1_856' title='bbox 2413 4965 2516 5021; x_wconf 92' lang='lat' dir='ltr'><strong>nisi</strong></span> <span class='ocrx_word' id='word_1_857' title='bbox 2539 4967 2708 5038; x_wconf 88' lang='lat' dir='ltr'><strong>gratis</strong></span> <span class='ocrx_word' id='word_1_858' title='bbox 2729 4968 2951 5035; x_wconf 89' lang='lat' dir='ltr'><strong>coleret,</strong></span> <span class='ocrx_word' id='word_1_859' title='bbox 2981 4985 3088 5023; x_wconf 94' lang='lat' dir='ltr'><strong>non</strong></span> <span class='ocrx_word' id='word_1_860' title='bbox 3118 4968 3343 5023; x_wconf 89' lang='lat' dir='ltr'><strong>visibilia</strong></span> <span class='ocrx_word' id='word_1_861' title='bbox 3376 4972 3593 5040; x_wconf 64' lang='lat' dir='ltr'><strong>praemia</strong></span> 
     </span>
    </p>
   </div>
   <div class='ocr_carea' id='block_1_116' title="bbox 2012 5056 3588 5128">
    <p class='ocr_par' dir='ltr' id='par_1_116' title="bbox 2012 5056 3588 5128">
     <span class='ocr_line' id='line_1_116' title="bbox 2012 5056 3588 5128; baseline -0.001 -14"><span class='ocrx_word' id='word_1_862' title='bbox 2012 5056 2284 5114; x_wconf 87' lang='lat' dir='ltr'><strong>servitutis</strong></span> <span class='ocrx_word' id='word_1_863' title='bbox 2301 5070 2412 5111; x_wconf 74' lang='lat' dir='ltr'><strong>sua:</strong></span> <span class='ocrx_word' id='word_1_864' title='bbox 2430 5065 2484 5113; x_wconf 89' lang='lat' dir='ltr'><strong>et</strong></span> <span class='ocrx_word' id='word_1_865' title='bbox 2505 5057 2784 5128; x_wconf 65' lang='lat' dir='ltr'><strong>prmsentis</strong></span> <span class='ocrx_word' id='word_1_866' title='bbox 2803 5057 2928 5113; x_wconf 87' lang='lat' dir='ltr'><strong>vitae</strong></span> <span class='ocrx_word' id='word_1_867' title='bbox 2953 5057 3279 5126; x_wconf 71' lang='lat' dir='ltr'><strong>felicitatem,</strong></span> <span class='ocrx_word' id='word_1_868' title='bbox 3305 5061 3400 5116; x_wconf 88' lang='lat' dir='ltr'><strong>sed</strong></span> <span class='ocrx_word' id='word_1_869' title='bbox 3421 5062 3588 5116; x_wconf 79' lang='lat' dir='ltr'><strong>solam</strong></span> 
     </span>
    </p>
   </div>
   <div class='ocr_carea' id='block_1_117' title="bbox 2013 5143 3592 5218">
    <p class='ocr_par' dir='ltr' id='par_1_117' title="bbox 2013 5143 3592 5218">
     <span class='ocr_line' id='line_1_117' title="bbox 2013 5143 3592 5218; baseline -0.003 -14"><span class='ocrx_word' id='word_1_870' title='bbox 2013 5149 2174 5204; x_wconf 87' lang='lat' dir='ltr'><strong>vitam</strong></span> <span class='ocrx_word' id='word_1_871' title='bbox 2202 5156 2489 5213; x_wconf 80' lang='lat' dir='ltr'><strong>aeternam,</strong></span> <span class='ocrx_word' id='word_1_872' title='bbox 2534 5150 2590 5202; x_wconf 91' lang='lat' dir='ltr'><strong>in</strong></span> <span class='ocrx_word' id='word_1_873' title='bbox 2631 5162 2733 5218; x_wconf 90' lang='lat' dir='ltr'><strong>qua</strong></span> <span class='ocrx_word' id='word_1_874' title='bbox 2778 5147 2897 5218; x_wconf 91' lang='lat' dir='ltr'><strong>ipso</strong></span> <span class='ocrx_word' id='word_1_875' title='bbox 2928 5148 3037 5204; x_wconf 92' lang='lat' dir='ltr'><strong>Deo</strong></span> <span class='ocrx_word' id='word_1_876' title='bbox 3077 5143 3374 5216; x_wconf 83' lang='lat' dir='ltr'><strong>frueretur,</strong></span> <span class='ocrx_word' id='word_1_877' title='bbox 3405 5152 3472 5207; x_wconf 90' lang='lat' dir='ltr'><strong>ab</strong></span> <span class='ocrx_word' id='word_1_878' title='bbox 3502 5152 3592 5205; x_wconf 73' lang='lat' dir='ltr'><strong>illo</strong></span> 
     </span>
    </p>
   </div>
   <div class='ocr_carea' id='block_1_118' title="bbox 2012 5238 3586 5304">
    <p class='ocr_par' dir='ltr' id='par_1_118' title="bbox 2012 5238 3586 5304">
     <span class='ocr_line' id='line_1_118' title="bbox 2012 5238 3586 5304; baseline -0.002 -9"><span class='ocrx_word' id='word_1_879' title='bbox 2012 5239 2358 5304; x_wconf 89' lang='lat' dir='ltr'><strong>desiderans;</strong></span> <span class='ocrx_word' id='word_1_880' title='bbox 2404 5249 2464 5295; x_wconf 89' lang='lat' dir='ltr'><strong>ut</strong></span> <span class='ocrx_word' id='word_1_881' title='bbox 2489 5238 2590 5295; x_wconf 88' lang='lat' dir='ltr'><strong>hac</strong></span> <span class='ocrx_word' id='word_1_882' title='bbox 2613 5248 2761 5294; x_wconf 79' lang='lat' dir='ltr'><strong>sexta</strong></span> <span class='ocrx_word' id='word_1_883' title='bbox 2795 5247 2951 5294; x_wconf 76' lang='lat' dir='ltr'><strong>aetate</strong></span> <span class='ocrx_word' id='word_1_884' title='bbox 2979 5254 3130 5295; x_wconf 89' lang='lat' dir='ltr'><strong>mens</strong></span> <span class='ocrx_word' id='word_1_885' title='bbox 3173 5239 3402 5295; x_wconf 86' lang='lat' dir='ltr'><strong>humana</strong></span> <span class='ocrx_word' id='word_1_886' title='bbox 3431 5257 3586 5294; x_wconf 66' lang='grc' dir='ltr'>ιιοηυο</span> 
     </span>
    </p>
   </div>
   <div class='ocr_carea' id='block_1_119' title="bbox 2011 5328 3593 5399">
    <p class='ocr_par' dir='ltr' id='par_1_119' title="bbox 2011 5328 3593 5399">
     <span class='ocr_line' id='line_1_119' title="bbox 2011 5328 3593 5399; baseline -0.001 -14"><span class='ocrx_word' id='word_1_887' title='bbox 2011 5337 2166 5386; x_wconf 89' lang='lat' dir='ltr'><strong>vetur</strong></span> <span class='ocrx_word' id='word_1_888' title='bbox 2191 5328 2258 5385; x_wconf 90' lang='lat' dir='ltr'><strong>ad</strong></span> <span class='ocrx_word' id='word_1_889' title='bbox 2287 5328 2569 5399; x_wconf 90' lang='lat' dir='ltr'><strong>imaginem</strong></span> <span class='ocrx_word' id='word_1_890' title='bbox 2604 5328 2737 5393; x_wconf 92' lang='lat' dir='ltr'><strong>Dei,</strong></span> <span class='ocrx_word' id='word_1_891' title='bbox 2770 5328 2909 5384; x_wconf 91' lang='lat' dir='ltr'><strong>sicut</strong></span> <span class='ocrx_word' id='word_1_892' title='bbox 2936 5337 3084 5387; x_wconf 81' lang='lat' dir='ltr'><strong>sexta</strong></span> <span class='ocrx_word' id='word_1_893' title='bbox 3115 5330 3205 5386; x_wconf 89' lang='lat' dir='ltr'><strong>die</strong></span> <span class='ocrx_word' id='word_1_894' title='bbox 3235 5332 3393 5385; x_wconf 91' lang='lat' dir='ltr'><strong>homo</strong></span> <span class='ocrx_word' id='word_1_895' title='bbox 3421 5329 3593 5385; x_wconf 79' lang='lat' dir='ltr'><strong>factus</strong></span> 
     </span>
    </p>
   </div>
   <div class='ocr_carea' id='block_1_120' title="bbox 2012 5418 3593 5494">
    <p class='ocr_par' dir='ltr' id='par_1_120' title="bbox 2012 5418 3593 5494">
     <span class='ocr_line' id='line_1_120' title="bbox 2012 5418 3593 5494; baseline -0.003 -16"><span class='ocrx_word' id='word_1_896' title='bbox 2012 5429 2096 5478; x_wconf 88' lang='lat' dir='ltr'><strong>est</strong></span> <span class='ocrx_word' id='word_1_897' title='bbox 2121 5421 2189 5477; x_wconf 87' lang='lat' dir='ltr'><strong>ad</strong></span> <span class='ocrx_word' id='word_1_898' title='bbox 2216 5420 2496 5492; x_wconf 89' lang='lat' dir='ltr'><strong>imaginem</strong></span> <span class='ocrx_word' id='word_1_899' title='bbox 2526 5420 2620 5477; x_wconf 89' lang='lat' dir='ltr'><strong>Dei</strong></span> <span class='ocrx_word' id='word_1_900' title='bbox 2650 5418 2820 5493; x_wconf 81' lang='lat' dir='ltr'><strong>(Gen.</strong></span> <span class='ocrx_word' id='word_1_901' title='bbox 2851 5437 2889 5486; x_wconf 89' lang='grc' dir='ltr'><strong>ι,</strong></span> <span class='ocrx_word' id='word_1_902' title='bbox 2915 5421 2986 5476; x_wconf 69' lang='grc'><strong>27</strong></span> <span class='ocrx_word' id='word_1_903' title='bbox 3005 5421 3048 5494; x_wconf 93' lang='grc'><strong>).</strong></span> <span class='ocrx_word' id='word_1_904' title='bbox 3075 5420 3224 5476; x_wconf 90' lang='lat' dir='ltr'><strong>Tunc</strong></span> <span class='ocrx_word' id='word_1_905' title='bbox 3249 5421 3390 5475; x_wconf 90' lang='lat' dir='ltr'><strong>enim</strong></span> <span class='ocrx_word' id='word_1_906' title='bbox 3421 5428 3476 5475; x_wconf 91' lang='lat' dir='ltr'><strong>et</strong></span> <span class='ocrx_word' id='word_1_907' title='bbox 3505 5419 3593 5475; x_wconf 79' lang='lat' dir='ltr'><strong>lex</strong></span> 
     </span>
    </p>
   </div>
   <div class='ocr_carea' id='block_1_121' title="bbox 2013 5511 3602 5587">
    <p class='ocr_par' dir='ltr' id='par_1_121' title="bbox 2013 5511 3602 5587">
     <span class='ocr_line' id='line_1_121' title="bbox 2013 5511 3602 5587; baseline -0.008 -13"><span class='ocrx_word' id='word_1_908' title='bbox 2013 5514 2286 5587; x_wconf 88' lang='lat' dir='ltr'><strong>impletur,</strong></span> <span class='ocrx_word' id='word_1_909' title='bbox 2322 5511 2447 5568; x_wconf 91' lang='lat' dir='ltr'><strong>dum</strong></span> <span class='ocrx_word' id='word_1_910' title='bbox 2487 5527 2592 5568; x_wconf 88' lang='lat' dir='ltr'><strong>non</strong></span> <span class='ocrx_word' id='word_1_911' title='bbox 2635 5511 2925 5583; x_wconf 89' lang='lat' dir='ltr'><strong>cupiditate</strong></span> <span class='ocrx_word' id='word_1_912' title='bbox 2965 5527 3148 5569; x_wconf 90' lang='lat' dir='ltr'><strong>rerum</strong></span> <span class='ocrx_word' id='word_1_913' title='bbox 3195 5511 3602 5582; x_wconf 76' lang='lat' dir='ltr'><strong>temporalium,</strong></span> 
     </span>
    </p>
   </div>
   <div class='ocr_carea' id='block_1_122' title="bbox 2093 5650 2564 5713">
    <p class='ocr_par' dir='ltr' id='par_1_122' title="bbox 2093 5650 2564 5713">
     <span class='ocr_line' id='line_1_122' title="bbox 2093 5650 2564 5713; baseline -0.006 -8"><span class='ocrx_word' id='word_1_914' title='bbox 2093 5655 2118 5689; x_wconf 70' lang='grc'><em>³</em></span> <span class='ocrx_word' id='word_1_915' title='bbox 2131 5662 2261 5713; x_wconf 70' lang='lat' dir='ltr'><strong>Mss,</strong></span> <span class='ocrx_word' id='word_1_916' title='bbox 2283 5650 2458 5703; x_wconf 80' lang='lat' dir='ltr'><strong>electus</strong></span> <span class='ocrx_word' id='word_1_917' title='bbox 2478 5655 2564 5713; x_wconf 76' lang='lat' dir='ltr'><strong>est,</strong></span> 
     </span>
    </p>
   </div>
   <div class='ocr_carea' id='block_1_123' title="bbox 2093 5709 3605 5826">
    <p class='ocr_par' dir='ltr' id='par_1_123' title="bbox 2093 5709 3605 5826">
     <span class='ocr_line' id='line_1_123' title="bbox 2093 5709 3605 5826; baseline -0.004 -58"><span class='ocrx_word' id='word_1_918' title='bbox 2093 5709 2260 5779; x_wconf 58' lang='lat' dir='ltr'><strong>uisa,</strong></span> <span class='ocrx_word' id='word_1_919' title='bbox 2281 5727 2347 5775; x_wconf 64' lang='lat' dir='ltr'><strong>ea</strong></span> <span class='ocrx_word' id='word_1_920' title='bbox 2365 5709 2590 5780; x_wconf 73' lang='lat' dir='ltr'><strong>progenie</strong></span> <span class='ocrx_word' id='word_1_921' title='bbox 2611 5710 2774 5764; x_wconf 68' lang='lat' dir='ltr'><strong>canus</strong></span> <span class='ocrx_word' id='word_1_922' title='bbox 2793 5722 2911 5762; x_wconf 67' lang='lat' dir='ltr'><strong>sua.</strong></span> <span class='ocrx_word' id='word_1_923' title='bbox 3571 5787 3605 5826; x_wconf 47' lang='grc' dir='ltr'><strong><em>Δ</em></strong></span> 
     </span>
    </p>
   </div>
  </div>
