4124 6206
444 324 549 385 339

447 441 541 500 sed
584 440 839 497 charitate
878 438 1017 495 illius
1059 436 1147 509 qui
1190 436 1474 508 praecepit,
1507 434 1642 491 ﬁunt
1676 449 2027 505 quaecumque

447 532 720 606 prrecepit.
749 532 877 600 Quis
915 541 1091 586 autem
1126 544 1231 585 non
1260 528 1539 584 redamare
1564 524 1776 583 aﬂ‘ectct
1798 524 2031 597 justissi-

449 642 595 682 mum
624 635 677 681 et
704 623 1257 681 misericordissimum
1280 622 1467 690 Deum,
1491 620 1580 693 qui
1607 620 1754 691 prior
1780 619 1860 675 sic
1886 632 2032 674 ama-

448 718 523 774 vit
563 716 936 786 injustissimos
977 723 1031 769 et
1069 714 1476 784 superbissimos
1519 712 1794 779 homines,
1821 719 1880 765 ut
1908 724 2033 782 pro-

450 818 569 877 pter
614 822 707 861 eos
758 808 992 861 mitteret
1034 806 1249 861 unicum
1294 804 1509 872 Filium,
1556 820 1650 877 per
1698 819 1856 877 quem
1908 802 2034 861 fecit

449 897 666 963 omnia;
701 897 791 968 qui
831 912 935 952 non
976 897 1058 953 sui
1097 895 1410 962 mutatione,
1438 895 1532 952 sed
1561 895 1791 950 hominis
1820 909 2031 951 assum-

447 994 629 1061 ptione
670 991 830 1046 homo
862 992 1048 1059 iactus,
1089 1006 1195 1046 non
1234 990 1405 1047 solum
1436 1005 1558 1045 cum
1595 990 1671 1046 eis
1706 989 1907 1057 vivere,
1938 985 2034 1044 sed

447 1085 607 1141 etiam
637 1098 734 1155 pro
760 1083 836 1138 eis
865 1091 919 1139 et
942 1082 1009 1138 ab
1032 1083 1107 1138 eis
1129 1090 1309 1154 posset
1337 1081 1540 1138 occidi?

518 1177 604 1233 40.
640 1176 820 1247 Itaque
851 1191 1049 1235 novum
1074 1184 1451 1232 testamentum
1479 1174 1806 1231 hmreditatis
1833 1173 2034 1245 sempi-

447 1275 617 1325 ternae
659 1268 1006 1324 manifestans
1026 1310 1039 1333 ,
1070 1268 1122 1323 in
1151 1284 1257 1339 quo
1283 1277 1567 1326 renovatus
1598 1266 1758 1323 homo
1787 1282 1884 1339 per
1910 1280 2035 1337 gra-

447 1359 576 1415 tiam
606 1360 697 1415 Dei
726 1368 906 1432 ageret
927 1375 1117 1415 novam
1143 1360 1325 1426 vitam,
1359 1359 1461 1416 hoc
1488 1367 1567 1415 est
1595 1360 1754 1416 vitam
1783 1356 2036 1428 spiritua-

449 1449 602 1518 lem;
644 1460 701 1506 ut
748 1459 900 1507 vetus
941 1451 1249 1508 ostenderet
1290 1451 1555 1521 primum,
1601 1452 1653 1506 in
1679 1465 1785 1523 quo
1809 1450 2038 1507 carnalis

449 1545 674 1615 populus
705 1560 865 1615 agens
892 1554 1124 1601 veterem
1156 1544 1424 1600 hominem
1446 1586 1461 1611 ,
1486 1545 1723 1614 exceptis
1747 1543 1929 1613 paucis
1953 1544 2037 1599 in-

450 1619 809 1707 telligentibus
841 1636 1163 1693 Patriarchis
1188 1646 1242 1693 et
1270 1636 1551 1706 PrOphctis
1579 1646 1633 1693 et
1660 1635 1930 1691 nonnullis
1959 1635 2039 1691 la-

451 1728 688 1786 tentibus
732 1730 964 1798 sanctis,
1011 1730 1296 1785 carnaliter
1337 1730 1522 1786 vivens
1561 1729 1794 1785 carnalia
1821 1730 2038 1800 praemia

450 1820 785 1898 desiderabat
826 1838 856 1876 a
892 1823 1115 1877 Domino
1146 1823 1285 1890 Deo,
1321 1832 1375 1879 et
1404 1825 1455 1877 in
1496 1822 1662 1893 ﬁgura
1687 1821 2040 1892 spiritualium

450 1911 713 1968 bonorum
755 1912 1050 1983 accipiebat
1078 1932 1091 1968 :
1123 1913 1302 1969 omnia
1343 1929 1469 1985 ergo
1499 1914 1636 1968 bona
1665 1922 1876 1969 terrena
1906 1927 2041 1968 con-

452 2002 669 2073 tempsit
716 2002 875 2057 homo
920 2002 1093 2058 factus
1141 2004 1395 2061 Dominus
1435 2002 1714 2070 Christus,
1758 2012 1815 2058 ut
1852 2014 2041 2059 conte-

450 2095 684 2151 mnenda
712 2105 1035 2159 monstraret
1056 2113 1072 2164 ;
1095 2102 1149 2152 et
1168 2098 1347 2153 omnia
1370 2104 1580 2153 terrena
1601 2097 1853 2152 sustinuit
1870 2096 2008 2152 mala
2022 2137 2041 2165 ,

453 2201 573 2263 quae
613 2188 919 2243 sustinenda
960 2189 1301 2259 praecipiebat
1335 2207 1348 2243 :
1381 2197 1441 2244 ut
1475 2204 1648 2261 neque
1677 2190 1730 2243 in
1760 2188 1864 2246 illis
1893 2202 2042 2259 quaa-

452 2288 666 2335 reretur
706 2278 928 2335 felicitas
952 2320 966 2345 ,
1014 2295 1185 2353 neque
1211 2280 1265 2335 in
1293 2279 1408 2336 istis
1434 2279 1717 2336 infelicitas
1744 2281 2044 2335 timeretur.

453 2366 620 2426 Natus
667 2370 807 2425 enim
856 2369 924 2426 de
965 2380 1137 2426 matre
1177 2386 1297 2441 quae
1342 2371 1583 2441 quamvis
1626 2386 1659 2426 a
1694 2371 1809 2426 viro
1848 2370 2046 2427 intacta

455 2465 798 2534 conceperit,
842 2479 1160 2537 semperque
1203 2465 1401 2521 intacta
1450 2465 1843 2537 permanserit,
1896 2466 2045 2535 virgo

456 2558 763 2627 concipiens
783 2600 796 2623 ,
825 2558 974 2627 virgo
1004 2558 1216 2628 pariens
1238 2599 1254 2627 ,
1289 2559 1437 2628 virgo
1467 2561 1734 2627 moriens,
1769 2568 1944 2614 tamen
1968 2555 2048 2611 fa-

454 2647 555 2709 bro
577 2649 901 2718 desponsata
929 2658 1078 2717 erat,
1108 2665 1322 2705 omnem
1351 2649 1570 2723 typhum
1598 2649 1826 2705 carnalis
1852 2650 2044 2706 nobili-

456 2738 580 2797 tatis
626 2740 896 2795 exstinxit.
943 2740 1113 2795 Natus
1156 2741 1315 2795 etiam
1359 2740 1413 2794 in
1453 2741 1667 2795 civitate
1693 2740 2043 2809 Betlilehetn,

457 2846 579 2903 quae
606 2831 744 2885 inter
772 2846 961 2887 omnes
987 2831 1186 2887 Judteae
1211 2831 1458 2887 civitates
1484 2831 1557 2887 ita
1585 2840 1703 2888 erat
1728 2833 1916 2904 exigua
1942 2875 1958 2901 ,
1989 2841 2049 2891 ιιι

457 2920 724 2992 hodieque
744 2921 867 2977 villa
889 2922 1185 2993 appelletur
1202 2965 1219 2991 ,
1248 2922 1416 2979 ttoluit
1435 2938 1755 2994 quemquam
1780 2922 1849 2980 de
1869 2925 2047 2995 cujus-

458 3030 616 3086 quam
664 3024 889 3071 terrena:
932 3014 1162 3075 civitatis
1201 3014 1527 3075 sublimitate
1564 3017 1796 3087 gloriari.
1839 3019 2049 3090 Pauper

459 3106 622 3162 etiam
672 3104 845 3162 factus
889 3115 1007 3173 est,
1052 3106 1203 3178 cujus
1250 3116 1375 3162 sunt
1410 3107 1624 3175 omnia,
1664 3116 1719 3164 et
1755 3124 1853 3179 per
1889 3124 2049 3180 quem

460 3206 640 3261 creata
670 3205 793 3253 sunt
818 3199 994 3255 omnia
1019 3217 1033 3269 ;
1066 3214 1133 3254 ne
1158 3199 1439 3271 quisquam
1467 3215 1590 3255 cum
1620 3200 1674 3256 in
1704 3216 1825 3258 eum
1856 3202 2048 3260 crede-

460 3296 545 3345 ret
568 3330 582 3353 ,
628 3288 694 3342 de
740 3291 964 3345 terrenis
1002 3289 1200 3346 divitiis
1240 3290 1465 3347 auderet
1497 3292 1703 3348 extolli.
1741 3293 1924 3355 Noluit
1946 3310 2048 3353 rex

460 3378 530 3435 ab
569 3378 873 3435 hominibus
899 3380 1051 3446 ﬁeri;
1082 3382 1206 3453 quia
1231 3380 1544 3440 humilitatis
1565 3386 1885 3443 ostendebat
1906 3388 2049 3445 viam

461 3471 676 3526 miseris
695 3511 709 3535 ,
746 3485 879 3540 quos
905 3471 972 3527 ab
995 3486 1060 3527 eo
1086 3473 1102 3504 ί
1126 3473 1373 3546 superbia
1398 3485 1743 3545 separaverat
1770 3497 1783 3535 :
1806 3481 2047 3549 quamvis

462 3561 847 3629 sempiternum
872 3561 987 3632 ejus
1007 3578 1230 3634 regnum
1258 3563 1505 3622 universa
1528 3576 1771 3625 creatura
1797 3578 2045 3627 testatur.

462 3652 699 3709 Esurivit
717 3694 732 3719 ,
755 3654 845 3724 qui
874 3670 1060 3712 omnes
1088 3656 1290 3726 pascit;
1320 3658 1485 3714 sitivit
1501 3701 1517 3727 ,
1546 3675 1641 3731 per
1660 3675 1818 3731 quem
1838 3672 2052 3720 creatur

463 3745 638 3800 omnis
668 3754 842 3813 potus,
869 3756 923 3802 et
947 3747 1037 3817 qui
1060 3749 1405 3821 Spiritualiter
1429 3752 1582 3821 panis
1599 3762 1683 3811 est
1702 3753 2051 3812 esurientium

465 3834 694 3908 forisque
723 3838 1017 3895 sitientium
1052 3858 1066 3893 :
1096 3842 1164 3897 ab
1189 3841 1381 3899 itinere
1410 3844 1651 3900 terreatri
1680 3842 1929 3916 fatigatus
1945 3855 2048 3916 est,

464 3932 555 4005 qui
582 3948 639 3988 se
668 3933 839 4002 ipsum
868 3934 1022 3989 nobis
1043 3934 1180 3990 viam
1204 3935 1329 3992 fecit
1355 3935 1409 3990 in
1431 3937 1625 3994 cretum
1655 3955 1669 3992 :
1698 3938 1843 3995 velut
1863 3939 2054 3996 obmu-

465 4024 569 4080 tuit
615 4032 668 4079 et
712 4024 990 4081 obsurduit
1033 4040 1214 4082 coram
1256 4028 1710 4095 conviciantibus,
1758 4046 1856 4101 per
1892 4046 2052 4102 quem

465 4127 648 4174 mutus
673 4119 881 4173 locutus
907 4127 989 4174 est
1015 4126 1071 4174 et
1093 4120 1287 4177 surdus
1311 4120 1512 4180 audivit
1543 4142 1556 4179 :
1585 4124 1793 4180 vinctus
1818 4133 1932 4195 est,
1963 4127 2056 4197 qui

469 4209 540 4269 de
583 4209 949 4265 inﬁrmitatum
993 4210 1216 4267 vinculis
1257 4213 1421 4269 solvit
1448 4231 1463 4269 :
1490 4213 1785 4286 ﬂagellatus
1817 4228 1932 4287 est,
1960 4218 2056 4291 qui

468 4298 708 4359 omnium
734 4300 978 4356 dolorum
1003 4298 1211 4372 ﬂagella
1239 4301 1308 4359 de
1327 4302 1600 4361 hominum
1622 4309 1933 4378 corporibus
1961 4325 2057 4366 ex-

466 4392 605 4464 pulit
652 4408 667 4444 :
710 4392 996 4448 cruciﬁxus
1034 4400 1118 4449 est
1138 4432 1153 4459 ,
1182 4393 1274 4463 qui
1302 4395 1570 4451 cruciatus
1597 4407 1811 4454 nostros
1836 4399 2005 4456 ﬂnivit
2036 4418 2051 4455 :

467 4493 712 4541 mortuus
747 4490 864 4551 est,
910 4484 1002 4555 qui
1038 4492 1278 4545 mortuos
1313 4486 1609 4545 suscitavit.
1644 4489 1751 4546 Sed
1786 4498 1843 4547 et
1871 4506 2055 4549 resur-

468 4579 610 4635 rexit
654 4592 925 4648 nunquam
961 4577 1283 4647 moriturus,
1328 4594 1398 4637 ne
1437 4579 1505 4637 ab
1542 4580 1635 4638 illo
1673 4583 1950 4654 quisquam
1977 4585 2056 4640 sic

468 4670 704 4728 disceret
753 4678 979 4727 mortem
1025 4679 1405 4740 contemnere,
1455 4673 1608 4746 quasi
1659 4691 1927 4749 nunquam
1969 4679 2055 4733 vi-

468 4773 652 4821 cturus
681 4764 723 4816 ⁸.

542 4856 769 4916 CAPUT
798 4855 987 4915 XXIII.
1013 4886 1086 4900 --
1109 4857 1202 4914 41.
1231 4858 1454 4927 Spiritus
1476 4868 1679 4929 sanctus
1702 4861 1785 4915 die
1808 4863 2059 4934 (minque--~

470 4952 663 5025 gesima
708 4958 819 5023 post
850 4950 1264 5009 resurrectionem
1287 4948 1477 5007 Christi
1498 4953 1704 5008 missus.
1724 4951 1898 5007 ,ιαάωὶ
1924 4969 2058 5024 pm.

469 5046 722 5101 dicatione
759 5042 1120 5116 Apostolorum
1144 5044 1364 5099 conuersi
1379 5085 1397 5111 ,
1425 5044 1539 5100 vita
1561 5046 1862 5118 evangelica!
1886 5047 2057 5102 studio

469 5137 766 5209 ﬂagrantes.
789 5133 1031 5191 Ecclesia:
1047 5135 1186 5206 apud
1206 5132 1388 5191 Gentes
1406 5153 1497 5208 per
1510 5134 1735 5195 Paulum
1751 5141 2053 5197 constituta.

470 5226 603 5283 lnde
623 5224 951 5283 conﬁrmatis
975 5225 1251 5296 discipulis
1271 5267 1286 5293 ,
1315 5236 1664 5285 conversatus
1682 5244 1804 5286 cum
1826 5232 1906 5289 eis
1926 5247 2057 5304 qua-

471 5319 714 5391 draginta
744 5316 932 5374 diebus
953 5358 968 5386 ,
999 5319 1202 5378 eisdem
1225 5320 1590 5392 spectantibus
1606 5322 1849 5381 ascendit
1867 5327 1921 5380 in
1941 5340 2058 5382 coa-

468 5412 621 5479 lum;
662 5423 717 5468 et
750 5411 1032 5484 completis
1056 5422 1086 5466 a
1114 5414 1504 5475 resurrectione
1529 5415 1907 5488 quinquaginta
1935 5418 2054 5475 dis-

469 5505 574 5564 bus
615 5505 759 5563 misit
794 5508 875 5563 eis
903 5504 1155 5578 Spiritum
1191 5515 1434 5565 sanctum
1475 5505 1815 5581 (promiserat
1840 5511 2048 5583 enim),

530 5626 558 5709 ἐ
590 5648 661 5696 Sic
680 5651 788 5696 Mss.
815 5654 871 5698 At
894 5647 1031 5709 editi,
1054 5645 1113 5697 ab
1128 5658 1204 5697 ea.

541 5708 563 5739 ³
592 5713 693 5758 Am.
718 5714 795 5759 Er.
818 5715 871 5759 et
890 5707 998 5760 fere
1017 5706 1206 5761 omnes
1237 5713 1366 5769 uss,
1412 5706 1621 5770 Murus.
1651 5714 1783 5761 Unus
1803 5709 2057 5763 Vaticanus

469 5773 581 5830 ιιι,
602 5775 977 5821 resurrecturus.

1259 320 1347 376 DE
1384 316 1934 376 CATECHIZANDIS
1972 315 2287 385 RUDIBUS,
2329 317 2387 374 S.
2430 317 2793 376 AUGUSTINI

3615 328 3719 387 340

2140 447 2237 505 per
2278 448 2434 505 quem
2482 431 2671 488 diﬁ‘usa
2710 433 2968 490 charitate
3004 436 3061 493 in
3088 437 3336 497 cordibus
3363 454 3584 512 eorum,
3609 459 3723 507 non

2140 524 2311 579 solum
2354 525 2468 579 sine
2503 541 2665 581 onere
2685 568 2699 593 ,
2739 525 2832 582 sed
2859 528 3017 583 etiam
3048 544 3168 585 cum
3192 530 3524 601 jucunditate
3547 534 3722 606 legem

2139 624 2359 687 possent
2384 618 2623 687 implere.
2648 617 2778 687 Quae
2803 617 2924 673 data
2948 630 3031 675 est
3057 620 3257 678 Judazis
3286 625 3341 679 in
3368 624 3554 682 decem
3579 641 3723 697 pran-

2141 708 2338 778 ceptis,
2384 709 2525 779 quod
2571 711 2840 781 appellant
2880 712 3213 787 decalogum.
3257 716 3388 789 Quae
3430 734 3614 777 rursus
3655 721 3726 781 ad

2140 798 2249 857 duo
2277 799 2585 871 rediguntur
2604 842 2619 868 ,
2652 811 2709 858 ut
2726 803 3010 876 diligamus
3035 806 3201 881 Deum
3224 824 3293 866 ex
3313 818 3425 868 toto
3447 811 3627 881 corde,
3654 828 3725 875 ex

2141 901 2252 951 tota
2298 896 2474 952 anima
2493 938 2510 965 ,
2551 913 2615 953 ex
2648 905 2757 953 tota
2785 907 2965 956 mente
2990 918 3004 971 ;
3035 908 3093 958 et
3117 901 3395 975 diligamus
3421 907 3723 975 proximum

2142 986 2279 1044 sicut
2315 1001 2415 1044 nos
2459 989 2625 1058 ipsos.
2660 989 2794 1047 Nam
2821 990 2875 1047 in
2903 990 2989 1049 his
3016 992 3226 1051 duobus
3255 998 3535 1068 praeceptis
3558 1008 3724 1059 totam

2141 1077 2338 1149 Legem
2366 1078 2763 1152 Prophetasque
2788 1082 3020 1155 pendere
3040 1125 3055 1153 ,
3086 1085 3202 1155 ipse
3227 1085 3485 1145 Dominus
3513 1097 3570 1145 et
3591 1089 3731 1149 dixit

2143 1169 2200 1225 in
2223 1170 2514 1241 Evangelio
2545 1171 2757 1242 (Matth.
2788 1190 2897 1231 χιιι
2920 1215 2935 1241 ,
2964 1175 3160 1248 5740)
3185 1218 3201 1245 ,
3232 1185 3402 1236 etsuo
3421 1179 3732 1237 manifesta-

2144 1261 2221 1317 vit
2256 1264 2523 1333 exemplo.
2561 1262 2696 1322 Nam
2739 1274 2791 1322 et
2838 1267 3065 1338 populus
3091 1267 3255 1337 lsrael
3281 1283 3353 1329 ex
3377 1269 3464 1327 die
3488 1287 3595 1342 quo
3621 1273 3729 1344 pri-

2144 1366 2290 1408 mum
2317 1353 2512 1423 pascha
2534 1354 2587 1411 in
2610 1355 2837 1428 imagine
2860 1359 3217 1425 celebrarunt,
3242 1375 3399 1418 ovem
3422 1362 3730 1424 occidentes

2145 1454 2203 1505 et
2226 1447 2605 1505 manducantes
2621 1491 2637 1516 ,
2666 1450 2819 1521 cujus
2843 1453 3099 1523 sanguine
3125 1462 3306 1525 postes
3331 1470 3519 1515 eorum
3545 1456 3612 1514 ad
3639 1471 3730 1517 sa-

2147 1537 2274 1595 lutis
2317 1540 2536 1594 tutelam
2577 1541 2769 1611 signati
2806 1550 2928 1598 sunt
2966 1542 3160 1616 (Band.
3191 1546 3297 1616 sit)
3323 1564 3337 1613 ;
3368 1562 3435 1605 es
3463 1548 3578 1618 ipso
3601 1563 3730 1621 ergo

2147 1629 2233 1685 die
2262 1632 2725 1702 quinquagesimus
2745 1632 2859 1689 dies
2880 1635 3131 1704 impletus
3153 1644 3236 1693 est
3255 1676 3273 1705 ,
3298 1647 3355 1694 et
3381 1637 3556 1709 legem
3578 1654 3734 1700 acce-

2147 1730 2341 1795 perunt
2383 1721 2634 1792 scriptam
2674 1722 2837 1795 digito
2877 1724 2970 1780 Dei
3011 1724 3122 1799 (Id.
3163 1743 3293 1795 xxx,
3328 1729 3425 1798 xx)
3450 1770 3469 1796 ,
3497 1744 3607 1801 quo
3635 1744 3737 1787 no-

2148 1811 2291 1867 mine
2324 1812 2431 1883 jam
2475 1812 2706 1868 diximus
2733 1814 3017 1888 signiﬁcari
3042 1816 3300 1886 Spiritum
3325 1831 3569 1877 sanctum
3599 1820 3734 1892 (Stt-

2149 1921 2264 1977 pra,
2282 1921 2394 1976 cap.
2424 1922 2491 1959 xx
2510 1947 2525 1973 ,
2554 1922 2609 1960 η.
2637 1905 2728 1978 ’55)
2764 1925 2779 1961 ;
2808 1908 2945 1962 sicut
2969 1916 3091 1980 post
3117 1909 3326 1965 Domini
3353 1912 3655 1981 passionem
3675 1920 3733 1977 et

2147 1996 2594 2052 resurrectionem
2622 2036 2637 2060 ,
2661 1996 2802 2066 quod
2831 2005 2913 2052 est
2943 2013 3127 2054 verum
3148 1998 3346 2072 pascha
3364 2042 3382 2069 ,
3403 2001 3733 2076 quinquage.

2149 2089 2287 2144 simo
2323 2088 2409 2143 die
2442 2089 2556 2159 ipse
2594 2086 2825 2157 Spiritus
2849 2100 3065 2146 sanctus
3092 2090 3366 2163 discipulis
3388 2094 3584 2152 missus
3600 2104 3687 2155 est
3716 2114 3732 2161 ε

2150 2197 2258 2238 non
2294 2182 2403 2253 jam
2442 2180 2665 2254 lapideis
2697 2181 2889 2238 tabulis
2915 2183 3079 2240 corda
3106 2184 3239 2240 dura
3264 2186 3609 2258 signiﬁcans;
3638 2189 3736 2251 sed

2150 2288 2272 2333 cum
2300 2282 2480 2330 essent
2505 2290 2666 2329 unum
2697 2274 2752 2329 in
2776 2273 2953 2331 locum
2978 2278 3281 2347 congregati
3308 2278 3361 2334 in
3387 2278 3500 2348 ipsa
3521 2278 3737 2339 Jerusa-

2149 2363 2259 2420 lem
2282 2407 2297 2433 ,
2329 2364 2497 2420 ﬂictus
2526 2373 2607 2420 est
2635 2365 2812 2422 subito
2841 2365 2907 2422 de
2931 2368 3067 2422 caelo
3097 2383 3301 2437 sonus,
3331 2371 3483 2441 quasi
3507 2370 3739 2435 ferretur

2152 2453 2309 2510 ﬂatus
2335 2454 2641 2521 vehemens,
2664 2464 2720 2510 et
2738 2455 2864 2511 visa:
2884 2467 3008 2515 sunt
3032 2458 3137 2515 illis
3161 2458 3355 2530 lingua:
3377 2460 3563 2519 divisas
3585 2463 3738 2533 quasi

2151 2546 2287 2618 ignis
2306 2586 2322 2610 ,
2360 2554 2414 2601 et
2438 2555 2714 2617 coeperunt
2741 2548 2933 2620 linguis
2963 2549 3136 2623 loqui,
3169 2550 3240 2606 ita
3269 2562 3327 2608 ut
3349 2567 3535 2613 omnes
3558 2555 3647 2625 qui
3668 2555 3736 2618 ad

2152 2637 2275 2692 illos
2300 2646 2577 2701 venerant,
2606 2652 2759 2694 suam
2787 2639 3022 2711 linguam
3041 2642 3264 2714 quisque
3284 2655 3629 2715 cognosceret
3650 2646 3739 2715 (ad

2152 2726 2296 2781 illam
2330 2727 2472 2781 enim
2503 2726 2772 2784 civitatem
2800 2743 2865 2784 ex
2895 2730 3040 2786 omni
3069 2740 3208 2787 terra
3235 2734 3624 2791 conveniebant
3646 2735 3739 2795 Ju-

2153 2818 2253 2876 daei
2274 2861 2288 2887 ,
2323 2835 2660 2893 quacumque
2693 2820 2922 2893 dispersi
2959 2829 3144 2893 erant,
3183 2833 3239 2881 et
3272 2824 3512 2883 diversas
3535 2827 3740 2898 linguas

2152 2913 2386 2983 gentium
2408 2913 2741 2969 diversarum
2759 2913 3059 2973 didicerant
3078 2915 3212 2989 [Act.
3238 2933 3297 2987 tt,
3323 2917 3519 2991 141]):
3545 2918 3741 2983 deinde

2152 3018 2275 3060 cum
2321 3014 2433 3061 tota
2471 3004 2665 3062 ﬁducia
2705 3006 2978 3063 Christum
3007 3008 3358 3080 pricdicantes
3378 3050 3394 3080 ,
3423 3010 3476 3064 in
3502 3010 3617 3081 ejus
3642 3026 3741 3069 no-

2152 3099 2299 3155 mine
2334 3100 2501 3156 muita
2541 3100 2692 3173 signa
2732 3098 2998 3157 faciebant
3021 3141 3036 3168 ,
3075 3101 3149 3157 ita
3191 3110 3247 3157 ut
3281 3103 3564 3175 quemdam
3598 3119 3741 3165 moro

2153 3199 2303 3249 tuum
2326 3198 2632 3247 transeunte
2658 3191 2815 3249 Petro
2839 3191 3026 3250 umbra
3047 3192 3163 3264 ejus
3190 3194 3453 3267 tetigerit,
3483 3206 3538 3255 et
3564 3212 3743 3259 resur-

2153 3283 2354 3341 rcxerit
2375 3280 2487 3353 (1d.
2514 3298 2547 3335 v
2568 3322 2584 3350 ,
2618 3280 2726 3355 l5).

2223 3373 2314 3431 42.
2342 3374 2447 3431 Sed
2468 3389 2587 3430 cum
2614 3374 2855 3432 viderent
2871 3373 3041 3433 Judaei
3064 3382 3207 3431 tanta
3231 3376 3384 3450 signa
3403 3377 3517 3435 ﬁeri
3538 3380 3597 3438 in
3623 3381 3743 3455 ejus

2155 3467 2370 3525 nomine
2393 3508 2408 3534 ,
2451 3482 2608 3539 quem
2648 3468 2840 3541 partim
2874 3483 2970 3539 per
3001 3467 3252 3526 invidiam
3272 3512 3290 3541 ,
3316 3471 3512 3543 partim
3538 3490 3636 3545 per
3652 3491 3744 3540 er-

2154 3573 2332 3616 rorem
2357 3558 2737 3617 cruciﬁxerunt
2753 3601 2769 3629 ,
2796 3560 2889 3616 alii
2908 3560 3094 3617 irritati
3118 3570 3242 3619 sunt
3262 3563 3327 3621 ad
3344 3567 3742 3638 persequendos

2154 3649 2533 3727 praedicatores
2575 3651 2691 3722 ejus
2736 3652 3062 3723 Apostolus,
3101 3652 3192 3709 alii
3218 3668 3348 3710 vero
3372 3654 3600 3727 idipsum
3620 3673 3739 3715 ain-

2156 3742 2295 3815 pilus
2320 3742 2645 3799 admirantes
2662 3783 2676 3809 ,
2710 3742 2851 3814 quod
2881 3744 2935 3799 in
2964 3743 3080 3816 ejus
3108 3746 3363 3815 nomine,
3389 3762 3550 3818 quem
3571 3748 3741 3811 veluti

2157 3849 2188 3895 a
2230 3850 2290 3891 se
2326 3850 2640 3908 oppressum
2686 3844 2741 3891 et
2783 3835 2985 3892 victum
3017 3836 3286 3905 riserant,
3314 3846 3457 3896 tanta
3484 3839 3743 3903 miracula

2156 3926 2346 3988 ﬁerent
2370 3968 2386 3995 ,
2418 3927 2725 4001 paenitendo
2752 3928 2999 3986 conversi
3018 3927 3363 3988 crediderunt
3387 3930 3442 3988 in
3467 3946 3591 3989 eum
3619 3934 3742 3991 mil-

2159 4020 2229 4079 lia
2252 4023 2268 4054 ¹
2294 4021 2623 4081 Judtcorum.
2648 4021 2765 4079 Non
2795 4030 2949 4080 erant
2968 4022 3083 4094 jam
3110 4023 3187 4078 illi
3210 4025 3519 4096 temporalia
3539 4025 3743 4086 beneﬁ-

2159 4112 2240 4171 cia
2283 4121 2660 4184 terrenumque
2701 4128 2923 4185 regnum
2963 4112 3334 4173 desiderantes
3377 4131 3411 4174 a
3452 4116 3599 4184 Deo.
3640 4132 3744 4179 nec

2160 4206 2481 4276 promissum
2520 4221 2699 4277 regem
2723 4204 2994 4262 Christum
3018 4207 3302 4265 carnaliter
3326 4218 3694 4279 exspectantes
3723 4228 3738 4273 :

2160 4297 2258 4355 sed
2296 4297 2667 4353 immortaliter
2705 4298 3064 4371 intelligentes
3100 4309 3155 4358 et
3195 4300 3472 4373 diligentes
3500 4316 3622 4359 eum
3646 4303 3740 4372 qui
3798 4312 3803 4317 '

2161 4404 2258 4461 pro
2305 4389 2435 4460 ipsis
2480 4391 2549 4446 ab
2589 4389 2720 4461 ipsis
2762 4399 2904 4449 tanta
2944 4394 3241 4451 mortaliter
3276 4394 3529 4465 pertulit,
3570 4403 3624 4451 et
3661 4397 3743 4455 eis

2160 4497 2328 4555 usque
2356 4482 2423 4538 ad
2448 4482 2533 4539 sui
2560 4484 2832 4555 sanguinis
2857 4487 2877 4518 ³
2908 4495 3124 4556 peccata
3149 4486 3403 4555 donavit,
3434 4494 3487 4545 et
3513 4485 3742 4549 immor-

2161 4576 2418 4635 talitatem
2456 4590 2487 4631 a
2530 4590 2586 4632 se
2625 4578 2943 4648 sperandam
2980 4588 3033 4637 et
3060 4578 3465 4637 desiderandam
3491 4583 3743 4654 exemplo

2162 4682 2270 4725 suae
2298 4669 2699 4725 resurrectionis
2725 4670 2975 4729 ostendit.
3005 4672 3188 4742 itaque
3207 4670 3319 4742 jam
3343 4675 3542 4733 veteris
3566 4675 3743 4734 homi-
3778 4732 3785 4756 δ

2163 4761 2245 4818 nis
2267 4769 2473 4820 terrena
2493 4763 2756 4824 desideria
2784 4766 3163 4827 mortiﬁcantes
3182 4807 3199 4837 ,
3223 4776 3280 4824 et
3299 4768 3594 4839 spiritualis
3618 4769 3745 4827 vitae

2161 4856 2395 4912 novitate
2444 4856 2727 4927 ﬂagrantes
2753 4898 2768 4927 ,
2812 4860 2951 4919 sicut
2995 4869 3322 4932 praeceperat
3362 4863 3416 4919 in
3454 4863 3743 4934 Evangelia

2152 4947 2451 5015 Dominus,
2481 4949 2781 5009 vendebant
2805 4953 2981 5011 omnia
3011 4969 3130 5025 quae
3155 4954 3459 5020 habebant,
3492 4963 3547 5010 et
3572 4956 3741 5025 pretia

2161 5054 2341 5099 rerum
2366 5057 2580 5100 suarum
2607 5052 2732 5103 ante
2760 5046 2923 5116 pedes
2939 5047 3318 5117 Apostolorum
3341 5047 3652 5115 ponebant,
3684 5056 3745 5105 ut

2160 5132 2263 5205 ipsi
2291 5133 2670 5195 distribuerant
2695 5138 2983 5210 unicuique
3004 5178 3020 5203 ,
3061 5140 3210 5211 sicut.
3240 5138 3432 5208 cuique
3459 5152 3594 5208 opus
3628 5149 3747 5196 erat

2164 5223 2275 5298 (Id.
2303 5243 2339 5285 ιι
2364 5268 2380 5294 ,
2410 5229 2510 5295 Η,
2542 5237 2590 5284 et
2609 5245 2661 5287 tv
2682 5270 2697 5296 ,
2726 5230 2821 5300 54)
2854 5248 2869 5287 :
2898 5230 3246 5299 viventesque
3271 5230 3324 5284 in
3348 5227 3638 5286 christiana
3660 5232 3748 5288 di-

2163 5316 2392 5377 lectione
2417 5319 2758 5377 concorditer
2777 5361 2792 5386 ,
2819 5335 2924 5377 non
2945 5319 3196 5376 dicebant
3213 5318 3413 5390 aliquid
3438 5334 3615 5384 suurn.
3645 5322 3745 5384 sed

2162 5416 2314 5463 erant
2338 5409 2444 5464 illis
2463 5411 2639 5466 omnia
2664 5412 2963 5467 communia
2986 5453 3005 5480 ,
3032 5418 3087 5467 et
3105 5411 3279 5467 anima
3306 5421 3362 5467 et
3384 5427 3478 5470 cor
3498 5429 3661 5469 unum
3684 5413 3741 5469 in

2161 5498 2328 5561 Deum
2350 5499 2462 5574 (Id.
2489 5518 2542 5561 tv
2562 5542 2575 5567 .
2598 5502 2802 5573 32.55).
2827 5499 3024 5563 Deinde
3046 5502 3205 5561 etiam
3230 5501 3329 5572 ipsi
3346 5517 3377 5559 a
3397 5501 3598 5559 Iudicis
3617 5516 3742 5559 car-

2226 5590 2411 5659 1_mv.,
2437 5600 2560 5655 post,
2603 5593 2914 5659 crediderunt
2947 5595 3001 5646 in
3044 5607 3155 5647 eum
3194 5591 3351 5650 "ditia
3370 5630 3384 5659 ,
3430 5593 3744 5654 addiderunt,

2158 5650 2326 5711 mttlta,
2352 5650 2414 5704 ei:
2436 5650 2724 5706 uno'codice
2754 5660 2836 5706 Ms.

2159 5716 2361 5827 beggic
2380 5718 2431 5768 in
2446 5719 2657 5770 editione
2681 5726 2789 5770 inv.
2815 5718 3027 5772 additum
3046 5717 3227 5783 heret,
3250 5716 3527 5785 emtam
3547 5731 3568 5771 :
3584 5719 3748 5773 minus
