4124 6206
318 306 440 366 ω

1754 298 1956 356 LiBBR
2000 294 2193 358 UNUS.

3504 311 3616 369 542

326 419 552 483 noiibus
575 417 783 476 civibus
810 416 987 473 carnis
1012 430 1123 473 suae
1151 418 1576 488 persecutionem
1607 416 1745 487 passi
1767 424 1925 484 atque
2018 428 2151 487 quae
2171 425 2372 474 restant
2392 461 2405 485 ,
2432 419 2754 478 sustinentes
2773 431 2827 477 et
2854 432 3253 493 perseverantes
3272 424 3324 479 in
3351 420 3610 497 Domino,

324 510 567 582 dispersi
608 517 771 576 sunt,
817 517 877 565 ut
918 509 1071 565 latius
1110 509 1354 565 Christus
1378 524 1563 565 eorum
1589 505 1926 578 dispersione
2028 508 2146 564 sine
2182 509 2510 566 dubitatione
2552 522 2772 569 ventura
2807 513 3104 570 credamus.
3138 510 3408 585 Siquidem
3434 515 3611 573 adhuc

324 602 754 676 «praedicaretur,
805 610 860 657 et
901 601 1233 658 imitarentur
1272 602 1432 657 etiam
1472 601 1571 672 ipsi
1612 601 1924 673 patientiam

328 695 550 752 Domini
576 683 704 752 sui:
730 694 850 766 quia
876 695 966 765 qui
987 706 1083 749 eos
1109 696 1127 726 ι
1151 701 1459 751 mansuetus
1491 708 1677 765 passus
1705 692 1919 761 fuerat,

328 787 731 845 mansuefactos
758 800 856 857 pro
883 800 942 841 se
962 787 1069 856 pati
1086 786 1323 857 jubebat.

407 880 500 934 45.
531 878 611 933 Ex
638 877 769 947 ipsis
793 885 1099 931 sanctorum
1121 876 1548 947 persecutoribus
1569 874 1739 932 fuerat
1756 874 1921 931 etiam

328 971 609 1043 apostoius
649 968 845 1024 Paulus
868 1010 883 1034 ,
924 978 978 1025 et
1017 970 1068 1024 in
1102 968 1431 1025 Christianos
1467 969 1698 1024 maxime
1737 967 1922 1024 saevie-

328 1064 428 1121 bat
467 1080 482 1117 :
518 1060 623 1117 aed
656 1070 838 1132 postea
868 1060 1094 1117 credens
1116 1069 1173 1116 et
1198 1061 1470 1132 apostolus
1496 1061 1662 1116 factus
1682 1102 1695 1126 ,
1726 1061 1922 1116 missus

328 1166 420 1212 est
438 1165 499 1212 nt
516 1154 778 1212 Gentibus
800 1154 1145 1226 Evangelium
1175 1155 1507 1225 prmdiearet,
1535 1156 1777 1225 graviora
1800 1168 1921 1226 per-

332 1260 528 1316 pessus
562 1260 663 1316 pro
695 1246 912 1301 nomine
946 1244 1141 1301 Christi
1165 1288 1178 1310 ,
1207 1260 1364 1317 quam
1396 1247 1594 1302 fecerat
1619 1255 1804 1301 contra
1824 1256 1921 1301 no-

330 1354 459 1395 men
496 1337 717 1393 Christi.
763 1324 1030 1393 Ecclesias
1056 1346 1232 1393 autem
1258 1340 1587 1396 constituens
1614 1350 1710 1409 per
1733 1350 1919 1395 omnes

330 1440 519 1499 gentes
538 1446 640 1502 qua
664 1429 1003 1501 Evangelium
1024 1431 1320 1486 seminabat
1339 1472 1354 1498 ,
1376 1432 1618 1501 impense
1638 1432 1916 1502 praecipie-

325 1522 455 1591 bat,
487 1531 547 1575 ut
571 1521 823 1592 quoniam
852 1522 951 1591 ipsi
980 1537 1045 1577 ex
1077 1522 1334 1577 idolorum
1356 1520 1503 1579 cultu
1524 1525 1799 1579 venientes
1817 1566 1831 1591 ,
1866 1526 1919 1579 dt

328 1613 399 1685 ρει
427 1628 591 1668 unum
618 1614 787 1668 Deum
818 1614 1100 1669 colendum
1132 1615 1290 1669 rudes
1316 1656 1329 1678 ,
1357 1626 1462 1669 non
1488 1616 1643 1671 facile
1674 1622 1917 1686 pctcrant

331 1706 493 1761 rebus
529 1706 642 1761 suis
678 1704 907 1761 venditis
948 1713 1002 1761 et
1037 1706 1331 1761 distributis
1354 1705 1557 1762 servire
1586 1707 1697 1763 Deo
1721 1751 1734 1777 ,
1768 1708 1917 1766 obla-

330 1799 505 1853 tiones
544 1798 783 1853 moerent
824 1798 874 1853 in
921 1811 1179 1870 pauperes
1213 1809 1519 1855 sanctorum
1561 1803 1649 1872 qui
1680 1802 1914 1859 erantin

332 1888 585 1945 Eeciesiis
621 1889 851 1956 Judaei,
896 1902 1014 1960 quae
1052 1890 1263 1945 Citrislo
1278 1891 1623 1947 crediderant
1652 1909 1665 1945 :
1696 1893 1765 1948 ita
1796 1892 1916 1949 illos

334 1991 584 2053 tanquam
628 1983 857 2049 milites,
899 1982 1016 2038 illes
1050 1991 1231 2039 autem
1255 1992 1508 2052 tanquam
1540 1984 1915 2054 stipendiarios

332 2074 684 2147 povinciales
716 2070 1008 2144 apestoiica
1049 2075 1290 2131 doctrina
1324 2074 1640 2141 constituit;
1668 2078 1915 2134 inserens

328 2168 409 2226 ἀι
431 2166 701 2223 Christum
725 2168 869 2222 velut
894 2166 1121 2238 lapidem
1138 2169 1448 2239 angularem
1473 2212 1486 2234 ,
1514 2170 1649 2224 sicut
1676 2184 1773 2241 per
1790 2180 1916 2239 pro.

332 2261 543 2333 pbetam
566 2260 947 2331 praenuntiam
970 2269 1106 2326 erat,
1136 2261 1189 2316 in
1210 2276 1314 2331 quo
1336 2261 1493 2317 ambo
1514 2262 1662 2333 quasi
1685 2262 1913 2332 parietes

330 2352 398 2410 de
425 2354 637 2410 diverso
659 2353 933 2408 venientes
952 2393 965 2418 ,
994 2351 1066 2409 de
1092 2352 1288 2408 Iudaeis
1314 2352 1567 2409 videlicet
1590 2362 1747 2424 atque
1762 2350 1913 2410 Gena-

331 2446 505 2515 tibus,
543 2454 798 2517 germana
836 2445 1095 2502 charitate
1128 2446 1504 2517 copularentur
1539 2446 1705 2516 (Prol.
1742 2458 1913 2517 cxvn,

332 2538 433 2605 92,
470 2547 524 2593 et
559 2538 691 2594 Issi.
720 2550 912 2604 xxvm,
945 2536 1058 2609 16).
1083 2536 1187 2594 Sed
1218 2545 1399 2607 postea
1428 2538 1698 2608 graviores
1718 2540 1775 2591 et
1798 2548 1915 2591 cre-

331 2627 537 2687 briores
560 2630 958 2700 persecutiones
984 2638 1049 2683 ex
1078 2627 1361 2684 incredulis
1389 2627 1635 2699 gentibus
1662 2626 1917 2683 adversus

332 2718 528 2778 ChriIti
568 2720 861 2776 Ecclesiam
886 2727 1236 2775 surrexerunt
1257 2759 1270 2783 ,
1296 2724 1352 2774 et
1381 2718 1697 2789 impiehatur
1722 2718 1773 2773 in
1798 2716 1917 2774 dies

331 2813 571 2886 singulos
597 2814 821 2870 verbum
854 2812 1065 2868 Domini
1094 2813 1431 2883 praedicentis
1447 2856 1463 2881 ,
1496 2811 1629 2868 Ecce
1656 2829 1748 2885 ego
1772 2810 1917 2868 mitto

332 2920 417 2961 eos
444 2905 579 2960 υιιω
604 2918 720 2961 oues
751 2907 805 2959 is
830 2905 996 2960 medio
1024 2904 1257 2977 luporum
1283 2904 1495 2976 (Matth.
1526 2916 1588 2971 χ,
1625 2902 1736 2977 i6).

399 2995 630 3054 CAPUT
667 2995 859 3053 XXIV.
880 3022 953 3039 α·-
972 2996 1063 3052 2M».
1096 2995 1325 3051 Ecclesia
1350 2997 1494 3066 quasi
1518 2996 1632 3051 citis
1662 2994 1914 3067 pullulat,

333 3100 380 3147 et
406 3099 630 3163 putatur.
654 3088 742 3145 Ex
756 3090 821 3145 iis
840 3101 957 3160 qua
973 3090 1203 3144 videntur
1216 3089 1428 3159 impleta
1447 3129 1461 3155 ,
1491 3087 1763 3143 credantur
1780 3104 1915 3161 pra:-

334 3184 469 3239 ἀίει.
510 3198 627 3255 ne
662 3190 850 3238 restant
872 3182 1129 3254 implendo
1148 3224 1161 3250 ,
1190 3182 1469 3253 praesertim
1487 3182 1743 3252 judicium
1774 3184 1917 3253 futa-

336 3290 469 3330 rstss.
488 3274 597 3330 Sed
627 3274 714 3328 illa
740 3270 860 3328 vitis
889 3284 1008 3345 qua
1034 3284 1131 3344 per
1156 3272 1341 3329 orbem
1373 3280 1634 3328 terrarum
1654 3316 1669 3341 ,
1693 3272 1828 3349 sicut
1851 3272 1919 3329 de

337 3365 423 3424 illa
467 3363 875 3438 prophetatum,
918 3372 974 3421 et
1014 3365 1084 3421 ab
1116 3364 1235 3435 ipso
1258 3364 1484 3419 Domino
1509 3364 1919 3435 praemmtiatum

337 3466 483 3525 erat,
522 3456 826 3513 fructuosos
851 3456 1095 3527 palmites
1119 3456 1449 3512 diﬂundebat
1468 3498 1481 3521 ,
1508 3465 1659 3513 tanto
1686 3456 1919 3527 pullula-

337 3548 427 3605 bat
464 3548 728 3619 amplius,
770 3552 968 3618 quanto
1006 3545 1294 3603 uberiore'
1331 3556 1623 3620 martyrum
1665 3548 1922 3619 sanguine

338 3639 625 3711 rigabatur.
668 3638 875 3709 Qtibus
908 3651 1007 3709 per
1047 3650 1237 3694 omnes
1267 3644 1438 3694 terras
1466 3638 1923 3695 innumerabiliter

338 3745 435 3803 pro
456 3730 583 3787 fidei
603 3730 829 3787 veritate
844 3730 1214 3799 morientibus,
1235 3731 1394 3787 etiam
1418 3728 1529 3801 ipsa
1551 3730 1923 3802 persequentia

339 3839 499 3895 regna
527 3832 831 3890 cesserunt,
858 3829 914 3878 et
934 3820 1002 3877 ad
1023 3820 1293 3879 Christian
1314 3821 1744 3894 cognoscendum
1765 3828 1923 3891 atque

339 3916 705 3974 venerandum
745 3914 915 3972 fracta
954 3914 1224 3987 superbiae
1257 3914 1470 3971 cervice
1498 3926 1753 3970 conversa
1777 3922 1919 3968 sunt.

339 4008 635 4081 Oportebat
677 4018 855 4067 autem
899 4017 962 4065 ut
1002 4007 1191 4064 eadem
1233 4007 1393 4077 vitis,
1440 4006 1578 4062 sicut
1622 4018 1651 4061 a
1698 4004 1925 4062 Domino

342 4102 635 4160 identidem
650 4098 963 4174 predietum
995 4107 1113 4157 erat
1133 4142 1148 4169 ,
1180 4106 1457 4172 putaretur
1479 4140 1493 4163 ,
1524 4105 1579 4153 et
1604 4111 1669 4153 ex
1698 4111 1760 4154 ea
1784 4110 1924 4167 prae-

342 4193 657 4253 ciderentur
686 4194 1010 4251 infructuosa
1049 4200 1314 4249 sarmenta
1338 4184 1520 4262 (Iona.
1550 4203 1652 4256 xv,
1681 4186 1738 4261 2)
1762 4230 1777 4257 ,
1806 4186 1924 4260 qui-

344 4287 444 4345 bus
488 4286 722 4343 bazreses
760 4295 813 4343 et
848 4285 1134 4341 schismata
1177 4300 1273 4354 per
1311 4282 1425 4337 loca
1463 4282 1597 4337 facta
1638 4282 1799 4350 sunt,
1830 4279 1928 4336 sub

345 4378 541 4437 Christi
582 4374 827 4445 nomine,
870 4388 979 4433 non
1008 4376 1174 4447 ipsius
1196 4374 1416 4447 gloriam
1439 4414 1453 4441 ,
1486 4368 1578 4429 sed
1606 4384 1755 4428 suam
1780 4382 1927 4443 qum-

347 4474 612 4537 rentium,
657 4482 753 4542 per
792 4482 1019 4543 quorum
1062 4466 1410 4524 adversitatcs
1447 4468 1616 4537 magis
1655 4462 1931 4537 magisque

347 4571 686 4621 exerceretur
710 4558 967 4629 Ecclesia,
992 4566 1043 4616 et
1067 4558 1383 4630 probaretur
1401 4562 1559 4629 atque
1577 4555 1932 4611 illustraretur

346 4666 401 4713 et
425 4658 667 4714 doctrina
697 4656 813 4727 eius
842 4664 896 4710 et
924 4646 1196 4725 patientia.

415 4748 506 4804 45.
534 4745 726 4803 Omnia
755 4756 883 4816 ergo
908 4743 1053 4809 hmo,
1086 4742 1220 4799 sicut
1249 4750 1394 4798 tanto
1423 4746 1544 4797 ante
1571 4739 1820 4813 pmdicta
1851 4734 1934 4794 le-

350 4840 557 4912 gimus,
599 4840 677 4895 sic
720 4844 775 4894 et
802 4836 935 4893 facta
962 4832 1330 4907 cognoscimus
1360 4851 1374 4887 τ
1404 4842 1455 4890 et
1487 4826 1934 4905 quemadmodum

349 4930 507 5004 primi
548 4929 857 4997 christiani,
897 4928 1019 5000 quia
1067 4922 1297 4982 nondum
1324 4927 1423 4981 ista
1452 4924 1761 4995 provenisse
1785 4912 1935 4977 vide-

352 5022 514 5091 bant,
558 5019 832 5077 miraculis
874 5018 1227 5075 movebantur
1271 5022 1328 5070 ut
1364 5010 1683 5079 crederent;
1726 5014 1804 5068 sic
1838 5016 1937 5066 nos

351 5113 474 5184 quia
510 5111 692 5168 omnia
728 5110 828 5167 ista
853 5110 927 5165 ita
955 5108 1219 5180 completa
1246 5108 1404 5172 sunt,
1434 5105 1573 5160 sicut
1601 5116 1663 5160 ea
1691 5104 1743 5159 in
1764 5099 1940 5159 Libris

353 5205 615 5277 legimus,
647 5204 742 5276 qui
779 5203 938 5274 longe
972 5208 1257 5273 antequam
1292 5196 1409 5254 haec
1436 5196 1785 5268 implerentur
1813 5206 1936 5253 con-

355 5296 547 5370 scripti
572 5303 699 5352 sunt
716 5332 735 5365 ,
763 5295 854 5351 ubi
879 5295 1055 5351 omnia
1078 5293 1252 5350 futura
1273 5287 1604 5359 dicebantur,
1638 5296 1690 5346 ct
1714 5300 1931 5363 pricsen

359 5391 431 5445 tia
463 5388 578 5460 jam
605 5386 854 5445 videntur
872 5428 887 5456 ,
919 5386 1245 5443 mdiﬂmmur
1271 5383 1339 5441 ad
1369 5382 1564 5452 fidem,
1591 5386 1650 5438 ut
1675 5383 1841 5439 etiam
1870 5383 1926 5438 ill

427 5565 571 5616 iam.
601 5572 655 5616 et
674 5565 875 5630 Er.,qui
896 5573 1122 5621 calceos.
1146 5573 1279 5627 ben,
1403 5577 1496 5632 pro
1515 5565 1812 5629 cis.Aliquot
1832 5570 1942 5617 Mss.

427 5567 1815 5694 *ἐρετέωηιίιιιίᾱαωνφιιρτονεέεοοςριωφιθο
1849 5624 1942 5687 ‘tw

387 5626 715 5741 gnaros;
747 5626 1048 5691 “quidam.
1070 5628 1234 5694 σιιιπ

388 5701 473 5755 qua
494 5701 595 5741 eos.

428 5751 453 5783 ³
484 5759 587 5801 sm.
611 5755 781 5813 διεδ,
804 5748 1056 5803 teneriore.

2016 601 2394 660 tribulationes
2421 602 2609 661 futurae
2631 609 2682 660 in
2709 607 2907 662 eisdem
2932 604 3224 679 Scripturis
3246 610 3491 677 leguntur
3510 652 3523 674 ,
3549 620 3605 667 et

2018 692 2143 764 ipse
2184 692 2398 750 ultimus
2433 695 2614 766 iudicii
2651 695 2796 762 dies,
2830 697 2919 753 ubi
2945 708 3132 753 omnes
3161 698 3302 753 cives
3330 699 3609 756 ambarum

2016 782 2239 841 illarum
2260 788 2529 843 civitatum
2554 790 2783 861 receptis
2807 788 3120 861 corporibus
3150 793 3436 847 sur'rccturi
3460 805 3605 859 sunt,

2028 886 2083 932 et
2104 879 2363 934 rationem
2390 880 2511 935 vitae
2530 892 2641 936 suae
2664 889 2786 936 ante
2800 880 3035 936 tribunal
3056 880 3249 937 Christi
3272 882 3466 952 judicis
3488 884 3610 939 red-

2025 968 2206 1025 dituri.
2252 973 2437 1029 Veniet
2476 973 2617 1029 enim
2656 976 2708 1029 in
2734 975 2971 1031 claritate
3000 977 3276 1047 potestatis
3297 1020 3310 1042 ,
3338 978 3426 1047 qui
3456 978 3607 1048 prius

2016 1062 2082 1118 in
2127 1060 2425 1120 humilitate
2468 1064 2814 1122 humanitatis
2850 1068 3040 1122 venire
3088 1067 3333 1138 dignatus
3382 1077 3501 1133 est;
3556 1078 3611 1123 et

2024 1168 2212 1212 omnes
2240 1158 2356 1228 pios
2383 1158 2450 1214 a‘b
2474 1158 2650 1229 impiis
2675 1159 2972 1232 segregabit
3000 1180 3011 1215 :
3046 1176 3153 1216 non
3184 1170 3387 1217 tantum
3419 1164 3497 1217 eis
3520 1164 3610 1232 qui

2016 1247 2078 1303 in
2108 1262 2229 1305 eum
2259 1250 2480 1306 credere
2510 1251 2727 1307 omnino
2755 1250 3041 1308 noluerunt
3060 1296 3073 1319 ,
3103 1251 3197 1309 sed
3225 1253 3383 1309 etiam
3411 1254 3489 1309 eis
3517 1256 3609 1326 qui

2016 1332 2220 1396 frustra
2248 1351 2301 1396 et
2326 1340 2651 1398 infructuose
2676 1342 3016 1399 crediderunt
3036 1344 3095 1398 ‘in
3127 1358 3245 1400 eum
3271 1362 3287 1409 ;
3321 1344 3423 1400 illis
3448 1344 3607 1401 datu-

2022 1443 2115 1487 rus
2162 1442 2385 1503 regnum
2430 1447 2612 1489 secum
2657 1443 2912 1490 aeternum
2943 1477 2958 1504 ,
3012 1434 3115 1489 illis
3168 1444 3343 1490 autem
3396 1452 3607 1506 poenam

2014 1532 2277 1579 meritam
2304 1538 2423 1579 cum
2453 1524 2683 1581 diabolo.
2717 1525 2821 1580 Sed
2852 1527 2989 1580 sicut
3019 1524 3221 1580 nullum
3248 1525 3492 1595 gaudium
3518 1541 3607 1581 rc-

2015 1626 2141 1673 rum
2185 1618 2552 1689 temporalium
2580 1636 2645 1673 ex
2672 1619 2844 1689 aliqua
2870 1624 3022 1690 parte
3048 1616 3221 1675 simile
3250 1628 3425 1689 potest
3455 1619 3607 1673 inve-

2021 1708 2124 1764 niri
2183 1709 2377 1781 gaudio
2435 1710 2557 1765 vilic
2601 1699 2815 1765 {clerum
2846 1751 2858 1774 ,
2910 1726 3066 1781 quam
3120 1711 3285 1765 sancti
3339 1710 3608 1779 accepturi

2020 1810 2182 1868 sunt;
2213 1800 2283 1857 ita
2310 1803 2484 1857 nullus
2508 1803 2777 1858 cruciatus
2808 1810 3084 1873 ptenarum
3115 1802 3482 1874 temporalium
3513 1812 3607 1873 po-

2016 1892 2123 1950 test
2151 1895 2487 1965 sempiternis
2513 1895 2811 1965 iniquorum
2839 1890 3160 1951 cruciatibus
3180 1895 3496 1964 comparari.

2089 1987 2313 2043 CAPUT
2350 1987 2517 2042 XXV.
2549 2016 2618 2028 —-—
2643 1987 2731 2042 46.
2766 1986 2921 2042 Fides
2950 1988 3324 2041 resurrectionis
3348 1987 3604 2045 suadetur.

2021 2072 2163 2135 Mors
2206 2087 2446 2151 perpetua
2482 2080 2534 2133 in
2574 2079 2848 2134 tormentis.
2899 2076 3015 2133 Vita
3054 2091 3243 2134 a'tcrtta
3296 2092 3606 2135 sanctorum.

2016 2166 2307 2226 Cavendum
2353 2186 2453 2223 non
2501 2180 2694 2224 tantum
2737 2187 2769 2222 a
2823 2164 3075 2241 Paganis,
3126 2167 3345 2238 Jttdtet's,
3385 2183 3429 2225 ct
3460 2170 3612 2226 luere.

2018 2258 2150 2329 licia,
2169 2260 2257 2315 sed
2272 2261 2419 2315 etiam
2437 2278 2466 2313 (ι
2483 2260 2629 2314 malis
2644 2258 2963 2316 Christiania.
2984 2256 3213 2317 Societas
3235 2264 3297 2319 sit
3316 2281 3428 2317 cum
3447 2264 3611 2326 bonis;

2018 2366 2123 2406 non
2147 2361 2312 2406 tamen
2338 2369 2451 2423 spes
2477 2353 2528 2406 in
2555 2352 2678 2421 ipsis
2700 2361 2933 2421 ponatur.
2966 2351 3168 2423 Itaque,
3196 2353 3379 2421 frater,
3410 2356 3610 2408 Conﬁr-

2018 2457 2105 2496 ma
2139 2450 2189 2497 te
2216 2438 2389 2512 ipsum
2421 2443 2472 2495 in
2498 2443 2613 2511 ejus
2641 2444 2853 2497 nomine
2879 2444 3038 2512 atque
3076 2443 3337 2514 adjutorio
3373 2446 3455 2500 cui
3487 2461 3609 2499 crc-

2019 2530 2119 2601 dis,
2136 2528 2387 2588 adversus
2403 2531 2607 2603 linguas
2623 2548 2804 2588 eorum
2823 2534 2909 2602 qui
2938 2533 3092 2587 fidem
3112 2545 3347 2589 nostram
3367 2534 3608 2605 irrident,

2020 2622 2088 2679 de
2112 2620 2303 2694 quibus
2334 2620 2575 2676 diabolus
2593 2621 2891 2677 scductoria
2922 2620 3077 2678 verba
3099 2624 3353 2695 loquitur,
3370 2628 3601 2682 inaximc

2020 2714 2209 2771 volens
2234 2710 2461 2769 irridere
2488 2710 2642 2768 [idem
2684 2715 3105 2769 resurrectionis.
3146 2715 3254 2771 Sed
3297 2734 3361 2771 ex
3407 2720 3456 2771 te
3492 2719 3608 2787 ipso

2022 2806 2181 2864 Crede
2203 2807 2437 2862 futurum
2469 2816 2520 2862 te
2545 2818 2663 2861 esse
2688 2816 2808 2861 eum
2836 2807 2999 2863 fueris
3023 2851 3038 2875 ,
3068 2808 3280 2879 quando
3321 2824 3440 2863 cum
3486 2820 3611 2867 ante

2018 2908 2127 2954 non
2156 2898 2339 2962 fueris,
2362 2907 2501 2951 none
2525 2912 2643 2952 esse
2676 2907 2728 2953 te
2748 2897 2915 2953 vides.
2946 2896 3043 2954 Ubi
3069 2900 3213 2954 enim
3236 2909 3349 2954 erat
3376 2900 3475 2955 ista
3501 2917 3611 2958 mo-

2021 2988 2102 3047 les
2127 2990 2366 3062 corporis
2401 2991 2473 3045 tui
2504 2998 2556 3045 ct
2584 2989 2683 3044 ista
2710 2988 2880 3045 forma
2901 2990 3369 3063 membrorumque
3390 3009 3612 3064 compa-

2022 3094 2090 3154 go
2113 3091 2235 3137 ante
2270 3092 2466 3152 paucos
2500 3092 2688 3147 annos,
2740 3081 3048 3152 priusquam
3094 3088 3274 3150 natus,
3317 3083 3402 3138 vel
3448 3083 3608 3137 etiam

2022 3176 2328 3249 priusquam
2356 3175 2409 3229 in
2441 3173 2627 3228 matris
2654 3178 2808 3229 utero
2828 3183 3116 3245 conceptus
3142 3172 3327 3230 esses?
3364 3156 3453 3231 ubi
3490 3176 3606 3234 erat

2023 3268 2139 3325 haec
2166 3268 2333 3324 moles
2358 3266 2548 3336 et.b:ec
2569 3274 2767 3322 statura
2794 3268 3035 3339 corporis
3066 3268 3179 3322 tui?
3206 3264 3393 3325 Nonne
3413 3268 3480 3326 de
3512 3286 3606 3327 oc-

2023 3360 2180 3418 cultis
2209 3360 2368 3431 hujus
2393 3367 2652 3415 creaturae
2673 3360 2920 3427 sceretis,
2947 3358 3170 3414 Domino
3196 3352 3305 3415 Deo
3324 3356 3609 3417 invisibili-

2024 3456 2107 3509 ter
2128 3453 2390 3507 formante
2414 3494 2429 3519 ,
2472 3450 2731 3522 processit
2760 3452 2811 3506 in
2843 3451 3053 3517 lucem,
3094 3452 3358 3523 certisque
3393 3462 3608 3510 aetatum

2024 3544 2367 3602 incrementis
2394 3545 2448 3599 in
2470 3544 2623 3600 istam
2642 3542 3058 3616 magnitudinem
3081 3544 3410 3619 formamque
3430 3563 3612 3606 surre-

2025 3634 2139 3693 xit?
2159 3634 2425 3709 Numquid
2449 3652 2576 3707 ergo
2598 3634 2811 3692 difﬁcile
2832 3647 2913 3693 est
2930 3630 3060 3705 Deo,
3086 3634 3174 3709 qui
3202 3639 3361 3695 etiam
3388 3656 3609 3712 aggeres

2027 3730 2245 3787 nubium
2275 3746 2341 3787 ex
2370 3729 2580 3785 occulto
2607 3728 2659 3784 in
2688 3739 2962 3786 momento
2989 3724 3274 3802 contrahit,
3299 3744 3353 3789 et
3379 3735 3616 3806 contegit

2028 3824 2222 3881 cmlum
2248 3824 2303 3879 in
2333 3823 2436 3878 ictu
2468 3821 2753 3892 temporis,
2794 3818 3018 3877 reddere
3063 3823 3217 3878 istam
3263 3825 3613 3894 quantitatem

2028 3914 2269 3986 corporis
2291 3915 2366 3969 tui
2394 3912 2529 3968 sicut
2554 3920 2688 3977 erat,
2713 3912 2802 3983 qui
2823 3927 2941 3968 eam
2962 3911 3137 3969 facere
3161 3916 3330 3983 potuit
3350 3915 3486 3972 sicut
3502 3932 3611 3973 non

2029 4004 2214 4065 erati?
2242 4002 2412 4061 Crede
2441 4020 2568 4075 ergo
2607 4004 2811 4061 fortiter
2839 4013 2894 4061 et
2921 4002 3237 4063 inconcusse
3267 4009 3391 4079 quia
3432 4013 3611 4068 omnis

2030 4115 2148 4172 quae
2173 4098 2419 4155 videntur
2444 4098 2594 4170 quasi
2624 4098 2894 4170 pereundo
2930 4094 3176 4155 humanis
3208 4102 3378 4158 oculis
3401 4104 3613 4163 subtra-

2030 4191 2107 4262 bi,
2139 4188 2283 4250 salva
2323 4203 2376 4249 et
2418 4194 2621 4266 integra
2652 4202 2774 4249 sunt
2812 4192 3211 4265 omnipotentiae
3237 4196 3333 4252 Dei
3357 4215 3376 4263 ;-
3417 4199 3506 4268 qui
3550 4216 3615 4256 ea

2031 4300 2153 4341 cum
2184 4284 2426 4353 voluerit,
2456 4284 2571 4341 sine
2601 4285 2704 4340 ulla
2734 4301 2881 4341 mora
2907 4295 2961 4342 et
2980 4280 3293 4343 difficultate
3320 4291 3610 4363 reparabit,

2033 4389 2095 4432 ea
2123 4373 2375 4431 duntaxat
2404 4391 2521 4445 qua:
2545 4372 2747 4446 justitia
2773 4370 2887 4446 ejus
2912 4378 3206 4448 reparanda
3234 4395 3352 4435 esse
3375 4380 3579 4450 iudicat
3603 4401 3617 4439 :

2034 4470 2093 4523 ut
2112 4465 2166 4522 in
2188 4466 2271 4522 his
2290 4466 2600 4537 corporibus
2617 4465 2840 4521 reddant
2860 4460 3101 4523 homines
3119 4467 3380 4523 factorum
3398 4485 3616 4526 suorum

2037 4558 2319 4620 rationem.
2346 4560 2397 4612 in
2438 4555 2629 4627 quibus
2655 4572 2716 4611 ea
2744 4552 3010 4622 fecerunt;
3041 4567 3092 4611 ct
3119 4558 3170 4610 in
3203 4558 3285 4612 his
3312 4570 3619 4617 mereantur

2038 4657 2129 4704 aut
2164 4648 2629 4704 commutationem
2661 4648 2896 4703 caelestis
2924 4647 3339 4718 incorruptionis
3383 4666 3478 4720 pro
3509 4669 3621 4708 mc-

2038 4734 2155 4796 ritis
2176 4737 2407 4809 pietatis,
2430 4745 2519 4792 aut
2540 4737 2935 4807 corruptibilem
2954 4740 2975 4770 ²
3004 4740 3242 4808 corporis
3262 4741 3620 4797 conditionem

2042 4847 2139 4906 pro
2164 4832 2365 4889 meritis
2394 4832 2707 4903 iniquitatis,
2741 4848 2845 4888 non
2872 4849 2991 4904 quae
3024 4845 3197 4891 morte
3224 4835 3494 4906 solvatur,
3530 4840 3624 4895 sed

2043 4945 2161 5003 qua:
2180 4929 2455 4985 materiam
2483 4926 2822 4999 sempiternis
2850 4927 3123 4984 doloribus
3150 4929 3405 4998 praebeat.

2114 5022 2202 5078 i7.
2243 5020 2387 5091 Fuge
2416 5034 2543 5090 ergo
2572 5035 2666 5090 per
2696 5018 3023 5074 immobilem
3052 5019 3211 5075 ﬁdem
3245 5029 3300 5075 et
3322 5037 3499 5079 mores
3524 5024 3625 5081 bo-

2044 5131 2143 5174 nos
2160 5116 2202 5185 ³,
2227 5116 2368 5188 fuge,
2396 5114 2579 5180 frater,
2606 5113 2695 5167 illa
2718 5120 2979 5168 tormenta
2997 5142 3015 5179 ,
3039 5112 3130 5168 ubi
3159 5127 3257 5169 nec
3278 5122 3507 5172 tortores
3529 5117 3628 5174 de-

2047 5206 2251 5275 ﬁciunt,
2280 5222 2382 5263 nec
2429 5206 2552 5261 torti
2590 5204 2923 5269 moriuntur;
2964 5204 3155 5276 quibus
3203 5206 3319 5263 sine
3354 5208 3459 5262 fine
3485 5218 3631 5261 mors

2048 5307 2154 5369 est,
2193 5314 2300 5356 non
2347 5312 2505 5369 posse
2545 5297 2599 5352 in
2644 5295 2965 5352 cruciatibus
3012 5298 3169 5353 mori.
3227 5299 3297 5354 Et
3344 5297 3632 5355 esardesee
3698 5316 3703 5329 ·

2050 5404 2232 5447 amore
2259 5397 2417 5460 atque
2454 5386 2719 5443 desiderio
2761 5388 3097 5458 sempiternae
3136 5389 3256 5444 vitae
3300 5396 3631 5459 sanctorum,

2118 5567 2155 5628 !_
2169 5567 2240 5617 sic
2263 5571 2362 5628 Am.
2387 5569 2464 5628 Er,
2489 5568 2541 5613 et
2557 5561 2727 5625 plures
2746 5562 2850 5628 ltiss.
2870 5564 2925 5613 at
2939 5568 3069 5628 rem,
3095 5560 3247 5628 potuit
3267 5561 3490 5617 cum‘non
3508 5570 3634 5619 erat.

1398 5624 1511 5692 eos;
1534 5624 1760 5693 plerique
1782 5638 1815 5681 ο
1849 5624 1865 5657 ⁸
1881 5641 1951 5687 an
2378 5624 2535 5675 codex
2553 5624 2583 5673 a
2605 5624 2818 5693 secunda
2840 5632 3002 5687 manu,
3027 5624 3105 5677 sic
3122 5636 3233 5677 cum
3254 5636 3351 5679 non
3368 5628 3492 5679 erat.

2119 5686 2144 5723 ¹
2166 5686 2354 5751 aliquot
2372 5693 2503 5751 Mss,
2520 5678 2861 5751 corruptiltilis.

2124 5753 2145 5785 ³
2166 5752 2239 5801 sic
2252 5745 2364 5801 'ttss.
2391 5745 2508 5800 Editi
2527 5745 2746 5810 vero,'ad
2768 5758 2926 5801 mores
2951 5746 3109 5800 bonos.
