4122 6212
502 277 616 335 5ιό

508 390 603 447 ubi
647 405 747 447 nec
788 405 1015 462 operosa
1056 390 1158 447 erit
1200 391 1357 458 actio,
1404 406 1506 447 nec
1536 392 1748 463 requies
1784 393 2088 463 desidiosa;

508 482 624 538 laus
653 481 754 536 erit
800 481 891 537 Dei
916 482 1030 536 sine
1056 481 1299 548 fastidio,
1333 483 1449 538 sine
1492 483 1751 539 defectu:
1793 485 1997 541 nullum
2039 487 2091 544 in

511 575 692 631 animo
721 572 970 639 taedium,
999 572 1174 628 nullus
1211 573 1360 628 labor
1402 574 1453 628 in
1497 590 1756 645 corpore;
1785 578 1928 632 nulla
1956 577 2093 633 indi-

508 663 685 735 gentia
705 706 719 730 ,
747 678 847 719 nec
877 672 963 717 tua
993 664 1077 718 cui
1107 665 1375 721 subveniri
1399 665 1701 735 desideres,
1734 683 1834 723 nec
1862 670 2091 740 proximi

509 757 591 811 cui
621 755 903 810 subvenire
930 755 1163 811 festines.
1188 755 1385 813 Omnes
1405 757 1610 814 delicia.-
1633 760 1774 816 Deus
1799 762 1902 817 erit
1921 771 1976 818 et
2002 778 2090 819 sa-

506 846 662 899 tietas
680 845 697 875 ί
729 855 927 899 sanctae
947 844 1176 900 civitatis
1202 847 1254 900 in
1276 846 1366 901 illo
1392 855 1447 902 ct
1475 848 1539 903 de
1561 849 1650 904 illo
1670 851 1936 920 sapienter
1960 852 2090 908 bea-

506 944 665 1005 teque
695 934 938 990 viventis.
968 935 1273 992 Efficiemur
1300 938 1464 1003 enim,
1493 940 1629 995 sicut
1654 941 1833 997 abillo
1860 945 2089 1011 promis-

506 1041 627 1080 sum
655 1040 933 1096 speramus
962 1035 1015 1081 et
1041 1039 1411 1099 exspectamus
1434 1071 1448 1094 ,
1491 1032 1719 1101 aequales
1762 1034 1976 1103 Angelis
1999 1035 2090 1090 Dei

506 1117 662 1187 (Luc.
696 1133 768 1172 xx
790 1159 804 1183 ,
831 1117 923 1191 56)
943 1158 958 1185 ,
986 1126 1183 1175 etcum
1213 1121 1291 1176 eis
1321 1122 1518 1191 pariter
1547 1122 1636 1178 illa
1668 1124 1924 1180 Trinitate
1964 1141 2088 1196 per-

502 1207 745 1263 fruemur
765 1208 876 1279 jam
908 1224 1003 1280 per
1042 1211 1299 1280 Speciem,
1342 1211 1394 1266 in
1446 1228 1548 1283 qua
1598 1229 1738 1270 nunc
1778 1230 1875 1284 per
1931 1216 2088 1272 tidem

504 1299 841 1356 ambulamus
864 1299 884 1373 (
904 1298 948 1354 ll
984 1300 1101 1356 Cor.
1147 1317 1201 1368 v,
1235 1300 1309 1374 7).
1340 1301 1619 1359 Credimus
1646 1306 1788 1359 enim
1816 1306 1956 1376 quod
1981 1323 2090 1363 non

505 1390 769 1455 videmus,
792 1400 852 1446 ut
873 1392 1002 1462 ipsis
1032 1392 1234 1447 meritis
1260 1391 1385 1449 ﬁdei
1405 1395 1564 1450 etiam
1597 1394 1777 1451 videre
1802 1397 1941 1467 quod
1969 1412 2088 1454 cre-

430 1490 447 1507 '
506 1479 682 1537 dimus
710 1489 765 1537 et
784 1481 1051 1539 inhaerere
1081 1499 1420 1551 mereamur;
1452 1494 1510 1541 ut
1536 1488 1889 1557 aequalitatem
1917 1489 2089 1546 Patris

505 1582 560 1630 et
580 1572 702 1631 Filii
723 1586 776 1631 et
794 1575 1022 1648 Spiritus
1042 1579 1233 1647 sancti,
1256 1588 1310 1635 et
1329 1580 1494 1651 ipsius
1514 1581 1788 1637 Trinitatis
1809 1584 2085 1651 unitatem,

502 1668 775 1737 quomodo
794 1669 901 1724 sint
927 1669 1042 1726 haec
1063 1670 1163 1726 tria
1186 1688 1325 1728 unus
1352 1673 1513 1739 Deus,
1551 1689 1658 1730 non
1680 1675 1790 1745 jam
1820 1675 1997 1732 verbis
2028 1677 2086 1730 ti-

503 1760 591 1816 dei
620 1768 675 1817 et
696 1762 1055 1833 strepentibus
1077 1763 1297 1836 syllabis
1331 1781 1697 1836 personemus,
1722 1768 1815 1824 sed
1842 1778 2086 1825 contem-

503 1850 738 1922 platione
758 1852 1040 1923 purissima
1065 1860 1120 1909 et
1145 1852 1519 1913 ardentissima
1544 1858 1597 1913 in
1625 1857 1715 1913 illo
1740 1859 1951 1916 silentio
1971 1875 2085 1917 sor-

497 1936 764 1997 beamus'.

571 2029 661 2087 48.
684 2030 811 2086 Haec
837 2040 958 2091 tene
988 2030 1091 2088 fixa
1121 2033 1175 2088 in
1219 2034 1382 2091 corde
1413 2044 1539 2104 tuo,
1588 2046 1643 2093 et
1683 2039 1870 2094 invoca
1917 2040 2085 2096 Deum

501 2121 590 2176 cui
615 2122 813 2189 credis,
842 2131 902 2178 ut
922 2130 1131 2179 tueatur
1151 2132 1203 2179 te
1226 2123 1480 2182 adversus
1509 2129 1829 2185 tentationes
1851 2129 2079 2186 diaboli:

496 2226 555 2274 et
587 2222 705 2277 esto
742 2222 930 2275 cautus
953 2255 969 2285 ,
1005 2230 1074 2275 ne
1104 2215 1197 2271 tibi
1235 2216 1449 2274 aliunde
1484 2217 1655 2273 hostis
1685 2220 1774 2275 ille
1807 2221 2080 2292 subrepat,

495 2308 589 2380 qui
617 2308 682 2364 ad
710 2310 959 2365 solatium
990 2307 1555 2368 malevolentissimum
1575 2309 1928 2365 damnationis
1948 2326 2081 2381 suae,

497 2412 622 2455 cum
650 2400 844 2470 quibus
871 2399 1153 2457 damnetur
1172 2403 1408 2473 inquirit.
1434 2403 1550 2459 Non
1582 2401 1722 2460 enim
1748 2417 1844 2477 per
1866 2417 1960 2461 eos
1989 2417 2078 2457 so-

494 2489 580 2546 los
599 2489 691 2562 qui
720 2490 1068 2549 christianum
1098 2508 1293 2550 nomen
1322 2494 1567 2563 oderunt,
1599 2506 1654 2552 et
1674 2497 1857 2554 dolent
1883 2515 1952 2556 eo
1976 2514 2077 2556 no-

494 2583 645 2641 mine
682 2594 999 2658 occupatum
1036 2601 1156 2643 esse
1193 2587 1376 2644 orbem
1418 2600 1700 2659 terrarum,
1730 2601 1783 2648 et
1808 2593 1979 2649 adhuc
2006 2595 2078 2650 si-

494 2674 748 2731 mulacris
798 2686 854 2731 et
884 2678 1269 2734 daemoniorum
1290 2681 1684 2737 curiositatibus
1709 2685 1907 2739 servire
1936 2683 2078 2741 desi-

478 2752 709 2831 ~derant,
749 2764 911 2820 audet
938 2765 1029 2820 ille
1052 2775 1257 2823 tentare
1286 2768 1604 2826 christianos
1632 2791 1645 2826 :
1678 2773 1771 2828 sed
1802 2774 1958 2835 etiam
1979 2790 2077 2846 per

497 2866 592 2908 eos
620 2867 756 2924 quos
804 2855 962 2924 paulo
1002 2864 1126 2911 ante
1169 2862 1720 2930 commemoravimus,
1766 2864 1833 2918 de
1876 2865 2075 2923 unitate

496 2944 774 3012 Ecclesiae,
801 2946 947 3003 velut
979 2957 1160 3018 putata
1179 2950 1306 3018 vite,
1338 2953 1609 3021 praecisos,
1627 2956 1714 3025 qui
1733 2956 1967 3012 haeretici
1989 2958 2073 3013 vel

494 3036 816 3094 schismatici
843 3036 1122 3109 dicuntur,
1160 3051 1381 3097 conatur
1406 3045 1565 3099 etiam
1593 3046 1643 3100 id
1663 3047 1873 3117 quidem
1906 3050 2072 3105 inter-

494 3126 646 3184 dum.
673 3126 781 3184 Sed
820 3137 996 3185 tamen
1031 3130 1085 3185 id
1114 3132 1274 3187 etiam
1316 3134 1599 3205 aliquando
1627 3146 1849 3193 conatur
1885 3148 1939 3195 et
1979 3155 2074 3211 per

490 3217 705 3278 Iudaeos
735 3229 963 3291 tentare,
990 3232 1149 3296 atque
1174 3227 1448 3283 seducere.
1482 3229 1585 3285 Sed
1615 3234 1843 3289 maxime
1876 3250 2071 3291 caven-

490 3310 622 3368 dum
660 3322 835 3370 estne
858 3328 955 3385 per
981 3314 1226 3372 homines
1264 3320 1355 3388 qui
1394 3331 1515 3375 sunt
1546 3322 1609 3377 "in
1653 3323 1762 3393 ipsa
1813 3328 2070 3383 catholica

492 3401 756 3472 Ecclesia,
783 3419 917 3476 quos
940 3406 1086 3461 velut
1110 3406 1312 3477 paleam
1341 3426 1507 3481 usque
1530 3413 1593 3467 ad
1623 3425 1831 3485 tempus
1854 3420 2072 3475 ventilm

490 3493 654 3550 tionis
672 3509 784 3551 suae
809 3496 1065 3563 sustinet,
1107 3501 1465 3571 unusquisque
1496 3512 1727 3561 tentetur
1752 3517 1807 3562 et
1834 3509 2067 3579 decipia-

487 3591 600 3639 tur.
644 3583 931 3657 Propterea
965 3588 1107 3642 enim
1148 3589 1289 3645 Deus
1318 3592 1527 3661 patiens
1555 3604 1635 3649 est
1676 3598 1727 3650 in
1755 3598 1894 3664 illus,
1938 3609 1992 3654 ιιι
2016 3610 2070 3656 et

487 3688 708 3731 suorum
736 3676 1025 3733 electorum
1068 3678 1226 3735 ﬁdem
1265 3690 1424 3752 atque
1452 3684 1784 3754 prudentiam
1829 3704 1925 3758 per
1950 3690 2070 3746 illo-

485 3779 608 3823 rum
639 3769 1037 3839 perversitatem
1076 3773 1377 3828 exercendo
1416 3775 1726 3846 confirmet;
1771 3790 1823 3834 et
1852 3782 1972 3851 quia
2001 3782 2068 3837 de

485 3873 713 3916 numero
736 3875 918 3917 eorum
947 3862 1100 3917 multi
1135 3863 1431 3933 proﬁciunt,
1456 3876 1511 3921 et
1530 3868 1593 3923 ad
1619 3869 1927 3938 placendum
1959 3873 2066 3928 Deo

485 3951 763 4008 miserati’
789 3953 994 4010 animas
1021 3970 1166 4023 snas,
1204 3972 1398 4028 magno
1437 3960 1634 4029 impetu
1666 3971 2065 4021 convertuntur.

486 4042 605 4100 Non
634 4045 776 4101 enim
805 4060 990 4103 omnes
1011 4047 1110 4102 sibi
1137 4063 1233 4118 per
1256 4051 1560 4120 patientiam
1587 4052 1679 4107 Dei
1710 4053 2066 4112 thesaurizant

481 4134 617 4191 iram
638 4135 691 4190 in
718 4135 805 4191 die
818 4137 912 4191 ira:
924 4138 1241 4208 justijudicii
1258 4141 1370 4210 ejus
1389 4160 1402 4196 :
1422 4142 1514 4196 sed
1533 4146 1725 4197 multos
1742 4147 1924 4204 cadent
1940 4149 2066 4206 Om—

480 4226 774 4296 nipotentis
799 4229 1047 4296 patientia
1073 4231 1316 4299 perducit
1351 4232 1417 4286 ad
1460 4234 1863 4292 saluberrimum
1896 4242 2065 4309 pinni-

485 4317 668 4371 tentiae
717 4317 952 4373 dolorem
1005 4317 1182 4388 (Rom.
1234 4336 1290 4387 tt,
1333 4323 1387 4387 5,
1428 4323 1505 4392 4).
1550 4325 1700 4390 Quod
1743 4327 1913 4384 donec
1951 4331 2059 4401 fiat,

494 4414 771 4462 exercetur
790 4422 887 4478 per
907 4422 1001 4463 eos
1023 4408 1229 4464 illorum
1254 4412 1340 4481 qui
1357 4412 1467 4481 jam
1484 4423 1682 4469 rectam
1700 4417 1835 4473 viam
1860 4428 2057 4493 tenent,

484 4510 595 4552 non
620 4497 790 4552 solum
818 4498 1094 4554 tolerantia
1116 4541 1130 4565 ,
1159 4500 1253 4556 sed
1281 4502 1439 4557 etiam
1468 4502 1846 4561 misericordia.
1872 4510 2060 4569 Multos

485 4601 614 4656 ergo
640 4587 849 4643 visurus
875 4602 936 4644 es
963 4590 1220 4657 ebriosos,
1249 4606 1458 4660 avaros,
1483 4594 1830 4665 frandatores,
1861 4601 2059 4658 aleato-

481 4692 593 4745 res,
619 4677 908 4747 adulteros,
934 4678 1299 4748 fornicatores,
1330 4685 1564 4740 remedia
1591 4689 1845 4761 sacrilega
1873 4693 1971 4748 sibi
1992 4696 2061 4749 al-

480 4765 728 4839 ligantes,
754 4773 1221 4840 prmcantatoribus
1240 4783 1293 4829 et
1309 4776 1693 4836 mathematicis
1709 4784 1790 4837 vel
1811 4799 2029 4854 quarum
2042 4817 2059 4828 -

479 4856 610 4915 libet
628 4860 907 4931 impiarum
936 4863 1128 4918 artium
1150 4863 1534 4922 divinatoribus
1552 4868 1780 4940 deditos.
1807 4876 2059 4940 Animad-

480 4964 735 5008 versurus
756 4953 916 5009 etiam
932 4954 1075 5025 quod
1101 4956 1204 5011 illa:
1221 4959 1387 5013 turba:
1404 4960 1658 5031 impleant
1685 4966 1935 5023 ecclesias
1960 4985 2057 5039 per

477 5040 596 5097 dies
644 5042 811 5100 festos
850 5046 1305 5115 Christianorum,
1352 5065 1470 5121 qua:
1509 5052 1730 5126 implent
1764 5068 1818 5113 et
1850 5059 2053 5118 theatra

477 5146 579 5204 per
615 5131 730 5186 dies
766 5134 1031 5192 solemnes
1067 5138 1430 5209 Paganorum;
1476 5152 1530 5198 et
1567 5145 1681 5201 haec
1721 5148 1948 5206 videndo
1986 5155 2053 5210 ad

478 5221 792 5280 imitandum
821 5228 1127 5285 tentaberis.
1154 5230 1222 5286 Et
1247 5219 1370 5302 quid
1402 5234 1572 5291 dicam
1595 5279 1611 5304 ,
1641 5239 1844 5298 videbis
1867 5285 1882 5311 ,
1911 5248 2054 5315 quod

474 5315 637 5371 etiam
662 5316 935 5388 nunciam
957 5320 1137 5390 utique
1156 5324 1334 5378 nosti?
1361 5341 1465 5381 non
1495 5328 1639 5385 enim
1664 5333 1839 5389 nescis
1858 5337 2052 5395 multos

550 5467 720 5541 ξξςιὶιξ,
986 5474 1151 5541 Aptius
1172 5472 1298 5541 forte
1317 5479 1533 5541 quinque
1556 5486 1684 5540 Mss,
1708 5482 1923 5537 satietas.

550 5529 656 5579 ’sic
673 5529 770 5581 duo
783 5537 891 5582 Im.
913 5538 971 5584 At
1004 5529 1141 5587 editi.
1164 5529 1459 5587 sorbeantur:

549 5569 1230 5671 ξῖᾷιῗυῖηὲεὲἐεξῑῖεξῖἱεέἲίῖέ
1473 5601 1730 5671 caelique!
1909 5610 2050 5663 νηίδο-

473 5650 784 5727 ςᾳιιειιιιιίιιιι
802 5656 863 5727 ad
880 5656 1003 5707 illud
1026 5656 1359 5724 ecclesiastici,
1383 5674 1486 5726 cap.
1522 5650 1605 5727 50,
1616 5650 2050 5727 {eratser

472 5713 649 5769 αππιω
674 5722 772 5776 tute
789 5716 986 5781 placens
1007 5727 1126 5775 Deo.

1361 276 1449 333 DE
1487 276 2023 340 CATECHIZANDIS
2058 282 2377 353 RUDIBUS,
2418 287 2476 344 S.
2515 291 2882 352 AUGUSTINI

2196 400 2289 470 qui
2324 402 2658 473 appellantur
2685 407 2957 467 christiani
2978 452 2993 476 ,
3021 412 3136 471 haec
3172 419 3349 475 omnia
3377 422 3514 479 mala
3536 429 3768 499 operari.

2196 504 2316 562 quae
2355 492 2586 550 breviter
2621 504 3053 559 commemoravi.
3087 507 3151 562 Et
3188 509 3505 581 aliquando‘
3545 492 3770 579 fortasse

2195 582 2437 651 graviora
2464 586 2641 644 facere
2671 588 2913 648 homines
2942 610 3048 650 non
3078 597 3288 667 ignoras
3309 644 3324 668 ,
3355 619 3487 674 quos
3514 609 3657 665 nosti
3679 626 3773 682 ap-

2196 671 2381 741 pellari
2409 673 2744 735 christianos.
2768 681 2873 738 Sed
2901 685 2945 739 si
2970 686 3069 742 hoc
3096 691 3273 747 animo
3293 671 3505 763 venisti,
3536 707 3594 753 ut
3620 671 3769 771 quasi

2196 778 2415 821 securus
2440 769 2564 824 talia
2589 770 2751 829 facias
2770 817 2786 842 ,
2816 778 3040 833 multum
3064 796 3213 838 erras
3237 802 3250 837 :
3275 801 3375 842 nec
3416 788 3507 844 tibi
3538 769 3770 861 proderit

2197 870 2390 913 nomen
2411 858 2628 929 Christi,
2651 879 2769 920 cum
2791 871 3013 939 coeperit
3040 873 3129 929 ille
3150 879 3486 935 severissime
3504 858 3769 951 judicare,

2195 948 2287 1018 qui
2333 951 2481 1019 prius
2510 952 2754 1024 dignatus
2799 970 2880 1015 est
2923 961 3419 1025 miscricordissime
3463 972 3769 1030 subvenire.

2195 1040 2450 1098 Prtedixit
2480 1046 2622 1102 enim
2666 1050 2768 1105 ista
2789 1093 2803 1117 ,
2833 1061 2885 1107 et
2916 1055 2989 1109 ait
3020 1055 3071 1110 in
3103 1054 3387 1130 Evangelio
3413 1079 3428 1116 :
3461 1061 3580 1118 Non
3610 1068 3773 1122 omnis

2193 1136 2278 1203 qui
2297 1135 2420 1190 dicit
2447 1138 2602 1205 mihi.
2643 1139 2894 1211 Domine,
2932 1145 3149 1204 Domine
3171 1193 3185 1217 ,
3228 1153 3430 1207 intrabit
3466 1156 3524 1210 in
3562 1174 3773 1229 regnum

2194 1225 2472 1291 caelorum:
2499 1230 2589 1286 sed
2616 1233 2659 1288 is
2678 1236 2765 1305 qui
2795 1237 2917 1306 facit
2942 1240 3245 1296 voluntatem
3273 1242 3444 1301 Patris
3472 1249 3587 1302 mei.
3617 1225 3772 1306 diuiti

2193 1318 2361 1375 dicent
2402 1322 2523 1376 milii
2565 1325 2619 1379 in
2653 1325 2748 1381 illa
2785 1329 2886 1395 die,
2927 1329 3176 1400 Domine,
3220 1334 3464 1405 Domine,
3496 1340 3547 1394 in
3573 1343 3773 1398 nomine

2194 1416 2282 1461 tuo
2318 1411 2731 1471 manducavimus
2776 1426 2821 1471 et
2862 1419 3075 1476 bibimus
3117 1423 3344 1495 (Matth.
3386 1444 3479 1494 vn,
3525 1430 3613 1499 21,
3641 1430 3710 1487 22
3725 1433 3767 1504 j.

2192 1496 2449 1556 Omnibus
2478 1518 2605 1575 ergo
2653 1507 2745 1577 qui
2786 1508 2840 1562 in
2894 1510 3087 1568 talibus
3128 1519 3380 1586 operibus
3409 1496 3768 1592 perseverant,

2191 1589 2460 1648 damnatio
2489 1593 2610 1652 finis
2638 1607 2739 1653 est.
2766 1598 2899 1656 Cum
2939 1618 3066 1676 ergo
3108 1607 3304 1665 videris
3330 1612 3525 1669 multos
3555 1630 3658 1670 non
3684 1630 3773 1671 so-

2192 1680 2299 1736 lum
2338 1681 2452 1741 haec
2480 1684 2676 1756 facere,
2721 1691 2815 1747 sed
2841 1694 3001 1750 etiam
3028 1696 3313 1756 defendere
3338 1712 3495 1775 atque
3524 1707 3767 1775 suadere.

2194 1782 2315 1832 tene
2342 1785 2395 1835 te
2419 1778 2487 1833 ad
2517 1779 2689 1852 legem
2716 1781 2835 1853 Dei,
2863 1794 2916 1841 et
2944 1802 3050 1844 non
3077 1793 3318 1862 sequaris
3340 1799 3770 1866 praevaricatores

2189 1867 2326 1937 ejus.
2354 1868 2471 1926 Non
2491 1873 2634 1928 enim
2656 1877 2947 1934 secundum
2970 1880 3178 1938 illorum
3198 1898 3436 1956 sensum,
3463 1891 3558 1947 sed
3578 1907 3770 1951 secun-

2190 1959 2316 2016 dum
2333 1961 2474 2019 illius
2492 1968 2768 2024 veritatem
2783 1970 3128 2040 judicaberis.

2259 2054 2349 2110 49.
2388 2053 2723 2129 Coujungere
2747 2060 2920 2129 bonis,
2942 2080 3074 2135 quos
3104 2066 3250 2125 vides
3267 2085 3448 2129 amare
3476 2083 3647 2133 tecum
3678 2096 3767 2137 reo

2185 2159 2307 2216 gem
2344 2154 2512 2203 tuum.
2552 2150 2744 2206 Multos
2776 2153 2916 2209 enim
2946 2156 3254 2218 inventurus
3281 2177 3359 2232 es,
3405 2166 3450 2222 si
3479 2177 3533 2224 et
3567 2178 3623 2226 tu
3647 2173 3767 2230 talis

2188 2251 2309 2294 esse
2331 2242 2576 2311 coeperis.
2595 2242 2728 2300 Nam
2754 2247 2798 2301 si
2823 2246 2875 2302 in
2905 2255 3222 2318 speetmulis
3247 2272 3366 2312 cum
3390 2259 3495 2317 illis
3523 2278 3643 2321 esse
3672 2282 3768 2322 cu-

2188 2330 2371 2399 piebas
2396 2341 2453 2387 et
2488 2333 2567 2389 eis
2607 2335 2922 2407 inhaerere',
2945 2342 3036 2411 qui
3067 2352 3241 2403 tecum
3275 2348 3360 2405 vel
3384 2353 3650 2424 aurigam,
3682 2358 3765 2415 vel

2185 2430 2490 2478 venatorem
2510 2465 2526 2492 ,
2555 2427 2637 2483 vel
2665 2429 2894 2501 aliquem
2936 2433 3251 2494 histrionem
3281 2440 3441 2498 simul
3479 2447 3761 2518 amabant;

2184 2521 2385 2585 quanto
2408 2516 2575 2590 magis
2603 2526 2653 2573 te
2690 2519 2958 2583 delectare
2995 2525 3156 2583 debet
3197 2544 3380 2587 eorum
3418 2516 3761 2608 eonjuuctio,

2181 2606 2272 2677 qui
2297 2615 2471 2664 tecum
2496 2618 2678 2669 amant
2703 2612 2869 2673 Deum
2894 2655 2910 2685 ,
2941 2615 3010 2673 de
3037 2635 3142 2690 quo
3179 2638 3444 2694 nunquam
3483 2606 3763 2689 erubescet

2181 2708 2386 2755 amator
2428 2703 2564 2775 ejus,
2596 2707 2716 2776 quia
2748 2723 2852 2763 non
2894 2710 3069 2768 solum
3113 2710 3225 2781 ipse
3262 2730 3369 2772 non
3397 2728 3571 2791 potest
3596 2722 3757 2792 vinci,

2180 2791 2273 2845 sed
2301 2794 2460 2848 etiam
2482 2794 2763 2855 dilectores
2791 2814 2917 2857 suos
2947 2804 3135 2863 reddet
3162 2805 3426 2868 invictos?
3451 2815 3559 2872 Nec
3581 2791 3757 2876 tamen

2180 2882 2339 2937 etiam
2368 2885 2420 2939 in
2447 2885 2575 2956 ipsis
2595 2888 2769 2956 bonis,
2799 2894 2887 2964 qui
2915 2904 2969 2952 te
3000 2899 3083 2953 vel
3112 2902 3416 2970 praecedunt
3439 2909 3524 2963 vel
3552 2909 3645 2966 tibi
3669 2927 3760 2967 co-

2178 2973 2433 3031 mitantur
2450 2976 2518 3033 ad
2545 2979 2767 3049 Deum',
2790 2999 2939 3055 spem
2961 2996 3105 3045 tuam
3129 2992 3394 3053 collocare
3420 2998 3602 3065 debes.
3631 3004 3757 3074 quia

2178 3079 2279 3121 nec
2305 3066 2357 3121 in
2386 3076 2438 3124 te
2472 3070 2587 3139 ipso
2624 3071 2789 3131 debes
2813 3089 3294 3156 quantumcumque
3323 3089 3628 3159 profeceris.
3650 3066 3758 3154 sed

2178 3156 2234 3212 in
2264 3158 2353 3213 illo
2373 3162 2462 3231 qui
2489 3178 2579 3219 eos
2605 3173 2659 3220 et
2682 3167 3083 3237 tejustilicando
3112 3176 3243 3233 tales
3277 3156 3421 3237 facit.
3446 3183 3678 3243 Securus
3695 3205 3758 3246 es

2174 3247 2317 3302 enim
2348 3249 2415 3303 de
2456 3252 2599 3321 Deo,
2630 3256 2752 3325 quia
2786 3274 2892 3314 non
2918 3272 3153 3320 mutatur
3182 3284 3195 3320 :
3236 3268 3305 3324 de
3333 3270 3549 3331 homine
3576 3290 3759 3336 autem

2174 3354 2334 3395 nemo
2353 3342 2643 3410 prudenter
2667 3362 2886 3406 securus
2911 3364 3014 3410 est.
3046 3356 3153 3415 Sed
3186 3360 3233 3416 si
3256 3360 3378 3419 illos
3404 3368 3494 3437 qui
3514 3372 3754 3430 nomium

2169 3429 2300 3499 justi
2332 3442 2456 3488 sunt
2475 3475 2490 3499 ,
2521 3448 2701 3493 amare
2728 3439 2987 3499 debemus
3017 3456 3075 3502 ut
3099 3449 3239 3519 sint;
3261 3429 3459 3524 quantb
3479 3429 3756 3522 ardentius

2174 3522 2262 3593 qui
2278 3523 2387 3593 jam
2415 3535 2559 3592 sunt,
2586 3531 2796 3586 amandi
2821 3538 2984 3592 sunt?
3002 3537 3106 3595 Sed
3127 3522 3384 3602 aliud'est
3409 3547 3629 3622 diligere
3657 3554 3757 3612 ho-

2172 3616 2392 3685 minem,
2419 3620 2563 3676 aliud
2583 3638 2732 3692 spem
2759 3642 2959 3696 ponere
2988 3631 3042 3687 in
3064 3632 3312 3703 homine;
3341 3648 3646 3716 tantumque
3674 3649 3754 3705 in-

2174 3713 2357 3773 terest,
2391 3718 2448 3764 ut
2475 3711 2602 3768 illud
2627 3713 2767 3771 Deus
2792 3718 2997 3789 jnbeat,
3026 3722 3129 3781 hoc
3158 3727 3455 3797 prohibeat.
3489 3735 3543 3790 Si
3563 3711 3750 3798 autem

2170 3798 2374 3869 aliquas
2392 3803 2477 3856 vel
2505 3802 2876 3865 insultationes
2895 3813 2979 3867 vel
3012 3816 3381 3877 tribulationes
3413 3839 3507 3894 pro
3534 3830 3748 3887 nomine

2169 3887 2365 3945 Christi
2396 3907 2581 3961 passus
2611 3911 2715 3952 non
2753 3898 3079 3960 defeceris‘a
3110 3907 3233 3976 fide,
3275 3887 3425 3969 neca
3451 3915 3586 3972 bona
3617 3920 3697 3975 via
3728 3921 3752 3955 ’⁵

2172 3979 2492 4049 deviaveris,
2540 3988 2796 4059 majorem
2828 3996 3128 4055 mercedem
3171 4012 3486 4075 accepturus
3523 4024 3620 4065 es:
3656 4013 3746 4084 qui

2170 4084 2346 4129 autem
2365 4075 2415 4129 in
2438 4075 2520 4132 his
2540 4077 2751 4136 diabolo
2761 4086 3039 4156 cesserint,
3053 4091 3212 4147 etiam
3228 4095 3483 4153 minorem
3498 4075 3744 4170 perdunt.

2170 4160 2277 4217 Sed
2307 4162 2522 4222 humilis
2545 4179 2663 4225 esto
2688 4170 2821 4241 Deo,
2849 4184 2910 4230 ut
2936 4192 3041 4234 non
3082 4189 3134 4234 te
3150 4186 3419 4252 permittat
3449 4160 3634 4247 tebtari
3666 4193 3745 4250 ul-

2169 4261 2249 4307 tra
2278 4254 2418 4311 vires
2442 4266 2578 4313 tuas.

2239 4344 2465 4438 CAPUT
2504 4349 2692 4406 XXVI.
2722 4384 2792 4394 --
2817 4356 2906 4412 50.
2947 4358 3175 4420 Initiatio
3215 4371 3582 4438 catechumeni,
3630 4391 3745 4432 cum

2168 4437 2476 4507 expositione
2498 4442 2779 4513 signorum.
2821 4447 3002 4506 Sermo
3037 4456 3333 4527 quandoque
3365 4437 3575 4518 brevior
3598 4468 3746 4524 adlui-

2166 4527 2371 4585 bendus.
2393 4530 2582 4603 Incipit
2600 4551 2762 4593 sermo
2783 4540 2915 4595 alius
2935 4541 3145 4599 brevior.
3170 4546 3337 4605 Filius
3353 4551 3450 4611 Dei
3468 4555 3742 4626 immissus,

2165 4626 2218 4671 ut
2242 4635 2275 4672 a
2302 4632 2459 4676 morte
2476 4640 2589 4694 quae
2615 4643 2705 4697 per
2721 4628 2973 4686 Adamum
3001 4635 3237 4705 intravit,
3274 4641 3617 4703 liberaremur.
3648 4650 3743 4711 llis

2166 4708 2322 4766 dictis
2340 4754 2355 4779 ,
2389 4712 2794 4788 interrogandus
2818 4730 2901 4776 est
2917 4738 2984 4778 an
3010 4724 3123 4782 haec
3148 4731 3332 4788 credat
3365 4743 3524 4806 atque
3553 4708 3738 4796 obser;

2164 4815 2290 4857 vare
2310 4801 2597 4861 desideret.
2620 4807 2772 4876 Quod
2796 4826 2916 4867 cum
2941 4818 3293 4889 responderit,
3317 4801 3624 4885 solemniter
3643 4833 3741 4887 uti-

2163 4906 2267 4961 que
2278 4892 2566 4963 signandus
2585 4907 2736 4955 estet
2756 4900 3008 4962 Ecclesiae
3036 4924 3186 4967 more
3211 4919 3538 4975 tractandus.
3559 4922 3637 4980 De
3655 4938 3742 4980 sa-

2163 4995 2434 5041 cramento
2457 5002 2586 5046 sane
2601 4990 2680 5063 (a)
2695 4995 2837 5064 quod
2851 5000 3088 5071 accipit',
3105 5020 3223 5061 cum
3243 5008 3292 5064 ei
3313 5008 3449 5067 bene
3471 5028 3742 5074 commen-

2161 5074 2343 5133 datum
2366 5076 2544 5148 fuerit,
2571 5082 2839 5155 signacula
2866 5092 3078 5161 quidem
3104 5111 3282 5152 rerum
3302 5100 3598 5160 divinarum
3621 5122 3742 5167 esse

2161 5167 2413 5237 visibilia,
2440 5172 2534 5229 sed
2558 5177 2804 5246 resipsas
2832 5179 3124 5240 invisibiles
3152 5187 3204 5242 in
3223 5189 3302 5244 eis
3326 5187 3607 5263 honorari;
3641 5215 3739 5255 nec

2160 5260 2240 5315 sic
2264 5259 2561 5321 habendam
2590 5283 2709 5326 esse
2734 5270 2876 5327 illam
2890 5276 3123 5343 speciem
3149 5277 3518 5342 benedictione
3541 5259 3739 5347 sancti-

2223 5374 2672 5442 ξ

2221 5436 2242 5465 ³
2263 5436 2336 5485 Sic
2355 5444 2457 5487 Am.
2483 5436 2555 5490 Er.
2583 5448 2635 5491 et
2656 5449 2762 5492 Mss.
2783 5450 2837 5493 At
2852 5450 2984 5495 Lov.:
3011 5455 3130 5498 Nam
3150 5449 3195 5501 si
3215 5450 3265 5502 in
3286 5469 3310 5505 ,ς
3371 5459 3571 5512 ctacnlis
3593 5467 3639 5513 et
3658 5476 3739 5517 va-

2221 5494 2383 5566 gitibus
2403 5497 2679 5566 insanorum
2696 5506 3011 5557 certaminum
3040 5507 3139 5562 illis
3161 5468 3388 5566 cumbis;
3419 5518 3677 5566 iit/tmere-

2155 5493 2383 5578 ,ἠιθέους
2403 5497 2687 5578 insanorum
2696 5493 3022 5578 certaminum
3150 5493 3392 5578 M235;
3399 5493 3677 5577 ’ὶὶῢῶἑὲεἶ

2222 5558 2330 5633 fter.
2351 5561 2496 5633 Lugd.
2519 5558 2637 5633 ven.
2672 5571 2781 5615 Lov.
2805 5558 3180 5633 omittunt,
3193 5558 3290 5627 'er

2219 5619 2241 5688 ξ
2264 5624 2367 5688 lim.
2385 5619 2459 5671 Er.
2484 5632 2535 5675 et
2556 5624 2722 5688 plures
2738 5635 2864 5688 5185.,
2880 5634 2999 5687 vita,
3018 5619 3047 5633 “’
3252 5619 3307 5629 π’

2214 5677 2241 5753 ξ
2263 5682 2459 5753 siquas.
2485 5693 2538 5735 At
2554 5677 2689 5753 editi,
2713 5677 2913 5753 accepit.

2220 5742 2292 5807 (α)
2323 5749 2480 5814 Forte,
2502 5746 2629 5801 satis.
