4122 6212
303 320 402 381 345

308 437 506 493 licatam
534 475 548 498 ,
597 427 1046 503 quemadmodum
1088 425 1312 482 habetur
1348 427 1400 481 in
1444 440 1544 481 usu
1587 422 1826 496 quolibet
1866 441 1881 479 :

308 526 583 582 dicendum
605 523 765 578 etiam
789 519 914 591 quid
940 519 1197 588 significet
1215 527 1269 572 et
1297 533 1474 572 sermo
1505 519 1590 572 ille
1618 531 1775 585 quem
1798 529 1890 570 au-

309 619 460 682 divit,
493 615 621 687 quid
653 616 705 668 in
738 613 831 667 illo
857 611 1128 677 condiat‘,
1158 611 1310 678 cujus
1345 609 1434 663 illa
1467 624 1553 663 res
1582 607 1890 663 similitudi-

311 727 422 768 nem
465 709 620 779 gerit.
666 704 866 760 Deinde
899 703 1196 758 monendus
1233 711 1315 756 est
1351 717 1416 756 ex
1461 701 1560 756 hac
1587 701 1890 769 occasione,

309 813 359 856 ut
386 801 428 855 si
455 799 580 870 quid
609 799 768 853 etiam
812 797 864 851 iu
895 793 1185 864 Scripturis
1218 791 1397 847 audiat
1439 791 1583 863 quod
1610 791 1892 848 carnaliter

309 903 488 961 sonet,
521 892 729 948 etiamsi
759 905 863 945 non
892 889 1172 958 intelligit,
1201 887 1384 942 credat
1413 895 1588 948 tamen
1617 884 1892 960 spirituale

310 986 498 1058 aliquid
522 984 833 1056 significari,
857 981 997 1052 quod
1025 980 1090 1035 ad
1117 989 1328 1035 sanctos
1354 995 1532 1035 mores
1559 979 1892 1048 futuramque

312 1082 460 1134 vitam
505 1079 788 1149 pertineat.
819 1075 930 1129 lloc
969 1083 1146 1128 autem
1196 1073 1267 1127 ita
1297 1072 1528 1127 breviter
1567 1071 1786 1138 discit’,
1831 1080 1892 1124 ut

313 1172 559 1246 quidquid
583 1170 811 1224 audierit
837 1184 900 1224 cx
925 1166 1098 1222 Libris
1117 1165 1387 1222 canonicis
1411 1164 1552 1235 quod
1575 1164 1639 1218 ad
1660 1163 1892 1218 dilectio-

315 1283 426 1321 nem
463 1263 776 1319 aeternitatis
806 1268 857 1314 et
891 1258 1130 1313 veritatis
1153 1267 1206 1311 et
1236 1256 1550 1322 sanctitatis,
1579 1263 1632 1309 et
1658 1253 1724 1309 ad
1751 1253 1889 1308 dile-

314 1361 535 1412 ctionem
585 1353 811 1425 proximi
859 1349 1058 1406 referre
1085 1364 1188 1403 non
1218 1349 1402 1419 possit,
1438 1346 1660 1418 ﬁgurate
1689 1345 1889 1400 dictum

317 1450 391 1503 vel
412 1458 615 1518 gestum
646 1459 764 1500 esse
790 1441 1001 1506 credat;
1025 1451 1181 1511 atque
1216 1438 1286 1492 ita
1315 1447 1542 1494 conetur
1571 1436 1888 1505 intelligere.

318 1552 368 1594 ut
391 1538 453 1594 ad
493 1538 636 1592 illam
665 1535 928 1606 geminam
960 1529 1155 1585 referat
1181 1527 1542 1585 dilectionem.
1571 1527 1646 1580 Ita
1678 1541 1806 1580 sane
1835 1532 1891 1578 ut

317 1632 603 1704 proximum
623 1642 726 1682 non
748 1626 1032 1681 carnaliter
1048 1623 1322 1692 intelligat,
1337 1620 1430 1677 sed
1442 1635 1652 1675 omnem
1671 1619 1890 1688 quicum

318 1738 378 1778 eo
396 1724 444 1776 in
463 1722 547 1774 illa
570 1728 750 1775 sancta
771 1716 984 1772 civitate
1003 1723 1173 1784 potest
1189 1727 1328 1774 esse,
1347 1711 1460 1766 sive
1476 1713 1606 1780 jam,
1631 1711 1742 1763 sive
1759 1723 1892 1762 non-

318 1815 436 1870 dum
473 1818 724 1883 appareat
755 1826 768 1862 :
801 1817 854 1863 ct
883 1815 939 1862 ut
967 1805 1034 1860 de
1063 1804 1258 1858 nullius
1304 1802 1533 1857 hominis
1561 1800 1892 1856 correctione

317 1905 594 1975 desperet,
631 1915 790 1971 quem
826 1897 1081 1968 patientia
1125 1895 1214 1950 Dei
1264 1893 1407 1948 videt
1449 1893 1647 1958 vivere,
1689 1907 1792 1945 non
1822 1888 1892 1944 ob

317 1996 472 2061 aliud,
501 1994 639 2050 sicut
667 1989 952 2062 Apostolus
973 1989 1068 2054 ait,
1096 1987 1194 2042 nisi
1224 1994 1282 2041 ιιι
1309 1984 1602 2040 adducatur
1629 1982 1693 2038 ad
1725 1981 1892 2053 paeni-

319 2088 525 2144 tentiam
559 2083 734 2156 (Rom.
762 2099 821 2148 ιι,
847 2082 926 2151 4).

382 2181 466 2234 51.
498 2177 553 2234 Si
581 2176 768 2247 longus
796 2175 887 2230 tibi
917 2173 1124 2229 videtur
1148 2171 1249 2226 iste
1279 2185 1476 2233 sermo,
1508 2184 1613 2239 quo
1643 2178 1890 2237 tanquam

318 2279 625 2344 praesentem
656 2267 842 2323 rudem
871 2264 1140 2322 hominem
1165 2261 1411 2326 instruxi,
1441 2261 1564 2315 licet
1593 2276 1654 2314 ea
1684 2258 1776 2312 tibi
1806 2257 1890 2312 di-

318 2379 434 2420 cere
458 2361 688 2423 brevius,
711 2358 1002 2428 longiorem
1033 2364 1206 2410 tamen
1231 2367 1351 2409 esse
1381 2351 1577 2406 debere
1595 2365 1700 2405 non
1729 2360 1886 2419 puto:

317 2467 609 2526 quanquam
638 2449 858 2506 multum
888 2448 1109 2502 interest
1132 2443 1259 2516 quid
1289 2458 1375 2498 res
1405 2443 1536 2513 ipsa,
1556 2458 1675 2495 cum
1698 2441 1889 2510 agitur,

317 2553 547 2610 moneat,
576 2553 625 2597 et
657 2540 783 2613 quid
813 2539 1111 2594 auditorum
1140 2535 1423 2606 przcsentia
1455 2548 1557 2586 non
1590 2533 1760 2586 solum
1790 2529 1894 2584 fer~

315 2656 391 2705 re,
409 2637 503 2695 sed
532 2635 694 2692 etiam
721 2632 1024 2690 desiderare
1054 2644 1113 2703 se
1141 2626 1404 2682 ostendat.
1438 2624 1568 2680 Cum
1599 2633 1774 2680 autem
1800 2637 1892 2676 cc-

316 2730 518 2786 leritate
545 2741 679 2798 opus
707 2735 820 2790 est,
852 2722 972 2778 vide
1004 2734 1161 2791 quam
1192 2717 1345 2773 facile
1375 2715 1624 2786 explicari
1669 2721 1776 2769 tota
1808 2728 1895 2767 res

317 2824 496 2895 possit.
517 2821 625 2876 Fac
650 2830 832 2875 rursus
858 2815 1046 2871 adesse
1073 2813 1325 2882 aliquem,
1345 2810 1433 2880 qui
1459 2809 1586 2863 velit
1614 2823 1732 2862 esse
1754 2805 1896 2861 chri-

317 2918 514 2973 stiauus
535 2933 548 2969 :
568 2927 697 2984 ergo
718 2920 771 2966 et
791 2909 1192 2977 interrogatum,
1212 2902 1340 2958 illud
1362 2900 1501 2971 quod
1522 2899 1764 2968 superior
1812 2912 1897 2951 rc-

317 3007 626 3079 spondisse;
649 3001 773 3073 quia
805 3009 857 3056 et
886 2999 929 3053 si
960 3013 1064 3052 non
1095 2997 1195 3049 hoc
1223 2991 1527 3061 respondet,
1547 2990 1647 3044 hoc
1676 3004 1796 3044 eum
1815 3003 1898 3043 re-

317 3099 580 3173 spondere
609 3095 860 3151 debuisse
887 3089 1170 3147 dicendum
1192 3095 1292 3142 est.
1309 3083 1510 3142 Deinde
1534 3082 1636 3137 hoc
1660 3081 1818 3137 modo
1844 3089 1898 3136 et.

317 3203 505 3250 cetera
535 3184 887 3246 contexenda.

385 3283 474 3340 52.
509 3281 666 3343 Vere,
705 3277 887 3339 frater,
915 3273 1006 3328 illa
1037 3286 1225 3342 magna
1253 3278 1308 3326 et
1341 3282 1464 3324 vera
1495 3264 1766 3323 beatitudo
1794 3271 1895 3330 est,

318 3391 432 3449 qua:
460 3375 514 3429 in
536 3372 716 3427 futuro
744 3367 941 3424 saeculo
960 3365 1157 3421 sanctis
1181 3361 1524 3433 promittitur.
1552 3359 1742 3415 Omnia
1771 3369 1902 3410 vero

318 3465 541 3522 visibilia
588 3466 902 3524 transeunt,
934 3465 988 3513 et
1022 3455 1195 3510 omnis
1225 3453 1381 3523 hujus
1420 3450 1602 3508 saeculi
1631 3463 1820 3520 pompa
1846 3453 1902 3501 et

319 3557 520 3614 delicia:
561 3563 618 3609 et
653 3549 936 3607 curiositas
965 3546 1287 3609 interibunt,
1319 3554 1373 3597 et
1405 3557 1584 3598 secum
1614 3540 1682 3595 ad
1732 3539 1898 3593 inter-

318 3650 445 3708 itum
476 3645 696 3702 tralmnt
719 3649 983 3697 amatores
1009 3652 1155 3694 suos.
1187 3637 1230 3690 A
1260 3649 1367 3706 quo
1393 3634 1630 3698 interitu,
1664 3631 1764 3686 hoc
1783 3638 1897 3695 est,

318 3740 487 3812 pomis
534 3732 880 3805 sempiternis
925 3730 1063 3784 Deus
1093 3727 1396 3782 misericors
1423 3724 1610 3780 volens
1657 3722 1902 3777 homines

319 3832 548 3888 liberare
567 3871 584 3894 ,
612 3825 660 3880 si
690 3823 792 3880 sibi
835 3822 935 3893 ipsi
979 3835 1084 3875 non
1110 3819 1217 3874 sint
1245 3815 1481 3883 inimici,
1510 3823 1566 3870 et
1600 3829 1705 3869 non
1764 3813 1903 3868 resi-

317 3931 461 3980 stant
489 3913 870 3975 misericordia:
897 3910 1161 3967 Creatoris
1190 3908 1293 3973 sui,
1311 3907 1457 3964 misit
1480 3905 1802 3977 unigenitum
1815 3904 1904 3962 Fi-

318 4014 446 4070 lium
473 4025 629 4066 suum
650 4049 664 4071 ,
693 4006 794 4062 hoc
821 4012 904 4060 est
922 4045 937 4070 ,
963 4001 1198 4057 Verbum
1227 4015 1380 4054 suum
1405 3997 1608 4068 :equale
1638 3995 1775 4061 sibi,
1810 4009 1905 4064 per

318 4103 467 4177 quod
490 4099 724 4157 condidit
749 4096 946 4152 omnia.
973 4095 1032 4148 Et
1062 4106 1284 4147 manens
1311 4090 1523 4161 quidem
1551 4089 1605 4142 in
1629 4085 1905 4142 divinitate

319 4210 444 4261 sua,
475 4200 532 4247 et
555 4206 657 4245 non
686 4187 940 4244 recedens
967 4200 998 4240 a
1027 4185 1202 4249 Patre,
1237 4198 1334 4238 nec
1362 4183 1416 4236 in
1441 4180 1618 4250 aliquo
1645 4186 1899 4242 mutatus,

320 4281 652 4342 assumendo
679 4288 850 4335 tamen
880 4276 1172 4340 hominem,
1192 4283 1247 4330 et
1270 4274 1324 4328 in
1351 4287 1511 4327 carne
1540 4269 1749 4324 mortali
1767 4269 1787 4299 ³
1811 4269 1906 4323 ho-

324 4377 563 4435 minibus
590 4370 891 4444 apparendo
931 4367 1078 4424 venit
1119 4365 1186 4420 ad
1231 4364 1474 4419 homines
1506 4378 1519 4414 :
1553 4370 1610 4416 ut
1647 4359 1905 4429 quemad-

324 4468 545 4526 modum
571 4481 665 4537 per
691 4478 852 4518 unum
883 4460 1152 4514 hominem
1178 4455 1266 4531 qui
1298 4455 1500 4525 primus
1527 4451 1697 4507 factus
1725 4459 1826 4515 est,
1853 4450 1907 4504 id

323 4572 409 4619 est
438 4561 641 4625 Adam,
683 4570 829 4612 mors
873 4551 1090 4607 intravit
1136 4549 1187 4604 in
1218 4561 1387 4618 genus
1433 4546 1756 4607 humanum,
1787 4541 1908 4611 quia

323 4651 601 4710 consensit
629 4646 834 4704 mulieri
865 4659 976 4700 suae
1006 4641 1236 4700 seducta:
1265 4654 1293 4692 a
1324 4636 1536 4693 diabolo
1555 4677 1570 4702 ,
1601 4643 1661 4689 ut
1706 4647 1909 4704 prame-

327 4755 477 4817 ptum
526 4743 620 4798 Dei
667 4737 1201 4808 transgrederentur;
1252 4731 1329 4786 sic
1377 4744 1471 4799 per
1517 4743 1680 4782 unum
1733 4723 1909 4779 homi-

327 4814 452 4890 nem
498 4833 588 4903 qui
626 4831 785 4887 etiam
832 4828 972 4882 Deus
1017 4832 1099 4879 est
1144 4821 1236 4877 Dei
1282 4819 1481 4884 Filius,
1529 4817 1707 4872 Jesum
1756 4814 1910 4869 Chri-

327 4939 503 4991 stum,
551 4923 741 4979 deletis
767 4918 1014 4974 omnibus
1061 4917 1292 4986 peccatis
1322 4909 1637 4983 praeteritis,
1681 4905 1910 4962 creden-

333 5029 414 5074 tes
457 5019 511 5072 in
546 5030 668 5071 eum
697 5025 884 5068 onmes
925 5010 978 5065 in
1021 5017 1274 5063 aeternam
1301 5005 1463 5059 vitam
1507 4999 1914 5072 ingrederentur

337 5109 444 5182 (Id.
477 5125 545 5174 v,
579 5103 786 5174 12-19).

404 5270 421 5302 ί
450 5274 524 5316 Er.
552 5274 606 5316 et
620 5257 1019 5321 Lov.,condatur.
1043 5258 1215 5321 verius
1233 5259 1352 5321 Mss.
1367 5256 1555 5321 et_Am.,
1579 5244 1914 5321 mulionum)

338 5311 498 5391 ιδίιῦ
513 5311 678 5391 meae
698 5311 1004 5391 sacramento
1021 5317 1274 5391 $16.19”.
1287 5311 1663 5391 castaneae
1683 5311 1911 5391 inter;

339 5370 677 5452 διίέῖἷοῖίῖηᾷ
701 5370 821 5452 illud
859 5381 1104 5452 Augustini
1135 5370 1220 5452 lib'.
1259 5370 1919 5452 l‘f‘btlfes’slzgll-Aﬂinfigi.

349 5431 751 5514 :‘sigiﬁiiii'j'gih
768 5431 911 5506 VSigno
927 5431 1092 5513 crucis
1114 5441 1239 5502 ejus,
1275 5443 1326 5514 et
1361 5431 1775 5514 condiebatl‘ejp:
1796 5431 1916 5514 sale,

348 5491 625 5574 ξ
648 5491 879 5574 abluero
892 5491 1270 5574 matrisméte.»
1313 5491 1920 5574 ipsa‘equqttaméhiendiﬂt

341 5551 910 5638 g'ie'ciéiii'ikiéaicnéie
918 5551 925 5552 ί
941 5551 1294 5638 sanctiﬁcatum
1312 5551 1574 5619 fadeoqué
1613 5551 1755 5618 paulo
1777 5565 1920 5615 supra

339 5622 472 5692 ἰδού,
495 5622 639 5692 sane;
661 5627 929 5692 legendum
951 5622 1162 5692 videtur,
1183 5622 1314 5674 salis.

410 5699 430 5729 ¹
450 5686 520 5745 ἐς
541 5686 646 5744 Mss.
671 5686 791 5740 Editi
813 5701 950 5749 vero,
975 5686 1144 5749 discet.

415 5759 437 5790 ³
466 5755 651 5820 Aliquot
673 5762 801 5814 uss,
833 5746 1063 5802 mortalis.

1675 305 1876 371 LIBER
1913 305 2112 370 UNUS.

2065 431 2286 490 CAPUT
2329 435 2539 492 XXVII.
2571 469 2639 478 —~
2669 441 2754 496 55.
2808 440 3107 510 Prop/retia:
3167 444 3352 500 Veteris
3391 446 3568 503 Testa-

1993 527 2146 581 menti
2172 528 2400 598 impletas
2425 532 2559 584 cerni
2589 533 2637 584 in
2666 532 2906 587 Ecclesia.
2939 535 2988 587 ΙΙ
2995 536 3073 588 inc
3101 538 3302 605 ﬁrmata
3330 539 3456 603 fides
3482 556 3568 595 eoo

1993 635 2105 672 rum
2133 636 2246 689 qua:
2272 633 2478 676 ventura
2507 633 2727 688 restant,
2749 626 2935 694 judicii
2965 628 3126 681 ultimi
3155 637 3199 682 et
3236 631 3558 684 resurrectio—

1993 709 2091 763 nis.
2119 709 2363 765 Cavenda:
2391 715 2680 768 lentationes
2708 732 2738 767 a
2769 717 2913 769 malis
2949 717 3098 770 etiam
3128 719 3180 771 in
3221 717 3448 772 Ecclesia
3477 737 3565 774 re-

1995 805 2165 874 pertis.
2198 805 2423 860 Societas
2451 823 2562 860 cum
2590 807 2748 862 bonis.
2779 809 2908 879 Spes
2951 811 3109 864 omnis
3139 811 3189 863 in
3217 809 3345 865 Deo.
3373 811 3563 867 Omnia

1994 896 2135 950 enim
2160 897 2174 927 ¹
2206 912 2324 966 quae
2363 913 2504 953 nunc
2529 899 2674 954 vides
2704 901 2754 953 in
2783 901 3017 956 Ecclesia
3051 902 3175 968 Dei,
3205 912 3256 956 et
3285 902 3382 957 sub
3403 901 3565 956 Cln‘i»

1994 986 2060 1039 sti
2091 987 2303 1042 nomine
2329 1003 2422 1058 per
2448 998 2610 1043 totum
2633 991 2813 1044 orbem
2843 1000 3096 1046 terrarum
3120 992 3290 1062 geri’,
3313 1002 3434 1046 ante
3463 1008 3555 1046 sa).

1994 1076 2110 1130 cula
2136 1077 2246 1146 jam
2290 1078 2538 1147 praedicta
2568 1089 2724 1144 sunt,
2756 1089 2809 1135 et
2851 1081 2985 1136 sicut
3013 1097 3073 1136 ca
3105 1082 3358 1150 legimus,
3402 1083 3468 1136 ita
3511 1090 3566 1137 et

1993 1168 2262 1235 videmus;
2284 1180 2336 1225 et
2361 1171 2480 1226 inde
2505 1172 2824 1227 mdilicamur
2845 1174 2895 1228 in
2924 1174 3098 1229 fidem.
3124 1175 3339 1230 Factum
3366 1185 3445 1231 est
3467 1177 3565 1230 ali-

1994 1260 2202 1329 quando
2229 1260 2479 1316 diluvium
2512 1279 2605 1332 per
2631 1273 2790 1317 totam
2820 1273 3037 1330 terram,
3057 1273 3115 1319 ut
3144 1275 3448 1334 peccatores
3467 1267 3561 1322 de-

1994 1351 2232 1406 lerentur
2263 1369 2277 1404 :
2312 1361 2366 1407 et
2394 1362 2566 1407 tamen
2597 1353 2668 1406 illi
2696 1355 2782 1425 qui
2813 1365 3095 1410 evaserunt
3125 1356 3175 1410 in
3206 1372 3356 1422 arca,
3388 1373 3566 1412 sacra-

1995 1451 2232 1496 mentum
2264 1441 2450 1496 futura:
2494 1443 2743 1498 Ecclesiae
2771 1444 3238 1511 demonstrabant,
3271 1462 3387 1515 qua:
3426 1462 3564 1501 nunc

1995 1529 2049 1584 in
2075 1529 2318 1586 fluctibus
2343 1533 2520 1587 saeculi
2552 1543 2695 1588 natat
2714 1575 2728 1601 ,
2757 1543 2811 1589 et
2854 1550 2946 1604 per
2972 1535 3168 1605 lignum
3209 1536 3383 1589 crucis
3409 1536 3568 1590 Chri-

1995 1621 2062 1676 sti
2092 1636 2122 1675 a
2149 1623 2513 1678 submersione
2557 1625 2826 1680 liberatur.
2869 1626 3182 1681 Praedictum
3227 1635 3308 1680 est
3338 1627 3565 1682 Abrahae

1995 1713 2134 1768 ﬁdeli
2165 1728 2318 1769 servo
2347 1715 2471 1781 Dei,
2504 1717 2592 1770 uni
2637 1717 2872 1784 homini,
2900 1718 3038 1788 quod
3069 1719 3133 1772 de
3163 1719 3253 1772 illo
3297 1729 3438 1774 esset
3469 1735 3567 1790 po-

1995 1804 2148 1873 pulus
2194 1806 2522 1873 nasciturus,
2556 1808 2644 1878 qui
2673 1808 2872 1863 coleret
2899 1825 3057 1863 unum
3086 1809 3254 1864 Deum
3296 1809 3432 1866 inter
3461 1825 3567 1864 CiC-

1999 1903 2138 1950 teras
2179 1906 2362 1966 gentes
2406 1912 2523 1966 qua:
2553 1898 2691 1952 idola
2735 1899 2981 1954 colebant
3012 1915 3024 1951 :
3057 1906 3112 1953 et
3139 1899 3314 1952 omnia
3346 1916 3464 1969 qua:
3495 1900 3570 1955 illi

1996 1987 2191 2057 populo
2215 1997 2435 2043 ventura
2462 1989 2709 2059 praedicta
2735 1998 2894 2054 sunt,
2925 1991 3001 2045 sic
3027 1999 3322 2046 evenerunt
3347 2001 3403 2045 ut
3431 2006 3567 2060 prae-

1995 2077 2134 2132 dicta
2161 2087 2301 2133 sunt.
2332 2078 2682 2148 Prophetatus
2707 2089 2788 2135 est
2812 2081 2866 2134 in
2896 2079 2986 2136 illo
3012 2081 3205 2150 populo
3229 2082 3386 2136 etiam
3415 2080 3574 2137 Chri-

1997 2178 2109 2224 stus
2151 2185 2244 2225 rex
2275 2171 2508 2227 omnium
2536 2181 2840 2228 sanctorum
2864 2179 2919 2228 et
2945 2172 3086 2228 Deus
3111 2182 3363 2228 venturus
3388 2188 3454 2228 ex
3479 2187 3572 2228 se-

1997 2262 2139 2318 mine
2180 2263 2342 2332 ipsius
2373 2263 2638 2318 Abraham
2668 2264 2957 2320 secundum
3000 2279 3249 2331 carnem,
3281 2279 3436 2333 quam
3479 2278 3570 2319 as-

1997 2354 2242 2421 sumpsit,
2265 2362 2320 2407 ut
2343 2368 2529 2408 omnes
2541 2355 2704 2409 etiam
2730 2354 2824 2408 filii
2840 2363 3020 2416 essent
3035 2353 3283 2418 Abrahae,
3302 2355 3391 2424 qui
3416 2354 3572 2411 (idem

1997 2446 2111 2515 ejus
2139 2446 2499 2511 imitarentur;
2529 2455 2584 2501 et
2608 2447 2685 2500 sic
2727 2454 2809 2501 est
2839 2445 3032 2500 factum
3067 2463 3080 2498 :
3113 2454 3268 2501 natus
3293 2454 3374 2501 est
3411 2444 3568 2499 Chri-

1998 2547 2111 2593 stus
2133 2537 2200 2592 de
2228 2538 2388 2593 Maria
2415 2539 2618 2609 virgine
2637 2579 2652 2604 ,
2684 2554 2801 2610 qua:
2831 2554 2898 2594 ex
2941 2539 3031 2594 illo
3055 2553 3250 2610 genere
3278 2539 3389 2607 fuit.
3423 2539 3569 2594 Prac-

1998 2629 2194 2685 dictum
2219 2641 2298 2686 est
2329 2647 2424 2701 per
2447 2632 2743 2702 Pr0phetas
2767 2631 2908 2703 quod
2947 2633 2998 2686 in
3025 2647 3182 2686 cruce
3207 2645 3457 2701 passurus
3481 2645 3571 2686 es.

1999 2730 2078 2777 set
2102 2721 2169 2776 ab
2199 2721 2382 2776 eodem
2411 2723 2604 2793 pepqu
2632 2722 2938 2778 Judmorum
2959 2763 2972 2787 ,
3001 2725 3068 2776 de
3093 2721 3241 2791 cujus
3267 2737 3461 2791 genere
3484 2737 3572 2776 se-

2000 2814 2226 2870 cundum
2256 2830 2468 2870 carnem
2498 2815 2770 2880 veniebat;
2803 2823 2856 2870 et
2895 2815 2970 2869 sic
2999 2822 3081 2868 est
3124 2815 3335 2870 lacuna.
3368 2815 3570 2870 Prmdi-

2000 2916 2141 2962 ctum
2169 2915 2249 2961 est
2274 2905 2414 2975 quod
2443 2915 2836 2962 resurrecturus
2865 2917 3037 2971 esset;
3067 2906 3354 2961 resurrexit
3379 2924 3391 2960 :
3415 2916 3469 2961 et
3488 2922 3576 2961 se-

1999 2997 2227 3052 cundum
2246 2997 2356 3066 ipsa
2375 2996 2623 3066 praedicta
2643 2995 3023 3066 Prophetarum
3041 2995 3274 3051 ascendit
3290 2996 3341 3050 in
3356 2995 3571 3062 etelutn,

2000 3101 2053 3146 et
2081 3090 2353 3160 discipulis
2377 3089 2486 3144 suis
2515 3089 2768 3158 Spiritum
2796 3098 3033 3143 sanctum
3061 3089 3222 3142 misit.
3252 3088 3570 3144 Prazdictum

2001 3191 2084 3238 est
2106 3199 2210 3237 non
2238 3183 2409 3236 solum
2429 3197 2459 3234 a
2481 3182 2778 3251 Prophetis,
2801 3179 2893 3234 sed
2922 3179 3082 3235 etiam
3108 3180 3174 3233 ab
3202 3178 3317 3248 ipso
3349 3178 3572 3234 Domino

2000 3272 2126 3328 Jesu
2156 3270 2368 3327 Christo
2386 3312 2401 3338 ,
2433 3271 2573 3342 quod
2609 3271 2842 3327 Ecclesia
2871 3269 2985 3341 ejus
3013 3285 3108 3340 per
3151 3269 3454 3325 universum
3481 3283 3572 3324 or-

2003 3365 2122 3420 bem
2148 3373 2408 3419 terrarum
2451 3372 2592 3418 esset
2617 3362 2826 3430 futura,
2858 3378 2953 3434 per
2993 3370 3295 3416 sanctorum
3323 3359 3576 3431 martyria

2002 3457 2384 3527 passionesque
2399 3455 2762 3519 disseminata;
2784 3463 2838 3510 et
2861 3462 2986 3510 tunc
3015 3453 3344 3524 praedictum,
3364 3451 3576 3524 quando

2003 3549 2175 3604 adhuc
2202 3564 2394 3603 nomen
2418 3547 2536 3618 ejus
2560 3556 2614 3602 et
2635 3547 2832 3602 latebat
2854 3555 3062 3616 gentes,
3079 3554 3133 3600 et
3146 3545 3236 3600 ubi
3265 3553 3443 3600 notum
3461 3551 3576 3600 erat

2005 3641 2321 3697 irridebatur
2342 3656 2356 3693 :
2376 3647 2430 3694 et
2456 3646 2632 3694 tamen
2663 3639 2714 3692 in
2740 3637 3020 3693 virtutibus
3044 3637 3416 3692 miraculorum
3436 3636 3571 3706 ejus,

2005 3733 2117 3789 sive
2145 3748 2262 3803 qua:
2290 3746 2384 3800 per
2411 3745 2469 3785 se
2498 3730 2632 3800 ipse,
2661 3730 2771 3784 sive
2799 3744 2916 3799 quae
2947 3744 3039 3798 per
3066 3741 3249 3782 servos
3276 3741 3401 3781 suos
3430 3727 3573 3794 fecit,

2005 3824 2132 3881 dum
2174 3823 2555 3879 annuntiantur
2583 3821 2698 3876 haec
2739 3829 2794 3876 et.
2837 3819 3156 3884 creduntur,
3182 3819 3290 3888 jam
3334 3817 3573 3872 videmus

2005 3916 2144 3987 quod
2175 3915 2484 3986 przedictum
2510 3923 2593 3968 est
2625 3926 2744 3966 esse
2770 3910 3115 3979 completum,
3147 3923 3402 3978 regesque
3433 3907 3577 3977 ipsos

2008 4019 2198 4076 terrte,
2243 4009 2332 4080 qui
2373 4015 2527 4062 antea
2572 4005 3022 4076 persequebantur
3059 4001 3418 4064 Christianos,
3463 4000 3572 4069 jam

2009 4100 2204 4158 Christi
2229 4099 2428 4154 nomini
2450 4096 2772 4166 subjugatos.
2801 4093 3116 4150 Praedictum
3143 4098 3226 4147 est
3248 4091 3406 4146 etiam
3434 4090 3575 4161 quod

2009 4193 2292 4249 schismata
2339 4197 2393 4246 et
2419 4189 2648 4244 htereses
2675 4202 2740 4241 ex
2761 4186 2874 4256 ejus
2904 4184 3143 4240 Ecclesia
3179 4191 3354 4238 essent
3401 4183 3578 4237 exitu-

2009 4299 2103 4350 rae,
2129 4291 2182 4338 et
2227 4281 2325 4336 sub
2351 4280 2464 4351 ejus
2512 4278 2726 4334 nomine
2766 4293 2860 4348 per
2885 4277 2998 4332 loca
3025 4275 3110 4330 ubi
3138 4284 3374 4344 possent,
3401 4289 3573 4341 suam,

2011 4390 2118 4430 non
2164 4372 2392 4437 Christi,
2433 4370 2652 4441 gloriam
2700 4369 3032 4440 quaesitum;
3073 4376 3127 4422 et
3172 4367 3268 4421 ista
3315 4366 3579 4437 completa

2011 4479 2155 4524 sunt.

2084 4557 2170 4612 54.
2203 4551 2466 4623 Numquid
2491 4566 2616 4622 ergo
2642 4551 2730 4605 illa
2759 4566 2876 4620 qua:
2917 4558 3117 4604 restant
3148 4564 3250 4602 non
3287 4557 3409 4601 sunt
3450 4563 3577 4602 ven-

2014 4644 2521 4702 tura?Manifestum
2567 4650 2648 4696 est
2675 4641 2794 4710 quia
2825 4641 2962 4693 sicut
2988 4641 3082 4692 ista
3129 4637 3376 4706 praedicta
3422 4653 3578 4692 vene-

2014 4746 2170 4802 runt,
2215 4735 2291 4789 sic
2318 4734 2474 4787 etiam
2527 4732 2612 4785 illa
2641 4739 2865 4784 ventura
2911 4737 3033 4782 sunt
3063 4745 3074 4780 :
3110 4743 3456 4797 qttmmttttqtte
3488 4733 3579 4782 tri-

2015 4828 2312 4884 bulationes
2352 4826 2609 4896 iustorum
2641 4822 2814 4875 adhuc
2856 4828 3090 4883 restant;
3124 4829 3172 4872 et
3203 4817 3380 4886 judicii
3426 4819 3540 4873 dies
3565 4860 3580 4882 ,

2016 4919 2104 4992 qui
2133 4917 2398 4988 separabit
2422 4930 2607 4970 omnes
2637 4913 2826 4980 impios
2855 4927 2882 4965 a
2911 4911 3066 4980 justis
3096 4910 3147 4964 in
3192 4912 3580 4966 resurrectione

2017 5025 2379 5077 mortuorum;
2424 5017 2602 5064 etnon
2630 5007 2800 5060 solum
2829 5019 2920 5059 eos
2949 5004 3036 5074 qui
3073 5013 3196 5056 sunt
3221 5013 3364 5056 extra
3396 5003 3582 5059 Eccle-

2018 5106 2149 5160 siam
2171 5145 2185 5168 ,
2231 5100 2323 5156 sed
2349 5099 2507 5154 etiam
2536 5096 2699 5166 ipsius
2726 5095 2975 5148 Ecclesia:
3017 5094 3192 5162 paleas
3211 5136 3225 5160 ,
3262 5110 3394 5164 quas
3422 5111 3584 5165 opor-

2019 5205 2093 5251 tet
2120 5208 2284 5262 usque
2309 5191 2376 5245 ad
2404 5191 2744 5244 novissimam
2773 5187 3161 5242 ventilationem
3207 5187 3582 5254 patientissime

2021 5285 2238 5341 sufferat
2256 5323 2270 5348 ,
2298 5281 2362 5336 ad
2392 5282 2566 5351 ignem
2597 5279 2827 5334 debitum
2854 5277 3166 5347 segregabit.
3192 5277 3288 5348 Qui
3317 5289 3489 5331 autem
3520 5279 3585 5330 ir-

2021 5377 2192 5432 rident
2217 5373 2657 5430 resurrectionem
2679 5411 2694 5434 ,
2730 5378 2971 5438 putantes
3011 5369 3149 5438 quod
3178 5383 3302 5422 caro
3329 5369 3422 5420 ista
3465 5368 3584 5435 quia

2023 5467 2309 5539 putrescit,
2341 5477 2616 5533 resurgere
2643 5476 2746 5516 non
2779 5468 2981 5530 potest,
3011 5461 3074 5514 ad
3121 5474 3302 5529 ptenas
3337 5458 3385 5510 in
3415 5473 3472 5508 ea
3505 5475 3584 5510 ιου-

2024 5557 2309 5616 surrecturi
2339 5564 2463 5609 sunt
2495 5572 2508 5607 :
2540 5562 2595 5609 et
2622 5552 2868 5608 ostendet
2891 5552 2967 5607 eis
2998 5553 3135 5607 Deus
3163 5551 3281 5619 quia
3305 5549 3390 5617 qui
3422 5550 3587 5616 potuit

2093 5675 2109 5703 ι
2131 5669 2434 5729 mrbeiensis
2449 5674 2547 5723 Ms.,
2583 5664 2751 5715 omnia
2776 5675 2904 5729 ergo.

2094 5735 2115 5765 ³
2137 5733 2300 5791 Abest,
2321 5727 2443 5795 geri,
2466 5741 2493 5777 a
2514 5735 2621 5778 Mss.
