4142 6212
531 310 635 395 εἰν

1496 330 1868 388 ADMONITIO
1905 329 1973 387 lN
2008 326 2556 399 SUBSEQUENTEM
2593 324 2878 387 LIBRUM.

3694 336 3807 395 348

528 455 653 508 imo
677 464 903 524 corpora
918 451 1092 508 facere
1110 456 1392 521 antequam
1416 454 1616 514 essent,
1636 454 1811 517 potest
1834 460 1897 502 ea
1922 445 1977 501 in
1994 460 2110 501 mo—
2138 474 2143 483 ι
2210 444 2415 518 justitia
2435 486 2452 514 ,
2493 454 2547 502 et
2573 441 2803 500 charitas
2824 443 2843 476 ¹
2865 486 2879 511 ,
2911 449 2966 500 et
2993 444 3040 500 si
3084 443 3211 516 quid
3258 442 3402 502 aliud
3433 446 3537 505 tale
3564 446 3799 508 dicitur:

534 552 716 600 mento
739 545 1019 600 restituere
1042 542 1182 598 sicut
1202 549 1372 597 erant.
1394 539 1593 596 Omnes
1618 548 1793 594 autem
1817 537 2005 594 ﬁdeles
2025 552 2116 595 re-

532 636 745 707 gnaturi
772 649 890 690 cum
911 632 1144 701 Christo,
1162 632 1232 688 ita
1260 641 1541 701 resurgent
1568 632 1619 688 in
1647 631 1836 688 eodem
1863 645 2109 701 corpore,

526 735 597 782 'ut
643 728 799 782 etiam
843 726 1156 781 commutari
1201 733 1508 779 mereantur
1548 723 1613 779 ad
1660 722 2112 793 incorruptionem

534 818 827 890 angelicam
857 835 874 875 :
905 825 965 871 ut
993 816 1119 871 fiant
1146 816 1377 887 mquales
1407 815 1621 886 Angelis
1666 816 1795 884 Dei,
1827 815 1965 871 sicut
2011 816 2116 872 Do-

536 909 711 964 minus
749 909 863 981 ipse
889 908 1133 980 promisit
1175 906 1323 979 (Luc.
1373 922 1477 972 xx,
1509 907 1633 976 56);
1665 914 1718 962 et
1746 904 1963 962 laudent
1989 921 2113 963 eum

536 1000 652 1054 sine
680 1000 859 1069 aliquo
897 998 1107 1054 defectu
1150 1006 1204 1053 et
1248 997 1364 1053 sine
1393 997 1569 1067 aliquo
1610 997 1856 1066 fastidio,
1902 1012 2117 1069 semper

536 1092 779 1147 viventes
820 1090 873 1145 in
918 1090 1006 1145 illo
1032 1098 1086 1144 et
1124 1088 1190 1144 de
1233 1089 1361 1155 illo,
1390 1103 1510 1144 cum
1554 1088 1644 1144 tali
1670 1089 1863 1159 gaudio
1904 1098 1957 1147 et
1985 1090 2116 1147 bea-

536 1184 799 1251 titudine,
846 1182 988 1254 quali
1032 1196 1133 1239 nec
1178 1181 1283 1238 dici
1311 1182 1330 1215 ί
1375 1197 1477 1238 nec
1521 1181 1744 1253 cogitari
1786 1183 1855 1239 ab
1901 1182 2119 1240 homine

538 1283 734 1347 potest.

479 1434 490 1442 .
611 1366 701 1423 55.
736 1365 814 1421 Tu
839 1365 1017 1437 itaque
1042 1364 1268 1422 credens
1306 1365 1441 1432 ista,
1470 1380 1601 1422 cave
1628 1366 1950 1423 tentationes
1975 1366 2119 1441 (quia

537 1455 778 1513 diabolus
806 1457 1100 1528 qumritqui
1126 1471 1306 1513 secum
1331 1456 1603 1529 pereant):
1626 1465 1682 1512 ut
1708 1472 1811 1513 non
1838 1459 2007 1514 solum
2028 1475 2122 1529 per

540 1562 636 1603 eos
659 1547 747 1619 qui
787 1558 934 1603 extra
965 1547 1255 1603 Ecclesiam
1295 1555 1453 1614 sunt,
1480 1547 1593 1603 sive
1617 1547 1812 1618 Pagani
1834 1590 1849 1613 ,
1887 1550 1998 1604 sive
2025 1549 2121 1605 Ju-

542 1637 678 1701 dtei.
720 1639 833 1694 sive
864 1638 1132 1704 haeretici,
1165 1652 1273 1693 non
1318 1646 1372 1692 te
1403 1638 1570 1692 hostis
1613 1638 1702 1693 ille
1745 1638 1994 1706 seducet;
2027 1639 2123 1695 sed

543 1729 702 1784 etiam
732 1744 865 1800 quos
891 1728 945 1784 in
974 1729 1085 1802 ipsa
1113 1728 1351 1785 Ecclesia
1380 1727 1639 1783 catholica
1665 1728 1863 1783 videris
1882 1729 2023 1784 male
2047 1729 2126 1784 vi-

542 1829 747 1888 ventes,
767 1828 859 1875 aut
882 1819 1264 1876 immoderatos
1284 1820 1305 1851 ¹¹
1333 1819 1690 1889 voluptatibus
1711 1820 1911 1875 ventris
1932 1829 1983 1874 et
2005 1829 2125 1891 gut-

542 1913 679 1967 turis
698 1955 712 1979 ,
741 1920 833 1967 aut
859 1910 1155 1982 impudicos
1174 1953 1189 1979 ,
1218 1919 1310 1965 aut
1335 1911 1488 1966 vanis
1517 1910 1912 1966 curiositatibus
1938 1912 2021 1965 vel
2063 1911 2127 1967 il-

543 2003 705 2059 licitis
730 2002 958 2070 deditos,
976 2003 1086 2058 sive
1113 2002 1557 2074 spectaculorum,
1584 2003 1699 2058 sive
1723 2002 2081 2057 remediorum
2103 2003 2124 2035 ³

544 2096 1040 2152 autdivinationum
1072 2093 1455 2150 diabolicarum
1478 2135 1493 2161 ,
1521 2093 1634 2148 sive
1660 2091 1712 2147 in
1742 2108 1930 2163 pompa
1966 2101 2019 2148 et
2048 2103 2127 2162 tv-

544 2186 653 2257 pho
679 2186 914 2241 avaritiae
940 2194 1098 2256 atque
1121 2184 1403 2255 superbire,
1422 2184 1533 2240 sive
1558 2184 1612 2238 in
1639 2183 1813 2254 aliqua
1840 2184 1945 2239 vita
1968 2199 2125 2254 quam

543 2277 633 2333 lex
656 2275 679 2310 ⁸
706 2275 922 2332 damnat
949 2285 1003 2332 et
1028 2275 1210 2347 punit,
1240 2291 1351 2331 non
1389 2290 1484 2331 eos
1505 2275 1731 2331 imiteris
1764 2293 1778 2328 :
1813 2278 1906 2331 sed
1951 2278 2127 2346 potius

544 2369 881 2442 conjungaris
904 2370 1088 2438 bonis,
1119 2386 1255 2442 quos
1279 2371 1592 2428 inventurus
1618 2387 1676 2427 es
1701 2371 1854 2427 facile
1874 2414 1887 2438 ,
1918 2371 1963 2427 si
1990 2382 2044 2428 et
2073 2382 2128 2429 tu

543 2465 663 2521 talis
685 2464 882 2531 fueris;
911 2473 969 2520 ut
994 2464 1150 2520 simul
1176 2462 1367 2520 colatis
1395 2473 1448 2520 et
1474 2465 1703 2535 diligatis
1726 2465 1890 2521 Deum
1921 2469 2085 2538 gratis
2111 2485 2123 2519 :

542 2557 663 2629 quia
683 2565 848 2613 totum
873 2557 1154 2629 praemium
1171 2565 1412 2613 nostrum
1434 2558 1549 2629 ipse
1572 2558 1693 2626 erit,
1713 2567 1769 2612 ut
1797 2559 1848 2612 in
1873 2558 1961 2614 illa
1979 2559 2085 2613 vita
2107 2559 2128 2590 ⁸

540 2649 777 2706 bonitate
799 2650 913 2721 ejus
938 2658 992 2706 et
1017 2650 1408 2721 pulchritudine
1433 2651 1790 2724 perfruamur.
1820 2651 1926 2707 Sed
1948 2668 2129 2707 aman-

541 2740 645 2798 dus
687 2750 802 2811 est,
835 2756 940 2797 non
970 2743 1105 2797 sicut
1132 2742 1332 2813 aliquid
1361 2741 1503 2813 quod
1543 2742 1752 2798 videtur
1794 2744 1999 2809 oculis;
2034 2744 2129 2800 sed

545 2836 683 2893 sicut
724 2844 934 2891 amatur
958 2835 1217 2905 sapientia
1239 2877 1255 2904 ,
1302 2844 1357 2891 et
1395 2835 1624 2903 veritas,
1657 2843 1711 2891 et
1754 2835 2037 2904 sanctitas,
2073 2847 2127 2892 et

609 2972 627 3002 ι
650 2971 725 3020 Sic
743 2976 847 3033 Mss.
865 2975 919 3021 At
942 2968 1077 3033 editi,
1277 2982 1365 3020 nec
1381 2967 1499 3022 dici.

610 3033 632 3063 ²
652 3037 783 3103 Mss,
806 3028 1136 3101 imnwderati's
1158 3044 1176 3081 :
1201 3030 1410 3103 fortasse
1413 3044 1531 3140 (pro,
1554 3030 1604 3083 in
1625 3029 1971 3082 immoderatis.
1991 3091 2002 3104 υ

610 3093 632 3127 ⁸
652 3092 787 3140 aditi.
817 3104 915 3140 sive
936 3092 1261 3140 remediorum
1282 3105 1408 3140 sacri
1428 3105 1640 3140 edorum.
1668 3095 1833 3140 Abest.
1874 3106 2000 3140 sacrt

608 3093 632 3127 ⁸
652 3092 787 3163 aditi,
817 3091 915 3141 sive
936 3092 1261 3163 remediorum
1282 3091 1640 3163 sacrifegorum.
1668 3095 1833 3163 Abest,
1856 3091 2131 3163 'sqcrt'leqo-

548 3166 682 3218 rum,
700 3160 877 3218 a_t_ttss.,
898 3160 955 3218 ut
975 3153 1056 3203 illa
1070 3167 1181 3218 qua:
1204 3162 1311 3218 post
1328 3153 1602 3218 adhibetur,
1632 3168 1743 3218 vox,
1761 3153 2128 3216 diabolicarum,

548 3212 686 3286 εἰ.Ἆᾲ
710 3212 1050 3286 divinationum
1065 3212 1328 3286 referatur,
1354 3223 1405 3266 et
1432 3217 1492 3286 ad
1513 3212 1851 3286 regitediorum.

548 3276 961 3391 mingaornb‘eieusis
998 3284 1099 3338 )ts.,
1137 3276 1219 3328 (ea:
1238 3276 1329 3327 Dei
1355 3289 1374 3327 :
1405 3278 1495 3327 sed
1518 3279 1748 3337 additum,
1777 3277 1882 3338 Dei,
1908 3290 1936 3327 a
1958 3290 2132 3328 secun-

609 3402 632 3435 ⁵
652 3399 788 3464 Editi,
811 3397 861 3450 in
884 3395 968 3451 illa
989 3403 1180 3451 azterna
1203 3397 1313 3453 vita.
1340 3401 1503 3466 Abest,
1526 3407 1727 3463 (eterna,
1752 3413 1780 3450 a
1801 3407 1908 3451 Mss.

2218 555 2324 595 non
2350 536 2794 610 quemadmodum
2820 543 2945 593 sunt
2964 535 3068 592 ista
3086 536 3137 591 in
3152 536 3457 595 hominibus
3476 538 3599 604 :sed
3611 559 3769 614 quem
3782 575 3804 588 .

2219 629 2504 686 admodum
2556 637 2679 685 sunt
2720 628 2774 684 in
2830 627 2946 699 ipso
2989 627 3135 684 fonte
3170 627 3593 701 incorruptibilis
3621 642 3676 690 et
3720 635 3806 691 in-

2220 721 2609 779 commutabilis
2627 721 2919 795 sapientiae.
2938 721 3310 796 Quoscumque
3327 740 3455 798 ergo
3473 727 3673 785 videris
3685 727 3804 788 huic

2221 830 2433 883 amare,
2480 814 2583 869 illis
2611 813 2935 886 conjungere
2954 854 2967 877 ,
2993 822 3055 868 ut
3077 828 3175 885 per
3210 810 3481 871 Christum
3509 819 3599 891 qui
3641 820 3803 879 homo

2221 903 2393 961 factus
2427 913 2539 974 est,
2586 913 2645 961 ut
2670 914 2815 961 esset
2855 902 3114 960 Mediator
3140 902 3235 960 Dei
3263 914 3319 964 et
3363 905 3674 977 hominum,
3718 926 3805 968 re-

2222 997 2522 1056 concilieris
2564 998 2695 1055 Deo.
2723 996 2981 1055 Homines
3024 1004 3200 1053 autem
3231 1014 3548 1070 perversos,
3594 1002 3805 1060 etiamsi

2224 1090 2423 1148 intrent
2458 1091 2688 1162 parietes
2713 1089 2957 1146 ecclesiae
2975 1131 2991 1155 ,
3019 1103 3126 1146 non
3156 1103 3252 1146 eos
3279 1088 3553 1147 arbitreris
3580 1093 3807 1149 intratu-

2223 1199 2313 1241 ros
2351 1184 2406 1239 in
2435 1199 2656 1254 regnum
2686 1181 2981 1249 caelorum;
3013 1180 3136 1253 quia
3178 1195 3279 1237 suo
3304 1190 3544 1254 tempore
3585 1200 3805 1255 separa-

2225 1275 2440 1342 buntur,
2465 1274 2511 1331 si
2539 1289 2598 1330 se
2623 1275 2677 1330 in
2703 1273 2896 1330 melius
2924 1288 3030 1329 non
3056 1273 3521 1331 commutaverint.
3549 1274 3804 1335 Homines

2225 1383 2352 1439 ergo
2376 1367 2548 1423 bonos
2573 1365 2782 1421 imitare
2801 1406 2816 1432 ,
2843 1363 3014 1421 malos
3040 1363 3207 1421 tolera
3225 1406 3240 1431 ,
3268 1378 3458 1420 omnes
3487 1378 3640 1432 ama;
3666 1381 3803 1437 quo-

2226 1457 2366 1513 niam
2390 1457 2564 1513 nescis
2589 1455 2714 1529 quid
2739 1470 2858 1513 cras
2882 1454 3090 1511 futurus
3112 1453 3182 1511 sit
3206 1454 3298 1527 qui
3324 1454 3481 1511 hodie
3506 1455 3678 1512 malus
3698 1464 3803 1512 est.

2225 1545 2334 1603 Nec
2357 1562 2543 1603 eorum
2572 1561 2718 1602 ames
2746 1545 3091 1616 injustitiam;
3120 1541 3213 1600 sed
3240 1545 3387 1617 ipsos
3414 1544 3537 1601 ideo
3561 1559 3679 1600 ama
3698 1588 3711 1610 ,
3749 1555 3807 1602 ut

2226 1638 2627 1713 apprehendant
2645 1639 2907 1711 justitiam
2940 1656 2954 1693 :
2984 1638 3105 1710 quia
3134 1650 3238 1692 non
3265 1636 3437 1693 solum
3465 1636 3681 1692 dilectio
3710 1635 3807 1692 Dei

2227 1732 2381 1788 nobis
2410 1738 2676 1805 przecepta
2718 1738 2831 1796 est,
2875 1727 2969 1786 sed
3008 1728 3165 1785 etiam
3208 1724 3424 1784 dilectio
3452 1728 3721 1799 proximi,
3752 1726 3806 1784 in

2228 1823 2418 1893 quibus
2442 1821 2648 1877 duobus
2673 1820 2953 1891 praeceptis
2978 1827 3084 1875 tota
3110 1817 3220 1875 Lex
3252 1816 3451 1891 pendet
3487 1827 3542 1874 et
3568 1816 3808 1889 Prophe-

2229 1923 2295 1971 tte
2336 1913 2545 1987 (Matth.
2589 1928 2736 1982 XXII,
2766 1910 2980 1985 37-40).
3011 1910 3179 1980 Quam
3209 1923 3315 1965 non
3343 1909 3530 1981 implet
3571 1908 3674 1965 nisi
3716 1910 3805 1982 qui

2229 2006 2429 2063 donum
2447 2006 2468 2037 ¹
2498 2003 2764 2074 acceperit
2805 2002 3060 2074 Spiritum
3106 2007 3347 2058 sanctum
3367 2042 3385 2069 ,
3414 1998 3559 2056 Patri
3587 2009 3642 2056 et
3666 1996 3805 2056 Filio

2230 2100 2411 2171 utique
2436 2098 2729 2168 aequalem;
2758 2097 2879 2169 quia
2907 2096 3019 2167 ipsa
3045 2094 3278 2153 Trinitas
3304 2090 3450 2150 Deus
3476 2101 3559 2149 est
3581 2109 3595 2146 :
3617 2092 3671 2149 in
3699 2106 3804 2165 quo

2230 2190 2341 2246 Deo
2368 2204 2493 2262 spes
2518 2188 2690 2244 omnis
2716 2186 2960 2259 ponenda
2989 2196 3090 2243 est.
3119 2186 3179 2242 In
3206 2184 3423 2242 homine
3456 2198 3563 2241 non
3602 2195 3688 2241 est
3712 2201 3807 2257 po-

2232 2281 2424 2349 nenda,
2456 2280 2853 2352 qualiscumque
2881 2278 2970 2333 ille
2996 2276 3175 2334 fuerit.
3202 2275 3361 2332 Aliud
3385 2283 3468 2332 est
3490 2274 3631 2331 enim
3658 2274 3749 2332 ille
3771 2290 3806 2334 tt

2231 2390 2336 2445 quo
2370 2371 2755 2444 jnstiﬁcamur,
2783 2368 2926 2425 aliud
2951 2368 3027 2424 illi
3068 2383 3188 2424 cum
3219 2369 3411 2441 quibus
3432 2366 3806 2440 justificamur.

2231 2465 2345 2521 Non
2372 2473 2547 2520 autem
2577 2463 2747 2520 solum
2773 2478 2869 2535 per
2894 2461 3209 2532 cupiditates
3237 2460 3477 2517 diabolus
3503 2468 3689 2526 tentat,
3713 2459 3812 2518 sed

2233 2559 2390 2615 etiam
2416 2573 2513 2629 per
2533 2564 2767 2612 terrores
2792 2554 3196 2610 insultationum
3223 2561 3279 2611 et
3301 2550 3543 2610 dolorum
3569 2561 3622 2608 et
3641 2551 3810 2623 ipsius

2232 2651 2438 2707 mortis.
2468 2647 2733 2721 Quidquid
2773 2656 2951 2705 autem
2982 2646 3145 2703 homo
3184 2661 3370 2719 passus
3398 2644 3557 2703 fuerit
3582 2658 3679 2717 pro
3705 2658 3808 2701 no-

2232 2744 2375 2798 mine
2400 2740 2629 2808 Christi,
2662 2749 2716 2797 et
2740 2754 2838 2812 pro
2864 2754 2958 2810 spe
2984 2738 3107 2794 vitae
3135 2746 3349 2795 aeterna:
3368 2782 3383 2806 ,
3412 2744 3467 2793 et
3493 2748 3809 2809 permanens

2233 2835 2560 2900 toleraverit,
2591 2832 2762 2904 major
2788 2832 2840 2888 ei
2862 2846 3071 2888 merces
3100 2829 3313 2886 dabitur
3344 2847 3356 2884 :
3391 2829 3533 2904 quod
3560 2830 3607 2885 si
3633 2840 3813 2886 cesseo

2233 2930 2303 2986 rit
2330 2928 2540 2985 diabolo
2559 2968 2574 2995 ,
2616 2943 2736 2983 cum
2767 2927 2858 2982 illo
2884 2924 3241 2981 damnabitur.
3268 2920 3377 2983 Sed
3410 2933 3572 2995 opera
3599 2919 3811 2979 miseri-

2233 3020 2429 3077 cordia:
2472 3035 2592 3075 cum
2624 3019 2708 3091 pia
2751 3017 3049 3074 humilitate
3075 3015 3360 3087 impetrant
3387 3028 3416 3068 a
3444 3012 3707 3079 Domino,
3748 3021 3810 3071 ut

2233 3130 2339 3169 non
2371 3112 2641 3182 permittat
2682 3125 2864 3167 servos
2889 3123 3016 3166 suos
3044 3108 3233 3165 tentari
3255 3106 3376 3181 plus
3401 3121 3560 3180 quam
3589 3112 3811 3178 possunt

2234 3205 2495 3259 sustinere
2518 3202 2559 3275 (I
2590 3201 2706 3258 Cor.
2738 3218 2790 3267 x,
2818 3200 2932 3273 15).

2298 3342 2317 3430 ἒ
2340 3344 2447 3449 Eii;
2465 3338 3328 3459 semimares:
3338 3330 3641 3445 53m

3430 3598 3541 3610 vg—

561 3598 3802 3658 Ἢ

1656 3779 2698 3894 ADMONITIO

1700 4017 1766 4075 IN
1803 4014 2356 4087 SUBSEQUENTEM
2394 4011 2671 4073 LIBRUM.

1960 4258 1969 4263 _
2166 4202 2364 4255 “IT-35

622 4394 840 4453 Librum
864 4394 931 4452 de
949 4395 1289 4453 Continentia
1313 4408 1467 4450 suum
1497 4392 1609 4463 ipse
1631 4393 1868 4463 agnoscit
1894 4393 2217 4463 Augustinus
2247 4393 2298 4449 in
2326 4393 2558 4465 Epistula
2585 4393 2713 4464 262,
2743 4392 2812 4451 ad
2841 4393 3053 4453 Darium
3079 4394 3348 4452 comitem.
3385 4390 3641 4466 Ejusdem
3699 4409 3835 4466 ope-

549 4490 625 4550 ris
676 4490 916 4546 meminit
955 4489 1226 4546 Possidius
1254 4488 1306 4543 in
1338 4486 1589 4551 lndiculo,
1621 4501 1736 4557 cap.
1769 4485 1852 4550 10,
1887 4495 1937 4541 et
1969 4486 2219 4540 nonnulla
2243 4501 2309 4542 ex
2339 4486 2527 4543 eodem
2569 4489 2702 4544 libro
2732 4497 2980 4558 excerpta
3028 4489 3078 4547 in
3110 4490 3219 4545 suis
3245 4489 3581 4545 eollectaneis
3617 4487 3826 4559 profert

555 4581 699 4638 Beda
729 4595 821 4635 seu
848 4579 1054 4647 Florus,
1086 4588 1137 4635 ct
1163 4578 1254 4652 qui
1278 4577 1344 4633 ab
1363 4577 1641 4649 Augustini
1664 4585 1901 4647 tempore
1928 4577 2170 4646 prOpritts
2187 4576 2345 4632 distat
2373 4578 2660 4650 Eugypius.
2708 4578 2843 4636 Ilinc
2865 4595 3088 4637 censura
3109 4580 3361 4639 refellitur
3405 4578 3665 4637 Dcsiderii
3697 4578 3832 4637 Era-

556 4672 684 4739 smi,
717 4688 875 4744 quam
902 4672 954 4727 in
983 4670 1154 4728 fronte
1175 4671 1316 4726 Libri
1344 4668 1589 4741 przeﬁxit,
1621 4667 1786 4723 videri
1837 4668 1933 4722 sibi
1962 4682 2079 4722 esse
2108 4668 2361 4740 liugonis,
2388 4678 2443 4725 et
2472 4670 2702 4741 pltrasim
2725 4686 2947 4741 arguere
2976 4671 3115 4743 quod
3148 4688 3250 4729 non
3298 4671 3367 4729 sit
3389 4671 3686 4742 Augustini.
3715 4672 3823 4731 Sti-

556 4770 649 4826 lus
665 4776 718 4823 et
746 4766 927 4836 dictio,
974 4775 1160 4821 nostro
1187 4764 1398 4837 quidem
1438 4763 1657 4835 judicio,
1706 4762 1893 4818 similis
1920 4762 2137 4818 omnino
2166 4771 2248 4818 cst
2292 4763 2579 4819 multorum
2638 4762 2916 4832 Augustini
2954 4763 3291 4833 Semnonum,
3318 4780 3503 4823 eorum
3532 4765 3830 4839 praesertim

562 4877 693 4934 quos
714 4859 901 4933 primis
930 4859 1084 4914 annis
1123 4857 1255 4913 dixit
1280 4857 1391 4913 sive
1416 4856 1652 4911 dictavit.
1682 4854 1831 4911 Ilunc
1850 4870 1977 4909 vero
2000 4855 2193 4909 librum
2244 4855 2556 4910 Sermonem
2579 4854 2860 4925 quemdam
2885 4872 3026 4923 esse,
3059 4873 3217 4928 quem
3249 4857 3448 4915 idcirco
3487 4859 3542 4916 in
3565 4859 3827 4914 librorum

562 4968 779 5009 suorum
804 4948 1283 5006 Betractationibus
1309 4947 1581 5021 praneriit,
1611 4945 1724 5015 ipso
1764 4945 1889 4997 satis
1918 4944 2135 4998 exordio
2159 4944 2476 4999 declaratur.
2502 4944 2591 5000 Sic
2617 4960 2745 5000 vero
2770 4946 3038 5018 appellant
3058 4957 3264 5004 veteres
3281 4946 3421 5019 libri,
3454 4962 3658 5007 necnon
3687 4946 3823 5003 Pos-

568 5045 755 5109 sidius,
785 5044 1054 5116 Eugypius
1089 5051 1144 5098 et
1161 5041 1372 5097 Florus.
1400 5037 1688 5096 Commode
1705 5038 1861 5093 etiam
1890 5036 1939 5090 in
1966 5037 2169 5106 priores
2195 5051 2364 5090 annos
2393 5037 2554 5105 ipsius
2596 5039 2832 5093 revocari
2859 5053 3015 5093 nemo
3064 5039 3371 5109 negaverit;
3397 5037 3838 5112 quandoquidem

557 5148 614 5193 et
641 5136 846 5207 longior
872 5137 1059 5192 Sermo
1089 5147 1191 5200 est,
1214 5145 1269 5192 et
1305 5149 1549 5205 magnam
1596 5140 1796 5206 partem
1823 5138 2005 5187 contra
2039 5128 2375 5194 Maniclwos,
2402 5143 2627 5199 quorum
2655 5128 2901 5186 haeresim
2931 5128 3255 5213 Augustinus
3280 5117 3510 5188 maxime
3535 5130 3688 5188 initio
3708 5143 3821 5188 sua:

568 5228 936 5289 conversionis
954 5228 1205 5289 insectari
1231 5229 1457 5289 solebat.

2225 5577 2248 5592 .
