4122 6212
332 367 3564 441 W

906 511 1048 632 Su
1105 513 1880 630 AURELII
1959 497 2980 631 AUGUSTINI

1458 724 1966 793 HIPPONENSIS
2006 725 2363 794 EPISCOPI

688 889 1039 1060 DE
1307 889 3192 1062 CONTINENTIA

1352 1160 1875 1334 LIBER
1970 1159 2361 1274 UNUS
2399 1159 2526 1272 (α).

1724 1351 2196 1412 ο>>>>>>9ιο⁴εᾶεεέπ

377 1473 586 1546 explicat
599 1472 870 1546 versiculos
888 1471 1010 1546 duos
1031 1470 1200 1546 Psalgni
1228 1471 1347 1526 HO:
1369 1481 1519 1546 pone,
1540 1473 1740 1546 nomine
1753 1509 1770 1535 ,
1804 1473 2072 1546 custodiam
2090 1474 2166 1546 ori
2187 1489 2292 1530 meo
2303 1513 2318 1539 ,
2343 1484 2388 1546 et
2409 1477 2584 1532 ostium
2602 1480 2902 1546 continentur
2917 1483 3100 1536 circum
3118 1483 3246 1538 labia
3263 1497 3373 1538 mea
3393 1498 3410 1536 :
3427 1498 3486 1538 πε
3503 1484 3588 1536 de.

320 1531 459 1611 cibis}
491 1550 578 1611 cat:
602 1548 761 1611 meum
784 1531 852 1611 ⁸ἱγι
868 1532 1016 1611 uerba
1411 1531 1716 1611 cacusandas
1735 1531 2082 1611 Iea‘cusatio‘nm
2105 1535 2155 1586 in
2171 1531 2411 1611 peccatis.
2444 1531 2699 1611 captoque
2710 1531 2829 1593 inde
2841 1531 3413 1611 's'eiindiiigh‘r'gﬁgiiaité
3427 1531 3588 1611 docet

318 1599 886 1669 mutinentiavirtutem
902 1609 1004 1669 pro
1033 1608 1124 1669 suo
1158 1595 1642 1669 ciliciocoercendas
1671 1597 1859 1669 habere
1885 1595 2195 1669 libidines‘et'
2207 1604 2421 1669 corporis
2437 1611 2488 1653 et
2506 1595 2694 1669 'anlinl,
2720 1611 2867 1668 atque
2899 1595 3160 1656 universim
3179 1595 3590 1658 delectationibus

321 1655 1499 1740 euerterecaesumcaesum
1519 1659 2191 1740 ἓάῐοιξεθηὲἓξιῖ.ιξο¹¹ίινθιιί¹ίξ.
2209 1655 2480 1740 invisere.
2682 1655 2747 1716 ίιο
2777 1655 2839 1738 ἀρ
2858 1655 3066 1740 pronus
3090 1655 3285 1720 om
3298 1655 3589 1722 snas-ms

320 1718 590 1796 pugnantes
607 1718 1705 1796 contrajconcupisgeutiam,qutepeglegem
1731 1718 1933 1796 quidem
1951 1723 2289 1796 cognoscitur,
2307 1718 2402 1796 sed
2427 1740 2524 1796 non
2546 1727 2750 1796 vincitur
2779 1718 2880 1796 nisi:
2895 1718 2984 1796 per
3006 1718 3487 1796 gratiann—s‘uperbos
3500 1744 3588 1780 re-

321 1779 576 1851 habenda
594 1779 1126 1851 excusationes—varies
1139 1781 1192 1831 in
1211 1779 1423 1851 peccatis
1442 1779 1714 1851 struentes
1727 1779 1880 1851 (quo.
1894 1781 1944 1829 in
1970 1779 2162 1844 genere
2187 1779 2452 1851 iniquiores
2464 1789 2746 1837 Manichmos
2761 1825 2774 1847 ,
2799 1791 2882 1851 qui
2895 1779 3101 1851 ’pcct'iita
3123 1803 3209 1840 sua
3232 1779 3279 1840 in
3313 1779 3428 1839 inali
3449 1779 3588 1842 natu-

319 1840 418 1898 iam
441 1845 490 1893 in
509 1857 568 1894 se
593 1844 607 1894 i
641 1844 710 1893 sis
731 1843 924 1892 insitam
944 1840 1230 1894 referebant

319 1904 554 1955 mirum.
576 1857 695 1955 εἴθ..
719 1917 817 1955 auo
837 1903 1230 1955 demonstratasc‘

319 1917 860 2023 πωοξνειεξε

387 2091 616 2152 CAPUT
638 2089 923 2150 PRIMUM.
953 2121 1020 2134 —-
1043 2077 1094 2147 i.
1117 2091 1439 2148 Continentia
1456 2107 1487 2146 (ι
1509 2091 1714 2146 libidine
1732 2092 1904 2148 carnis

321 2183 416 2244 Del
448 2184 660 2240 donum.
713 2171 1052 2239 Continenlia.
1081 2182 1184 2240 oris
1219 2191 1268 2237 et
1296 2184 1408 2253 ipsa
1436 2183 1626 2237 donum
1673 2181 1792 2236 Dei.
1827 2183 1899 2238 0s

321 2277 544 2350 corporis
581 2285 630 2334 et
658 2293 716 2332 os
750 2275 938 2332 cordis.
967 2275 1042 2332 De
1077 2275 1274 2330 virtute
1302 2273 1522 2344 animm,
1554 2291 1672 2346 qua:
1717 2275 1905 2332 Conti-

303 2371 503 2430 'nentia
527 2369 836 2425 nominatur
859 2410 875 2437 ,
901 2367 1032 2424 satis
1057 2367 1440 2426 convenienter
1467 2375 1522 2422 et
1541 2366 1697 2438 digne
1719 2367 1905 2440 dispu-

324 2468 438 2520 tare
466 2459 686 2518 diiiicile
709 2470 793 2517 est
823 2479 837 2516 :
868 2459 964 2516 sed
990 2459 1334 2532 exiguitatem
1368 2468 1601 2516 nostram
1643 2459 1742 2516 sub
1779 2461 1908 2516 tanti

325 2553 579 2628 ponderis
605 2552 813 2610 sarcina
839 2552 929 2608 ille
949 2552 1100 2625 cujus
1125 2552 1238 2607 inec
1257 2553 1425 2628 virtus
1446 2567 1691 2622 magnum
1716 2568 1910 2609 munus

326 2652 440 2714 est,
461 2642 753 2714 adiuvabit.
785 2641 919 2698 Nam
947 2641 1037 2713 qui
1081 2657 1199 2698 eam
1227 2641 1390 2700 donat
1427 2643 1820 2699 continentibus
1851 2644 1912 2700 ii-

327 2735 534 2794 dclibns
553 2735 664 2792 suis
686 2776 704 2804 ,
732 2736 848 2806 ipse
890 2735 982 2791 dat
1009 2749 1310 2790 sermonem
1341 2734 1408 2791 de
1455 2734 1540 2792 illa
1572 2734 1910 2808 loquentibus

327 2828 589 2888 ministris
614 2829 747 2884 suis.
777 2827 1018 2898 Denique
1037 2825 1104 2882 de
1126 2841 1186 2884 re
1212 2836 1375 2891 tanta,
1398 2825 1539 2898 quod
1565 2827 1678 2898 ipse
1703 2826 1913 2884 dederit

332 2920 603 2988 locuturi,
643 2916 742 2974 Del
769 2919 967 2975 donum
1011 2933 1135 2974 esse
1160 2918 1540 2976 continentiam
1580 2906 1915 2988 primum’di-

331 3012 498 3070 cimus
521 3018 576 3066 et
611 3007 916 3082 probamus.
950 3009 1008 3064 in
1038 3009 1174 3066 libro
1199 3007 1484 3078 Sapientiae
1515 3009 1770 3079 scriptum
1815 3008 1912 3064 ha-

330 3103 558 3171 bemus,
599 3101 702 3158 nisi
749 3103 890 3158 Deus
931 3101 1052 3170 det,
1080 3101 1442 3158 continentem
1499 3117 1619 3157 esse
1648 3103 1914 3160 neminem

331 3209 490 3268 posse
512 3193 666 3270 (Sep.
693 3210 781 3251 vin
800 3235 817 3266 ,
841 3192 955 3270 21).
986 3194 1242 3250 Dominus
1275 3201 1450 3250 autem
1481 3191 1548 3249 de
1575 3195 1686 3264 ipsa
1715 3195 1918 3265 majore

331 3293 388 3344 et
435 3286 754 3359 gloriosiore
801 3284 1146 3354 continentia,
1187 3297 1290 3356 qua
1334 3299 1364 3339 a
1413 3284 1678 3356 conjugaii
1705 3283 1918 3342 vinculo

332 3378 638 3435 continetur
664 3378 682 3410 ⁸
703 3419 719 3446 ,
771 3377 886 3433 ait:
919 3373 1041 3431 Non
1078 3391 1250 3431 omnes
1291 3377 1500 3447 capiunt
1545 3375 1743 3430 verbum
1771 3375 1866 3430 hoc
1897 3417 1912 3443 ,

332 3471 422 3526 sed
446 3469 629 3544 quibus
674 3467 850 3523 datum
898 3479 971 3523 est
1001 3465 1212 3539 (Matth.
1267 3482 1360 3522 χιι
1380 3508 1396 3533 ,
1424 3463 1534 3536 Η).
1562 3465 1629 3521 Ει
1671 3466 1918 3540 quoniam

333 3561 450 3634 ipsa
477 3575 690 3634 quoque
722 3560 938 3616 castitas
985 3549 1308 3629 coniugalis,
1353 3557 1455 3612 nisi
1483 3558 1816 3613 contineatur
1852 3557 1921 3614 ab

335 3653 522 3710 illicito
564 3651 884 3720 concubitu,
934 3666 1040 3707 non
1084 3658 1260 3721 potest
1301 3644 1585 3716 custodiri;
1632 3662 1921 3722 utrumque

335 3745 627 3818 Apostolus
653 3745 852 3802 donum
895 3745 991 3800 Dei
1017 3758 1136 3801 esse
1169 3743 1508 3815 przcdicavit,
1544 3759 1665 3800 cum
1697 3743 1763 3798 de
1813 3743 1922 3800 vita

335 3842 564 3909 utraque
581 3877 598 3904 ,
631 3833 685 3890 id
703 3843 791 3892 est
808 3877 824 3902 ,
851 3843 904 3890 et
927 3832 1188 3904 conjugall
1208 3873 1224 3897 ,
1246 3839 1300 3888 et
1321 3848 1382 3887 ea
1402 3847 1521 3904 qua:
1549 3841 1631 3889 est
1652 3833 1767 3888 sine
1796 3847 1925 3888 con-

334 3925 512 3998 iugio,
561 3925 872 4000 loqueretur
909 3923 1134 3980 dicens:
1174 3919 1367 3980 Vellem
1396 3939 1566 3980 omnes
1603 3923 1827 3977 homines
1851 3923 1924 3976 sic

337 4033 448 4074 esse
469 4019 600 4073 sicut
625 4033 705 4072 me
741 4017 907 4088 ipsum
935 4033 954 4073 :
979 4007 1069 4072 sed
1087 4017 1424 4089 unusquisque
1443 4016 1707 4090 proprium
1737 4015 1926 4070 donum

341 4109 493 4165 habet
520 4126 554 4164 a
577 4107 720 4176 Deo;
743 4109 876 4165 alius
905 4110 1008 4176 sic,
1036 4110 1168 4164 alius
1197 4117 1360 4164 autem
1389 4110 1460 4162 sic
1489 4107 1530 4180 (l
1556 4105 1676 4162 Cor.
1701 4123 1804 4174 vn,
1847 4104 1922 4182 7).

417 4200 479 4256 Ξ.
512 4199 583 4256 Et
604 4215 672 4257 ne
693 4201 747 4257 in
768 4201 880 4258 sola
909 4200 1219 4257 inferiorum
1245 4201 1471 4272 partium
1499 4200 1676 4256 carnis
1705 4199 1927 4256 libidine

345 4290 682 4349 continentia
701 4291 1004 4348 necessaria
1022 4290 1296 4348 videretur
1315 4305 1344 4344 τι
1371 4289 1598 4345 Domino
1622 4289 1887 4361 speranda
1907 4331 1922 4357 ,

339 4383 506 4439 etiam
535 4381 591 4438 in
620 4381 834 4439 Psalmo
863 4383 1104 4451 canitur,
1138 4380 1283 4436 Pone
1302 4422 1316 4448 ,
1347 4379 1564 4436 Domine
1592 4423 1608 4450 ,
1649 4381 1928 4436 custodiam

339 4474 421 4530 ori
443 4489 554 4530 meo
577 4515 593 4543 ,
638 4482 686 4529 et
722 4475 906 4529 ostium
933 4471 1252 4529 continentia:
1297 4473 1488 4526 circum
1524 4469 1657 4526 labia
1685 4487 1814 4526 nica.
1871 4472 1929 4528 in

340 4565 450 4624 hoc
472 4575 651 4625 autem
671 4567 836 4622 divini
853 4566 1048 4638 eloquii
1068 4565 1394 4630 testimonio,
1423 4565 1466 4619 si
1493 4578 1554 4618 os
1575 4563 1932 4635 intelligamus

339 4657 482 4717 sicut
503 4658 804 4732 intelligere
823 4657 1100 4726 debemus,
1131 4656 1201 4712 ibi
1223 4658 1394 4727 posita
1414 4655 1738 4712 continentia
1760 4671 1930 4728 quan-

339 4756 456 4806 tum
481 4752 552 4806 sit
571 4751 664 4806 Dei
692 4765 886 4805 munus
905 4747 1262 4821 agnoscimus.
1299 4748 1490 4802 Parum
1535 4753 1617 4804 est
1646 4747 1841 4818 quippe
1871 4762 1933 4802 os

343 4843 590 4915 corporis
613 4841 886 4898 continere
909 4882 925 4909 ,
955 4856 1022 4897 ne
1046 4839 1242 4912 aliquid
1268 4839 1390 4894 inde
1411 4837 1550 4912 quod
1581 4855 1684 4893 non
1715 4838 1935 4910 expedit

343 4946 442 5004 per
470 4948 665 4990 sonum
693 4933 838 4989 vocis
865 4939 1128 5002 erumpat.
1162 4931 1306 4986 intus
1330 4939 1413 4986 est
1437 4930 1578 4986 enim
1609 4945 1670 4986 os
1706 4929 1884 4986 cordis
1909 4973 1925 4999 ,

343 5025 438 5080 ubi
467 5025 568 5083 sibi
588 5025 886 5083 custodiam
915 5033 969 5083 et
989 5024 1183 5081 ostium
1205 5025 1544 5079 continentitc
1571 5025 1692 5093 poni
1721 5023 1934 5080 deside-

350 5116 492 5171 ravit
517 5131 549 5172 ι
598 5115 859 5184 Domino,
888 5114 979 5187 qui
1028 5113 1188 5171 verba
1217 5113 1304 5168 illa
1357 5109 1529 5181 dixit,
1563 5114 1823 5182 nobisque
1852 5113 1935 5168 di—

1281 1843 1540 1922 nesse
1558 1841 2513 1922 relatmzftiecee.elzeéwliedealat-
2526 1863 2565 1922 ,ν
2582 1883 2610 1922 ι.
2627 1850 2706 1922 η.
2728 1841 2852 1922 σλιῲ
3031 1851 3331 1922 meum
3361 1851 3590 1905 adversus

659 1878 710 1966 Ξῖ
719 1878 1544 1978 ᾁῖιἙῘιῑὲῖηόῈίτΞᾝῖἰυὲἓ¹ὖόἴιῖ⁵ἱῖ
1559 1878 2558 1974 ⁵ιῖἱέίί”ἰῖηἷῖιι·ἓιὲ”“ῗν’ὁίέῐ›ἒὲᾘῖζ”ρὶδῖῖῖεἷέἶιῗ’Ἑιιῖ
2579 1878 2650 1960 iis'
2663 1878 3591 1978 ἣέεἷὲὶῖἓῖζῗέἱέὖὲἓᾞῗεέεῗῗὲἶέ

2010 2090 2178 2150 cendo
2201 2095 2532 2168 conscripsit.
2559 2097 2716 2154 Multa
2737 2099 2878 2157 enim
2896 2101 3136 2175 corporis
3163 2117 3258 2163 ore
3289 2117 3398 2162 non
3439 2102 3578 2162 dici-

2011 2198 2161 2249 mus,
2193 2194 2246 2240 et
2265 2187 2424 2242 corde
2449 2188 2742 2246 clamamus
2772 2209 2784 2246 :
2817 2193 3216 2252 nullumautem
3243 2192 3484 2268 procedit
3506 2195 3585 2255 rei

2011 2273 2237 2345 alicujus
2263 2292 2327 2332 ex
2355 2293 2450 2336 ore
2475 2283 2716 2352 corporis
2737 2284 2955 2340 verbum
2977 2327 2992 2352 ,
3021 2285 3172 2356 cujus
3196 2295 3280 2346 est
3329 2288 3384 2346 in
3423 2285 3590 2347 corde

2013 2365 2304 2426 silentium.
2336 2369 2464 2426 Inde
2512 2373 2674 2442 igitur
2725 2375 2865 2446 quod
2893 2392 2999 2432 non
3024 2387 3237 2434 emanat
3262 2378 3438 2446 ,i’oris
3480 2393 3590 2436 non

2013 2471 2168 2517 sonat
2197 2479 2209 2514 :
2239 2463 2380 2534 quod
2407 2480 2534 2520 vero
2563 2477 2774 2524 emanat
2799 2468 2919 2526 inde
2942 2510 2958 2538 ,
2999 2471 3043 2527 si
3081 2470 3280 2528 malum
3317 2481 3446 2538 est,
3481 2470 3586 2532 etsi

2013 2565 2120 2606 non
2148 2563 2356 2608 moveat
2387 2554 2620 2626 linguam
2647 2599 2662 2624 ,
2696 2558 2936 2630 inquinat
2961 2559 3213 2618 animum.
3241 2560 3318 2618 lbi
3339 2575 3469 2632 ergo
3491 2575 3592 2632 po-

2014 2643 2188 2698 nenda
2211 2653 2292 2699 est
2315 2647 2638 2702 continentia
2661 2690 2674 2714 ,
2697 2649 2786 2704 ubi
2806 2659 2860 2706 et
2881 2651 3167 2710 iacentium
3213 2652 3446 2724 loquitur
3463 2667 3566 2712 con
3588 2681 3594 2688 ·

2014 2733 2254 2788 scientia.
2285 2731 2369 2791 Fit
2387 2737 2528 2791 enim
2558 2753 2653 2808 per
2673 2739 2864 2794 ostium
2891 2740 3252 2813 continentiae,
3268 2749 3328 2798 ut
3345 2756 3452 2798 non
3471 2740 3599 2804 inde

2016 2832 2172 2879 exeat
2206 2825 2347 2896 quod
2377 2826 2538 2882 etiam
2569 2828 2767 2884 clausis
2795 2829 2952 2888 labiis
2994 2831 3172 2890 carnis
3203 2831 3367 2890 vitam
3397 2830 3600 2904 polluat

2015 2915 2317 2985 cogitantis.

2087 3005 2312 3063 CAPUT
2340 3005 2400 3061 ll.
2430 3037 2502 3048 —-
2521 3009 2574 3064 5.
2596 3008 2666 3064 0s
2691 3011 2876 3078 cordis,
2921 3027 3018 3084 quo
3045 3029 3314 3072 consensus
3360 3021 3601 3086 tanquam
3657 3048 3664 3054 -

2018 3097 2220 3153 uerbum
2245 3100 2454 3154 interius
2483 3103 2805 3172 exprimitur.
2838 3102 3017 3158 Cordis
3057 3105 3361 3163 continentia
3404 3105 3604 3162 nomine

2021 3193 2123 3246 oris
2151 3191 2503 3246 commendata
2523 3210 2554 3246 α
2577 3193 2796 3249 Christo.
2827 3195 3198 3254 Continentiam
3226 3195 3393 3253 cordis
3442 3197 3602 3255 inter-

2022 3285 2144 3340 dum
2171 3285 2351 3340 violari
2378 3303 2478 3342 non
2505 3285 2692 3342 violato
2721 3305 2952 3360 corpore.
2977 3287 3297 3348 Continentia
3324 3287 3490 3344 cordis
3513 3305 3598 3346 re-

2023 3385 2158 3432 tenta
2178 3393 2277 3432 non
2299 3378 2498 3449 peccari
2517 3389 2695 3434 contra
2723 3379 3078 3436 continentiam
3100 3380 3342 3452 corporis.
3367 3379 3606 3455 Denique

2024 3475 2084 3522 ut
2109 3465 2344 3537 apertius
2371 3481 2432 3524 os
2458 3469 2717 3540 interius,
2749 3470 2890 3540 quod
2941 3485 3038 3542 per
3066 3471 3154 3528 illa
3201 3470 3362 3528 verba
3400 3469 3604 3541 signiti-

2023 3560 2163 3614 cavlt
2185 3601 2200 3626 ,
2230 3559 2572 3628 ostenderet,
2604 3577 2726 3618 cum
2765 3561 3020 3632 dixisset,
3042 3561 3214 3636 Pone,
3243 3562 3491 3632 Domine,
3519 3579 3608 3622 cu-

2023 3651 2242 3706 stodiam
2284 3653 2360 3706 ori
2394 3669 2538 3721 meo,
2589 3647 2855 3708 ctostium'
2880 3655 3201 3713 continentia:
3249 3655 3439 3712 circum
3471 3655 3608 3710 labia

2025 3755 2174 3806 mea;
2202 3743 2453 3798 continuo
2473 3741 2742 3810 subdidit,
2769 3741 2850 3798 Ne
2871 3745 3088 3802 declines
3110 3761 3196 3799 cor
3212 3761 3373 3799 meum
3394 3743 3446 3800 in
3463 3745 3609 3799 verba

2025 3831 2250 3904 maligna
2273 3829 2445 3904 (Psal.
2471 3848 2574 3888 CXL
2595 3874 2610 3900 ,
2637 3832 2672 3888 5
2690 3874 2705 3900 ,
2736 3833 2815 3904 4).
2849 3833 3140 3891 Declinatio
3157 3833 3335 3890 cordis
3362 3832 3484 3904 quid
3503 3841 3604 3898 est,

2027 3921 2129 3976 nisi
2157 3921 2731 3978 consensio?Nondum
2753 3925 2896 3978 enim
2915 3922 3047 3976 dixit
3066 3963 3081 3988 ,
3111 3921 3351 3994 quisquis
3371 3922 3425 3978 in
3446 3921 3610 3978 corde

2030 4011 2438 4068 occurrentibus
2507 4013 2934 4086 suggestionibus
2985 4028 3322 4088 quorumque
3369 4013 3606 4071 visorum

2029 4105 2173 4160 nulla
2204 4104 2382 4160 cordis
2410 4101 2762 4162 declinatione
2787 4105 3075 4164 consensit.
3093 4105 3151 4162 Si
3175 4114 3352 4163 autem
3375 4119 3608 4165 consen-

2031 4197 2138 4265 sit,
2167 4197 2272 4270 iam
2303 4197 2463 4254 corde
2492 4197 2652 4268 dixit,
2681 4199 2889 4255 etiamsi
2909 4214 3003 4256 ore
3021 4213 3129 4258 non
3148 4197 3326 4254 sonuit
3355 4215 3369 4252 :
3401 4196 3610 4254 etiamsi

2033 4305 2191 4344 manu
2222 4290 2305 4344 vel
2335 4289 2570 4360 qualibet
2598 4291 2840 4362 corporis
2868 4299 3016 4362 parte
3041 4305 3147 4346 non
3175 4289 3300 4348 fecit
3324 4329 3340 4356 ,
3381 4287 3510 4346 fecit
3531 4295 3613 4346 ta-

2033 4397 2155 4438 men
2179 4381 2321 4452 qnod
2343 4383 2662 4454 cogitatione
2684 4383 2983 4444 faciendum
3002 4383 3100 4440 sibi
3127 4398 3244 4438 csse
3261 4381 3370 4452 jam
3387 4380 3608 4447 statuit;

2033 4472 2231 4528 divinis
2256 4471 2460 4542 legibus
2486 4489 2610 4528 rcus
2635 4517 2650 4542 ,
2677 4474 2917 4546 quamvis
2942 4473 3188 4530 humanis
3207 4472 3451 4528 sensibus
3479 4472 3602 4526 abs-

2035 4565 2317 4630 conditus;
2351 4564 2514 4620 verbo
2542 4565 2592 4618 in
2624 4564 2784 4618 corde
2809 4564 2953 4620 dicto
2973 4606 2987 4634 ,
3020 4564 3164 4620 nullo
3189 4561 3329 4618 facto
3374 4576 3468 4630 per
3490 4575 3611 4616 eor-

2037 4669 2134 4726 pus
2159 4654 2412 4708 admisso.
2455 4652 2798 4723 Nequaquam
2848 4667 2974 4707 vero
3005 4651 3300 4708 membrum
3335 4648 3463 4710 foris
3491 4664 3608 4704 mo-

2037 4745 2199 4800 visset
2230 4744 2282 4798 in
2308 4741 2476 4810 facto,
2505 4741 2657 4814 cujus
2687 4741 2808 4797 iacti
2835 4743 3042 4800 initium
3072 4758 3176 4798 non
3216 4741 3358 4798 intus
3389 4755 3618 4814 princes-

2040 4839 2198 4892 sisset
2222 4837 2273 4894 in
2295 4835 2478 4891 verbo.
2501 4834 2683 4906 Neque
2712 4837 2851 4890 enim
2881 4832 3208 4890 mendaciter
3233 4833 3489 4907 scriptum
3513 4840 3615 4900 est,

2043 4929 2251 4985 initium
2279 4929 2452 4985 omnis
2475 4929 2685 4999 operis,
2709 4929 2946 4986 verbum.
2971 4927 3129 4992 Multa
3149 4927 3346 4997 quippe
3371 4925 3618 4982 homines

2044 5021 2242 5078 iaciunt
2271 5038 2364 5077 ore
2383 5022 2564 5077 clauso
2585 5064 2598 5089 ,
2629 5021 2805 5092 quieta
2852 5021 3027 5092 lingua
3050 5061 3066 5087 ,
3095 5033 3226 5077 voce
3251 5018 3454 5076 frenata
3486 5037 3501 5074 ι
3525 5018 3620 5074 sed

2047 5121 2222 5168 tamen
2249 5112 2376 5167 nihil
2403 5121 2564 5186 agunt
2607 5113 2844 5182 corporis
2891 5126 3080 5183 opere,
3133 5111 3275 5192 quod
3321 5126 3428 5170 non
3469 5111 3618 5184 prius

1514 5218 1800 5259 ADMONITIO
1837 5221 1918 5262 PP.
1955 5219 2427 5262 BENEDlCTINOBUM.

413 5299 550 5350 Liber
569 5299 635 5350 de
655 5299 955 5350 continentia
977 5302 1226 5360 correctus
1249 5291 1406 5345 estad
1429 5297 1574 5360 vetus
1605 5292 1858 5357 exemplar
1880 5296 2119 5360 ΔΕςιλίιιεειφ
2154 5295 2422 5360 nemensis,
2458 5293 2516 5343 ad
2551 5300 2764 5360 aIAetensc
2799 5291 3005 5360 abbatis:
3026 5301 3070 5343 s.
3097 5294 3340 5360 Arnulpbi,
3354 5294 3424 5360 _ad
3443 5298 3622 5360 gistcr-

345 5360 537 5424 dense,
555 5361 616 5424 ad
633 5367 860 5424 Emenso
880 5374 1012 5415 nime
1028 5358 1374 5424 Collini-tinum,
1397 5355 1458 5406 ad
1479 5354 1703 5424 Pulicnse
1738 5353 1946 5424 omnemi
1979 5357 2326 5424 Parisicnsiss.
2369 5357 2612 5424 lter-nardi,
2644 5356 2703 5405 ad
2734 5355 3156 5424 (senovefaaanum,
3173 5353 3621 5424 _ad‘Micbaclinum,

344 5428 410 5471 et
423 5421 479 5470 ai
502 5415 722 5485 Vaticana
745 5423 838 5473 tria
856 5436 869 5485 ;
895 5435 1085 5485 necnon
1101 5419 1162 5485 ad
1181 5415 1420 5470 lectiones
1442 5418 1685 5470 variantes
1701 5418 1848 5468 trium
1867 5419 2167 5483 Belgieorum
2180 5418 2358 5482 quibus
2373 5419 2452 5470 usi
2469 5425 2586 5470 sunt
2603 5419 2950 5481 mvanienses;
2975 5421 3102 5474 atad
3126 5415 3365 5472 enim
3383 5415 3622 5474 Desiderii

342 5484 527 5533 msmi
549 5495 606 5534 ac
625 5479 993 5534 Lovauien'sium
1008 5479 1379 5545 Theologorum.

449 5565 952 5648 Comparavimus
972 5573 1272 5648 prwtcrca
1297 5583 1396 5627 cas
1423 5581 1627 5627 omnes
1649 5561 1952 5626 editiones
1980 5562 2168 5626 initio
2195 5563 2370 5626 Retr.
2399 5567 2454 5622 et
2477 5559 2764 5655 Confess.
2802 5570 2852 5626 ε.
2879 5562 2937 5640 1,
2957 5569 3343 5631 memoratas.
3450 5559 3538 5624 Μ.

420 5688 795 5742 'Cisterciensis
830 5697 908 5740 Ms.
928 5724 944 5751 ,
977 5702 1074 5752 qua
1108 5686 1360 5754 conjugale
1398 5686 1640 5738 vinculum
1677 5684 2006 5739 contemnitta'.

419 5775 493 5842 (α)
521 5782 736 5849 Saepius
761 5775 968 5862 circiter
987 5773 1157 5828 Cin‘lSli
1187 5787 1364 5828 annum
1385 5773 1479 5829 393
1495 5807 1512 5836 ,
1537 5771 1800 5838 Augustino
1823 5773 2108 5841 presbytero
2129 5775 2212 5823 aut
2232 5779 2412 5844 recens
2429 5766 2672 5831 etiamm.
