4122 6212
552 350 657 411 351

550 461 782 520 dixerint
805 462 985 520 corde.
1017 463 1093 517 Ae
1123 476 1217 532 per
1245 459 1345 517 hoc
1375 462 1622 532 quoniam
1649 464 1814 517 multa
1841 470 1964 516 sunt
1993 475 2123 532 pec-

551 566 667 613 cata
690 557 742 611 in
766 555 1105 612 interioribus
1132 554 1288 610 dictis
1306 597 1321 621 ,
1343 571 1461 626 qua:
1489 570 1593 611 non
1621 565 1745 610 sunt
1770 556 1822 610 in
1841 554 2130 610 exteriori-

550 654 651 709 bus
682 653 866 718 l'actis;
897 653 1035 707 nulla
1063 660 1187 707 sunt
1220 662 1396 706 autem
1446 652 1499 706 in
1545 651 1897 708 exterioribus
1925 650 2080 706 factis
2109 690 2125 716 ,

550 761 669 815 qua:
700 760 804 800 non
832 744 1134 814 praecedant
1159 744 1211 798 in
1259 744 1599 799 interioribus
1627 744 1782 800 dictis
1809 745 1825 777 ¹
1862 762 1876 800 :
1908 745 2012 800 erit
2063 743 2131 799 ab

547 839 784 908 utrisque
805 840 1006 910 puritas
1032 838 1351 896 innocentia:
1374 880 1389 906 ,
1417 839 1464 895 si
1485 840 1687 896 circum
1715 839 1966 896 interiora
1991 837 2132 898 labia

550 939 777 1000 ponatur
798 932 992 986 ostium
1021 932 1384 987 continenti-1'.

619 1023 672 1076 4.
705 1021 930 1093 Propter
955 1023 1096 1094 quod
1134 1025 1293 1079 etiam
1344 1024 1457 1094 ipse
1498 1039 1593 1080 ore
1630 1025 1847 1096 proprio
1873 1023 2131 1080 Dominus

544 1111 618 1166 ait
647 1129 660 1165 :
694 1110 750 1164 Μ
757 1113 942 1167 nudate
964 1130 1076 1183 qua:
1101 1115 1236 1168 intus
1261 1123 1408 1181 sunt,
1431 1124 1476 1169 et
1501 1131 1614 1186 qua:
1651 1115 1777 1184 foris
1801 1123 1916 1170 sunt
1942 1114 2131 1169 munda

545 1213 691 1257 erunt
711 1202 920 1275 (Matth.
948 1222 1099 1272 χχιιι,
1118 1206 1231 1276 26).
1256 1205 1492 1277 itemque
1505 1207 1610 1262 alio
1635 1207 1752 1263 loco
1768 1222 1889 1262 cum
1915 1205 2128 1263 Judan-

546 1309 662 1349 rum
721 1296 1048 1368 stultiloquia
1123 1299 1416 1366 refutaret,
1493 1301 1614 1370 quia
1666 1300 2125 1356 calumniabantur

544 1387 820 1458 discipulis
844 1390 958 1459 ejus
998 1407 1102 1446 non
1150 1392 1270 1448 lotis
1326 1392 1572 1448 manibus
1621 1393 2068 1449 manducantibus
2109 1413 2123 1449 :

551 1479 672 1534 Non
701 1483 836 1552 quod
857 1483 1012 1537 intrat
1039 1485 1090 1538 in
1121 1502 1176 1539 os
1198 1527 1212 1550 ,
1245 1486 1447 1557 inquit,
1487 1488 1776 1557 coinquinat
1824 1488 2078 1543 hominem
2105 1507 2126 1556 ,-

545 1572 636 1625 sed
657 1574 792 1642 quod
814 1576 1036 1644 procedit
1056 1593 1118 1630 ex
1136 1593 1222 1632 ore
1241 1620 1256 1644 ,
1279 1577 1373 1632 hoc
1396 1579 1682 1648 coinquinat
1703 1581 1972 1634 hominem.
1994 1581 2128 1649 Quae

546 1665 808 1718 sententia
839 1665 884 1719 si
915 1675 1018 1720 tota
1043 1665 1111 1722 de
1139 1682 1233 1723 ore
1261 1670 1502 1739 corporis
1530 1671 1821 1741 accipiatur
1840 1715 1855 1738 ,
1888 1672 2119 1727 absurda

544 1763 646 1808 est.
671 1754 853 1827 Neque
884 1759 1026 1813 enim
1073 1775 1229 1830 quem
1261 1777 1364 1816 non
1409 1763 1718 1833 coinquinat
1762 1765 1944 1828 cibus,
1976 1765 2124 1820 coin-

543 1847 727 1916 quinat
757 1851 1008 1904 vomitus.
1039 1851 1202 1908 Cibus
1227 1855 1422 1925 quippe
1461 1856 1512 1910 in
1539 1871 1600 1911 os
1650 1856 1848 1925 intrat,
1893 1859 2122 1914 vomitus

545 1951 610 1991 ex
643 1955 733 1993 ore
756 1941 1014 2009 procedit.
1042 1942 1146 1999 Sed
1172 1945 1354 2013 procul
1375 1946 1536 2002 dubio
1564 1949 1739 2018 priora
1767 1950 1924 2006 verba
1952 1954 2120 2021 perti-

545 2036 671 2082 nent
695 2027 762 2083 ad
793 2045 852 2083 os
879 2033 1088 2098 carnis,
1121 2033 1207 2087 tibi
1235 2036 1341 2100 ait,
1390 2035 1510 2091 Non
1560 2039 1695 2108 quod
1725 2041 1886 2114 intrat
1930 2042 1984 2096 in
2013 2059 2069 2096 os
2102 2084 2116 2108 ,

541 2119 831 2191 coinquinat
860 2122 1149 2188 hominem;
1177 2127 1473 2195 posteriora
1504 2143 1630 2184 vero
1678 2129 1744 2184 ad
1790 2146 1852 2185 os
1899 2132 2076 2188 cordis
2101 2175 2116 2198 ,

542 2207 632 2263 ubi
661 2211 767 2278 ait,
796 2213 884 2266 sed
906 2215 1040 2283 quod
1068 2217 1290 2286 procedit
1316 2234 1379 2272 ea:
1420 2234 1538 2284 ore,
1588 2220 1681 2273 hoc
1723 2222 2012 2292 coinquinat
2036 2225 2121 2279 ho-

541 2300 742 2356 minem.
778 2303 1016 2375 Deniquc
1045 2322 1166 2363 cum
1189 2307 1254 2363 ab
1278 2309 1368 2364 illo
1389 2313 1658 2379 apostolus
1686 2313 1876 2370 Petrus
1902 2317 2117 2386 exposi-

541 2391 742 2448 tionem
769 2395 914 2450 velut
943 2398 1210 2466 parabolze
1235 2398 1390 2469 hujus
1407 2401 1752 2470 exquireret,
1784 2404 1871 2461 ille
1893 2421 2118 2476 respon-

537 2480 618 2537 dit
646 2500 660 2536 :
689 2483 868 2539 Adhuc
886 2495 931 2540 et
955 2503 1041 2542 vos
1061 2488 1168 2543 sine
1190 2490 1442 2544 intellectu
1467 2493 1584 2546 estis
1603 2494 1630 2546 .9
1671 2510 1770 2549 non
1794 2496 2076 2567 intelligitis
2098 2540 2114 2566 ,

535 2573 654 2642 quia
683 2591 828 2630 omne
848 2578 984 2647 quod
1011 2579 1062 2633 in
1089 2597 1144 2634 os
1187 2580 1378 2650 intrat,
1407 2584 1461 2637 in
1507 2594 1724 2639 ventrem
1768 2588 1904 2641 vadit
1927 2630 1942 2654 ,
1989 2599 2036 2642 et
2064 2591 2116 2644 in

535 2681 781 2722 secessum
807 2670 1088 2727 emittitur?
1113 2671 1209 2728 llic
1236 2682 1383 2730 certe
1411 2675 1462 2730 in
1488 2675 1627 2746 quod
1651 2677 1813 2732 intrat
1841 2678 1992 2732 cibus
2009 2720 2023 2744 ,
2053 2694 2115 2734 os

536 2756 714 2810 carnis
761 2760 1119 2830 agnoscimus.
1169 2763 1225 2818 In
1271 2765 1352 2820 his
1398 2779 1526 2821 vero
1563 2783 1683 2838 qua:
1729 2767 2002 2838 adjungit,
2058 2779 2117 2825 ut

535 2861 947 2917 agnosceremus
976 2867 1037 2907 os
1057 2853 1234 2910 cordis
1254 2895 1269 2920 ,
1316 2870 1421 2911 non
1464 2866 1779 2927 sequeretur
1806 2861 1975 2914 nostri
2002 2869 2113 2915 tar-

537 2940 679 2997 ditas
706 2943 883 3000 cordis
907 2986 922 3012 ,
957 2946 1058 3002 nisi
1085 2957 1139 3003 et
1166 2963 1287 3003 cum
1318 2949 1485 3006 tardis
1500 2950 1773 3007 ambulare
1797 2951 2008 3008 Veritas
2034 2953 2114 3008 di-

535 3046 807 3105 gnaretur.
840 3037 928 3092 Ait
951 3039 1092 3094 enim
1113 3082 1129 3108 ,
1161 3041 1289 3109 Qua:
1312 3052 1479 3098 autem
1509 3045 1788 3114 procedunt
1816 3045 1879 3098 dc
1913 3063 2027 3117 ore,
2053 3046 2116 3099 de

534 3129 686 3183 corde
710 3141 925 3198 exeunt;
953 3141 1202 3205 tanquam
1219 3135 1459 3200 diceret,
1491 3137 1623 3190 Cum
1655 3137 1807 3193 audis
1833 3138 1895 3191 de
1919 3156 2021 3203 ore,
2047 3139 2114 3193 de

535 3222 696 3279 corde
714 3225 964 3298 intellige.
993 3227 1284 3298 Utrumque
1305 3229 1464 3295 dico;
1497 3229 1591 3285 sed
1613 3231 1838 3286 alterum
1857 3247 1919 3285 ex
1946 3232 2114 3288 altero

533 3329 766 3386 expono.
799 3317 968 3372 Habet
990 3333 1052 3373 os
1073 3321 1298 3375 interius
1321 3321 1481 3375 homo
1507 3322 1763 3390 interior,
1794 3333 1846 3376 et
1879 3325 1977 3377 hoc
2007 3323 2115 3378 dis-

535 3408 707 3462 cernit
731 3410 874 3462 auris
902 3409 1160 3463 interior:
1189 3410 1256 3464 de
1285 3410 1386 3465 hoc
1433 3426 1527 3465 ore
1554 3427 1672 3480 qua:
1702 3412 2014 3482 procedunt,
2046 3414 2112 3469 de

532 3497 695 3551 corde
723 3508 956 3562 exeunt,
986 3508 1040 3553 et
1067 3515 1128 3554 ca
1169 3501 1512 3570 coinquinant
1564 3503 1854 3559 hominem.
1914 3505 2112 3563 Deinde

526 3586 638 3658 jam
670 3589 860 3642 relicto
881 3590 988 3643 oris
1016 3590 1229 3646 nomine
1252 3631 1267 3658 ,
1313 3592 1452 3662 quod
1475 3602 1653 3663 potest
1691 3604 1746 3649 ct
1782 3595 1849 3649 de
1888 3612 2113 3667 corpore

532 3675 791 3748 intelligi’,
819 3680 1053 3748 apertius
1078 3681 1203 3750 quid
1231 3681 1373 3737 dicat
1401 3683 1635 3740 ostendit
1659 3703 1672 3739 :
1703 3685 1780 3739 De
1805 3689 1955 3742 corde
1980 3691 2111 3744 enim

533 3778 734 3831 exeunt,
763 3769 931 3840 inquit
949 3811 963 3834 .
987 3772 1310 3842 cogitationes
1328 3776 1493 3840 utalia,
1517 3777 1816 3845 homicidia,
1841 3779 2107 3845 adulteria,

534 3859 924 3929 fornicationes,
975 3866 1140 3932 furta,
1189 3864 1322 3935 falsa
1377 3867 1694 3934 testimonia,
1748 3868 2108 3936 blasphemiae:

531 3949 638 4003 [nec
656 3959 770 4005 sunt
816 3967 930 4023 qua:
975 3953 1298 4025 coinquinant
1342 3955 1626 4030 hominem(
1658 3957 1744 4013 Id.
1771 3977 1871 4028 xv,
1899 3962 2106 4034 Η-ΞΟ).

529 4037 670 4094 Nihil
716 4050 799 4096 est
843 4053 988 4098 certe
1045 4045 1268 4100 istorum
1303 4049 1618 4116 malorum,
1649 4066 1768 4120 qua:
1809 4055 2109 4122 perpetrari

531 4131 690 4184 etiam
722 4133 974 4186 membris
999 4137 1239 4204 corporis
1269 4148 1522 4207 possunt,
1554 4141 1697 4210 quod
1722 4144 1973 4213 cogitatio
2003 4161 2108 4200 non

532 4219 812 4274 antecedat
863 4222 1031 4287 mala,
1084 4233 1136 4277 ct
1178 4226 1487 4295 coinquinet
1544 4228 1855 4298 hominem,
1900 4234 2107 4289 etiamsi

533 4308 729 4377 aliquid
769 4309 1020 4380 impediat
1059 4328 1125 4366 ne
1149 4315 1540 4385 subsequantur
1561 4334 1721 4388 opera
1769 4320 2028 4393 ﬂagitiosa
2057 4334 2111 4379 et

531 4400 829 4457 facinorosa
874 4403 1251 4460 membrorum.
1282 4406 1336 4462 Si
1390 4410 1532 4464 enim
1583 4413 1704 4481 quia
1739 4423 1972 4483 potestas
2002 4433 2107 4472 non

531 4493 688 4549 datur
708 4496 728 4526 ²
755 4537 769 4562 ,
801 4505 953 4550 vacat
976 4512 1165 4555 manus
1191 4500 1256 4554 ab
1279 4500 1507 4557 hominis
1531 4503 1924 4575 interiectione,
1956 4525 2110 4564 num-

527 4587 654 4658 quid
678 4588 795 4642 ideo
817 4588 1071 4644 mundum
1099 4598 1182 4645 est
1205 4591 1272 4646 ab
1299 4593 1501 4650 scelere
1525 4610 1619 4651 cor
1658 4598 1979 4655 homicidas?
2002 4600 2110 4656 Aut

528 4677 570 4729 si
599 4693 710 4730 rem
743 4679 1022 4750 subripere
1067 4680 1330 4748 alienam,
1359 4700 1464 4739 non
1511 4695 1568 4740 ut
1604 4688 1723 4758 quis
1743 4690 1852 4744 vult
1889 4700 2107 4760 potest,

529 4771 782 4841 numquid
809 4770 929 4828 idco
972 4773 1026 4826 in
1061 4773 1173 4845 ipsa
1201 4774 1471 4832 voluntate
1500 4777 1585 4833 fur
1628 4795 1736 4834 non
1765 4783 1890 4841 est?
1921 4783 2025 4838 Aut
2063 4785 2109 4840 si

525 4873 669 4916 casta
697 4871 806 4928 est,
837 4879 995 4933 quam
1015 4865 1126 4918 vult
1149 4865 1450 4923 adulterare
1477 4884 1583 4923 non
1607 4881 1783 4927 castus
1805 4916 1819 4940 ,
1854 4873 1972 4930 ideo
1989 4891 2108 4932 eam

529 4971 630 5006 ttutt
664 4963 746 5009 est
777 4955 826 5008 in
852 4955 1015 5012 corde
1038 4956 1374 5013 moechatus?
1403 4961 1508 5015 Aut
1533 4961 1577 5014 si
1601 4964 1857 5023 meretrix
1892 4981 1995 5020 non
2024 4968 2107 5023 in-

533 5047 766 5100 wniatur
793 5048 844 5102 in
872 5047 1106 5117 fornice,
1139 5049 1258 5106 ideo
1284 5053 1374 5122 qui
1400 5067 1516 5108 eam
1545 5057 1766 5125 quaerit,
1799 5073 1904 5112 non
1936 5059 2108 5116 forni-

530 5145 680 5190 t'ulttt‘
705 5136 756 5190 in
801 5141 1020 5194 mente?
1049 5141 1154 5196 Aut
1181 5142 1226 5197 si
1263 5142 1496 5213 cupienti
1526 5161 1622 5215 per
1651 5148 1986 5207 mendacium
2018 5152 2108 5207 lte-

528 5237 656 5285 ucre
688 5229 985 5300 proximum
1005 5272 1022 5299 ,
1051 5240 1261 5306 tempus
1291 5237 1377 5293 vel
1398 5238 1548 5295 locus
1568 5240 1745 5309 desit,
1772 5243 1890 5298 ideo
1916 5244 2106 5302 falsum

530 5321 894 5377 testimonium
927 5337 1031 5377 non
1055 5339 1147 5379 ore
1172 5326 1424 5386 interiore
1438 5329 1549 5399 jam
1571 5331 1703 5387 dixit
1727 5334 1750 5387 ?
1772 5335 1933 5392 Autsi
1961 5337 2109 5408 quis-

528 5429 688 5482 quam
724 5413 970 5469 homines
991 5415 1214 5483 timens,
1248 5434 1352 5475 non
1379 5423 1571 5478 audeat
1597 5424 1771 5495 lingua
1797 5429 1973 5484 carnis
2015 5445 2106 5486 so-

527 5521 656 5562 nare
706 5505 1131 5578 blasphemiam,
1185 5507 1304 5566 ideo
1369 5529 1474 5568 non
1518 5525 1600 5570 est
1656 5515 1812 5587 hujus
1861 5520 2104 5578 criminis

530 5613 674 5665 reus,
729 5601 816 5670 qui
872 5599 1002 5656 dicit
1050 5600 1104 5656 in
1160 5601 1323 5658 corde
1350 5619 1482 5676 suo,
1533 5607 1738 5665 Nonest
1759 5610 1896 5666 Deus
1930 5613 2102 5682 (Psat.

586 5751 687 5823 {sic
694 5752 876 5823 aliquot
889 5762 992 5805 Mss.
1004 5755 1123 5823 [aditi
1137 5772 1274 5818 vero,
1290 5760 1549 5822 procedant
1557 5762 1617 5814 ab
1630 5762 1932 5819 interioribus
1943 5770 2101 5823 dictis.

584 5811 700 5866 “Er.
726 5811 932 5866 eius“
976 5816 1026 5870 si
1044 5817 1169 5872 enim
1200 5811 1928 5890 mm’aon’daaf'w
1944 5811 2095 5886 "aii-3':

1621 349 1708 404 DE
1747 340 2224 408 CONTINENTIA,
2265 337 2322 397 S.
2363 340 2732 404 AUGUSTINI

3715 360 3825 418 352

2235 467 2366 520 xui,
2434 454 2530 527 l)?
2575 457 2652 513 Ita
2697 468 2890 518 caetera
2946 462 3082 520 mala
3131 463 3269 522 facta
3327 466 3598 527 hominum
3633 513 3647 538 ,
3694 488 3815 544 qua:

2241 544 2422 601 nullus
2443 546 2553 618 agit
2579 552 2822 622 corporis
2850 562 3064 622 motus,
3120 572 3240 628 qua:
3283 560 3454 615 nescit
3503 561 3644 617 ullus
3690 579 3813 620 cor-

2243 637 2391 708 poris
2413 653 2604 696 sensus
2621 682 2637 709 ,
2661 657 2784 700 reos
2812 659 2940 701 suos
2968 647 3207 704 occultos
3232 649 3464 718 habent;
3492 668 3626 724 quos
3649 656 3809 712 etiam

2235 729 2383 786 solus
2408 731 2651 804 inquinat
2678 735 2733 790 in
2761 737 3082 809 cogitatione
3103 755 3400 800 consensus
3425 786 3440 810 ,
3479 743 3532 800 id
3559 756 3641 802 est
3659 789 3675 814 ,
3703 750 3812 804 oris

2235 821 2506 881 interioris
2530 826 2752 885 verbum
2781 831 3091 904 malignum.
3117 833 3176 889 In
3202 835 3344 906 quod
3370 836 3566 894 timens
3602 839 3690 896 ille
3720 841 3804 896 de-

2235 915 2421 972 clinari
2445 932 2540 975 cor
2585 933 2778 990 suum,
2806 925 3004 981 ostium
3028 926 3372 985 continentiae.
3422 930 3626 987 circum
3672 935 3810 990 labia

2235 1009 2346 1066 oris
2374 1009 2531 1080 hujus
2550 1013 2676 1083 poni
2702 1017 2874 1086 poscit
2891 1031 2924 1072 a
2944 1018 3169 1074 Domino
3187 1062 3203 1088 ,
3230 1021 3373 1092 quod
3402 1025 3675 1081 contineat
3699 1041 3814 1090 Cor,

2234 1115 2304 1156 ne
2340 1099 2639 1160 declinetur
2675 1106 2730 1161 in
2757 1109 2920 1165 verba
2957 1110 3185 1182 maligna
3217 1130 3232 1167 :
3259 1114 3532 1170 contineat
3581 1126 3764 1173 autem
3797 1162 3810 1188 ,

2233 1208 2341 1250 non
2356 1194 2583 1253 sinendo
2601 1199 2976 1270 cogitationem
3000 1203 3291 1273 procedere
3307 1206 3360 1263 in
3381 1210 3812 1276 consensionem;

2231 1286 2312 1342 sic
2335 1290 2479 1345 enim
2503 1292 2797 1349 secundum
2827 1306 3152 1368 przeceptum
3182 1301 3562 1372 apostolicum,
3596 1319 3703 1360 non
3731 1321 3816 1362 re-

2233 1389 2362 1450 gnat
2387 1392 2662 1453 peccatum
2688 1386 2741 1442 in
2765 1397 2949 1444 nostro
2973 1391 3185 1446 mortali
3207 1406 3450 1466 corpore,
3475 1411 3647 1468 neque
3663 1397 3818 1454 exhi-

2230 1470 2417 1530 bemus
2446 1475 2684 1533 membra
2716 1487 2898 1535 nostra
2918 1482 3373 1556 armainiquitatis
3389 1498 3608 1558 peccato
3633 1488 3810 1564 (Rom.

2229 1578 2282 1618 vr
2301 1603 2318 1630 ,
2349 1564 2450 1632 12,
2483 1567 2595 1639 l3).
2627 1571 2673 1623 A
2699 1584 2806 1640 quo
2829 1581 3098 1643 przeccpto
3125 1573 3397 1645 implendo
3423 1579 3609 1651 utique
3648 1581 3811 1638 alieni

2228 1664 2385 1723 sunt,
2415 1659 2506 1730 qui
2532 1659 2602 1716 ob
2618 1660 2720 1717 hoc
2734 1662 2800 1717 ad
2828 1665 3155 1734 peccandum
3177 1668 3418 1725 membra
3448 1686 3554 1726 non
3574 1683 3811 1741 movent,

2227 1751 2350 1820 quia
2381 1760 2617 1822 potestas
2646 1754 2788 1810 nulla
2817 1757 3145 1826 permittitur
3170 1776 3184 1813 :
3212 1774 3331 1830 qua:
3357 1761 3403 1816 si
3432 1760 3607 1830 adsit,
3636 1764 3813 1835 proti-

2225 1858 2326 1900 nus
2346 1859 2414 1900 ex
2444 1846 2805 1904 membrorum
2828 1849 2974 1906 velut
3019 1866 3291 1908 armorum
3314 1854 3576 1923 motibus,
3603 1858 3722 1928 quis
3752 1858 3805 1914 in

2224 1934 2302 1990 eis
2350 1936 2492 1992 intus
2539 1948 2766 2009 regnet,
2816 1941 3121 1998 ostendunt.
3156 1943 3390 2002 Proinde
3437 1957 3693 2019 quantum
3751 1953 3807 2006 ln

2224 2026 2352 2096 ipsis
2373 2036 2482 2090 est.
2513 2029 2752 2086 membra
2781 2045 2876 2087 sua
2899 2032 3156 2090 exhibent
3182 2049 3331 2092 arma
3361 2036 3649 2108 iniquitatis
3674 2055 3801 2110 pec-

2224 2125 2376 2182 cato;
2400 2119 2522 2188 quia
2541 2119 2643 2174 hoc
2669 2120 2884 2190 volunt,
2918 2123 3058 2195 quod
3087 2135 3366 2197 propterea
3390 2142 3495 2184 non
3521 2128 3798 2200 exhibent,

2223 2209 2345 2280 quia
2375 2225 2479 2265 non
2507 2223 2744 2282 possunt.

2294 2302 2347 2356 5.
2388 2301 2467 2356 Ac
2496 2318 2590 2372 per
2619 2304 2718 2360 hoc
2749 2304 2833 2360 illa
2866 2322 2984 2377 quae
3011 2308 3327 2378 genitalibus
3365 2312 3616 2370 membris
3651 2315 3806 2386 pudi-

2221 2389 2345 2445 citia
2377 2391 2660 2450 refrenatis
2681 2437 2694 2461 ,
2729 2396 2865 2451 solet
2891 2399 3120 2454 maxime
3145 2415 3209 2457 ac
3237 2403 3447 2472 proprie
3471 2405 3800 2463 continentia

2223 2483 2526 2550 nominari,
2565 2485 2705 2540 nulla
2741 2490 3160 2558 transgressione
3186 2492 3433 2559 violatur,
3475 2495 3520 2549 si
3563 2498 3806 2568 superior

2221 2575 2567 2640 continentia,
2590 2575 2658 2631 de
2681 2592 2783 2646 qua
2807 2577 3014 2648 jamdiu
3040 2580 3327 2653 loquimur,
3353 2584 3406 2639 in
3435 2585 3597 2641 corde
3617 2602 3806 2645 serve-

2226 2673 2329 2719 tur.
2360 2665 2644 2737 PrOpterea
2674 2669 2930 2726 Dominus
2959 2688 3080 2730 cum
3128 2674 3370 2742 dixisset,
3399 2676 3477 2733 De
3501 2680 3650 2735 corde
3673 2683 3805 2737 enim

2219 2767 2397 2812 exeunt
2436 2761 2763 2830 cogitationes
2807 2764 2995 2829 matre;
3032 2764 3224 2822 deinde
3267 2769 3392 2839 quid
3434 2773 3694 2842 pertineat
3735 2774 3804 2830 ad

2217 2849 2569 2918 cogitationes
2596 2852 2765 2907 malas
2791 2864 3006 2910 secutus
3033 2856 3292 2927 adjunxit,
3325 2860 3615 2928 homicidia,
3646 2863 3802 2920 adut-

2219 2939 2364 3004 teria,
2415 2948 2469 2993 et
2515 2950 2724 2997 cmtcra.
2757 2942 2867 3000 Nec
2911 2944 3044 3002 dixit
3087 2947 3300 3015 omnia;
3343 2949 3435 3005 sed
3488 2951 3802 3022 quibusdam

2219 3031 2455 3102 exempli
2481 3034 2649 3102 gratia
2677 3036 2964 3093 nominatis
2988 3048 3042 3094 et
3067 3039 3169 3095 alia
3199 3041 3534 3114 intelligenda
3565 3059 3803 3102 commo-

2219 3124 2352 3178 nuit.
2386 3124 2621 3192 Quorum
2654 3127 2782 3183 nihil
2812 3139 2895 3185 est
2919 3132 3061 3202 quod
3093 3133 3206 3188 ﬁeri
3236 3136 3437 3203 possit,
3468 3135 3514 3193 si
3542 3136 3676 3192 mala
3706 3154 3801 3194 co-

2218 3217 2403 3288 gitatio
2447 3234 2552 3274 non
2597 3225 2952 3291 prmcesserit,
2980 3242 3084 3296 qua
3116 3227 3257 3283 intus
3289 3229 3581 3286 instituitur
3613 3233 3627 3265 ⁸
3659 3234 3801 3304 quod

2218 3307 2346 3374 foris
2376 3309 2588 3382 agitur;
2620 3321 2674 3367 et
2702 3328 2765 3368 ex
2797 3328 2890 3369 ore
2927 3316 3106 3370 cordis
3133 3318 3461 3386 procedens,
3493 3321 3602 3392 jam
3645 3325 3801 3380 coin-

2217 3400 2401 3471 quinat
2428 3401 2722 3471 hominem,
2750 3406 2959 3460 etiamsi
2985 3408 3127 3462 nulla
3156 3407 3404 3467 facultate
3432 3415 3688 3483 permissa
3719 3416 3802 3472 fo-

2217 3493 2290 3547 ris
2337 3509 2430 3562 per
2473 3495 2712 3550 membra
2754 3499 2996 3568 corporis
3042 3516 3148 3555 non
3195 3513 3401 3573 agatur.
3433 3505 3613 3561 Posito
3642 3508 3802 3579 igitur

2217 3583 2354 3637 ostio
2382 3585 2726 3641 continentia:
2759 3589 2930 3644 inore
2964 3591 3159 3659 cordis,
3204 3594 3344 3650 unde
3379 3605 3568 3652 cuncta
3599 3609 3798 3656 exeunt

2215 3690 2334 3744 qua:
2361 3677 2709 3748 coinquinant
2735 3677 3029 3749 hominem,
3059 3684 3104 3739 si
3133 3685 3206 3740 nil
3236 3687 3338 3743 tale
3368 3687 3492 3744 inde
3523 3692 3799 3760 permittit-

2217 3773 2302 3819 tur
2329 3767 2495 3834 exire,
2534 3769 2776 3839 sequitur
2809 3773 3063 3828 munditia
3097 3791 3197 3844 qua
3235 3777 3404 3846 possit
3427 3779 3532 3850 jam
3567 3781 3799 3852 gaudere

2214 3856 2574 3924 conscientia;
2604 3861 2850 3929 quamvis
2891 3863 3123 3918 nondum
3165 3866 3234 3919 sit
3274 3867 3362 3922 illa
3405 3869 3681 3940 perfectio,
3711 3874 3796 3929 ubi

2216 3961 2319 4000 non
2369 3948 2658 4004 luctabitur
2704 3967 2823 4006 cum
2872 3954 2999 4007 vitio
3045 3956 3393 4012 continentia.
3432 3959 3580 4016 Nunc
3618 3973 3795 4019 autem

2214 4041 2466 4111 quamdiu
2497 4045 2826 4114 concupiscit
2859 4061 2986 4104 caro
3020 4048 3276 4105 adversus
3305 4053 3570 4121 spiritum,
3603 4067 3658 4111 et
3685 4058 3796 4126 spi-

2215 4131 2349 4188 ritus
2378 4133 2632 4190 adversus
2661 4151 2876 4192 carnem
2915 4139 2931 4210 (
2959 4139 3131 4193 Galat.
3159 4157 3214 4209 v,
3249 4143 3311 4196 17
3343 4143 3382 4213 ),
3412 4156 3494 4200 sat
3527 4155 3609 4202 est
3645 4149 3796 4204 nobis

2215 4238 2320 4279 non
2365 4228 2666 4283 consentire
2710 4230 2862 4284 malis
2906 4246 3025 4301 qua:
3070 4235 3326 4290 sentimus
3369 4237 3422 4291 in
3461 4238 3630 4292 nobis.
3660 4238 3794 4295 Cum

2213 4323 2388 4368 autem
2422 4315 2480 4369 ﬁt
2508 4317 2603 4370 ista
2632 4321 2932 4385 consensio,
2960 4330 3085 4377 tunc
3115 4325 3222 4380 exit
3249 4342 3311 4380 ex
3341 4343 3434 4382 ore
3453 4328 3627 4383 cordis
3650 4332 3793 4400 quod

2214 4405 2522 4475 coinquinat
2570 4407 2861 4464 hominem.
2907 4411 3042 4467 Cum
3089 4429 3217 4470 vero
3267 4431 3360 4485 per
3410 4416 3790 4477 continentiam

2214 4497 2497 4552 consensio
2527 4513 2631 4554 non
2665 4509 2874 4557 tenetur
2896 4505 2938 4568 ³,
2964 4504 3160 4560 malum
3191 4508 3634 4576 concupiscentia:
3672 4527 3786 4568 car»

2213 4589 2371 4657 nalis,
2403 4599 2588 4646 contra
2619 4594 2760 4663 quod
2792 4606 2986 4665 pugnat
3014 4599 3439 4669 concupiscentia
3483 4602 3792 4673 Spiritualis,

2213 4696 2409 4737 nocere
2431 4699 2536 4739 non
2563 4684 2772 4741 sinitur.
2969 4741 2978 4748 ,

2282 4771 2508 4829 CAPUT
2546 4774 2635 4830 ΙΙΙ.
2658 4806 2724 4817 -
2747 4777 2796 4832 6.
2817 4776 3143 4834 Continentia:
3164 4799 3333 4854 pugna
3361 4795 3536 4839 contra
3567 4786 3794 4844 libidines

2212 4864 2453 4933 quamdiu
2473 4882 2646 4921 sanius
2671 4868 2724 4922 in
2748 4871 2842 4924 hac
2860 4872 2982 4926 vita.
3014 4871 3196 4944 Pugna
3222 4876 3415 4931 interna
3439 4881 3790 4951 concupiscen-

2213 4959 2397 5010 tiarum
2429 4974 2526 5012 non
2553 4971 2758 5030 experta
2786 4965 2884 5018 nisi
2913 4965 3233 5022 bellatoribus
3262 4971 3513 5025 uirtutum.
3546 4973 3792 5042 (Ῑοιιι-ιιρὶ-

2212 5049 2398 5102 scentia
2425 5067 2514 5119 per
2545 5051 2702 5122 legent
2729 5059 3068 5128 cognoscitur,
3104 5063 3302 5116 nonnisi
3331 5080 3418 5132 per
3445 5066 3659 5132 gratiam
3687 5068 3791 5119 vin—

2212 5140 2362 5194 citur.
2409 5139 2750 5213 Pugnandum
2801 5164 2863 5202 ne
2915 5152 3105 5218 peccati
3152 5153 3552 5219 concupiscentia
3605 5171 3786 5227 regnat.

2217 5229 2386 5311 Opera
2414 5236 2581 5288 carnis
2611 5239 2982 5307 mortiﬁcanda.
3011 5240 3116 5294 Sed
3147 5241 3288 5294 aliud
3319 5251 3401 5296 est
3428 5244 3562 5299 henc
3593 5263 3759 5315 [iligna

2213 5337 2292 5388 re,
2318 5325 2458 5393 quod
2488 5341 2629 5382 nunc
2659 5337 2761 5394 est,
2789 5330 3003 5398 quando
3029 5331 3215 5384 mortis
3235 5336 3561 5390 contentioni
3589 5340 3759 5391 resisti

2213 5423 2297 5469 tur
2325 5415 2364 5482 ³;
2389 5417 2530 5472 aliud
2570 5419 2931 5475 adversarium
2965 5436 3069 5475 non
3100 5421 3320 5493 habere,
3351 5426 3491 5496 quod
3520 5435 3642 5482 tunc
3668 5433 3786 5493 erit,

2277 5531 2291 5593 ξ
2313 5529 2622 5581 Michaeliuus
2647 5539 2748 5593 MS.’,
2763 5532 3081 5586 constituitur.

2273 5592 2294 5622 ²
2318 5599 2417 5641 Duo
2449 5595 2653 5642 Vaticani
2670 5592 2775 5644 Mss.
2795 5602 2846 5645 et
2868 5595 3123 5657 Fuliensis,
3147 5600 3390 5652 consensio
3413 5608 3630 5666 tenetur;
3653 5609 3791 5659 omis-

2211 5664 2641 5780 803_”§?ehaelinus
2709 5717 2863 5780 codex
2884 5755 2900 5778 ,
2975 5721 3117 5773 morti
3174 5725 3466 5777 contentione
3537 5728 3786 5780 resistitur.

2209 5777 2415 5849 Ψιιὶῳηί
2448 5778 2573 5849 duo,
2621 5779 2790 5849 menti}
2830 5777 3093 5849 familiaria
3131 5784 3324 5849 resistit.
3365 5788 3510 5849 Male;
3543 5777 3789 5839 naniallu;

2208 5836 2277 5889 dit
2317 5840 2688 5904 Augustinusad
2727 5841 2845 5892 illud
2870 5844 3076 5908 Apostoli
3116 5845 3176 5898 ad
3211 5850 3444 5913 Corinth,
3476 5836 3556 5913 x'v,
3584 5836 3790 5904 tibitibi
