4122 6212
276 333 385 391 353

273 441 485 516 quando
509 447 659 497 mors
682 436 970 495 novissima
993 432 1205 492 inimica
1228 431 1529 488 destruetur
1549 429 1592 500 (I
1610 427 1730 487 Cor.
1757 443 1851 495 xv,

278 539 370 603 55,
390 534 507 607 '26).
531 533 664 589 Nam
693 540 749 588 et
775 531 886 601 ipsa
912 527 1238 586 continentia
1267 541 1390 582 cum
1419 525 1592 580 frenat
1610 521 1859 579 cohibet-

277 645 383 701 que
403 627 672 694 libidines,
692 624 850 681 simul
875 632 930 679 et
953 623 1156 694 appetit
1177 621 1373 677 bonum
1391 618 1457 674 ad
1473 618 1625 689 cujus
1645 618 1864 673 immor-

280 721 537 775 talitatem
569 715 857 781 tendimus,
881 721 937 770 et
960 712 1164 783 respuit
1188 709 1384 765 malum
1407 723 1529 764 cum
1554 723 1658 779 quo
1689 708 1740 762 in
1764 706 1864 761 hac

277 810 604 868 mortalitate
651 803 1044 862 contendimus.
1090 803 1237 858 Illius
1287 801 1483 872 quippe
1537 799 1766 854 amatrix
1812 807 1868 854 et

278 902 566 972 spectatrix
597 900 637 964 ί,
665 896 827 969 hujus
850 911 979 952 vero
1004 904 1059 950 et
1087 892 1258 950 hostis
1284 900 1341 948 et
1364 891 1515 948 testis
1541 899 1661 957 est;
1692 897 1746 945 et
1769 888 1868 944 de-

279 1009 373 1050 cus
416 999 696 1063 appetens,
739 997 795 1045 et
855 986 1088 1043 dedecus
1132 985 1358 1056 fugiens.
1416 983 1532 1039 Non
1592 982 1773 1052 utique
1815 982 1867 1036 in

282 1081 661 1154 cupiditatibus
689 1078 961 1137 frenandis
988 1077 1313 1134 continentia
1344 1075 1632 1140 laboraret,
1663 1074 1706 1130 si
1737 1073 1868 1129 nihil

285 1192 382 1230 nos
407 1182 594 1230 contra
621 1171 764 1244 quod
794 1170 947 1226 decet
970 1169 1157 1225 liberet
1188 1170 1230 1234 ²,
1259 1167 1305 1222 si
1333 1166 1462 1222 nihil
1494 1174 1690 1222 nostra;
1717 1163 1871 1220 bona:

287 1266 548 1321 voluntati
578 1280 643 1320 ex
674 1263 814 1317 mala
842 1261 1271 1332 concupiscentia
1299 1267 1637 1331 repugnaret.
1665 1256 1874 1313 Clamat

285 1355 573 1426 Apostolus
601 1373 615 1409 :
647 1353 790 1421 Scio,
828 1352 1014 1424 inquit,
1046 1352 1168 1422 quia
1195 1366 1296 1406 non
1332 1349 1523 1403 habitat
1559 1349 1614 1402 in
1644 1365 1741 1415 me,
1767 1348 1871 1402 ~Itoc

285 1461 357 1506 est
383 1451 436 1503 in
461 1465 616 1504 carne
639 1463 769 1515 mea,
797 1445 1000 1500 bonum.
1036 1443 1181 1499 Velle
1204 1443 1337 1499 enim
1361 1443 1561 1513 adjacet
1590 1441 1733 1506 mihi,
1757 1457 1874 1511 per-

284 1541 432 1611 ficere
471 1549 640 1593 autem
668 1539 853 1592 bonum
893 1553 993 1590 non
1037 1535 1255 1590 invenio.
1282 1533 1436 1589 Nunc
1462 1533 1606 1588 enim
1627 1533 1742 1586 ﬁeri
1772 1532 1871 1586 bo-

285 1651 410 1690 num
439 1644 638 1704 potest,
680 1642 737 1688 ut
771 1633 927 1688 mala:
955 1633 1401 1702 concupiscentiae
1430 1647 1536 1686 non
1567 1631 1874 1687 consentia-

285 1737 406 1793 tur;
431 1726 735 1798 perﬁcietur
758 1733 936 1780 autem
963 1725 1184 1792 bonum,
1208 1723 1422 1796 quando
1447 1723 1558 1793 ipsa
1583 1721 1722 1778 mala
1747 1736 1875 1778 con-

287 1820 617 1890 cupiscentia
667 1817 897 1874 ﬁnietur.
941 1817 1178 1889 Itemque
1225 1817 1364 1874 idem
1413 1816 1601 1872 doctor
1625 1816 1874 1873 Gentium

287 1912 484 1967 clamat
507 1930 520 1964 ;
545 1908 874 1965 Condelector
903 1909 1003 1980 legi
1027 1908 1123 1964 Dei
1147 1908 1421 1964 secundum
1458 1907 1746 1962 interiorem
1780 1907 1877 1962 ho-

289 2002 505 2068 minem;
531 2001 674 2056 video
700 2009 868 2055 autem
896 2001 1052 2055 aliam
1083 2001 1242 2071 legem
1267 2000 1321 2053 in
1347 1999 1581 2053 membris
1621 1999 1762 2064 meis,
1790 2014 1876 2052 re-

291 2104 599 2168 pugnantem
629 2094 726 2166 legi
754 2094 933 2149 mentis
957 2108 1081 2147 mea:
1103 2092 1277 2164 (Rom.
1305 2107 1401 2156 vtt,
1426 2091 1513 2156 18,
1535 2090 1626 2157 22,
1653 2089 1769 2162 25).

363 2188 417 2243 7.
459 2185 609 2241 Hanc
658 2199 886 2255 pugnam
933 2199 1040 2238 non
1089 2181 1436 2253 experiuntur
1481 2183 1534 2236 in
1579 2180 1881 2251 semetipsis

294 2279 394 2334 nisi
443 2276 732 2333 bellatores
776 2277 1028 2330 virtutum
1073 2273 1536 2345 debellatoresque
1583 2273 1877 2329 vitiorum:

297 2383 398 2425 nec
417 2376 689 2440 expugnat
706 2367 1150 2438 concupiscentia:
1170 2367 1388 2433 malum,
1417 2365 1518 2420 nisi
1543 2365 1883 2421 continentiae

295 2460 518 2517 bonum.
546 2459 683 2516 Sunt
710 2469 888 2515 autem
917 2459 1006 2530 qui
1051 2459 1222 2529 legem
1261 2458 1355 2514 Dei
1381 2459 1604 2513 omnino
1635 2459 1881 2514 nescien-

298 2563 399 2619 tes,
433 2555 605 2609 malas
631 2552 1096 2624 concupiscentias
1123 2565 1222 2607 nec
1253 2552 1305 2605 in
1337 2551 1577 2607 hostibus
1607 2550 1882 2622 deputant,

299 2645 484 2717 eisque
523 2643 810 2700 miserabili
851 2643 1088 2698 czecitate
1126 2642 1442 2710 servientes,
1474 2643 1691 2713 insuper
1718 2642 1880 2697 etiam

305 2735 492 2792 beatos
520 2750 580 2791 se
607 2744 811 2805 putant,
836 2733 1082 2790 satiando
1103 2744 1194 2789 eas
1218 2734 1394 2804 potius
1418 2749 1574 2804 quam
1597 2733 1880 2788 domando.

299 2828 396 2896 Qui
424 2843 554 2882 vero
583 2844 678 2897 per
702 2827 872 2897 legem
899 2834 1266 2898 cognoverunt
1290 2841 1381 2882 eas
1407 2825 1538 2897 (Per
1568 2825 1725 2898 legem
1754 2827 1888 2880 enim

299 2921 518 2992 cognitio
546 2921 739 2992 peccati
771 2917 879 2992 [ld.
903 2935 976 2982 Ill,
1009 2917 1134 2990 20];
1163 2926 1236 2983 et,
1264 2917 1734 2988 Concupiscentiam
1754 2959 1769 2983 ,
1802 2917 1886 2970 in-

302 3013 430 3082 quit,
454 3011 754 3076 nesciebam,
784 3011 882 3065 nisi
913 3011 993 3064 lea;
1014 3009 1218 3074 diceret,
1249 3007 1370 3063 Non
1401 3009 1742 3079 concupisces,
1773 3005 1884 3082 [Id.

303 3119 395 3168 ut,
423 3101 530 3178 7]),
545 3113 600 3158 et
624 3115 809 3158 earum
826 3111 997 3157 tamen
1023 3102 1416 3172 oppugnatione
1438 3101 1743 3168 vincuntur,
1765 3100 1887 3171 quia

304 3196 402 3251 sub
428 3195 546 3266 lege
569 3196 772 3260 vivunt,
804 3209 906 3264 qua
933 3193 1149 3262 jubetur
1175 3192 1316 3264 quod
1346 3194 1540 3247 bonum
1570 3201 1670 3257 est,
1700 3207 1804 3246 non
1834 3199 1890 3247 et

305 3287 496 3353 datur;
525 3301 633 3342 non
666 3288 846 3341 vivunt
877 3285 977 3340 sub
1003 3285 1170 3355 gratia
1189 3325 1203 3351 ,
1241 3301 1360 3354 qua:
1399 3283 1491 3339 dat
1518 3298 1611 3354 per
1633 3283 1888 3354 Spiritum

305 3387 546 3434 sanctum
574 3377 715 3447 quod
741 3391 836 3447 per
857 3376 1026 3446 legem
1052 3375 1266 3446 jubetur
1290 3393 1302 3428 :
1327 3376 1412 3430 his
1433 3374 1552 3430 ideo
1576 3374 1893 3430 subintravit

307 3471 386 3526 lex
407 3513 421 3535 ,
469 3479 528 3524 ut
565 3469 620 3524 in
661 3469 739 3523 eis
767 3466 1060 3522 abundaret
1087 3466 1337 3521 delictum
1373 3465 1486 3536 (Id.
1512 3480 1564 3533 v,
1591 3465 1704 3536 20).
1731 3465 1895 3521 Auxit

310 3561 598 3634 prohibitio
625 3558 1109 3629 concupiscentiam
1129 3599 1143 3622 ,
1170 3572 1394 3626 eamque
1431 3555 1558 3612 fecit
1601 3557 1890 3624 invictam;

308 3665 364 3711 ut
399 3654 681 3712 accederet
724 3651 1110 3723 praevaricatio,
1149 3665 1266 3720 qua:
1309 3649 1426 3706 sine
1468 3649 1584 3720 lege
1620 3665 1726 3705 non
1768 3649 1891 3718 fuit,

307 3747 514 3803 etiamsi
538 3753 813 3816 peccatum
840 3742 936 3797 fuit
957 3742 997 3793 ³.
1029 3740 1125 3796 Ubi
1148 3741 1279 3794 enim
1304 3757 1405 3795 non
1428 3749 1500 3795 est
1525 3740 1622 3806 lex,
1647 3757 1736 3795 nec
1763 3756 1896 3812 prte-

311 3840 551 3895 raricatio
583 3836 694 3910 (Id.
726 3853 796 3900 IV,
825 3836 940 3900 15).
967 3835 1040 3889 Ita
1072 3835 1155 3888 lex
1183 3836 1349 3905 gratia
1379 3849 1484 3888 non
1507 3833 1745 3904 juvante,
1767 3849 1894 3904 pro-

314 3931 500 3987 hibens
543 3937 841 4000 peccatum,
875 3927 1039 3982 virtus
1067 3935 1150 3981 est
1190 3927 1406 3995 insuper
1434 3926 1569 3981 facta
1598 3924 1620 3957 ⁸
1646 3926 1848 3996 peccati
1875 3941 1892 3981 :

313 4022 450 4079 unde
476 4021 555 4076 ait
581 4020 885 4090 Apostolus,
926 4018 1096 4074 Virtus
1123 4018 1314 4086 peccati
1342 4017 1423 4072 lea:
1451 4017 1490 4087 (Ι
1516 4015 1634 4073 Cor.
1662 4032 1752 4085 xv,
1781 4016 1893 4088 56).

313 4113 418 4170 Nec
447 4111 749 4168 mirandum
785 4119 868 4168 est
895 4109 1042 4180 quod.
1073 4109 1300 4164 humana
1331 4108 1612 4164 inﬁrmitas
1638 4108 1800 4164 etiam
1828 4108 1898 4166 de

315 4207 426 4277 lege
455 4205 604 4262 bona
634 4205 770 4259 vires
804 4203 943 4259 malo
983 4201 1214 4269 addidit,
1253 4201 1377 4257 dum
1417 4201 1482 4257 ad
1518 4202 1684 4272 ipsam
1723 4201 1898 4274 legem

316 4296 613 4355 faciendam
654 4295 719 4350 de
763 4297 873 4351 suis
907 4295 1107 4350 viribus
1135 4294 1268 4349 ﬁdit.
1298 4293 1550 4364 Ignorans
1578 4297 1772 4364 quippe
1805 4295 1900 4351 Dei

318 4391 568 4461 justitiam
590 4429 605 4453 ,
646 4403 806 4458 quam
834 4387 924 4442 dat
952 4387 1188 4453 inlirmo,
1219 4395 1274 4441 et
1301 4400 1452 4441 suam
1485 4386 1671 4442 volens
1696 4388 1900 4443 consti-

320 4493 497 4545 tuere,
535 4496 637 4551 qua
665 4488 824 4534 .caret
865 4477 1127 4544 inﬁrmus,
1154 4477 1372 4546 justitia:
1403 4476 1500 4533 Dei
1529 4493 1634 4532 non
1663 4487 1746 4535 est
1771 4477 1900 4533 sub-

323 4575 509 4643 iectus,
542 4572 800 4642 reprobus
844 4581 899 4626 et
940 4570 1200 4640 superbus
1239 4568 1412 4641 (Rom.
1444 4586 1496 4636 x,
1530 4571 1608 4641 3).
1640 4570 1696 4627 Si
1723 4580 1902 4628 autem

323 4670 400 4723 lex
433 4667 629 4721 factum
668 4665 1148 4735 prmvaricatorem,
1178 4671 1422 4733 tanquam
1460 4664 1526 4725 ad
1562 4665 1664 4721 hoc
1689 4666 1905 4736 gravius

325 4762 657 4815 vulneratum
688 4768 746 4813 ut
769 4757 1034 4812 desideret
1065 4755 1350 4822 medicum,
1379 4765 1627 4827 tanquam
1654 4757 1903 4828 paedago-

324 4869 420 4924 gus
446 4851 694 4924 perducit
730 4849 796 4905 ad
831 4849 1092 4920 gratiam;
1126 4845 1311 4905 contra
1340 4849 1652 4906 suavitatem
1690 4849 1905 4906 noxiam

330 4991 418 5048 est,
449 4995 607 5043 mors,
647 4980 882 5033 contentio
903 4978 1030 5048 tua?
1061 4989 1124 5032 tta
1149 4993 1330 5048 nempe
1363 4983 1514 5048 citare
1538 4982 1665 5048 solet
1686 4983 1815 5035 hunc
1837 4982 1908 5048 lo-

331 5043 451 5105 cum,
474 5048 559 5110 qui
581 5059 686 5108 pro,
720 5051 828 5094 cont
855 5043 1042 5110 titione;
1066 5044 1241 5110 modo,
1262 5043 1526 5110 victoriam,
1551 5046 1700 5110 habet
1722 5048 1772 5093 in
1798 5046 1909 5095 Vul-

326 5118 433 5172 gata
457 5123 470 5158 ε
494 5105 611 5171 'quia
629 5120 845 5169 grrecum
876 5105 1036 5172 neicos
1053 5119 1164 5172 cum
1197 5106 1495 5172 diphthongo
1516 5109 1766 5170 scriptum,
1789 5120 1907 5157 eon-

324 5168 597 5222 {cntionem
617 5168 801 5228 ;'secus
822 5181 957 5226 vero,
982 5169 1228 5218 victoriam
1252 5168 1503 5229 signiﬁcat.

374 5236 405 5304 ,ι
437 5231 644 5281 Vaticani
685 5239 812 5289 3:35.,
852 5230 1134 5294 appetitriat.
1169 5228 1312 5280 Forte
1336 5228 1615 5292 legendum,
1658 5236 1910 5295 exspecta-

321 5301 506 5404 mfizr.
536 5363 587 5404 et
609 5361 740 5412 Lov.,
767 5367 852 5406 nos
874 5361 1040 5405 contra
1063 5354 1193 5412 quod
1225 5355 1544 5410 contenderet,
1580 5350 1828 5406 detineret.
1855 5363 1911 5407 At

323 5426 452 5478 Περι,
473 5430 561 5468 nos
579 5425 747 5468 contra
769 5419 894 5481 quod
911 5420 1044 5481 decet
1063 5414 1187 5481 (vel,
1200 5416 1409 5481 deceret)
1434 5414 1615 5481 li-eret.
1631 5417 1713 5481 _sic
1735 5418 1913 5480 passim

323 5482 621 5552 Augustinus
643 5478 879 5540 verbum,
904 5478 1031 5540 libet,
1060 5479 1188 5541 quod
1217 5479 1352 5542 juugi
1376 5478 1538 5529 dativo
1574 5478 1718 5537 solet,
1737 5478 1914 5545 jungit

324 5551 598 5677 $11833?
602 5578 705 5654 .non
735 5601 843 5666 fuit.
877 5602 1054 5662 Abest,
1087 5613 1206 5663 non,
1249 5603 1311 5651 ab
1345 5603 1559 5654 editione
1590 5602 1767 5677 Erasmi
1801 5610 1851 5654 et
1883 5617 1912 5654 a

325 5673 498 5778 Ιιειὶιἐι
519 5733 627 5778 Mss.
645 5725 1205 5788 restituimusﬁverbum,
1231 5725 1376 5788 facta,
1411 5730 1636 5779 omissum
1679 5730 1725 5779 in
1750 5727 1909 5781 editis.

323 5792 431 5855 Ejus
451 5797 622 5844 tamen
639 5788 750 5842 loco
768 5787 990 5866 nonnulli
1006 5796 1112 5840 Mss.
1136 5787 1337 5850 habent,
1363 5790 1492 5852 facti.

1683 312 1886 370 LIBER
1922 307 2124 373 UNUS.

3442 311 3550 375 εει

1975 444 2076 499 qua
2105 425 2351 482 vincebat
2374 427 2823 498 concupiscentia,
2845 428 3099 485 Dominus
3123 429 3213 485 dat
3234 433 3548 492 suavitatem

1975 519 2266 576 beneﬁcam
2294 535 2395 588 qua
2417 520 2678 576 delectet‘
2697 521 2924 592 amplius
2950 523 3293 591 continentia,
3322 535 3376 581 et
3409 535 3552 582 terra

1976 619 2154 667 nostra
2190 611 2280 667 dat
2320 612 2544 667 fructum
2587 627 2739 668 suum
2771 612 2790 684 (
2820 613 2961 668 Psal.
3005 631 3232 681 Lxxxlv,
3277 618 3344 672 15
3370 625 3408 683 ),
3451 633 3560 688 quo

1977 707 2212 778 pascitur
2235 706 2407 771 miles,
2439 707 2528 777 qui
2556 705 2787 762 debellat
2811 707 2918 762 Deo
2940 707 3158 778 juvante
3183 720 3483 778 peccatum.
3558 761 3562 767 .

2047 799 2101 854 8.
2143 799 2301 854 Tales
2331 799 2527 856 milites
2555 800 2844 871 apostolica
2877 802 2998 856 tuba
3029 803 3128 856 isto
3158 803 3331 858 sonitu
3361 819 3554 858 aeneu-

1976 887 2054 944 dit
2079 890 2131 943 in
2161 890 2405 960 prmlium
2439 907 2452 944 :
2484 889 2603 944 Non
2633 908 2754 962 ergo
2786 901 2975 962 regnet,
3003 893 3192 963 inquit.
3218 907 3474 963 peccatum
3506 898 3558 947 in

1977 990 2141 1035 vestro
2170 982 2374 1036 mortali
2417 999 2626 1052 corpore
2663 984 2730 1036 ad
2771 983 3100 1039 obediendum
3129 985 3389 1040 desideriis
3415 990 3557 1059 ejus:

1978 1089 2134 1144 neque
2158 1074 2482 1130 exhibueritis
2505 1077 2728 1130 membra
2762 1087 2924 1131 vestra
2954 1095 3097 1132 arma
3134 1078 3410 1148 iniquitatis
3448 1097 3537 1149 ρετ

1980 1173 2091 1220 cato
2122 1181 2140 1219 :
2169 1166 2258 1220 sed
2283 1165 2510 1222 exhibete
2535 1183 2619 1221 vos
2647 1167 2752 1222 Deo
2791 1179 3028 1237 tanquam
3058 1187 3121 1223 ex
3153 1173 3361 1225 mortuis
3396 1173 3530 1225 t't'ven

1981 1265 2073 1324 tes,
2097 1265 2142 1310 et
2166 1257 2386 1311 membra
2407 1269 2567 1312 vestra
2593 1275 2737 1312 arma
2751 1260 2968 1330 justitiar
2988 1260 3111 1315 Deo.
3139 1261 3411 1317 Peccatum
3433 1281 3561 1315 etum

1981 1349 2116 1403 vobis
2142 1367 2240 1404 non
2265 1351 2623 1405 dominabitur.
2653 1350 2773 1406 Non
2799 1354 2931 1406 enim
2955 1355 3071 1408 estis
3099 1356 3190 1408 sub
3215 1356 3340 1425 lege,
3366 1356 3454 1410 sed
3473 1357 3565 1409 sub

1980 1441 2146 1511 gratia
2175 1441 2194 1512 (
2226 1441 2374 1496 Rom.
2398 1458 2471 1506 γι,
2497 1443 2658 1497 12-ίῶ
2679 1442 2719 1514 ).
2755 1444 2820 1498 Ει
2852 1445 2956 1498 alio
2985 1445 3100 1500 loco
3129 1464 3142 1499 :
3174 1445 3334 1516 Ergo,
3373 1447 3561 1516 inquit,

1981 1537 2185 1605 fratres,
2215 1533 2457 1587 debitores
2482 1551 2652 1590 suntus
2678 1551 2779 1590 non
2809 1537 2970 1600 carni,
2986 1546 3039 1590 ut
3064 1537 3336 1592 secundum
3362 1554 3566 1592 carnem

1982 1625 2224 1679 vivamus.
2267 1625 2326 1679 Si
2377 1626 2508 1679 enim
2552 1627 2826 1680 secundant
2865 1643 3066 1681 carnem
3107 1629 3346 1694 vixeritis,
3380 1630 3564 1683 morie-

1983 1716 2107 1770 mini
2128 1732 2146 1769 :
2167 1716 2212 1770 si
2234 1725 2400 1771 autem
2425 1718 2604 1786 spiritu
2625 1721 2762 1789 facta
2789 1719 2954 1772 carnis
2977 1719 3413 1788 morti/icaveritis,
3437 1722 3572 1776 vive-

1984 1809 2066 1863 tis.
2103 1809 2357 1880 Quotquot
2397 1810 2528 1864 enim
2570 1811 2768 1881 Spiritu
2813 1812 2908 1866 Dei
2949 1823 3188 1884 aguntur,
3231 1815 3284 1868 hi
3321 1814 3416 1884 filii
3454 1823 3574 1869 sunt

1984 1905 2082 1960 Dei
2111 1907 2129 1977 (
2158 1905 2245 1960 Id.
2279 1922 2393 1975 vni,
2425 1908 2588 1963 12-14
2610 1907 2650 1978 ).
2683 1907 2738 1962 Id
2767 1921 2893 1979 ergo
2928 1923 3068 1962 nunc
3097 1907 3288 1977 agitur.
3319 1908 3570 1978 quamdiu

1985 2006 2070 2054 est
2091 1998 2330 2053 mortalis
2361 1999 2474 2053 haec
2495 1999 2602 2053 vita
2629 2008 2808 2053 nostra
2834 1998 2933 2053 sub
2961 1999 3148 2068 gratia,
3178 2014 3244 2052 ne
3273 2009 3570 2068 peccatum,

1986 2089 2037 2145 id
2076 2099 2188 2157 est,
2217 2090 2640 2160 concupiscentia
2689 2091 2888 2160 peccati
2920 2089 3093 2162 (hanc
3128 2091 3273 2145 enim
3315 2090 3415 2145 hoc
3455 2091 3573 2146 loco

1986 2179 2192 2251 peccati
2240 2180 2454 2235 nomine
2498 2178 2794 2252 appellat),
2833 2188 3018 2250 regnet
3054 2181 3108 2234 in
3153 2190 3335 2235 nostro
3363 2180 3574 2236 mortali

1985 2286 2230 2342 corpore.
2255 2271 2403 2327 Tunc
2422 2280 2599 2327 autem
2625 2287 2854 2343 regnare
2875 2271 3196 2339 ostenditur,
3222 2273 3267 2327 si
3293 2271 3576 2328 desideriis

1987 2365 2102 2435 ejus
2130 2363 2393 2420 obeditur.
2416 2365 2512 2420 Est
2539 2380 2667 2435 ergo
2695 2364 2750 2419 in
2773 2364 2929 2420 nobis
2953 2364 3158 2435 peccati
3184 2368 3573 2436 concupiscen-

1989 2457 2082 2524 tia,
2115 2472 2232 2528 qutc
2265 2473 2368 2512 non
2396 2466 2480 2513 est
2504 2457 2856 2528 permittenda
2885 2473 3111 2529 regnare
3141 2476 3154 2512 :
3185 2466 3310 2514 sunt
3335 2457 3450 2528 ejus
3475 2457 3575 2514 de-

1989 2547 2213 2615 sideria,
2241 2549 2436 2619 quibus
2461 2564 2570 2605 non
2599 2557 2682 2606 est
2705 2548 3084 2617 obediendum,
3114 2565 3184 2607 ne
3205 2550 3578 2608 obedientibus

1989 2650 2195 2712 regnet.
2221 2640 2446 2712 Propter
2475 2641 2618 2713 quod
2656 2641 2895 2700 membra
2924 2650 3109 2698 nostra
3139 2656 3244 2697 non
3286 2641 3387 2697 sibi
3422 2657 3580 2697 usur—

1993 2742 2080 2803 pet
2109 2733 2562 2806 concupiscentia,
2591 2733 2690 2789 sed
2728 2733 2828 2790 sibi
2865 2731 3097 2790 vindicet
3132 2732 3490 2799 continentia;
3520 2739 3583 2788 ut

1991 2828 2099 2879 sint
2125 2839 2272 2880 arma
2299 2824 2520 2894 justitia:
2552 2825 2687 2893 Deo,
2719 2840 2786 2880 ne
2816 2825 2924 2881 sint
2957 2825 3250 2896 iniquitatis
3274 2840 3419 2880 arma
3449 2839 3582 2896 pccc

1992 2927 2113 2972 cato
2139 2935 2151 2971 :
2175 2917 2254 2974 sic
2281 2917 2422 2972 enim
2452 2917 2606 2973 nobis
2631 2925 2906 2988 peccatum
2933 2933 3041 2974 non
3069 2916 3449 2972 dominabitur.
3463 2915 3581 2971 Non

1993 3007 2135 3064 enim
2181 3022 2366 3062 sumus
2404 3009 2506 3063 sub
2547 3007 2684 3077 lege,
2720 3007 2918 3062 bonum
2953 3006 3164 3078 quidem
3200 3007 3439 3078 jubente,
3474 3020 3581 3062 non

1996 3111 2171 3155 tamen
2201 3099 2360 3154 dante
2385 3117 2398 3154 :
2422 3099 2518 3155 sed
2545 3113 2731 3154 sumus
2755 3099 2854 3154 sub
2884 3099 3073 3169 gratia,
3103 3113 3221 3169 quae
3244 3098 3297 3153 id
3325 3097 3464 3168 quod
3493 3099 3581 3154 lex

1988 3190 2142 3261 jubet
2170 3189 2371 3246 faciens
2399 3205 2497 3245 nos
2527 3205 2728 3258 amare,
2754 3197 2935 3262 potest
2961 3188 3144 3245 liberis
3171 3189 3454 3260 imperare.

2064 3283 2120 3340 9.
2162 3281 2396 3354 Itemque
2421 3297 2544 3336 eum
2567 3281 2814 3337 hortatur
2833 3290 3019 3337 utnon
3046 3280 3338 3337 secundum
3363 3293 3582 3336 carnem

1994 3375 2256 3442 vivamus,
2284 3389 2353 3430 ne
2382 3374 2692 3442 moriamur,
2724 3373 2819 3430 sed
2844 3373 3036 3444 spiritu
3065 3372 3201 3429 facta
3227 3373 3404 3429 carnis
3439 3388 3585 3429 mor-

1998 3468 2282 3535 tiﬁcemus,
2311 3477 2370 3524 ut
2398 3468 2670 3535 vivamus;
2701 3468 2826 3524 tuba
2847 3466 3030 3540 utique
3052 3483 3172 3539 qua:
3200 3467 3361 3532 canit,
3385 3466 3582 3525 bellum

1997 3560 2052 3616 in
2075 3575 2182 3632 quo
2205 3575 2481 3616 versamur
2505 3559 2770 3628 ostendit,
2798 3568 2853 3617 et
2878 3569 2935 3616 ut
2963 3560 3159 3617 acriter
3187 3559 3501 3617 dimicemus
3527 3571 3583 3617 et

1998 3654 2182 3712 hostes
2209 3665 2426 3712 nostros
2451 3657 2855 3724 mortiﬁcemus,
2878 3673 2948 3714 ne
2974 3658 3042 3713 ab
3071 3657 3150 3712 eis
3178 3657 3584 3724 mortiﬁcemur,

1998 3747 2260 3803 accendit.
2283 3747 2384 3815 Qui
2413 3747 2521 3802 sint
2538 3763 2668 3804 vero
2693 3748 2781 3802 isti
2809 3747 3014 3815 hostes,
3039 3747 3168 3803 satis
3195 3748 3470 3803 evidenter
3492 3762 3590 3801 ex-

2000 3839 2210 3908 pressit.
2250 3839 2398 3906 Quos
2434 3838 2577 3894 enim
2617 3853 2648 3892 a
2691 3837 2846 3894 nobis
2887 3838 3056 3893 voluit
3103 3838 3441 3905 mortiﬁcari,
3484 3837 3588 3908 ipsi

1999 3939 2161 3998 sunt,
2206 3930 2411 3985 scilicet
2451 3945 2614 4000 Opera
2655 3930 2850 3986 carnis.
2883 3928 2973 3985 Sic
3011 3928 3156 3986 enim
3196 3929 3392 3985 ait:Si
3419 3939 3590 3984 autem

2000 4022 2182 4092 spiritu
2211 4024 2347 4093 facta
2371 4022 2538 4078 carnis
2565 4022 3007 4093 mortificaveritis,
3029 4023 3218 4079 vivatis.
3246 4022 3314 4080 Et
3340 4024 3440 4080 ista
3469 4039 3591 4096 quae

2001 4116 2107 4173 sint
2135 4124 2194 4172 ut
2219 4115 2468 4182 sciamus,
2497 4115 2744 4172 eumdem
2772 4115 2956 4172 itidem
2981 4117 3258 4173 audiamus
3285 4117 3351 4173 ad
3372 4117 3595 4175 Galatas

2002 4209 2321 4266 scribentem
2349 4218 2403 4264 et
2430 4208 2696 4266 dicentem
2723 4227 2737 4265 :
2764 4207 3044 4282 Manifesta
3078 4219 3196 4265 sunt
3231 4221 3400 4267 autem
3438 4229 3595 4284 opera

2004 4299 2200 4367 carnis,
2237 4315 2348 4369 qua:
2383 4307 2502 4355 sunt
2541 4299 2930 4372 fornicationes,
2969 4301 3321 4368 immunditiis,
3355 4304 3595 4373 luaturiw,

2003 4391 2258 4446 idolorum
2299 4392 2540 4459 servitus,
2581 4393 2849 4462 veneficia,
2889 4393 3189 4462 inimicitiae,
3231 4397 3593 4454 contentiones.

2005 4484 2368 4549 tcmulationes,
2411 4483 2774 4552 animositates,
2817 4484 3172 4550 dissensiones,
3202 4488 3433 4551 lucreses,
3465 4487 3571 4540 invi

2007 4573 2124 4639 dite,
2150 4575 2428 4641 ebrietates,
2462 4575 2866 4642 comessationes,
2896 4584 2942 4629 et
2973 4576 3053 4631 his
3076 4577 3298 4642 similia;
3322 4594 3434 4648 qua:
3462 4595 3570 4649 pra:

2007 4663 2121 4718 dico
2145 4663 2300 4730 vobis,
2325 4664 2454 4718 sicut
2483 4664 2718 4733 praedixi,
2755 4663 2997 4736 quoniam
3034 4666 3119 4737 qui
3147 4666 3271 4721 talia
3299 4677 3475 4738 agunt,
3509 4687 3593 4723 re-

2008 4771 2162 4826 gnum
2184 4753 2277 4808 Dei
2305 4770 2406 4808 non
2432 4753 2778 4826 possidebunt.
2803 4753 2978 4825 Ipsum
3008 4756 3149 4812 enim
3184 4757 3344 4812 etiam
3381 4758 3452 4812 ibi
3480 4759 3598 4813 bel-

2010 4845 2141 4910 lum,
2189 4851 2248 4898 ut
2288 4842 2405 4899 haec
2451 4843 2655 4900 diceret
2695 4844 3033 4914 ostendebat,
3076 4855 3131 4901 et
3168 4846 3235 4901 ad
3279 4847 3377 4902 hos
3411 4846 3598 4902 hostes

2010 4934 2409 4992 mortiﬁeandos
2433 4935 2623 4991 eadem
2649 4936 2854 4993 cmlesti
2884 4944 2939 4991 et
2963 4936 3223 5006 spirituali
3253 4937 3378 4993 tuba
3395 4936 3597 4995 Christi

2011 5028 2208 5084 milites
2249 5027 2534 5084 excitabat.
2569 5026 2740 5098 Supra
2782 5028 2925 5083 enim
2967 5027 3212 5084 dixerat:
3241 5029 3366 5084 Dico
3405 5041 3597 5101 autem,

2011 5121 2193 5192 spiritu
2230 5119 2512 5187 ambulate,
2559 5129 2605 5174 et
2653 5119 2903 5174 desideria
2945 5119 3115 5174 carnis
3161 5137 3224 5176 ne
3267 5125 3597 5197 perfeceritis.

2013 5213 2145 5269 Caro
2169 5213 2304 5268 enim
2325 5213 2632 5286 concupiscit
2656 5212 2896 5268 adversus
2923 5213 3175 5284 spiritum,
3197 5215 3406 5286 spiritus
3429 5225 3599 5269 autem

2014 5308 2252 5360 adversus
2289 5321 2511 5359 carnem.
2556 5303 2686 5359 Ha’c
2727 5305 2858 5360 enim
2901 5305 3112 5360 invicem
3159 5307 3508 5374 adversantur,
3541 5314 3601 5361 ut

2015 5413 2116 5451 non
2149 5413 2208 5450 ea
2244 5411 2358 5466 qua:
2393 5397 2544 5450 vultis
2586 5397 2807 5468 faciatis.
2840 5396 2993 5465 Quod
3031 5398 3076 5452 si
3115 5398 3297 5470 spiritu
3334 5397 3595 5466 ducimini,

2015 5504 2119 5544 non
2162 5489 2282 5543 estis
2327 5487 2418 5543 sub
2463 5487 2590 5558 lege.
2629 5488 2772 5560 Ergo
2813 5489 2912 5545 sub
2950 5490 3116 5562 gratia
3145 5490 3458 5545 constitutos
3488 5491 3602 5546 vult

2016 5582 2177 5640 istum
2215 5581 2472 5638 adversus
2513 5597 2675 5652 opera
2717 5584 2894 5640 carnis
2938 5583 3135 5638 habere
3175 5581 3498 5637 conﬂictum.
3530 5582 3600 5637 Et

2017 5679 2132 5736 haec
2154 5694 2316 5751 opera
2345 5677 2521 5733 carnis
2549 5684 2608 5732 ut
2633 5676 3044 5744 demonstraret,
3076 5675 3318 5747 adjunxit
3349 5691 3467 5748 qua;
3501 5690 3597 5732 su-

2084 5800 2102 5827 δ
2120 5799 2188 5845 tta
2206 5792 2539 5846 Cisterciensis
2557 5798 2640 5845 Ms.
2669 5796 2722 5842 At
2745 5781 2876 5844 editi.
2901 5785 3178 5843 delectetur.
