4122 6212
566 323 672 386 ιω

562 459 657 515 pra
679 440 1090 500 commemoravi
1115 456 1128 493 :
1153 435 1427 506 Manifesta
1449 440 1616 488 autem
1638 440 1754 486 sunt
1774 445 1925 501 spera
1943 427 2133 494 carnis,

561 551 675 608 quis
713 544 831 592 sunt
870 531 1255 604 fornicationes,
1292 539 1346 585 et
1372 536 1586 592 caetera,
1618 525 1730 580 sive
1756 539 1875 594 quae
1901 534 2142 578 comme-

559 627 807 692 moravit,
843 624 958 680 sive
993 637 1116 694 qum
1146 618 1488 687 intelligenda
1521 615 1870 681 ('Otltlll0~lltlil,
1908 613 2138 668 maxime

559 717 838 788 adjiciens,
862 725 908 770 ct
935 716 1014 770 his
1043 713 1248 769 similia.
1273 711 1512 780 Denique
1539 709 1594 764 in
1619 707 1720 762 hoc
1745 707 1867 776 prmi
1877 705 1927 762 io
1950 703 2136 760 adver-

557 823 649 863 sus
692 807 960 864 carnalem
999 805 1226 875 quodam
1271 801 1428 857 modo
1470 801 1756 857 exercitum
1801 799 1942 853 velut
1979 797 2134 852 aliam

556 897 858 969 producens
883 896 1052 952 aciem
1080 895 1410 966 spiritualem
1443 913 1456 948 :
1487 892 1708 946 Fructus
1735 901 1902 944 autem
1929 889 2136 960 spiritus

553 1002 650 1060 est,
685 991 878 1062 inquit,
909 990 1148 1055 cher-itas,
1191 987 1453 1060 gaudium,
1493 1001 1615 1056 pax,
1645 983 2020 1055 longanimitas,
2045 980 2132 1036 be-

554 1083 796 1154 nignitas,
819 1081 1032 1146 bonitas,
1056 1079 1198 1151 ﬁdes,
1225 1077 1572 1145 mansuetudo,
1601 1073 1906 1130 continentia
1927 1088 1946 1126 :
1965 1071 2136 1126 adver-

554 1159 957 1244 sus'hujusmodi
981 1167 1082 1228 non
1106 1182 1177 1225 est
1204 1169 1302 1224 lex.
1329 1168 1448 1224 Non
1471 1169 1566 1236 ait,
1593 1167 1854 1222 adversus
1887 1163 2034 1229 hinc;
2067 1176 2136 1217 ne

553 1264 666 1322 sola
710 1279 832 1320 esse
878 1271 1189 1335 putarentur
1231 1279 1244 1315 :
1289 1261 1530 1331 quamvis
1571 1267 1626 1314 et
1672 1256 1720 1312 si
1769 1256 1870 1311 hoc
1912 1255 2132 1318 diceret,

551 1357 731 1413 omnia
771 1355 1086 1414 deberemus
1125 1353 1452 1424 intelligere,
1489 1367 1608 1422 quae
1646 1349 1883 1420 ejusdem
1921 1345 2135 1417 generis

553 1447 694 1502 bona
718 1447 950 1518 cogitare
973 1461 1249 1516 possemus
1272 1463 1284 1499 :
1310 1443 1407 1499 sed
1429 1444 1524 1509 ait,
1546 1442 1784 1496 adversus
1805 1437 2095 1509 Imjusmodi
2109 1453 2133 1502 ,°

553 1546 608 1594 et
648 1538 762 1594 huc
803 1538 1007 1594 scilicet
1045 1545 1100 1594 et
1130 1551 1477 1606 qua-eumque
1513 1533 1726 1590 similia.
1757 1533 2132 1587 Verumtamen

552 1630 695 1700 quod
741 1630 792 1684 in
831 1630 913 1684 eis
951 1629 1106 1684 bonis
1149 1644 1265 1698 qua:
1309 1624 1765 1689 commemoravit,
1801 1622 1984 1676 ultimo
2012 1620 2132 1675 loco

551 1723 726 1792 posuit
754 1721 1153 1786 continentiam,
1187 1719 1255 1774 de
1283 1735 1384 1790 qua
1417 1732 1558 1773 nunc
1587 1716 1859 1786 disputare
1893 1712 2133 1782 susceti—

551 1829 690 1880 mus,
721 1823 776 1870 et
803 1821 1024 1886 propter
1053 1827 1211 1883 quam
1249 1811 1413 1866 multa
1447 1811 1557 1881 jam
1586 1809 1838 1872 diximus,
1868 1805 2132 1876 praecipue

549 1905 714 1962 voluit
736 1919 855 1960 eam
884 1904 1084 1958 nostris
1112 1901 1380 1957 mentibus
1411 1900 1690 1956 inhmrere.
1716 1899 1832 1968 Ipsa
1858 1899 2052 1967 quippe
2076 1895 2130 1949 in

549 1995 652 2064 hoc
692 1995 835 2052 bello
871 1996 1014 2051 valet
1053 1994 1362 2066 plurimum,
1401 1993 1453 2048 in
1491 2007 1599 2062 quo
1633 1991 1888 2047 adversus
1913 2003 2130 2043 carnem

549 2087 770 2160 spiritus
810 2087 1174 2158 concupiscit;
1202 2086 1452 2157 quoniam
1497 2085 1639 2156 ipsas
1667 2083 1843 2137 carnis
1879 2079 2134 2148 concupi-

469 2196 476 2205 ‘
547 2181 778 2236 seentias
829 2179 1061 2252 quodam
1115 2177 1276 2234 modo
1329 2176 1608 2246 crnciligit.
1656 2173 1809 2229 Unde
1850 2187 1969 2228 cum
2017 2171 2132 2226 hinc

547 2272 770 2328 dixisset
793 2271 1105 2342 Apostolus,
1134 2268 1388 2326 continuo
1416 2266 1661 2336 subjecit,
1690 2265 1790 2332 Qui
1815 2273 1983 2318 autrm
2003 2261 2039 2316 «Ι
2045 2279 2132 2316 esu

549 2363 734 2420 Christi
772 2373 918 2430 sunt,
953 2378 1154 2418 carnem
1179 2377 1326 2416 suam
1354 2359 1710 2428 cruci/uerunt
1741 2373 1850 2410 cunt
1885 2355 2134 2424 passioni-

548 2455 640 2512 bus
663 2466 710 2512 et
740 2455 1156 2527 concupiscentiis
1186 2451 1384 2526 (Galat.
1411 2467 1468 2520 v,
1494 2449 1706 2520 16-24).
1733 2449 1856 2504 llaec
1885 2457 1968 2502 est
1995 2447 2132 2502 actio

551 2548 894 2604 continentiae
920 2565 934 2603 :
966 2548 1043 2602 sic
1071 2561 1234 2618 Opera
1265 2546 1282 2577 ι
1313 2544 1488 2600 carnis
1515 2543 1919 2598 mortilicantut'.
1946 2538 2130 2595 Morti-

547 2637 710 2692 ﬁcant
729 2653 857 2694 vero
881 2653 996 2704 eos,
1021 2653 1156 2710 quos
1179 2637 1489 2691 deﬁcientes
1514 2649 1543 2688 a
1566 2633 1890 2688 continentia
1915 2630 1983 2684 ad
2003 2645 2132 2685 cun-

547 2729 850 2788 scnsionem
872 2728 1348 2800 perpetrandorum
1371 2727 1555 2782 talium
1580 2740 1802 2796 operum
1825 2723 1986 2778 trahit
2003 2738 2133 2778 cou-

547 2819 894 2892 cupiscentia.

615 2911 840 2968 CAPUT
869 2909 1133 2968 lV.—i(l.
1161 2908 1226 2965 Ut
1237 2907 1740 2965 continentiaservari
1766 2909 1941 2980 possit,
1961 2923 2134 2962 caven-

546 3003 614 3060 da
627 3005 950 3076 prwsumptio
980 3003 1042 3058 de
1063 3003 1282 3076 prapriis
1305 3001 1512 3057 viribus.
1549 3001 1719 3056 Vivere
1741 3000 2020 3056 secundum
2037 3000 2132 3056 ho-

547 3096 750 3165 minem,
764 3105 809 3152 et
827 3096 982 3150 viuere
1001 3094 1278 3152 secundum
1301 3109 1527 3161 carnem,
1549 3093 1683 3146 idem
1707 3101 1799 3147 est.
1822 3091 2084 3148 Utautem
2099 3107 2132 3147 a

545 3188 873 3245 continentia
897 3204 1004 3244 non
1046 3187 1391 3255 deﬁciamus,
1424 3187 1680 3242 adversus
1710 3185 1829 3242 illas
1863 3185 2132 3256 praecipue

545 3283 927 3342 diabolicarum
957 3284 1353 3353 suggestionem
1371 3281 1590 3336 insidias
1614 3280 1832 3351 vigilare
1849 3267 2129 3346 debemus,

548 3391 616 3434 ne
639 3377 708 3432 de
735 3377 929 3432 nostris
954 3375 1154 3430 viribus
1187 3388 1595 3444 praesentiamus.
1635 3372 1942 3427 Matedictus
1984 3371 2130 3427 enim

548 3470 710 3524 amris
736 3469 822 3542 qui
841 3485 982 3540 spent
1003 3484 1151 3522 suam
1177 3467 1318 3539 ponit
1337 3468 1390 3522 in
1417 3467 1620 3520 homine
1645 3465 1854 3537 (Jerem.
1884 3481 2018 3533 xvn,
2051 3465 2130 3536 5).

548 3558 616 3615 Et
641 3559 760 3630 quis
785 3567 868 3614 est
892 3559 1022 3627 iste,
1055 3559 1155 3613 nisi
1184 3557 1347 3613 homo
1371 3559 1432 3612 ’Υ
1461 3557 1576 3612 Non
1609 3566 1782 3626 potest
1812 3573 1944 3627 ergo
1973 3571 2130 3614 vera-

550 3651 684 3707 citer
710 3650 890 3721 dicere
916 3665 1022 3706 non
1048 3665 1107 3706 se
1128 3666 1277 3721 spem
1310 3664 1508 3720 pollere
1531 3649 1587 3703 in
1614 3648 1830 3706 homine
1849 3688 1866 3716 ,
1893 3649 1986 3720 qui
2010 3664 2129 3706 eam

552 3744 701 3814 ponit
725 3743 778 3798 in
809 3759 886 3799 se.
911 3742 1044 3816 Nam
1067 3751 1122 3797 et
1147 3743 1248 3798 hoc
1275 3742 1568 3796 secundum
1614 3741 1882 3798 hominem
1913 3741 2130 3810 vivere,

549 3835 677 3913 quid
706 3847 788 3893 est
816 3837 918 3893 nisi
958 3835 1252 3892 secundum
1283 3851 1497 3890 carnem
1539 3835 1753 3892 vivere?
1786 3835 1981 3892 Audiat
2005 3849 2136 3906 ergo

551 3929 642 4002 qui
667 3931 756 3986 tali
782 3931 1119 4002 suggestione
1148 3938 1396 3996 tentatur,
1429 3938 1484 3986 et
1531 3931 1578 3986 si
1623 3930 1762 3987 ullus
1799 3931 1850 3988 ei
1877 3931 2130 3988 christia-

551 4037 652 4080 nus
692 4037 881 4080 sensus
916 4030 1028 4088 est,
1067 4022 1443 4078 contremisest
1472 4039 1484 4074 :
1513 4022 1714 4090 audiat,
1770 4023 2020 4095 inquam,
2065 4024 2129 4084 Si

553 4113 830 4168 secundum
849 4129 1052 4168 carnem
1075 4114 1318 4180 vixeritis,
1341 4115 1644 4169 moriemini.

627 4203 836 4260 lt.Sed
857 4203 1120 4273 quispiam
1146 4204 1387 4260 dicturus
1434 4215 1518 4260 est
1555 4205 1684 4260 mihi
1710 4207 1850 4262 aliud
1887 4223 2008 4264 esse
2037 4223 2128 4267 se-

555 4291 792 4350 cundum
815 4291 1086 4348 hominem
1104 4334 1120 4361 ,
1163 4293 1310 4348 aliud
1335 4296 1631 4350 secundum
1661 4310 1880 4352 carnem
1907 4300 2087 4355 vivere
2116 4317 2132 4355 :

555 4389 680 4463 quia
705 4387 866 4444 homo
897 4386 1142 4456 videlicet
1173 4385 1450 4442 rationalis
1478 4395 1720 4444 creatura
1748 4398 1832 4445 est
1851 4431 1866 4456 ,
1898 4401 1952 4448 et
1981 4393 2038 4448 in
2069 4407 2138 4450 eo

554 4479 826 4537 rationalis
854 4487 938 4536 est
969 4478 1176 4534 animus
1195 4519 1214 4548 ,
1240 4491 1344 4550 quo
1371 4476 1532 4534 distat
1554 4493 1586 4532 a
1611 4492 1839 4548 pecore;
1881 4495 2008 4537 caro
2041 4497 2142 4538 au-

557 4581 664 4630 tem
690 4582 773 4630 est
799 4571 980 4629 inﬁma
1007 4581 1062 4628 et
1089 4580 1299 4628 terrena
1337 4584 1460 4644 pars
1503 4571 1767 4640 hominis,
1801 4583 1854 4630 et
1895 4573 2017 4632 ideo
2045 4591 2138 4633 se-

554 4665 788 4723 cundum
815 4681 933 4722 eam
961 4665 1141 4722 vivere
1165 4665 1413 4722 vitiosum
1449 4673 1533 4721 est
1559 4681 1574 4718 :
1605 4673 1823 4735 propter
1862 4665 2006 4738 quod
2045 4667 2140 4725 ille

555 4759 646 4830 qui
671 4758 968 4816 secundum
992 4758 1262 4816 hominem
1290 4757 1451 4824 vivit,
1475 4773 1582 4814 non
1611 4759 1794 4830 utique
1838 4759 2138 4817 secundum

555 4865 770 4910 carnem
791 4892 808 4919 ,
850 4850 945 4906 sed
972 4851 1152 4923 potius
1179 4849 1477 4906 secundum
1502 4863 1621 4906 eam
1654 4859 1862 4919 partem
1905 4849 2139 4907 hominis.

558 4943 691 4998 vivit
727 4957 830 5014 qua
865 4943 1025 4998 homo
1077 4949 1192 5008 est,
1237 4940 1342 4996 hoc
1389 4949 1510 5008 est,
1557 4940 1847 4998 secundum
1891 4942 2140 5010 spiritum

558 5035 772 5100 mentis,
797 5049 906 5106 quo
921 5033 1202 5106 pecoribus
1227 5032 1558 5104 praeminet.
1581 5031 1780 5087 Verum
1809 5031 1926 5088 huic
1954 5032 2138 5102 dispu-

557 5127 689 5185 tatio
716 5126 852 5182 valet
877 5127 1119 5182 fortassis
1143 5124 1346 5196 aliquid
1370 5124 1426 5180 in
1441 5123 1640 5180 scholis
1656 5123 2135 5196 philosophorum:

557 5233 656 5278 nos
683 5229 862 5274 autem
890 5225 948 5273 ut
986 5218 1344 5290 intelligamus
1393 5219 1710 5289 Apostolum
1753 5218 1986 5285 Christi,
2015 5219 2140 5277 libri

558 5309 834 5369 christiani
857 5311 1302 5380 quemadmodum
1329 5311 1473 5382 loqui
1499 5311 1738 5380 soleant,
1766 5312 2025 5370 debemus
2041 5315 2140 5370 ad-

559 5414 788 5478 vertere.
827 5403 990 5460 Fides
1024 5414 1172 5460 certe
1213 5405 1451 5460 omnium
1499 5417 1741 5463 nostrum
1783 5417 1894 5476 est,
1946 5409 2142 5479 quibus

559 5491 803 5556 Christus
826 5496 1006 5553 vivere
1029 5504 1114 5554 est
1137 5495 1180 5565 ³,
1217 5495 1486 5554 hominem
1506 5511 1539 5554 a
1573 5497 1754 5557 Verbo
1791 5500 1888 5557 Dei
1927 5516 2144 5558 assum-

623 5702 641 5764 ξ
661 5699 997 5764 Cistercieusis
1005 5704 1108 5764 Ms;
1123 5705 1240 5749 Haec
1250 5701 1322 5764 est
1331 5697 1460 5748 actio
1471 5697 1786 5764 continemus,
1802 5699 1847 5750 si
1859 5710 2026 5764 opera.

623 5763 644 5825 ξ
669 5761 802 5821 Editi,
825 5760 920 5812 nisi
936 5759 1035 5825 ipse
1052 5760 1206 5812 homo.
1231 5761 1380 5810 Abest
1401 5773 1514 5825 vox,
1531 5762 1648 5825 ipse,
1674 5775 1701 5810 a
1727 5759 1831 5825 Mss.

627 5823 646 5853 ³
660 5829 779 5875 nos
800 5831 928 5886 Mss,
954 5821 1174 5876 nostrum
1197 5830 1288 5886 est,
1312 5827 1361 5874 ut
1381 5821 1597 5896 Christus
1618 5823 1814 5885 venerit,
1837 5828 1882 5875 et
1905 5822 2142 5878 hominem

1661 315 1750 372 DE
1787 309 2262 379 CONTINENTIA,
2301 308 2360 366 S.
2398 307 2766 366 AUGUSTINI

2255 433 2401 495 ptum
2421 463 2438 492 ,
2471 438 2576 480 non
2603 423 2784 494 utique
2806 420 2920 476 sine
2944 419 3119 476 anima
3141 417 3408 488 rationali,
3435 418 3574 476 sicut
3602 418 3824 490 quidam

2245 513 2482 570 haeretici
2515 514 2722 579 volunt;
2754 521 2809 568 et
2839 523 3012 568 tamen
3043 511 3271 582 legimus
3291 552 3308 577 ,
3345 509 3561 564 Verbum
3584 526 3704 564 caro
3731 513 3818 580 [a-

2242 613 2376 658 ctum
2401 613 2472 658 est
2505 603 2680 676 (Joan.
2703 619 2742 668 ι,
2773 601 2884 673 ili).
2912 601 3049 672 Quid
3076 603 3162 656 hic
3186 615 3312 655 caro
3343 598 3684 672 intelligenda
3710 610 3817 668 est,

2242 695 2344 763 nisi
2373 695 2570 752 homo?
2599 695 2667 752 Et
2687 695 2866 750 videbit
2887 695 3048 752 omnis
3063 710 3180 748 caro
3198 693 3422 748 salutare
3440 689 3535 748 Dei
3551 689 3698 764 (Luc.
3725 707 3806 760 ιιι,

2243 787 2330 858 6);
2355 787 2483 860 quid
2524 797 2698 858 potest
2735 787 2996 860 intelligi,
3022 785 3157 854 nisi,
3187 786 3364 843 omnis
3401 784 3604 842 homo?
3649 785 3731 840 Ad
3773 794 3822 841 te

2243 881 2404 937 omnis
2431 897 2550 935 caro
2592 883 2748 937 veniet
2797 879 2966 954 (Psal.
3009 895 3160 947 utv,
3203 879 3304 951 3);
3351 879 3478 952 quid
3515 886 3630 946 cst,
3677 877 3812 948 nisi,

2241 974 2414 1028 omnis
2435 973 2594 1029 homo
2611 975 2632 1030 ?
2651 971 2851 1030 Dedisti
2870 975 2916 1029 ei
2943 981 3235 1046 potestatem
3253 971 3416 1027 omnis
3441 970 3608 1026 carnis
3638 969 3816 1044 (Joan.

2241 1080 2374 1133 xvn,
2400 1065 2436 1119 2
2456 1065 2510 1136 );
2540 1065 2667 1136 quid
2695 1073 2804 1131 est,
2836 1065 2970 1132 nisi,
2997 1065 3170 1120 omnis
3197 1063 3460 1120 hominis?
3481 1061 3564 1119 Ea:
3582 1060 3820 1132 operibus

2240 1155 2362 1228 legis
2383 1173 2483 1211 non
2498 1157 2868 1229 justi/icabitur
2891 1156 3052 1213 omnis
3074 1172 3194 1210 caro
3217 1153 3394 1228 (Rom.
3424 1169 3504 1222 tu,
3529 1153 3660 1224 20);
3681 1151 3816 1224 quid

2239 1257 2360 1315 est,
2418 1249 2556 1317 nisi,
2606 1250 2786 1305 nullus
2821 1249 3198 1321 justiﬁeabitur
3237 1247 3431 1304 homo?
3473 1245 3626 1315 Quod
3673 1245 3816 1300 idem

2238 1340 2507 1410 apostolus
2548 1340 2672 1396 alibi
2707 1341 3013 1412 exprimens
3053 1338 3419 1408 manifestius,
3450 1336 3596 1406 Non,
3623 1337 3819 1408 inquit,

2229 1432 2596 1502 justiﬁcabitur
2621 1434 2770 1488 homo
2815 1449 2878 1487 ea:
2915 1433 3148 1503 operibus
3195 1432 3324 1505 legis
3353 1429 3546 1507 (Galat.
3591 1446 3650 1497 ιι,
3696 1429 3818 1502 16).

2237 1520 2544 1580 Corinthios
2571 1539 2786 1595 quoque
2828 1523 3067 1594 increpat
3101 1522 3288 1580 dicens
3315 1539 3330 1578 :
3355 1521 3544 1578 Nonne
3581 1522 3816 1578 carnales

2236 1615 2374 1682 estis,
2403 1622 2451 1668 et
2491 1615 2766 1670 secundum
2807 1615 3061 1670 hominem
3083 1613 3356 1670 ambulatis
3399 1614 3446 1686 (ι
3470 1614 3590 1670 Cor.
3613 1629 3690 1680 ιιι,
3721 1611 3818 1684 5)ΐ

2235 1703 2366 1760 Cum
2388 1707 2630 1763 carnales
2671 1721 2765 1764 eos
2804 1705 3054 1775 dixisset,
3086 1722 3196 1762 non
3230 1706 3340 1775 ait,
3377 1707 3676 1764 secundum
3706 1721 3826 1762 car-

2238 1815 2362 1856 nem
2385 1800 2703 1866 ambulatis;
2731 1799 2824 1856 sed
2839 1839 2855 1868 ,
2887 1799 3162 1856 secundum
3177 1799 3434 1856 hominem
3451 1815 3472 1856 ε
3500 1800 3625 1872 quia
3640 1808 3696 1856 et
3710 1799 3820 1856 hoc

2236 1891 2362 1962 quid
2396 1893 2564 1948 voluit
2596 1889 2855 1964 intelligi,
2883 1891 3022 1961 nisi,
3053 1890 3348 1950 secundm
3391 1890 3650 1950 carnem?
3679 1891 3822 1950 Nam

2237 1986 2420 2054 utique
2461 1984 2507 2038 si
2553 1983 2890 2054 culpabiliter
2938 1982 3155 2054 quidem
3209 1981 3508 2040 secundum
3556 1997 3820 2054 carnem,

2235 2075 2569 2131 laudabiliter
2592 2083 2772 2132 autem
2798 2073 3094 2132 secundum
3117 2073 3392 2132 hominem
3427 2074 3820 2144 ambulat-stur,

2237 2168 2291 2224 id
2316 2177 2432 2236 est,
2461 2169 2750 2238 viveretur,
2779 2183 2886 2226 non
2915 2169 3248 2240 exprobrans
3279 2167 3514 2238 diceret,
3537 2167 3819 2224 secundum

2238 2261 2490 2316 hominem
2530 2261 2821 2318 ambulatis.
2873 2263 3144 2334 Agnoscat
3189 2261 3356 2318 homo
3399 2259 3746 2332 opprobrium
3769 2260 3818 2330 ί,

2236 2362 2404 2410 mutet
2446 2355 2810 2425 propositum,
2856 2353 2988 2410 vitet
3037 2353 3334 2410 interitum.
3385 2351 3563 2422 Audi,
3613 2353 3815 2420 homo;

2236 2447 2346 2504 noli
2372 2447 2643 2504 ambulare
2675 2445 2974 2502 secundum
3014 2445 3322 2514 hominem,
3375 2443 3475 2500 sed
3519 2442 3819 2502 secundum

2236 2553 2358 2593 eum
2385 2537 2478 2607 qui
2508 2538 2630 2592 fecit
2658 2538 2926 2593 hominem
2953 2553 2969 2590 :
2997 2535 3067 2594 ab
3089 2551 3155 2593 eo
3179 2537 3272 2608 qui
3295 2533 3426 2591 fecit
3455 2544 3539 2603 te,
3571 2534 3682 2592 noli
3712 2533 3814 2592 dav

2236 2629 2396 2686 licere
2425 2645 2524 2684 nec
2547 2629 2616 2684 ad
2641 2637 2711 2684 te.
2739 2629 2914 2686 Homo
2939 2629 3080 2686 enim
3111 2628 3324 2684 dicebat
3339 2665 3358 2695 ,
3383 2627 3476 2698 qui
3499 2635 3682 2684 tamen
3707 2639 3821 2683 non

2235 2722 2527 2779 secundum
2557 2724 2827 2780 homirnam
2857 2723 3109 2782 vivebat:
3139 2721 3266 2779 Non
3289 2723 3408 2792 quia
3431 2722 3602 2777 “anei
3638 2737 3816 2778 mus

2235 2816 2454 2887 cogitare
2475 2813 2668 2886 aliquid
2693 2832 2728 2869 a
2751 2817 2892 2872 nobis
2909 2817 3056 2888 quasi
3070 2832 3135 2872 es
3157 2815 3523 2887 nobismetipsis
3544 2831 3565 2881 ε
3589 2814 3681 2870 sed
3698 2817 3817 2886 rufo

2235 2908 2455 2977 ﬁcientia
2483 2917 2656 2963 nostra
2674 2924 2739 2964 ea:
2759 2907 2870 2964 Deo
2887 2918 2960 2964 est
2983 2907 3052 2980 (ll
3087 2907 3208 2964 Cor.
3241 2923 3320 2976 In,
3347 2907 3422 2978 5).
3469 2905 3600 2962 Vide
3637 2905 3686 2963 si
3729 2919 3824 2964 se—

2235 3001 2468 3058 cundum
2491 3002 2760 3060 hominem
2799 3003 3041 3071 vivebat,
3059 3003 3154 3074 qui
3175 3001 3438 3060 veraciter
3461 2999 3564 3056 ista
3579 2998 3818 3056 dicebat.

2236 3093 2544 3152 Admoneus
2569 3111 2700 3168 ergo
2725 3096 3014 3167 Apostolus
3038 3095 3342 3165 hominem,
3363 3109 3432 3152 ne
3457 3095 3601 3152 vivat
3623 3105 3824 3150 secun-

2237 3187 2364 3245 dum
2390 3189 2659 3248 hominem
2682 3231 2700 3258 ,
2729 3191 2999 3248 hominem
3023 3191 3136 3247 Deo
3157 3189 3352 3247 reddit.
3382 3189 3487 3257 Qui
3503 3197 3680 3246 autem
3700 3197 3820 3246 nol

2236 3279 2366 3336 vivit
2389 3281 2680 3336 secundum
2707 3281 3001 3350 hominem,
3027 3281 3124 3338 sed
3142 3280 3437 3338 secundum
3456 3281 3625 3338 Deum
3643 3321 3661 3350 ,
3687 3294 3820 3351 m-

2236 3370 2379 3430 fecto
2399 3389 2506 3430 non
2529 3373 2656 3430 vivit
2681 3373 2842 3430 etiam
2876 3373 3172 3429 secundum
3197 3373 3470 3444 sanun);
3499 3373 3626 3444 quia
3653 3371 3820 3431 homo

2236 3475 2320 3526 ut
2341 3476 2400 3524 et
2417 3467 2553 3538 ipse.
2580 3465 2688 3524 Sed
2707 3467 2832 3522 ideo
2857 3466 3053 3523 dicitur
3088 3468 3250 3523 etiam
3279 3465 3579 3524 seuit-dum
3603 3479 3828 3522 carnem

2237 3559 2451 3628 vivere,
2477 3575 2604 3616 cum
2631 3561 2707 3616 ita
2730 3559 2888 3628 vivit;
2919 3560 3048 3631 quia
3087 3565 3144 3616 et
3182 3574 3348 3616 carne
3388 3560 3506 3616 sola
3548 3559 3826 3616 nominata

2238 3654 2547 3725 intelligitur
2593 3654 2776 3725 homo,
2805 3655 2949 3726 quod
2969 3655 3084 3728 jam
3125 3655 3461 3714 ostendimus
3493 3655 3672 3712 :sicut
3709 3653 3828 3711 Ioh

2238 3748 2415 3804 anima
2434 3747 2706 3804 nominata
2731 3749 3042 3818 intelligitur
3071 3747 3266 3816 homo;
3309 3749 3452 3804 unde
3471 3747 3674 3804 dictum
3702 3754 3820 3814 est,

2244 3838 2420 3895 Omnis
2465 3839 2638 3894 artima
2691 3839 3070 3894 sublimioribus
3124 3840 3452 3910 potestatibus
3513 3839 3719 3895 subdita
3759 3837 3830 3892 sit

2242 3932 2419 4006 (Rom.
2448 3950 2564 4001 xm,
2597 3934 2678 4006 1),
2703 3934 2757 3990 id
2787 3943 2887 4000 est,
2919 3933 3094 3989 munis
3119 3932 3321 4000 homo;
3351 3943 3441 4000 et,
3489 3931 3832 4004 Septuaginta

2242 4030 2462 4103 quinque
2495 4030 2677 4084 animo:
2715 4028 3078 4084 descenderunt
3111 4027 3168 4082 in
3210 4025 3502 4099 Egyptian
3519 4039 3636 4080 cum
3660 4021 3830 4078 heat

2245 4122 2570 4196 (Gemxut,
2601 4122 2695 4194 27)
2715 4161 2730 4190 ,
2762 4121 2816 4177 id
2841 4131 2924 4178 est
2945 4163 2960 4189 ,
3001 4119 3335 4192 septuaginta
3378 4120 3616 4190 quinque
3653 4113 3832 4172 homi-

2245 4229 2363 4270 nes.
2389 4214 2510 4270 Noli
2529 4229 2656 4286 ergo
2680 4213 2861 4270 vivere
2888 4211 3182 4268 secundum
3212 4219 3268 4268 te
3294 4211 3470 4282 ipsum
3491 4250 3507 4278 ,
3549 4223 3584 4264 o
3612 4209 3780 4268 homo
3807 4222 3832 4260 ξ

2244 4305 2370 4362 inde
2397 4307 2640 4376 perieras
2660 4347 2676 4372 ,
2712 4305 2806 4361 sed
2857 4305 3114 4375 quaesitus
3149 4317 3231 4360 es.
3257 4301 3414 4369 Noti,
3459 4301 3712 4370 inquam,
3741 4297 3832 4352 vi-

2243 4411 2371 4452 vere
2393 4397 2684 4452 secuudum
2706 4406 2758 4453 te
2783 4395 2959 4466 ipsum
2989 4411 3004 4448 :
3032 4395 3158 4451 inde
3185 4393 3422 4466 perieras
3438 4431 3454 4460 ,
3483 4399 3542 4447 et
3580 4391 3833 4446 inventus

2244 4505 2306 4545 es
2327 4491 2370 4541 ³.
2404 4489 2522 4544 Noli
2549 4489 2728 4544 carnis
2772 4502 3026 4545 accusare
3069 4495 3345 4553 naturam,
3393 4481 3609 4555 quando
3633 4481 3830 4548 audis,

2247 4579 2308 4636 Si
2332 4579 2608 4634 secundum
2635 4595 2836 4635 carnem
2855 4578 3102 4650 vixeritis,
3121 4576 3424 4634 moriemini.
3445 4575 3538 4632 Sic
3555 4574 3702 4631 enim
3719 4573 3831 4630 dici

2245 4673 2450 4746 potuit,
2480 4681 2536 4729 et
2579 4673 2857 4730 verissime
2881 4673 3091 4744 potuit,
3121 4671 3181 4728 Si
3227 4668 3524 4728 nandum
3549 4681 3648 4724 vos
3681 4667 3836 4723 vise-

2247 4768 2401 4833 ritis,
2439 4766 2764 4822 moriemini.
2803 4765 2937 4822 Nam
2965 4763 3212 4820 diabolus
3239 4776 3350 4818 nou
3375 4761 3536 4817 habet
3579 4771 3796 4816 cantem
3815 4792 3832 4823 ,

2245 4870 2302 4917 et
2347 4869 2523 4915 tamen
2562 4858 2685 4929 quia
2727 4846 3022 4914 seemidum
3061 4870 3122 4914 se
3166 4855 3342 4927 ipsum
3397 4854 3580 4910 vivere
3629 4850 3834 4918 voluit,

2244 4955 2299 5008 in
2325 4953 2533 5008 veritate
2551 4967 2651 5006 non
2680 4953 2834 5008 stetit.
2863 4951 3004 5022 Quid
3031 4965 3160 5022 ergo
3204 4949 3400 5005 mirum
3421 4947 3442 4979 ³
3464 4947 3509 5002 si
3537 4945 3828 5002 secundum

2245 5057 2306 5102 se
2332 5045 2506 5115 ipsum
2535 5045 2720 5101 vivens
2739 5083 2756 5114 ,
2778 5060 2894 5100 cum
2921 5045 3146 5116 loquitur
3169 5040 3508 5105 mendacium,
3551 5037 3614 5093 de
3639 5053 3734 5092 suo
3749 5037 3830 5090 lo-

2245 5137 2416 5210 quitur
2459 5133 2637 5207 (Joan.
2665 5149 2780 5202 vm,
2827 5135 2918 5205 Μ)
2939 5133 2964 5188 ?
2989 5132 3131 5204 quod
3158 5145 3344 5186 verum
3371 5127 3438 5184 de
3481 5128 3572 5182 illo
3619 5126 3831 5183 Veritas

2245 5229 2404 5286 dixit.

2289 5320 2515 5378 CAPUT
2529 5318 2761 5378 V.—l2.
2776 5317 2898 5372 Non
2907 5316 3034 5386 [idat
3051 5314 3114 5371 de
3133 5331 3186 5369 se
3205 5313 3289 5384 qui
3309 5313 3411 5368 vult
3429 5311 3624 5384 peccati
3645 5325 3831 5370 concita

2247 5463 2280 5502 α
2309 5449 2476 5512 Verbo,
2505 5457 2600 5512 etc,
2617 5446 2996 5512 Genovet'aeanus
3012 5441 3188 5504 codex,
3212 5448 3428 5494 nostrum
3443 5445 3531 5504 est,
3553 5447 3604 5492 ut
3619 5437 3839 5492 Christus

2247 5513 2444 5573 veniret,
2461 5505 2708 5564 hominem
2728 5523 2761 5560 a
2790 5505 2961 5574 Verbo,
2980 5513 3074 5574 etc.
3321 5564 3332 5574 .
3380 5564 3391 5574 .

2313 5564 2461 5626 ιίεοιέι
2485 5575 2632 5623 editio
2652 5580 2783 5623 Lov.:
2808 5564 2980 5620 Audiat
3003 5568 3142 5620 homo
3163 5564 3490 5632 opprobrium.

2313 5640 2334 5670 ³
2355 5623 2634 5704 Sichahent
2654 5633 2836 5704 aliquot
2852 5638 3036 5704 Mss._At
3059 5637 3156 5681 Er.:
3173 5623 3346 5694 siquia
3363 5625 3594 5693 perieras,
3615 5623 3836 5680 inﬂatius

2249 5715 2319 5754 es.
2344 5699 2540 5764 Iov.._si
2561 5697 2794 5764 ρενὶενάδι
2817 5697 3032 5764 inventus
3048 5707 3130 5764 εξσ,
3366 5749 3379 5764 .
3482 5763 3487 5764 ,
3524 5757 3563 5764 Α
3589 5749 3730 5764 mw
3755 5747 3766 5764 ρ

2315 5749 2424 5814 ne
2447 5749 2614 5825 plin-iss
2634 5767 2740 5810 uss.
2760 5749 2813 5810 ,ἐι
2835 5758 2971 5825 βάξει,
3006 5756 3130 5820 Quid
3146 5765 3262 5825 ergo
3278 5749 3436 5808 verius
3472 5763 3492 5810 :
3516 5757 3570 5806 et
3587 5749 3739 5812 iidem
3752 5749 3834 5805 in-

2252 5826 2325 5879 tra
2347 5821 2464 5889 pro;
2475 5822 2601 5886 quod
2627 5834 2818 5887 contra;
2836 5822 3037 5886 habent,
3061 5821 3194 5884 quod
3213 5827 3339 5871 vere.
