4122 6212
363 302 471 360 357

365 417 666 489 piscantium
683 417 898 473 obicere.
926 415 1200 474 Excusatio
1227 429 1542 491 peccatorum
1564 421 1839 477 cohibenda
1869 440 1957 495 per

363 509 749 565 continentiam.
797 508 1170 568 Emmtiones
1217 513 1272 567 in
1315 516 1529 583 peccatis
1558 516 1784 571 diuersae.
1834 516 1956 570 Fati

359 600 640 665 accusatio,
695 600 918 669 fortunat
953 643 968 668 ,
999 601 1210 670 diaboli,
1242 603 1340 658 Dei
1363 620 1479 660 vero
1513 606 1674 675 ipsius
1703 624 1734 660 a
1783 607 1956 662 Mani-

361 690 534 745 cluris.
563 690 699 746 Cum
725 698 856 762 ergo
877 692 1031 749 audis
1055 737 1070 763 ,
1109 693 1384 751 Peccatum
1409 698 1546 753 vobis
1572 715 1676 754 non
1719 701 1950 755 domina-

357 779 525 847 bitur;
552 783 665 838 noli
685 783 755 841 de
785 793 838 840 te
862 785 1026 842 ﬁdere
1044 827 1062 852 ,
1086 794 1144 841 ut
1173 798 1450 858 peccatum
1496 791 1589 846 tibi
1636 807 1740 848 non
1769 794 1948 848 domi-

356 880 545 938 netur;
575 873 672 930 sed
699 873 767 930 de
806 875 902 932 illo
942 875 1030 932 cui
1068 877 1195 934 dicit
1241 894 1403 936 orans
1442 883 1654 952 quidam
1686 893 1904 941 sanctus
1927 928 1944 952 ,

356 961 558 1018 Itinera
581 981 696 1019 mea
732 966 898 1038 dirige
919 969 1198 1024 secundum
1225 973 1432 1026 veritam
1457 983 1620 1036 tuam,
1644 985 1689 1028 et
1717 993 1818 1030 non
1849 979 1944 1031 do-

355 1056 576 1110 minetur
605 1057 730 1114 milti
756 1059 922 1116 omit
945 1059 1183 1130 iniquitas
1213 1060 1383 1132 (Psal.
1411 1079 1597 1131 cxvut,
1654 1067 1804 1136 155).
1853 1067 1946 1122 Et-

353 1147 500 1202 enim
523 1161 594 1203 ne
633 1147 806 1216 forte,
836 1164 962 1206 cum
978 1151 1334 1220 audissemus,
1367 1154 1633 1210 Peccatum
1661 1159 1798 1212 vobis
1841 1175 1942 1212 non

352 1241 718 1309 dominabitur,
758 1258 858 1299 nos
890 1244 1036 1314 ipsos
1079 1247 1486 1315 extolleremus,
1529 1259 1584 1304 et
1611 1249 1810 1305 viribus
1842 1268 1942 1306 no-

351 1334 482 1391 stris
508 1334 610 1390 ltoc
654 1335 1047 1405 tribueremus,
1079 1339 1258 1394 statim
1306 1340 1408 1396 hoc
1445 1341 1576 1402 vidit
1614 1343 1937 1411 Apostolus,

348 1435 511 1496 atque
536 1426 796 1496 subjecit,
828 1426 950 1484 Non
978 1430 1110 1484 enim
1133 1431 1252 1485 estis
1270 1432 1362 1486 sub
1390 1432 1517 1502 lege,
1545 1434 1635 1488 sed
1662 1437 1752 1488 sub
1776 1436 1941 1504 gratia

351 1517 530 1589 (Rom.
553 1535 630 1586 v1,
658 1518 768 1590 14).
817 1519 996 1577 Gratia
1041 1522 1222 1593 itaque
1266 1524 1391 1580 facit
1437 1535 1495 1580 ut
1537 1538 1814 1596 peccaturo
1845 1531 1939 1586 tibi

352 1626 458 1667 non
485 1611 814 1670 dominetur.
841 1612 962 1670 Noli
989 1630 1120 1686 ergo
1144 1615 1212 1672 de
1241 1625 1294 1672 te
1319 1618 1502 1683 fidere,
1536 1635 1603 1676 ne
1631 1622 1799 1676 multo
1819 1637 1935 1678 am-

352 1702 492 1772 plius
516 1705 642 1760 inde
689 1704 785 1761 tibi
811 1705 1138 1763 dominetur.
1171 1708 1388 1765 Etcum
1428 1711 1709 1780 audimus,
1744 1714 1804 1768 Si
1831 1716 1936 1784 spi-

346 1793 450 1847 ritu
484 1795 704 1851 actiones
743 1798 914 1852 carnis
947 1800 1388 1869 mortiﬁcaveritis,
1438 1804 1644 1869 vinetis;
1683 1821 1786 1861 non
1833 1807 1935 1862 hoc

347 1893 550 1942 tantum
582 1886 782 1944 bonum
809 1889 1020 1960 Spiritui
1047 1901 1270 1959 nostro,
1319 1895 1470 1963 quasi
1520 1911 1614 1965 per
1655 1913 1714 1953 se
1761 1898 1934 1967 ipsum

345 1980 510 2049 possit
531 1982 633 2034 ista
657 2023 671 2048 ,
707 1981 1021 2038 tribuamus.
1051 1983 1184 2039 Nam
1224 2001 1291 2041 ne
1320 1987 1478 2041 istum
1505 1990 1772 2045 carnalem
1805 2007 1931 2047 sen-

342 2084 460 2127 sum
476 2071 670 2140 spiritu
684 2083 894 2130 mortuo
922 2076 1098 2145 potius
1123 2091 1284 2147 quam
1303 2079 1658 2136 mortificante
1679 2084 1694 2113 ¹
1718 2097 1771 2134 sa
1781 2098 1929 2152 perc-

341 2180 492 2230 mus,
522 2167 663 2222 illico
697 2168 934 2236 addidit,
969 2170 1226 2243 Quotquot
1250 2175 1386 2230 enim
1408 2174 1610 2244 Spiritu
1651 2176 1708 2227 Di
1728 2177 1744 2229 i
1768 2195 1928 2247 agan-

341 2264 445 2320 tur,
472 2257 526 2310 lii
549 2258 644 2326 ﬁlii
663 2269 778 2314 sunt
793 2258 891 2316 Dei
913 2261 1024 2334 (Id.
1047 2279 1162 2331 vm,
1184 2266 1272 2331 i3,
1297 2267 1406 2334 14).
1439 2267 1620 2337 Itaque
1644 2278 1701 2322 ut
1741 2272 1928 2339 spiritu

342 2359 528 2405 nostro
551 2366 713 2422 opera
736 2356 912 2410 carnis
943 2358 1348 2424 mortificemus,
1371 2358 1569 2429 Spiritu
1601 2363 1690 2417 Dei
1720 2365 1929 2434 agimur

337 2441 430 2510 qui
451 2441 544 2497 dat
566 2445 946 2500 continentiam
969 2489 985 2514 ,
1023 2465 1125 2519 qua
1154 2450 1446 2520 fronemus,
1471 2453 1770 2523 domemus,
1807 2458 1924 2511 vim

338 2547 526 2590 camus
550 2539 1062 2607 concupiscentiam.

405 2628 496 2684 15.
526 2628 586 2683 In
607 2630 709 2685 hoc
737 2640 843 2686 tam
881 2649 1072 2704 magno
1101 2637 1316 2704 prmlio,
1350 2639 1401 2692 in
1444 2655 1551 2710 quo
1589 2642 1718 2696 vivit
1764 2642 1923 2697 homo

333 2717 434 2774 sub
460 2720 662 2790 gratia,
692 2731 746 2778 et
771 2738 894 2778 cum
921 2725 1058 2781 bene
1086 2739 1285 2798 pugnat
1315 2731 1527 2800 adjutus
1552 2775 1564 2797 ,
1609 2735 1837 2790 exsultat
1868 2737 1920 2790 in

333 2809 568 2867 Domino
592 2829 712 2868 cum
741 2825 968 2872 tremore
990 2861 1004 2885 ,
1037 2836 1143 2873 non
1175 2820 1370 2876 desunt
1395 2831 1568 2879 tamen
1600 2827 1759 2880 etiam
1790 2837 1922 2882 stre-

333 2903 458 2957 nuis
479 2903 826 2962 bellatoribus
845 2950 859 2974 ,
896 2917 950 2964 et
974 2925 1193 2979 operum
1221 2915 1398 2968 carnis
1426 2918 1666 2984 quamvis
1710 2917 1919 2975 invictis

331 2994 803 3052 mortiﬁcatoribus
828 3041 846 3064 ,
893 3001 1067 3071 aliqua
1112 3003 1332 3058 vulnera
1391 3016 1757 3074 peccatorum,
1795 3025 1920 3077 pro-

329 3098 454 3160 pter
476 3106 592 3160 qua
619 3093 855 3148 sananda
878 3096 1113 3165 quotidie
1151 3099 1414 3155 veraciter
1440 3100 1620 3155 dicant
1647 3143 1659 3166 ,
1711 3102 1914 3156 Dimitte

328 3181 475 3235 nobis
503 3182 670 3236 debita
710 3195 882 3238 nostra
909 3185 1120 3251 (Matth.
1148 3204 1220 3256 vn,
1248 3187 1335 3260 1'2)
1364 3207 1378 3244 :
1405 3199 1587 3245 contra
1619 3191 1804 3247 eadem
1835 3194 1910 3248 vi-

326 3273 511 3338 tia,et
555 3284 744 3331 contra
794 3278 1065 3334 diabolum
1100 3283 1395 3352 principem
1426 3300 1710 3354 regemque
1754 3288 1911 3342 vitio-

323 3379 472 3434 rum,
499 3369 669 3423 multo
691 3370 994 3441 vigilantius
1019 3381 1072 3427 et
1097 3375 1272 3428 acrius
1306 3375 1418 3443 ipsa
1437 3378 1678 3432 oratione
1704 3387 1910 3434 certan-

324 3463 434 3522 tes,
467 3473 536 3514 ne
565 3459 1002 3533 valeant—aliquid
1031 3465 1321 3520 mortiferte
1351 3470 1720 3537 suggestiones
1755 3471 1902 3541 ejus,

320 3550 514 3620 quibus
537 3554 753 3625 instigat
781 3556 1000 3626 insuper
1020 3566 1354 3628 peccatorem
1387 3562 1452 3615 ad
1475 3577 1566 3617 sua
1598 3565 1900 3619 excusanda

318 3644 494 3712 potius
517 3660 680 3716 quam
707 3649 1002 3703 accusanda
1031 3662 1281 3720 peccata;
1329 3669 1392 3707 ac
1438 3655 1514 3709 sic
1561 3655 1650 3710 illa
1683 3658 1902 3711 vulnera

318 3747 423 3788 non
453 3735 614 3792 modo
636 3753 743 3792 non
773 3749 1047 3806 sanentur,
1081 3757 1267 3798 verum
1297 3745 1456 3799 etiam
1479 3787 1491 3809 ,
1526 3748 1624 3801 etsi
1657 3749 1901 3805 mortife-

318 3839 378 3880 ra
405 3841 512 3882 non
534 3837 694 3883 erant
712 3870 728 3894 ,
750 3832 986 3900 graviter
1007 3840 1060 3887 et
1078 3833 1342 3890 lcthaliter
1368 3836 1689 3908 inﬂigantnr.
1729 3841 1792 3892 Et
1815 3841 1901 3894 hic

312 3930 443 3989 ergo
467 3920 710 3976 metiore
752 3935 889 3992 opus
917 3933 1001 3978 est
1046 3926 1372 3981 continentia
1396 3971 1407 3992 ,
1445 3944 1545 3997 qua
1588 3930 1901 3983 cohibeatur

311 4010 580 4080 superbos
619 4011 848 4067 hominis
877 4014 1164 4085 appetitus,
1198 4033 1304 4087 quo
1332 4019 1500 4087 placet
1545 4020 1643 4074 sibi
1689 4029 1738 4074 et
1794 4036 1895 4074 non

309 4102 429 4156 vult
452 4102 728 4170 culpabilis
766 4105 1022 4171 inveniri,
1053 4107 1476 4179 dedignaturque
1515 4126 1635 4164 cum
1675 4121 1892 4179 peccat,

308 4193 560 4248 convinci
589 4194 724 4264 quod
755 4196 870 4266 ipse
901 4201 1230 4267 peccaverit;
1276 4217 1380 4256 non
1433 4202 1631 4256 salubri
1679 4203 1894 4258 humili-

311 4291 420 4339 tate
442 4284 740 4354 suscipiens
765 4290 1156 4345 accusationem
1203 4292 1288 4345 sui
1309 4334 1321 4357 ,
1367 4291 1460 4346 sed
1491 4295 1892 4350 excusationem

307 4375 482 4444 potius
521 4378 740 4432 ruinoso
766 4379 1000 4436 elatione
1032 4383 1376 4452 conquirens.
1406 4384 1488 4438 Ad
1521 4385 1659 4440 hanc
1699 4403 1891 4457 supcr-

309 4469 450 4524 biam
490 4473 882 4540 coercendam,
928 4475 1307 4530 continentiam
1358 4477 1545 4546 petivit
1584 4495 1612 4533 a
1668 4483 1894 4537 Domino

307 4558 427 4626 ille,
455 4561 608 4630 cujus
627 4565 870 4633 superius
897 4565 1062 4620 verba
1083 4567 1207 4636 jam‘
1245 4570 1428 4638 posui,
1461 4579 1514 4625 et
1541 4573 1677 4626 sicut
1705 4576 1846 4644 potui
1875 4618 1888 4642 ,

306 4654 695 4709 commendavi.
726 4654 964 4726 Namque
989 4671 1110 4711 cum
1156 4658 1392 4725 dixisset,
1445 4660 1606 4727 Pone,
1653 4665 1887 4734 Domine,

303 4742 586 4796 custodiam
611 4746 689 4797 ori
717 4761 846 4813 mea,
890 4756 940 4801 et
980 4748 1163 4802 ostium
1188 4753 1510 4808 continentia:
1537 4756 1724 4808 circum
1753 4757 1889 4810 labia

304 4850 452 4899 mea;
482 4852 546 4890 ne
590 4837 810 4892 declina
857 4851 947 4893 cor
983 4856 1151 4894 meum
1192 4843 1246 4896 in
1272 4844 1418 4898 verba
1455 4847 1716 4918 maligna;
1743 4849 1888 4905 unde

303 4925 405 4981 hoc
473 4927 679 4983 diceret
723 4930 1020 4988 evidentius
1071 4935 1376 5004 explicans,
1408 4939 1477 4992 ad
1537 4942 1886 5009 excusandas,

301 5016 511 5088 inquit,
542 5021 888 5076 mutationes
905 5024 958 5077 in
981 5027 1200 5093 peccatis
1220 5025 1390 5096 (Psal.
1416 5043 1537 5096 cxn,
1563 5031 1614 5093 3,
1645 5034 1720 5102 lt).
1751 5032 1888 5097 Quid

300 5110 443 5164 enim
469 5111 758 5182 malignius
795 5115 880 5170 bis
907 5118 1116 5185 verbis,
1145 5119 1337 5188 quibus
1381 5123 1553 5177 malus
1593 5127 1790 5178 malum
1831 5143 1889 5180 se

295 5212 488 5273 negat,
542 5205 702 5259 etiam
744 5206 811 5262 de
838 5223 999 5280 opere
1039 5211 1182 5265 malo
1210 5210 1484 5266 convictus
1511 5214 1651 5284 quod
1693 5231 1887 5284 negare

292 5305 406 5349 non
435 5294 654 5350 valeat?
677 5295 747 5351 Et
769 5299 1020 5369 quoniam
1049 5301 1246 5358 factum
1280 5318 1384 5358 non
1438 5313 1611 5373 potest
1661 5315 1842 5375 tegere
1867 5351 1882 5375 ,

289 5399 397 5442 nec
422 5385 770 5442 benefactum
788 5398 966 5458 potest
999 5392 1198 5460 dicere,
1236 5401 1289 5448 et
1333 5410 1368 5448 a
1416 5409 1476 5450 se
1513 5396 1705 5452 factum
1743 5400 1886 5455 videt

288 5484 480 5547 patere
504 5517 522 5542 ,
552 5477 750 5548 quaerit
770 5479 826 5535 in
849 5482 1010 5536 alium
1038 5484 1242 5540 referre
1279 5486 1424 5556 quod
1452 5486 1598 5554 fecit,
1632 5500 1877 5560 tanquam

284 5566 419 5627 inde
441 5569 613 5639 possit
636 5571 843 5629 auferre
869 5575 1008 5644 quod
1030 5578 1241 5633 meruit.
1270 5578 1468 5636 Nolens
1492 5595 1548 5636 se
1567 5596 1686 5638 esse
1711 5599 1878 5653 reum,

349 5765 466 5816 ηις
483 5770 594 5818 ω
618 5767 826 5832 Atiam,
851 5768 1132 5836 viviﬁcante.

1791 307 1991 362 LIBER
2033 309 2228 368 UNUS.

3539 347 3648 410 358

2066 425 2209 480 addit
2225 430 2398 497 potius
2411 433 2474 486 ad
2496 445 2717 501 reatum,
2733 449 2788 495 et
2798 457 2888 497 sua
2907 450 3211 506 excusando
3224 465 3328 509 non
3341 462 3644 518 accusando

2060 529 2294 586 peccata,
2319 524 2521 593 ignorat
2539 545 2638 582 non
2661 549 2717 586 se
2735 550 2948 602 pomum
2969 556 3266 609 removere,
3293 549 3386 604 sed
3404 554 3632 610 veniam.

2062 609 2211 678 Apud
2263 614 2502 673 homines
2534 624 2674 678 enim
2697 625 2923 694 judiccs,
2953 635 3203 700 quoniam
3243 638 3348 694 falli
3383 654 3641 715 possunt,

2057 717 2382 776 quacumque
2399 711 2535 767 velut
2553 731 2773 786 purgare
2790 719 3139 794 fallaciaquod
3158 744 3432 800 perperam
3445 711 3642 795 factum

2056 803 2136 849 est
2155 839 2167 860 ,
2200 800 2450 866 prodesse
2475 805 2672 874 aliquid
2699 810 2904 866 videtur
2933 815 2996 867 ad
3037 826 3243 887 tempus
3267 839 3280 874 :
3304 826 3440 894 apud
3468 828 3636 886 Deum

2054 893 2228 940 autem
2250 929 2266 951 ,
2288 890 2374 958 qui
2399 892 2502 948 falli
2530 911 2632 950 non
2659 909 2862 967 potest,
2898 919 3002 958 non
3033 918 3113 962 est
3144 890 3442 970 adhibenda
3473 917 3635 977 fallax

2052 975 2309 1044 defensio,
2339 984 2430 1037 sed
2458 1001 2612 1042 verax
2642 994 2904 1050 confessio
2926 1010 3290 1066 peccatorum.

2123 1070 2209 1123 14.
2245 1072 2310 1126 Ει
2334 1075 2419 1129 alii
2441 1079 2659 1146 quidem
2693 1087 2782 1153 qui
2825 1102 2920 1142 sua
2957 1106 3354 1155 consueverunt
3376 1119 3632 1167 excusare

2050 1170 2288 1228 peccata,
2327 1165 2437 1259 fato.
2474 1184 2532 1224 se
2569 1172 2637 1226 ad
2688 1179 3016 1242 peccandum
3053 1200 3350 1254 queruntur
3392 1165 3630 1268 impelli,

2051 1259 2296 1320 tanquam
2329 1255 2437 1311 hoc
2458 1259 2794 1321 decreverint
2811 1269 2983 1325 sidera
3005 1314 3019 1339 ,
3055 1284 3107 1329 et
3129 1279 3323 1335 ccelum
3355 1255 3502 1352 prius
3546 1255 3628 1344 ωξ

2047 1341 2114 1395 lia
2141 1343 2473 1404 decernendo
2498 1361 2816 1426 peccaverit,
2840 1371 2896 1417 ut
2925 1363 3087 1423 homo
3123 1382 3304 1438 pOStea
3329 1341 3452 1432 talia
3477 1396 3628 1437 com-

2047 1434 2304 1490 mittenda
2335 1455 2592 1508 peccaret.
2617 1449 2717 1502 Alii
2740 1452 2963 1510 fortuna:
2979 1434 3181 1515 malunt
3199 1463 3460 1534 imputare

2045 1535 2268 1590 peccant
2294 1547 2306 1582 :
2336 1533 2424 1599 qui
2447 1537 2622 1591 omnia
2654 1539 2883 1599 fortuitis
2927 1549 3137 1605 casibus
3165 1533 3354 1624 agitari
3393 1533 3622 1633 putant;

2044 1630 2141 1671 nec
2173 1627 2349 1720 tamen
2386 1623 2485 1678 hoc
2526 1642 2583 1682 se
2626 1630 2836 1688 fortuita
2884 1623 3219 1712 temeritate,
3273 1650 3366 1704 sed
3393 1623 3626 1725 perspe-'-

2041 1715 2124 1761 cta
2154 1711 2356 1767 ratione
2387 1730 2576 1786 sapere
2599 1733 2758 1791 atque
2787 1740 3092 1788 asseverare
3113 1711 3456 1796 contendunt.
3482 1711 3624 1811 oin.

2040 1797 2103 1852 lis
2127 1815 2257 1870 ergo
2279 1804 2546 1864 dementia
2572 1821 2653 1866 est
2672 1853 2687 1878 ,
2713 1817 3096 1885 disputationes
3131 1841 3253 1883 suas
3288 1797 3622 1893 rationi-auria

2037 1891 2199 1947 bucre
2219 1936 2233 1960 ,
2265 1906 2318 1952 ct
2339 1901 2575 1958 actiones
2603 1919 2726 1962 suas
2753 1911 2963 1967 casibus
2987 1915 3426 1988 subjugare?Aiii
3449 1936 3620 1987 totum

2036 1983 2176 2050 quod
2202 1987 2340 2042 male
2369 1989 2586 2059 faciunt,
2624 1996 2677 2049 in
2708 1997 2974 2058 diabolum
3005 1983 3242 2064 referunt
3273 2030 3286 2065 :
3311 2029 3411 2069 nec
3436 2019 3621 2076 volunt

2035 2090 2155 2130 cum
2188 2079 2278 2133 illo
2310 2080 2506 2139 habere
2548 2087 2629 2143 vel
2662 2100 2864 2158 portent
2887 2135 2902 2163 ,
2931 2111 3054 2152 cum
3083 2099 3232 2157 illum
3262 2106 3361 2161 sibi
3387 2113 3615 2169 occultis

2033 2173 2459 2239 suggestionibus
2500 2181 2641 2236 mala
2690 2187 2926 2244 suasisse
2979 2194 3235 2262 suspicari
3277 2202 3511 2268 possint,
3557 2219 3619 2262 se

2032 2269 2207 2314 autem
2265 2264 2371 2320 illis
2420 2273 2880 2342 suggestionibus,
2946 2264 3314 2357 undecumque
3380 2264 3615 2362 fuerint,

2031 2352 2364 2409 consensisse
2389 2355 2633 2416 dubitare
2664 2380 2766 2419 non
2799 2369 3020 2437 possint.
3053 2372 3187 2430 Sunt
3210 2352 3368 2434 etiam
3401 2352 3616 2452 qui

2031 2443 2358 2499 cusatiouem
2387 2463 2536 2504 suam
2558 2457 2852 2512 extendunt
2881 2460 2932 2515 in
2952 2469 3344 2524 accusationem
3373 2443 3463 2529 Dei
3483 2516 3498 2537 ,
3525 2477 3612 2532 di-

2029 2532 2154 2634 :ino
2193 2534 2394 2602 judicio
2445 2543 2660 2610 miseri,
2717 2562 2814 2603 suo
2854 2561 3033 2610 autem
3073 2556 3252 2616 furore
3292 2562 3608 2634 blasphemi.

2028 2619 2236 2677 Etenim
2267 2626 2522 2685 adversus
2541 2648 2662 2689 eum
2693 2653 2758 2693 ex
2787 2645 3055 2700 contrario
3071 2649 3329 2721 principio
3353 2619 3610 2716 inducunt

2027 2715 2150 2768 ωειιί
2180 2717 2530 2778 substantiam
2567 2728 2914 2788 rebellantem
2934 2775 2949 2800 ,
2987 2715 3200 2796 cuinon
3232 2715 3491 2811 potuisset
3513 2715 3608 2805 re?

2025 2805 2234 2873 sistere,
2265 2811 2366 2866 nisi
2388 2813 2697 2873 substantia:
2719 2831 3031 2896 naturaeque
3060 2844 3170 2884 sua:
3191 2805 3396 2902 partem
3425 2839 3601 2898 eidem

2023 2899 2302 2956 rebellanti
2369 2911 2832 2970 contaminandam
2887 2899 3440 3000 corrumpendamque
3507 2936 3610 2990 ml-

2022 2992 2249 3047 scuissct
2281 3014 2294 3049 :
2328 3006 2381 3050 et
2409 3008 2533 3054 tunc
2571 3017 2629 3056 se
2658 3020 2882 3072 peccare
2910 2992 3125 3081 dicunt,
3177 2992 3388 3085 quando
3418 3034 3608 3082 natura

2021 3084 2144 3136 mali
2174 3089 2426 3154 prmvalct
2452 3103 2654 3147 naturae
2683 3095 2798 3151 Dei.
2819 3099 2945 3156 Haec
2963 3084 3374 3165 Manichaeorum
3402 3123 3483 3167 est
3503 3115 3604 3171 im-

2020 3175 2364 3231 mundissima
2407 3180 2641 3249 insania,
2687 3201 2910 3255 quorum
2958 3194 3382 3257 machinamenta
3415 3205 3604 3262 diabo—

2017 3263 2114 3319 lica
2143 3265 2390 3323 facillime
2416 3273 2611 3329 veritas
2653 3275 2952 3336 indubitata
2998 3284 3290 3355 subvertit,
3342 3309 3459 3362 qua:
3505 3297 3602 3354 Dei

2014 3366 2259 3412 naturam
2322 3363 2844 3423 incontaminabilem
2914 3381 3076 3444 atque
3146 3378 3602 3452 incorruptibilem

2013 3451 2312 3507 confitetur.
2342 3455 2479 3522 Quid
2510 3468 2684 3514 autem
2724 3460 3002 3533 flagitiosae
3039 3451 3506 3535 contaminationis
3545 3491 3602 3538 et

2010 3547 2367 3614 corruptionis
2396 3549 2463 3604 de
2494 3551 2610 3606 istis
2641 3555 2830 3611 merito
2877 3573 2984 3614 non
3024 3564 3282 3628 creditur,
3328 3584 3358 3622 a
3407 3573 3608 3641 quibus

2010 3635 2180 3704 Deus,
2213 3639 2303 3708 qui
2329 3656 2536 3697 summe
2572 3653 2730 3714 atque
2755 3647 3244 3720 incomparabiliter
3276 3635 3448 3719 bonus
3485 3673 3594 3732 est,

2007 3732 2431 3789 contaminabilis
2457 3744 2510 3789 et
2537 3741 2896 3807 corruptibilis
2925 3745 3202 3802 creditur?

2077 3818 2300 3876 CAPUT
2330 3823 2413 3876 Vl.
2441 3855 2512 3864 —
2541 3828 2625 3881 15.
2659 3827 2849 3883 Contra
2873 3834 3002 3886 alios
3029 3837 3116 3904 qui
3140 3845 3194 3890 ut
3230 3856 3282 3892 se
3314 3855 3550 3898 excusent
3567 3887 3586 3913 ,.

2006 3909 2176 3962 dicunt
2200 3912 2396 3979 placere
2423 3913 2532 3968 Deo
2555 3928 2778 3985 peccata.
2803 3919 2940 3975 Deus
2961 3933 3006 3975 et
3028 3925 3092 3976 de
3118 3928 3266 3982 malis
3290 3933 3410 3998 facit
3439 3909 3594 3989 bona.

2005 3997 2174 4052 Homo
2199 4017 2313 4054 cum
2353 4015 2595 4072 potestate
2636 4011 2878 4078 peccandi
2913 4015 3108 4081 factus,
3150 4034 3242 4086 pro
3267 3997 3475 4088 prazmio
3501 4042 3592 4078 ac-

2003 4102 2238 4161 cepturus
2277 4112 2377 4148 nmt
2407 4115 2554 4166 posse
2593 4117 2821 4171 peccare.
2852 4103 2987 4160 Sunt
3026 4118 3080 4163 et
3121 4113 3210 4180 qui
3241 4129 3308 4169 eo
3351 4119 3512 4174 modo
3537 4121 3592 4177 in

2001 4186 2342 4243 excusatione
2362 4201 2700 4258 peccatorum
2721 4211 2936 4252 suorum
2954 4214 3210 4259 accusant
3226 4207 3416 4277 Deum,
3433 4222 3490 4267 ut
3509 4214 3589 4269 di-

2001 4286 2124 4331 cant
2144 4279 2190 4333 ei
2216 4281 2426 4349 placere
2455 4297 2689 4354 peccata.
2716 4288 2846 4346 Nam
2872 4294 2913 4346 si
2944 4294 3305 4371 displicerent,
3326 4304 3588 4376 inquiunt,

2000 4371 2144 4427 nullo
2199 4375 2358 4430 modo
2415 4393 2476 4432 ea
2530 4381 2643 4434 fieri
2699 4387 3213 4458 onmipotentissima
3266 4371 3445 4468 utique
3491 4418 3589 4471 po-

1999 4470 2191 4521 testate
2214 4470 2560 4536 permitteret.
2581 4474 2741 4540 Quasi
2765 4494 2892 4533 vcro
2915 4493 3128 4548 peccata
3155 4485 3294 4541 Deus
3323 4470 3580 4560 impunita

1998 4571 2117 4612 esse
2145 4561 2477 4628 permiserit,
2508 4564 2741 4620 etiamin
2769 4569 2847 4621 eis
2875 4586 3009 4638 quos
3035 4588 3064 4626 a
3096 4578 3356 4644 supplicio
3389 4585 3585 4652 sempi-

1999 4656 2150 4702 terno
2182 4652 2498 4708 remissione
2544 4654 2735 4711 liberat
2776 4671 3135 4726 peccatorum.
3179 4667 3359 4725 Nullus
3389 4674 3584 4746 quippe

1997 4741 2188 4795 debita:
2215 4744 2475 4811 gravioris
2505 4761 2676 4815 poena:
2715 4750 2907 4821 accipit
2936 4757 3183 4825 veniam,
3213 4761 3311 4815 nisi
3341 4741 3580 4833 qualem-

1996 4848 2222 4904 cumque
2244 4878 2256 4900 ,
2285 4836 2386 4891 etsi
2414 4836 2570 4909 longe
2592 4841 2852 4897 minoretn
2885 4862 3042 4914 quam
3076 4849 3332 4918 debebat,
3362 4856 3583 4914 solverit

1997 4943 2206 4996 pmnam
2237 4949 2249 4983 :
2275 4939 2431 5001 atque
2472 4933 2540 4987 ita
2590 4935 2889 5007 impartitur
2921 4939 3135 5010 largitas
3160 4945 3540 5005 Ii‘iiSBl‘iCOl‘t’iim
3561 4995 3575 5020 ,

1996 5027 2053 5074 ut
2082 5036 2186 5076 non
2228 5024 2558 5093 relinquatur
2587 5028 2744 5082 etiam
2786 5029 2991 5099 justitia
3021 5032 3332 5105 disciplima.
3365 5040 3496 5099 Nam
3526 5054 3580 5101 et

1995 5124 2266 5183 peccatum
2296 5118 2436 5186 quod
2479 5119 2700 5175 inultum
2745 5122 2972 5192 videtur,
3002 5125 3161 5184 habet
3199 5134 3568 5210 pcdissequam

1994 5218 2202 5272 poenam
2235 5220 2382 5261 suam
2405 5248 2417 5271 ,
2447 5216 2505 5262 ut
2531 5225 2688 5265 nemo
2719 5211 2786 5267 de
2813 5213 3048 5272 admisso
3073 5219 3176 5275 nisi
3197 5234 3288 5280 aut
3315 5233 3573 5287 amaritu-

1993 5295 2116 5349 dine
2156 5296 2368 5363 doleat,
2400 5309 2489 5354 aut
2528 5303 2765 5358 caecitate
2807 5321 2914 5361 non
2953 5309 3152 5367 doleat.
3192 5315 3337 5373 Sicut
3363 5336 3489 5391 ergo
3521 5333 3573 5378 tu

1991 5388 2124 5443 dicis
2145 5430 2159 5455 ,
2190 5390 2294 5445 Cur
2324 5394 2581 5461 permittit
2610 5395 2708 5450 ista
2729 5439 2743 5465 ,
2774 5399 2819 5454 si
2847 5400 3166 5472 displicent?
3198 5409 3266 5463 ita
3297 5427 3394 5480 ego
3416 5388 3568 5484 dico,

1991 5482 2095 5536 Cur
2124 5485 2271 5550 punit
2297 5485 2391 5540 ista
2411 5527 2424 5550 ,
2454 5488 2496 5543 si
2525 5488 2776 5558 placent?
2807 5495 2884 5550 Ac
2912 5512 3007 5566 per
3027 5497 3130 5554 hoc
3159 5501 3296 5556 sicut
3322 5521 3420 5573 ego
3440 5482 3572 5563 con-

1991 5576 2144 5631 liteor
2168 5578 2306 5647 quod
2334 5581 2551 5638 ornnino
2580 5583 2680 5638 ista
2705 5601 2812 5642 non
2842 5587 3032 5644 tierent
3052 5630 3064 5653 ,
3097 5593 3198 5645 nisi
3230 5593 3296 5648 ab
3319 5594 3572 5670 0mnipo--

1992 5676 2134 5723 tenle
2178 5670 2648 5740 permitterentur;
2682 5675 2752 5730 ita
2803 5685 2859 5732 tu
2901 5680 3156 5737 confitere
3186 5682 3422 5743 facienda
3464 5706 3572 5751 non

1992 5775 2109 5817 esse
2139 5777 2256 5832 qua:
2297 5778 2324 5816 a
2365 5763 2510 5833 justo
2557 5767 2962 5836 punianturzut
3009 5788 3116 5831 non
3163 5775 3405 5840 faciendo
3452 5798 3571 5856 quae
