4122 6212
485 334 591 397 359

487 452 669 527 punit,
699 463 1001 507 mereamur
1036 446 1105 502 ab
1148 459 1214 502 eo
1256 444 1465 501 discere
1505 458 1602 501 cur
1646 447 1907 516 permittit
1947 461 2068 502 esse

488 562 609 619 qua:
630 544 825 614 puniat.
858 541 1198 612 l’erfectorum
1218 548 1289 593 est
1311 540 1451 593 enim
1470 580 1486 605 ,
1513 540 1649 593 sicut
1672 539 1925 607 scriptum
1955 548 2036 594 est
2056 579 2073 607 ,

488 638 684 698 niidus
707 634 844 689 cibus
865 631 1047 702 (Hebr.
1082 647 1133 697 ν,
1162 630 1251 700 id)
1277 648 1291 685 :
1322 631 1376 685 in
1401 645 1508 700 quo
1534 629 1587 684 hi
1618 630 1708 700 qui
1740 630 1874 685 bene
1900 627 2076 700 profe-

488 739 677 786 cerunt
699 768 714 792 ,
738 727 850 796 jam
881 724 1181 793 intelligunt
1204 722 1271 777 ad
1303 722 1746 792 omnipotentiam
1772 723 1866 777 Dei
1902 723 2074 792 potius

489 819 543 875 id
574 817 925 889 pertinuisse,
956 824 1015 869 ut
1054 829 1121 869 ex
1165 813 1332 870 libero
1376 813 1598 868 arbitrio
1642 813 1928 869 voluntatis
1981 828 2077 870 ve-

490 910 685 967 nientia
718 908 855 962 mala
886 921 1006 962 esse
1028 907 1374 976 permitteret.
1399 905 1567 960 Tanta
1588 905 1783 977 quippe
1814 905 1831 938 ¹
1854 914 1937 962 est
1959 920 2076 960 om-

494 1001 739 1071 nipotens
764 997 879 1068 ejus
902 997 1131 1062 bonitas,
1159 1008 1211 1051 ut
1238 996 1400 1052 etiam
1429 995 1498 1051 de
1521 995 1676 1051 malis
1706 996 1874 1066 possit
1894 994 2074 1053 facere

493 1093 632 1150 bona
649 1134 664 1159 ,
688 1092 803 1148 sive
830 1088 1152 1161 ignoscendo
1174 1130 1189 1154 ,
1217 1089 1330 1144 sive
1349 1088 1587 1145 sanando
1606 1128 1619 1154 ,
1651 1088 1764 1143 sive
1783 1087 1850 1142 ad
1870 1086 2071 1142 utilita-

494 1194 576 1242 tes
620 1185 828 1255 piorum
874 1182 1172 1253 coaptando
1216 1191 1378 1252 atque
1420 1181 1708 1249 vertendo,
1750 1181 1865 1238 sive
1911 1181 2073 1237 etiam

489 1275 785 1348 justissime
815 1273 1152 1328 vindicando.
1176 1272 1365 1327 Omnia
1390 1288 1620 1343 namque
1644 1273 1741 1326 ista
1767 1271 1904 1328 bona
1925 1278 2071 1339 sunt,

491 1379 551 1426 et
578 1370 687 1425 Deo
712 1367 854 1423 bono
895 1376 1055 1437 atque
1082 1366 1446 1437 omnipotente
1473 1365 1784 1436 dignissime
1815 1383 1829 1418 :
1864 1379 1961 1420 nec
1992 1372 2074 1419 ta-

492 1475 617 1518 men
662 1460 795 1514 fiunt
836 1458 936 1513 nisi
983 1458 1051 1512 de
1093 1457 1267 1512 malis.
1307 1456 1441 1524 Quid
1489 1456 1648 1527 igitur
1688 1456 1914 1520 melius,
1946 1454 2075 1526 quid

491 1551 908 1623 omnipotentius
953 1565 1019 1606 eo
1067 1549 1157 1619 qui
1203 1564 1326 1603 cum
1373 1547 1498 1603 mali
1540 1547 1671 1603 nihil
1718 1547 1909 1614 faciat,
1939 1547 2076 1602 bene

490 1645 654 1700 etiam
680 1643 747 1699 de
771 1643 925 1698 malis
946 1641 1113 1697 facit?
1141 1641 1385 1697 Clamant
1410 1640 1475 1694 ad
1502 1655 1623 1695 eum
1645 1639 1736 1709 qui
1764 1640 1902 1695 male
1934 1638 2075 1695 fece-

492 1746 644 1802 runt,
674 1735 883 1791 Dimitte
923 1735 1065 1790 nobis
1110 1734 1275 1788 debita
1318 1742 1487 1789 nostra
1537 1732 1748 1804 (Matth.
1800 1749 1884 1798 γι,
1931 1731 2018 1801 12)
2055 1749 2069 1786 :

492 1827 742 1895 exaudit,
771 1827 1016 1899 ignoscit.
1048 1824 1353 1881 Nocnerunt
1390 1839 1486 1879 sua
1514 1823 1652 1879 mala
1690 1824 2072 1894 peccantibus:

492 1921 742 1979 subvenit
795 1934 981 1976 eorum
1031 1917 1378 1988 medeturque
1425 1917 1783 1988 languoribus.
1837 1917 2075 1973 Saeviunt

492 2024 711 2068 suorum
753 2010 936 2066 hostes
968 2026 981 2063 :
1011 2008 1080 2064 de
1123 2009 1335 2064 illorum
1383 2008 1585 2063 saevitia
1626 2007 1752 2063 facit
1789 2019 2070 2082 martyres.

493 2101 774 2158 Posuemo
798 2104 958 2157 etiam
986 2098 1308 2157 condemnat
1333 2114 1428 2155 eos
1452 2113 1587 2170 quos
1618 2098 1959 2155 damnatione
1981 2100 2073 2171 ju-

489 2192 838 2264 dicatdignos
858 2208 872 2245 :
892 2205 987 2248 sua
1014 2191 1136 2246 licet
1162 2189 1236 2246 illi
1266 2189 1404 2245 mala
1430 2189 1715 2259 patiantur,
1743 2189 1869 2246 facit
1897 2200 2074 2248 tamen

493 2285 586 2342 ille
607 2284 750 2357 quod
781 2284 980 2340 bonum
1017 2292 1122 2340 est.
1161 2282 1277 2337 Non
1318 2289 1492 2353 potest
1536 2283 1675 2337 enim
1718 2282 1916 2338 bonum
1963 2298 2070 2339 non

489 2391 643 2444 esse,
674 2374 817 2447 quod
841 2375 1043 2447 justum
1072 2383 1156 2430 est
1181 2391 1195 2428 :
1219 2383 1274 2430 et
1317 2374 1497 2443 utique
1534 2374 1674 2428 sicut
1712 2374 1966 2445 injustum
1994 2384 2076 2431 est

491 2480 767 2542 peccatum
787 2510 803 2536 ,
836 2468 908 2523 ita
934 2468 1137 2539 justum
1158 2474 1241 2523 est
1269 2465 1474 2538 peccati
1500 2467 1839 2536 supplicium.

562 2560 652 2619 16.
693 2561 807 2617 Non
833 2568 1008 2616 autem
1055 2565 1297 2630 potestas
1328 2558 1437 2612 Deo
1477 2557 1678 2623 defuit,
1709 2558 1867 2613 talem
1895 2556 2072 2614 facere

488 2654 760 2710 hominem
803 2653 895 2725 qui
941 2666 1165 2724 peccare
1209 2664 1315 2706 non
1360 2649 1691 2720 posset:sed
1738 2649 1921 2704 maluit
1948 2666 2068 2705 eum

489 2747 650 2803 talem
680 2746 856 2801 facere
875 2787 890 2812 ,
921 2745 1006 2800 cui
1049 2743 1321 2815 adjaceret
1365 2757 1619 2814 peccare,
1647 2743 1693 2797 si
1735 2743 1929 2809 vellet;
1962 2756 2070 2799 non

488 2853 742 2910 peccare,
771 2837 816 2892 si
840 2837 1006 2892 nollet
1031 2852 1045 2890 :
1070 2835 1174 2892 hoc
1200 2834 1490 2907 prohibens
1509 2875 1525 2902 ,
1555 2834 1679 2889 illud
1712 2835 2026 2905 praecipiens
2052 2853 2066 2892 :

488 2938 550 2987 ut
579 2930 724 3001 prius
749 2929 827 2983 illi
856 2937 1001 2984 esset
1043 2927 1243 2982 bonum
1289 2928 1533 2982 meritum
1578 2941 1683 2982 non
1724 2941 1948 2997 peccare
1969 2970 1984 2994 ,
2014 2938 2070 2984 ct

486 3034 673 3095 postea
710 3022 913 3093 justum
956 3020 1235 3093 prtemium
1281 3035 1388 3075 non
1437 3033 1596 3091 posse
1640 3034 1885 3091 peccare.
1936 3020 2069 3077 Nam

483 3118 646 3173 etiam
677 3115 811 3171 tales
833 3123 1047 3170 sanctos
1070 3128 1197 3170 suos
1224 3113 1279 3168 in
1305 3111 1411 3168 line
1440 3111 1677 3168 facturus
1699 3121 1811 3180 est,
1842 3113 1931 3185 qui
1956 3129 2071 3170 om-

486 3210 616 3266 nino
636 3223 860 3282 peccare
887 3221 993 3264 non
1034 3206 1257 3278 possint.
1289 3205 1446 3260 Tales
1482 3204 1644 3260 habet
1685 3205 1880 3276 quippe
1909 3206 2071 3262 etiam

485 3317 629 3359 nunc
669 3300 901 3371 Angelos
928 3313 1054 3355 suos
1074 3339 1089 3363 ,
1120 3312 1255 3368 quos
1284 3297 1335 3350 in
1366 3295 1455 3351 illo
1481 3296 1559 3351 sic
1597 3310 1837 3352 amamus
1856 3337 1871 3363 ,
1900 3305 1959 3351 ut
2002 3297 2070 3353 de

483 3396 635 3452 nullo
659 3408 843 3454 eorum
889 3407 957 3447 ne
985 3389 1256 3469 peccando
1287 3389 1377 3443 fiat
1417 3387 1658 3444 diabolus
1698 3389 2064 3445 formidemus.

485 3486 639 3557 Quod
664 3486 733 3543 de
761 3486 976 3543 nemine
999 3483 1217 3540 homine
1237 3482 1382 3553 justo
1410 3481 1461 3537 in
1492 3481 1648 3551 hujus
1676 3483 1797 3536 vita:
1826 3483 2066 3538 mortali-

483 3588 595 3636 tate
618 3578 1009 3651 prtesumimus.
1032 3575 1191 3631 Tales
1214 3583 1390 3629 autem
1412 3588 1601 3629 omnes
1622 3575 1825 3629 futuros
1851 3574 1903 3629 in
1927 3575 2065 3631 illius

481 3672 607 3727 vita:
662 3668 1057 3727 immortalitate
1119 3664 1455 3722 conﬁdimus.
1512 3663 1860 3735 Omnipotens
1923 3667 2065 3722 enim

485 3764 628 3821 Deus
650 3762 740 3835 qui
770 3768 1021 3832 operatur
1049 3759 1185 3815 bona
1214 3758 1375 3814 etiam
1395 3756 1464 3813 de
1490 3756 1687 3811 nostris
1712 3757 1864 3812 malis
1886 3798 1901 3823 ,
1931 3773 2066 3827 qua-

481 3854 553 3912 lia
591 3854 737 3912 dabit
783 3854 921 3909 bona
942 3894 956 3917 ,
988 3866 1109 3907 cum
1153 3848 1461 3905 liberaverit
1487 3849 1554 3906 ab
1597 3848 1844 3904 omnibus
1872 3850 2066 3905 malis?

482 3948 648 4005 Multa
675 3946 745 4002 de
773 3946 918 4003 bono
939 3961 1038 4001 usu
1061 3943 1184 4000 mali
1211 3943 1478 4015 copiosius
1501 3952 1724 4013 possunt
1743 3951 1797 3998 et
1818 3942 2063 3998 subtilius

478 4037 739 4111 disputari
769 4035 900 4092 :sed
931 4051 1102 4106 neque
1143 4036 1243 4091 hoc
1286 4035 1388 4091 isto
1416 4050 1663 4091 sermone
1699 4036 2028 4106 suscepimus
2048 4076 2063 4105 ,

478 4139 539 4185 et
561 4129 679 4199 ejus
702 4126 862 4182 nimia
889 4125 1101 4181 vitanda
1128 4135 1212 4180 est
1237 4126 1529 4195 longitudo.

549 4240 780 4299 CAPUT
813 4239 922 4294 VII.
955 4270 1025 4280 --
1070 4240 1155 4292 l7.
1203 4238 1535 4294 Continenlia:
1574 4250 1619 4293 et
1654 4243 1870 4310 justitiaz
1904 4243 2065 4313 ofﬁcia

481 4334 674 4407 pariter
712 4329 918 4384 tendunt
946 4327 1012 4381 ad
1049 4339 1243 4398 pacem.
1273 4325 1459 4380 Contra
1488 4327 1889 4384 .llaniclueorum
1922 4334 2065 4385 insa-

479 4427 620 4483 niam
650 4423 713 4478 de
745 4420 938 4475 duabus
967 4418 1162 4473 naturis
1200 4418 1330 4471 inter
1357 4434 1409 4471 se
1433 4418 1833 4488 conﬂigentibus.
1862 4419 2065 4477 Bellum

480 4521 644 4576 inesse
681 4517 732 4570 in
777 4513 976 4568 homine
1019 4527 1080 4566 ea:
1117 4510 1360 4582 languore
1397 4527 1487 4581 per
1522 4510 1726 4579 culpam
1769 4522 2024 4569 contracto
2047 4558 2061 4583 ,

477 4626 659 4685 pacem
684 4616 861 4663 sanato
884 4605 1126 4675 languore
1165 4607 1390 4675 futuram
1421 4618 1543 4656 esse.
1571 4600 1718 4656 None
1744 4618 1870 4674 ergo
1899 4604 1966 4659 ad
1998 4606 2062 4661 ll-

477 4705 571 4761 Ind
596 4746 612 4772 ,
647 4710 861 4775 propter
901 4698 1040 4769 quod
1081 4696 1312 4752 diximus
1357 4696 1452 4750 ism
1477 4738 1491 4761 ,
1524 4694 1830 4751 redeamus.
1877 4697 2060 4755 Conti-

477 4799 658 4855 nentia
680 4796 832 4852 nobis
851 4807 983 4864 opus
1004 4800 1104 4856 est,
1123 4800 1176 4846 et
1199 4805 1316 4847 eam
1344 4790 1577 4845 divinum
1605 4806 1726 4846 esse
1755 4808 1947 4847 munus
1967 4809 2062 4849 co-

476 4891 817 4963 gnoscimus,
850 4901 917 4941 ne
957 4885 1253 4940 deelinctur
1281 4899 1374 4938 cur
1401 4893 1636 4937 nostrum
1669 4883 1720 4937 in
1761 4885 1919 4939 verba
1951 4901 2065 4941 ma-

480 4986 622 5054 ligna
667 4980 732 5035 ad
779 4976 1109 5034 excusandas
1154 4975 1526 5031 excusationes
1571 4974 1622 5028 in
1667 4976 1917 5045 peccatis.
1964 4975 2060 5032 Cui

476 5081 655 5127 autem
686 5079 903 5140 peccato
931 5066 1230 5124 cobibendo
1272 5081 1376 5120 non
1420 5064 1673 5120 habemus
1704 5069 2059 5123 necessariam

473 5163 895 5226 continentiam,
927 5176 993 5215 ne
1037 5160 1416 5222 committatur,
1459 5156 1669 5227 quando
1717 5166 1771 5212 et
1817 5158 1918 5213 hoc
1947 5162 2058 5231 ipsa

472 5256 688 5314 cohibet
708 5295 724 5322 ,
747 5266 815 5306 ne
837 5252 1180 5306 commissum
1204 5250 1246 5305 si
1278 5249 1437 5304 fuerit
1462 5248 1660 5303 nefaria
1688 5250 1933 5320 superbia
1967 5253 2060 5308 de-

479 5345 765 5405 fendatur?
791 5342 1176 5399 Universaliter
1204 5357 1330 5413 ergo
1376 5340 1701 5396 continentia
1744 5341 1897 5397 nobis
1924 5359 2057 5413 opus

473 5450 581 5507 est,
608 5447 668 5495 ut
685 5436 1014 5493 declinemus
1031 5448 1060 5487 a
1082 5433 1239 5489 malo.
1261 5431 1326 5487 Ut
1353 5442 1529 5488 autem
1557 5431 1814 5488 faciamus
1836 5435 2055 5504 bonum,

476 5532 546 5588 ad
578 5530 735 5586 aliam
764 5527 975 5584 videtur
1000 5525 1266 5592 virtutem,
1292 5524 1395 5580 hoc
1420 5535 1531 5592 est,
1560 5524 1629 5580 ad
1653 5525 1911 5596 justitiam
1938 5542 2057 5600 per-

475 5626 673 5680 tinere.
722 5621 836 5679 Hoc
882 5635 980 5677 nos
1026 5618 1277 5674 admonet
1322 5631 1473 5673 sacer
1498 5618 1772 5684 Psalmus,
1802 5619 1891 5675 ubi
1924 5620 2057 5692 legi-

482 5729 604 5773 mus
634 5734 648 5772 :
673 5714 883 5769 Declina
906 5731 940 5767 a
967 5713 1101 5767 malo
1122 5751 1138 5782 τ
1179 5720 1223 5767 et
1262 5710 1344 5782 {ac
1368 5715 1572 5767 bonum.
1601 5711 1718 5778 Quo
1743 5720 1922 5770 autem
1949 5713 2055 5773 ﬁne

546 5826 566 5861 ⁸
592 5835 678 5879 Mss
702 5864 717 5892 ,
739 5834 837 5881 tum
858 5825 1048 5893 quippe.

1552 330 1641 388 DE
1678 328 2157 405 CONTINENTIA,
2202 330 2262 390 S.
2303 333 2674 395 AUGUSTINI

3661 344 3765 408 360

2184 446 2283 501 ista
2326 447 2609 517 faciamus,
2641 463 2765 506 mox
2811 448 3047 519 addidit,
3078 451 3303 511 dicens:
3334 457 3517 525 Quare
3539 477 3717 534 pacem
3738 504 3757 531 ,

2181 546 2227 592 et
2255 553 2457 609 sequere
2492 556 2603 593 eam
2632 538 2802 610 (Psal.
2841 557 3006 597 χχχιιι
3028 585 3042 610 ,
3075 544 3185 617 15).
3216 546 3323 601 Pax
3351 550 3492 604 enim
3525 552 3762 621 perfecta

2182 638 2307 685 tunc
2346 632 2450 687 erit
2489 630 2670 697 nobis,
2700 632 2913 703 quando
2957 642 3143 690 natura
3186 647 3364 693 nostra
3391 638 3631 698 Creatori
3661 659 3761 701 suo

2180 720 2604 791 inseparabiliter
2630 723 2969 793 cohaerente,
3002 727 3134 783 nihil
3178 730 3331 784 nobis
3356 734 3666 804 repugnabit
3694 751 3762 792 ex

2180 814 2354 871 nobis.
2386 814 2499 871 [loc
2522 824 2578 871 et
2602 816 2715 886 ipse
2739 816 2984 873 Salvator
3011 820 3211 887 voluit,
3238 832 3492 892 quantum
3525 825 3654 883 mihi
3684 827 3762 880 vi-

2179 903 2354 973 detur,
2382 906 2641 979 intelligi,
2671 909 2762 965 ubi
2805 910 2914 965 ait:
2943 910 3062 966 Sint
3085 912 3242 967 lumbi
3266 918 3416 969 vestri
3442 917 3689 984 accincti,
3720 928 3764 973 et

2179 998 2400 1054 lucerna:
2422 999 2654 1055 ardentes
2681 1000 2722 1056 ι.
2752 1000 2891 1070 Quid
2916 1012 2999 1058 est
3026 1002 3237 1060 lumbos
3264 1007 3587 1078 accingere?
3613 1009 3764 1064 Libi-

2179 1087 2331 1150 dines
2359 1105 2609 1147 coercere
2626 1132 2642 1159 ,
2670 1092 2815 1162 quod
2842 1102 2927 1149 est
2952 1094 3311 1151 continentiae.
3335 1095 3604 1155 Lucernas
3627 1115 3759 1156 vero

2179 1183 2429 1241 ardentes
2455 1184 2672 1253 habere,
2699 1194 2784 1242 est
2808 1186 2963 1243 bonis
2987 1190 3237 1259 operibus
3264 1191 3445 1249 lucere
3465 1201 3630 1264 atque
3655 1194 3765 1250 fer-

2180 1291 2327 1346 vere,
2353 1278 2494 1349 quod
2525 1288 2609 1335 est
2627 1279 2868 1350 justitiae.
2891 1279 3075 1352 Neque
3102 1282 3186 1338 hic
3209 1285 3372 1339 tacuit
3398 1300 3505 1355 quo
3531 1284 3635 1340 fine
3660 1286 3761 1341 ista

2179 1364 2464 1437 faciamus,
2492 1369 2735 1426 addendo
2768 1379 2927 1442 atque
2951 1368 3178 1428 dicendo
3203 1390 3217 1428 :
3243 1373 3310 1428 Et
3335 1390 3421 1430 vos
3451 1377 3638 1432 similes
3666 1378 3758 1432 ho~

2181 1458 2396 1514 minibus
2423 1462 2822 1532 exspectantibus
2848 1464 3109 1519 dominum
3142 1481 3292 1520 suum
3311 1509 3327 1535 ,
3355 1468 3557 1539 quando
3601 1471 3765 1524 veniat

2180 1565 2213 1603 a
2237 1551 2426 1621 nuptiis
2465 1550 2613 1623 (Luc.
2646 1570 2721 1609 xu
2740 1594 2756 1622 ,
2781 1555 2881 1621 55,
2916 1553 3031 1627 56).
3061 1554 3192 1611 Cum
3221 1558 3362 1613 enim
3394 1557 3635 1625 venerit,
3666 1576 3765 1615 nos

2179 1643 2573 1712 remunerabit,
2605 1646 2695 1717 qui
2738 1647 3097 1705 continuimus
3125 1664 3226 1705 nos
3271 1651 3338 1705 ab
3367 1650 3450 1706 his
3479 1669 3596 1723 quae
3622 1655 3642 1685 ³
3670 1670 3765 1709 cu-

2179 1730 2406 1801 piditas,
2434 1742 2490 1788 et
2532 1749 2594 1789 ea
2633 1749 2754 1806 qua}
2801 1737 3083 1807 imperavit
3123 1739 3357 1796 cbaritas
3398 1742 3621 1798 fecimus
3656 1761 3670 1798 :
3706 1752 3764 1800 ut

2179 1822 2233 1877 in
2276 1824 2392 1894 ejus
2420 1825 2655 1896 perfecta
2699 1837 2754 1884 et
2780 1829 3104 1901 sempiterna
3149 1846 3308 1902 pace,
3338 1834 3457 1890 sine
3498 1834 3605 1889 ulla
3636 1837 3761 1891 mali

2179 1916 2523 1973 contentione
2566 1927 2622 1975 et
2667 1934 2788 1975 cum
2831 1935 3039 1977 summa
3084 1922 3208 1978 boni
3257 1923 3644 1995 delectatione,
3673 1942 3763 1983 re—

2177 2020 2420 2077 gnemus.

2251 2098 2338 2155 18.
2377 2097 2576 2157 Omnes
2618 2116 2746 2173 ergo
2787 2103 2880 2174 qui
2923 2105 3191 2160 credimus
3231 2105 3285 2161 in
3316 2107 3478 2164 Deum
3510 2109 3681 2165 vivum
3708 2118 3765 2167 et

2179 2205 2385 2256 verum,
2409 2193 2562 2262 cujus
2581 2207 2789 2250 summe
2811 2195 2947 2251 bona
2977 2196 3422 2268 immutabilisque
3449 2207 3634 2255 natura
3657 2214 3759 2257 nec

2179 2280 2306 2335 mali
2335 2281 2536 2352 aliquid
2570 2282 2716 2349 l‘acit,
2746 2299 2845 2340 nec
2870 2287 2992 2339 mali
3020 2287 3216 2357 aliquid
3248 2291 3463 2357 patitur,
3496 2305 3525 2343 a
3551 2304 3656 2361 quo
3680 2297 3764 2347 est

2178 2384 2338 2426 omne
2364 2371 2563 2427 bonum
2582 2415 2597 2439 ,
2627 2373 2769 2443 quod
2798 2375 2956 2430 etiam
2987 2375 3154 2432 minui
3186 2387 3363 2447 potest
3384 2379 3425 2444 ³,
3452 2388 3509 2435 et
3535 2379 3624 2450 qui
3654 2393 3758 2436 suo

2177 2464 2318 2520 bono
2359 2465 2498 2536 quod
2545 2465 2659 2536 ipse
2700 2476 2785 2522 est
2823 2469 3042 2524 omnino
3069 2470 3237 2525 minui
3266 2486 3371 2526 non
3404 2480 3604 2541 potest,
3636 2486 3761 2528 cum

2176 2555 2421 2611 audimus
2465 2557 2779 2627 Apostolum
2826 2559 3123 2627 dicentem,
3163 2562 3362 2633 Spiritu
3390 2562 3677 2630 ambulate,
3704 2571 3756 2619 et

2176 2647 2601 2718 concupiscentias
2620 2650 2787 2703 carnis
2808 2666 2870 2704 ne
2891 2652 3198 2722 perfeceritis
3224 2669 3243 2707 :
3264 2670 3382 2709 caro
3410 2656 3543 2711 enim
3566 2672 3759 2710 concu-

2177 2738 2322 2808 piscit
2349 2738 2585 2795 adversus
2624 2740 2892 2812 spiritum,
2924 2743 3131 2812 spiritus
3172 2756 3343 2799 autem
3369 2746 3607 2801 adversus
3641 2762 3761 2802 car-

2175 2845 2323 2894 nem;
2348 2829 2455 2884 Itaec
2479 2830 2612 2884 enim
2633 2832 2844 2886 invicem
2868 2833 2964 2887 sibi
2984 2835 3334 2902 adversantur,
3366 2847 3422 2890 ut
3446 2854 3547 2892 non
3568 2854 3630 2892 ea
3647 2850 3763 2910 qua:

2175 2919 2324 2973 vultis
2363 2920 2562 2991 faciatis
2588 2919 2785 2992 (Galat.
2829 2938 2883 2988 v,
2908 2923 2976 2979 16
2997 2965 3011 2991 ,
3041 2924 3131 2996 17)
3154 2940 3170 2990 ;
3191 2924 3331 2980 absit
3357 2936 3417 2981 ut
3440 2928 3756 2996 credamus,

2175 3011 2314 3082 quod
2341 3011 2752 3068 llianicharorum
2780 3015 2951 3071 credit
2981 3016 3182 3072 insania
3200 3056 3216 3084 ,
3245 3017 3379 3074 duas
3418 3020 3504 3076 hic
3530 3020 3755 3076 demon-

2175 3112 2370 3161 stratas
2397 3118 2518 3160 esse
2560 3112 2778 3161 naturas
2816 3121 2887 3162 ex
2924 3108 3208 3163 contrariis
3235 3109 3376 3165 inter
3396 3125 3456 3166 se
3483 3111 3759 3181 principiis

2174 3199 2549 3270 conlligentes,
2577 3215 2736 3255 unam
2786 3200 2940 3269 boni,
2972 3201 3192 3257 alteram
3220 3201 3367 3259 mali.
3396 3203 3619 3259 Prorsus
3656 3203 3757 3261 ista

2173 3289 2279 3346 duo
2304 3291 2462 3347 ambo
2487 3301 2611 3347 sunt
2637 3292 2774 3349 bona
2801 3311 2814 3347 :
2840 3303 2896 3349 et
2919 3295 3139 3365 spiritus
3160 3295 3361 3351 bonum
3403 3305 3486 3351 est
3504 3337 3519 3365 ,
3549 3306 3605 3353 et
3629 3311 3758 3353 caro

2173 3380 2407 3447 bonum;
2435 3393 2489 3438 et
2515 3382 2675 3439 homo
2704 3384 2792 3454 qui
2837 3399 2902 3439 ex
2935 3393 3160 3455 utroque
3183 3394 3427 3453 constat,
3456 3402 3563 3442 uno
3587 3387 3761 3459 impe-

2172 3479 2344 3539 rante,
2368 3471 2474 3528 alio
2493 3474 2779 3540 serviente,
2810 3474 2997 3545 utique
3018 3475 3212 3531 bonum
3239 3484 3343 3545 est,
3373 3476 3467 3533 sed
3495 3479 3755 3536 mutabile

2176 3559 2583 3633 bonum:un
2631 3574 2808 3621 tamen
2857 3567 2971 3621 fieri
3022 3583 3127 3622 non
3174 3578 3355 3637 posset
3378 3567 3418 3634 ⁸,
3449 3568 3553 3625 nisi
3580 3569 3647 3626 ab
3672 3570 3757 3626 in-

2170 3651 2533 3707 commutabili
2561 3652 2732 3720 bono,
2763 3671 2794 3708 a
2820 3672 2927 3724 quo
2959 3665 3043 3712 est
3066 3672 3227 3714 omne
3251 3659 3449 3715 bonum
3475 3669 3712 3716 creatum
3732 3700 3752 3730 ,

2171 3743 2282 3799 sive
2309 3758 2567 3814 parvum,
2595 3744 2711 3801 sive
2737 3761 3022 3817 magnum;
3051 3748 3145 3803 sed
3168 3750 3462 3819 quamlibet
3490 3766 3708 3821 parvum
3728 3792 3749 3819 ,

2170 3851 2200 3891 a
2227 3852 2419 3907 magno
2449 3846 2623 3893 tamen
2649 3836 2878 3904 factum;
2901 3848 2956 3893 et
2977 3841 3272 3909 quamlibet
3295 3858 3569 3914 magnum,
3599 3845 3753 3901 nullo

2170 3932 2331 3989 modo
2357 3942 2531 3988 tamen
2575 3931 2792 3988 factoris
2818 3933 3173 4004 magnitudini
3188 3935 3626 4005 comparandum.
3650 3937 3758 3995 Ve-

2169 4040 2288 4081 rum
2316 4025 2370 4079 in
2397 4025 2496 4079 hac
2526 4024 2663 4080 bona
2695 4024 2929 4080 hominis
2949 4033 3006 4081 et
3031 4025 3170 4081 bene
3201 4041 3230 4081 a
3261 4026 3402 4084 bono
3430 4028 3642 4085 condita
3671 4030 3759 4087 in-

2170 4116 2457 4186 stitutaque
2501 4123 2687 4170 natura
2735 4129 2877 4170 nunc
2923 4114 3122 4175 bellum
3164 4125 3279 4185 est,
3308 4118 3558 4188 quoniam
3605 4121 3755 4178 salus

2170 4205 2406 4261 nondum
2448 4214 2548 4261 est.
2603 4205 2852 4277 Languor
2878 4216 3118 4274 sanetur,
3161 4223 3265 4279 pax
3289 4218 3390 4266 εει.
3421 4210 3750 4283 Languorem

2170 4306 2345 4353 autem
2378 4299 2535 4353 istum
2561 4299 2716 4369 culpa
2747 4301 2962 4368 meruit,
2994 4310 3182 4357 natura
3212 4318 3321 4359 non
3352 4304 3551 4361 habuit.
3579 4306 3751 4373 Quam

2170 4404 2299 4445 sane
2325 4390 2538 4460 culpam
2562 4406 2662 4461 per
2687 4393 2954 4453 lavacrum
2996 4396 3415 4465 regenerationis
3454 4396 3542 4452 Dei
3579 4400 3747 4468 gratia

2170 4479 2415 4536 fidelibus
2435 4481 2546 4551 jam
2573 4483 2813 4549 remisit;
2841 4482 2936 4539 sed
2967 4484 3068 4540 sub
3093 4486 3330 4556 ejusdem
3361 4486 3550 4543 medici
3578 4492 3750 4547 mani~

2169 4570 2270 4627 bus
2306 4571 2480 4627 adhuc
2507 4580 2693 4628 natura
2716 4587 2839 4628 eum
2869 4590 2969 4631 suo
3005 4577 3264 4647 languore
3291 4578 3546 4650 conﬂigit.
3573 4579 3630 4636 ln
3658 4582 3750 4637 tali

2170 4669 2347 4717 autem
2378 4676 2552 4733 pugna
2578 4664 2778 4720 sanitas
2807 4666 2913 4721 erit
2937 4675 3045 4723 tota
3073 4668 3289 4724 victoria
3316 4686 3328 4721 :
3355 4686 3456 4726 nec
3484 4681 3752 4743 tempora-

2168 4750 2247 4805 ria
2276 4752 2505 4818 sanitas,
2533 4752 2631 4808 sed
2672 4763 2907 4823 (eterna;
2937 4757 3027 4814 ubi
3058 4774 3163 4814 non
3192 4759 3367 4815 solum
3408 4762 3622 4819 ﬁniatur
3661 4764 3749 4822 hic

2168 4842 2409 4914 languor,
2440 4859 2625 4899 verum
2660 4845 2821 4900 etiam
2868 4847 3121 4921 deinceps
3164 4850 3342 4906 nullus
3367 4853 3589 4910 oriatur.
3618 4854 3749 4913 Pro-

2168 4942 2285 5004 pter
2310 4934 2454 5005 quod
2493 4935 2779 5007 alloquitur
2812 4940 3044 4996 animam
3071 4958 3222 4998 suam
3263 4945 3467 5014 justus,
3495 4957 3552 5002 et
3577 4948 3744 5006 dicit:

2168 5025 2386 5080 Benedic
2411 5067 2427 5094 ,
2458 5027 2629 5082 anima
2651 5046 2784 5098 mea,
2811 5030 3107 5101 Dominum,
3132 5044 3180 5088 et
3200 5037 3305 5090 noli
3330 5037 3553 5092 obliuisci
3577 5055 3747 5096 omnes

2166 5118 2516 5174 retributiones
2542 5121 2653 5191 ejus
2673 5137 2692 5175 :
2714 5123 2800 5194 qui
2828 5124 3082 5195 propitius
3120 5125 3178 5192 ﬁt
3204 5125 3430 5181 omnibus
3468 5128 3750 5199 iniquitati-

2231 5275 2247 5304 ι
2272 5278 2403 5349 unus
2421 5288 2451 5325 e
2476 5276 2710 5349 Vaticanis
2741 5286 2843 5349 atss.
2863 5278 3008 5349 addit,
3036 5277 3087 5349 in
3116 5275 3332 5349 manibus
3370 5281 3567 5349 uestris;
3615 5286 3746 5349 quod

2165 5346 2265 5409 nec
2288 5335 2640 5409 editi,ne931i_i
2675 5338 2865 5409 codices
2901 5340 3090 5409 habent
3119 5345 3224 5409 uss.
3252 5344 3301 5390 Id
3332 5344 3476 5409 etiam
3518 5335 3562 5394 a'

2166 5402 2303 5472 textu
2321 5397 2570 5472 Evangelii
2590 5402 2755 5462 abest;
2775 5403 2869 5451 imo
2891 5410 2943 5451 et
2960 5414 2990 5450 a
3010 5400 3174 5463 latino,
3194 5403 3244 5451 in
3264 5405 3472 5469 antiquis
3491 5397 3747 5460 Cat-beien-

2615 5523 2789 5596 .00“???
2822 5522 2969 5596 ad‘é‘ib
2992 5524 3289 5596 δυηέζεῗνεὺαι.
3323 5528 3532 5580 Vaticani
3554 5536 3739 5596 autem,

2161 5584 2417 5645 ittstigmit.
2441 5585 2533 5634 sed
2553 5585 2851 5644 subauditur,
2883 5584 3152 5650 impertiuit.
3238 5651 3248 5662 .
3440 5654 3450 5665 .
3480 5653 3490 5665 .
3608 5655 3617 5666 _
3724 5584 3738 5596 ’

2164 5709 2199 5711 η
2229 5642 2251 5675 ³
2273 5651 2399 5707 Lov.,
2425 5657 2519 5696 non
2539 5652 2702 5709 potest.
2728 5644 2863 5707 male,
2885 5653 2937 5697 et
2957 5651 3347 5711 repugnantibus
3375 5652 3520 5704 editis
3558 5652 3666 5706 abis
3684 5668 3743 5708 ac

2162 5709 2664 5884 figitiémmmn
2679 5781 2818 5837 posse
2839 5776 3040 5826 constat.
3078 5778 3135 5827 Αι
3154 5778 3286 5842 Uss,
3303 5771 3421 5839 fieri
3435 5788 3533 5831 nati
3552 5784 3739 5847 posset,

2340 5864 2358 5894 ν
2375 5864 2571 5884 ptumi.
