4122 6212
324 319 431 378 561

330 438 430 494 bus
448 437 570 506 tuis,
593 437 682 509 qui
704 444 853 492 sanat
878 451 1048 492 omnes
1073 436 1342 508 languores
1367 445 1478 491 tuos
1509 435 1679 507 (Psat.
1695 452 1785 502 cn,
1806 437 1841 490 2
1870 447 1917 492 et

324 529 408 602 3).
430 529 702 600 Propitius
733 529 790 583 fit
821 528 1189 598 iniquitatibus
1209 571 1224 596 ,
1258 543 1377 582 cum
1409 538 1625 598 peccata
1651 529 1870 585 dimittit
1903 549 1916 584 :

324 631 481 679 sanat
527 623 844 692 Ianguores,
897 635 1020 674 cum
1073 619 1335 676 desideria
1388 635 1548 690 prava
1603 622 1914 691 compescit.

326 713 596 784 Propitius
622 712 681 766 fit
701 711 1091 781 iniquitatibus,
1115 710 1292 765 dando
1318 711 1700 782 indulgentiam
1727 730 1738 766 :
1764 722 1917 768 sanat

325 806 613 876 languores
633 845 648 867 ,
681 802 858 859 dando
898 803 1302 858 continentiam.
1346 803 1478 857 Illud
1523 803 1724 858 factum
1751 813 1833 860 est
1862 805 1916 860 in

323 896 652 965 Baptismate
679 893 1090 961 confitentibus,
1122 894 1223 948 hoc
1251 894 1310 948 fit
1353 895 1406 949 in
1449 911 1621 966 agone
1666 899 1917 952 certanti-

325 912 652 965 uapusmate
679 912 1090 961 countenunus,
1122 912 1223 948 nec
1251 912 1310 948 ιιι
1353 912 1406 949 ιη
1449 912 1621 966 agone
1666 912 1916 952 certanti-

286 912 301 1068 I
326 987 459 1050 bus;
493 987 544 1040 in
575 1002 681 1056 quo
709 1001 738 1039 a
768 985 924 1039 nobis
962 995 1147 1040 noster
1171 1001 1267 1055 per
1304 986 1420 1056 ejus
1450 986 1769 1055 adjutorium
1798 989 1916 1044 vin-

285 1077 292 1122 ι’
323 1080 527 1134 cendus
554 1088 635 1133 est
661 1080 900 1134 morbus.
923 1077 1098 1133 Etiam
1124 1094 1267 1134 nunc
1288 1079 1418 1134 illud
1445 1081 1520 1142 fit,
1545 1095 1665 1135 cum
1693 1082 1913 1137 exaudi-

324 1188 445 1226 mur
468 1171 729 1235 dicentes,
757 1170 962 1224 Dimitte
987 1170 1129 1224 nobis
1154 1171 1319 1225 debita
1344 1182 1556 1226 nostra:
1581 1173 1681 1228 hoc
1707 1183 1905 1239 autem,

321 1279 445 1318 cum
471 1261 790 1317 exaudimur
825 1261 1064 1316 dicentes
1085 1303 1099 1327 ,
1136 1261 1219 1317 Ne
1257 1279 1349 1318 nos
1381 1265 1571 1334 inferas
1599 1265 1651 1318 in
1673 1267 1911 1333 tentatio-

323 1371 438 1409 nem
473 1354 684 1427 (Matth.
724 1371 776 1409 γι
798 1397 812 1421 ,
838 1355 940 1421 12,
973 1353 1084 1426 I5).
1117 1354 1474 1426 Unusquisque
1509 1359 1651 1412 enim
1674 1366 1906 1426 tentatur,

322 1447 460 1502 sicut
489 1447 565 1500 ait
587 1448 860 1516 apostolus
895 1446 1126 1502 Jacobus
1146 1489 1160 1513 ,
1190 1463 1221 1500 α
1251 1449 1655 1517 concupiscentia
1675 1467 1770 1504 sua
1791 1451 1910 1504 abs-

322 1549 510 1594 tractus
535 1551 582 1595 et
607 1538 801 1594 illectus
830 1538 1030 1610 (Jacobi
1053 1556 1102 1607 ι,
1151 1540 1267 1612 14).
1305 1541 1505 1596 Contra
1533 1543 1677 1612 quod
1721 1544 1908 1598 vitium

322 1634 642 1690 medicinale
668 1634 904 1704 poscitur
927 1633 1248 1704 adiutorium
1277 1636 1344 1690 ab
1365 1635 1459 1690 illo
1479 1638 1567 1707 qui
1594 1644 1771 1708 potest
1795 1654 1913 1692 om-

324 1745 418 1784 nes
470 1727 840 1798 hujuscemodi
890 1743 1082 1783 sanare
1134 1729 1454 1800 languores,
1512 1745 1620 1786 non
1670 1748 1699 1785 a
1758 1733 1910 1788 nobis

322 1820 511 1876 alienae
536 1819 873 1890 separatione
895 1821 934 1887 ί,
965 1819 1059 1875 sed
1080 1819 1134 1874 in
1160 1829 1358 1877 nostrae
1386 1822 1723 1892 reparatione
1749 1831 1907 1878 natu-

327 1927 422 1966 rae.
447 1910 598 1968 Unde
618 1920 674 1966 et
694 1909 978 1980 praedictus
1001 1911 1272 1980 apostolus
1293 1926 1401 1966 non
1421 1911 1522 1979 ait,
1558 1912 1911 1986 Unusquisque

322 2012 543 2058 tentatur
561 2019 593 2056 a
612 2004 1054 2072 concupiscentia;
1076 2003 1168 2059 sed
1191 2003 1427 2072 addidit,
1455 2021 1549 2059 sua
1571 2022 1590 2059 :
1612 2013 1669 2060 ut
1693 2008 1782 2077 qui
1806 2007 1909 2063 hoc

315 2093 465 2149 audit
490 2093 750 2164 intelligat
787 2093 1054 2164 quomodo
1079 2095 1312 2152 clamare
1355 2095 1576 2164 debeat,
1605 2097 1718 2168 Ego
1756 2099 1864 2154 dixi
1888 2141 1903 2168 ,

316 2187 532 2243 Domine
552 2229 567 2254 ,
597 2188 831 2242 miserere
869 2189 1002 2254 mei;
1031 2206 1158 2243 sana
1182 2191 1404 2243 animam
1443 2206 1605 2244 meam
1623 2232 1637 2256 ,
1666 2192 1906 2259 quoniam

316 2281 514 2350 peccavi
538 2279 629 2333 tibi
652 2279 821 2351 (Psal.
843 2296 932 2348 XL,
952 2281 1027 2351 5).
1051 2280 1167 2335 Non
1190 2281 1332 2336 enim
1353 2281 1630 2338 sanatione
1652 2282 1906 2354 indiguis-

315 2381 437 2440 set,
469 2372 573 2427 nisi
595 2387 658 2428 se
687 2373 798 2443 ipsa
827 2373 1099 2444 peccando
1129 2374 1393 2441 vitiasset,
1415 2383 1476 2429 ut
1499 2375 1755 2431 adversus
1785 2391 1901 2432 eam

317 2480 442 2520 caro
463 2480 559 2520 sua
586 2466 1024 2535 concupisceret,
1049 2465 1100 2520 id
1127 2475 1242 2530 est,
1272 2467 1386 2536 ipsa
1406 2467 1722 2539 sibimetipsi
1743 2483 1810 2524 ex
1841 2483 1904 2524 ea

315 2565 466 2627 parte
487 2572 591 2626 qua
621 2557 673 2612 in
700 2571 862 2612 carne
889 2557 1153 2611 infirmata
1174 2566 1256 2612 est
1276 2567 1615 2629 repugnaret.

382 2647 612 2704 CAPUT
646 2647 774 2702 VIII.
809 2679 877 2687 —
908 2647 996 2703 19.
1031 2647 1162 2702 Caro
1195 2648 1436 2703 adversus
1455 2650 1691 2719 spiritum
1717 2667 1904 2706 concu-

314 2741 483 2812 piscit,
514 2757 618 2794 non
645 2741 764 2810 quia
784 2741 989 2794 inimica
1009 2749 1192 2794 natura
1207 2781 1221 2808 ,
1253 2741 1342 2794 sed
1361 2741 1483 2811 quia
1506 2741 1699 2797 vitiata.
1722 2741 1902 2798 Carnis

311 2832 745 2902 concupiscentias
783 2848 845 2886 ea:
878 2832 996 2886 vitio
1016 2848 1120 2886 esse
1138 2874 1153 2900 ,
1187 2847 1367 2902 easque
1392 2833 1473 2886 hic
1499 2833 1660 2888 minui
1685 2833 1902 2904 quidem

315 2941 492 2996 posse,
524 2941 628 2978 non
651 2925 850 2994 penitus
871 2924 1064 2995 auferri
1104 2923 1204 2977 nisi
1231 2924 1283 2976 in
1304 2926 1466 2978 altera
1487 2924 1608 2978 vita.
1649 2921 1904 2996 Concupi-

309 3017 501 3072 scentia
535 3017 704 3071 carnis
742 3017 824 3070 hic
848 3033 995 3088 paena
1037 3017 1249 3087 peccati,
1279 3032 1431 3070 carne
1457 3027 1636 3071 sanata
1663 3019 1718 3071 in
1738 3018 1899 3073 beatis

313 3125 412 3163 non
441 3110 552 3164 erit.
584 3109 726 3164 Caro
766 3109 908 3163 enim
935 3107 1081 3162 nihil
1109 3108 1210 3162 nisi
1239 3124 1336 3179 per
1375 3109 1608 3164 animam
1640 3111 1898 3179 concupi—

313 3203 444 3267 scit;
469 3200 565 3257 sed
589 3200 968 3269 concupiscere
991 3214 1118 3254 caro
1143 3200 1398 3255 adversus
1422 3200 1666 3269 spiritum
1683 3200 1895 3268 dicitur,

311 3294 523 3364 quando
548 3294 721 3348 anima
752 3293 951 3348 carnali
972 3293 1406 3362 concupiscentia
1430 3293 1639 3362 spiritui
1666 3293 1900 3347 relucta-

310 3397 414 3444 tur.
448 3387 642 3443 Totum
670 3386 772 3441 hoc
799 3401 896 3440 nos
939 3399 1122 3440 sumus
1147 3401 1160 3438 :
1183 3392 1238 3441 et
1265 3399 1391 3440 caro
1433 3385 1548 3455 ipsa
1571 3400 1690 3456 qua:
1717 3385 1897 3441 disce-

308 3479 469 3534 dente
510 3479 689 3533 anima
736 3476 983 3542 moritur,
1025 3485 1206 3531 nostra
1247 3490 1371 3546 pars
1414 3475 1631 3542 infima,
1659 3491 1766 3533 non
1812 3478 1897 3531 fu-

309 3571 496 3642 gienda
551 3569 862 3635 dimittitur,
922 3569 1017 3624 sed
1070 3568 1372 3638 recipienda
1429 3567 1746 3639 deponitur,
1797 3585 1899 3625 nec

310 3670 520 3731 recepta
547 3660 769 3715 ulterius
803 3660 1154 3730 relinquetur.
1189 3659 1482 3713 Seminatur
1501 3669 1680 3715 autem
1711 3677 1896 3732 corpus

307 3754 562 3819 animale,
590 3763 816 3824 resurget
859 3769 1043 3825 corpus
1091 3751 1356 3823 spirituale
1403 3752 1444 3822 (Ι
1487 3751 1604 3806 Cor.
1656 3769 1744 3816 xv,
1779 3754 1891 3824 44).

306 3847 455 3904 Tunc
486 3848 600 3918 jam
625 3863 752 3903 caro
791 3846 920 3901 nihil
949 3847 1293 3915 concupiscet
1318 3845 1574 3901 adversus
1612 3847 1854 3915 spiritum
1875 3888 1890 3914 ,

303 3941 520 4012 quando
545 3950 601 3996 et
627 3942 741 4012 ipsa
771 3941 1059 4010 spiritualis
1081 3939 1376 4008 vocabitur,
1405 3939 1656 4010 quoniam
1683 3939 1894 4007 spiritui

304 4049 409 4088 non
441 4033 616 4088 solum
656 4034 771 4088 sine
809 4033 915 4089 ulla
944 4033 1292 4104 repugnantia
1312 4074 1327 4099 ,
1361 4047 1547 4087 vemm
1586 4031 1743 4086 etiam
1776 4030 1894 4086 sine

303 4123 414 4177 ulla
445 4123 736 4192 corporalis
756 4123 994 4178 alimenti
1022 4122 1312 4192 indigentia
1342 4121 1394 4175 in
1431 4129 1689 4176 aeternum
1715 4120 1889 4174 viviti-

303 4215 478 4272 canda
509 4215 781 4271 subdetur.
824 4217 950 4272 Ilaec
981 4217 1140 4287 igitur
1177 4217 1314 4284 duo,
1341 4230 1460 4286 quae
1498 4231 1640 4270 nunc
1661 4215 1890 4272 invicem

304 4307 660 4363 adversantur
679 4308 728 4361 in
745 4307 899 4363 nobis
918 4348 932 4372 ,
964 4307 1214 4376 quoniam
1236 4307 1291 4362 in
1314 4315 1540 4377 utroque
1560 4321 1660 4361 nos
1682 4319 1887 4372 sumus,

304 4406 364 4452 ut
380 4395 712 4452 concordent
734 4412 952 4453 oremus
975 4405 1031 4453 et
1067 4413 1306 4468 agamus.
1347 4397 1466 4453 Non
1489 4397 1632 4453 enim
1661 4399 1890 4454 alterum

304 4505 486 4546 eorum
508 4499 698 4562 putare
717 4490 975 4548 debemus
996 4491 1268 4546 inimicum
1283 4532 1298 4557 ,
1319 4489 1412 4546 sed
1433 4491 1618 4545 vitium
1639 4506 1746 4562 quo
1763 4507 1890 4547 caro

303 4583 631 4654 concupiscit
676 4583 934 4638 adversus
975 4583 1220 4653 spiritum
1255 4600 1267 4636 :
1300 4582 1444 4652 quod
1473 4592 1718 4638 sanatum
1739 4626 1753 4650 ,
1789 4600 1889 4640 nec

303 4678 473 4748 ipsum
501 4677 639 4744 erit,
667 4685 722 4731 et
747 4676 1041 4734 substantia
1081 4685 1304 4747 utraque
1329 4676 1473 4732 salva
1502 4677 1606 4732 erit
1624 4717 1640 4745 ,
1671 4686 1725 4733 et
1753 4678 1892 4733 inter

302 4781 582 4842 utramque
619 4771 765 4826 nulla
810 4786 986 4842 pugna
1033 4771 1154 4825 erit.
1202 4770 1494 4826 Audiamus
1528 4770 1886 4841 Apostolum:

276 4865 454 4932 'Scio,
488 4865 694 4936 inquit,
721 4865 842 4935 quia
868 4881 972 4919 non
1000 4863 1193 4918 habitat
1222 4865 1277 4918 in
1304 4881 1412 4929 me,
1441 4864 1536 4917 hoc
1561 4873 1632 4918 est
1661 4864 1715 4917 in
1741 4879 1892 4918 carne

301 4975 446 5028 mea,
474 4961 681 5014 bonum.
707 4958 823 5013 Hoc
847 4958 1031 5028 utique
1060 4957 1162 5024 ait,
1194 4958 1318 5029 quia
1342 4958 1531 5012 vitium
1556 4957 1736 5012 carnis
1757 4958 1807 5009 in
1831 4971 1890 5010 re

301 5050 440 5107 bona
457 5064 570 5106 non
595 5058 682 5106 est
704 5050 906 5106 bonum
931 5066 944 5101 :
973 5050 1117 5120 quod
1142 5064 1264 5105 cum
1294 5063 1414 5104 esse
1433 5048 1733 5116 destiterit,
1765 5063 1892 5104 caro

302 5143 430 5211 erit,
453 5142 550 5199 sed
566 5142 676 5214 jam
695 5144 880 5198 vitiata
905 5143 990 5200 vel
1015 5143 1208 5198 vitiosa
1229 5157 1336 5197 non
1362 5142 1482 5196 erit.
1511 5143 1683 5210 Quam
1713 5150 1892 5198 tamen

303 5234 370 5288 ad
398 5243 638 5289 nostram
663 5235 932 5304 pertinere
957 5245 1201 5290 naturam
1221 5276 1234 5299 ,
1261 5232 1402 5288 idem
1427 5233 1615 5289 doctor
1633 5235 1889 5305 ostendit,

303 5325 451 5394 prius
475 5323 706 5380 dicendo
728 5368 741 5391 ,
776 5325 897 5380 Scio
927 5328 1045 5397 quia
1084 5343 1184 5380 non
1214 5325 1406 5379 habitat
1435 5327 1487 5380 in
1529 5343 1608 5381 me
1627 5343 1645 5380 :
1667 5327 1808 5396 quod
1836 5334 1896 5381 ut

301 5424 627 5486 exponeret,
661 5415 900 5485 addidit,
931 5421 1026 5472 hoc
1057 5427 1132 5472 est
1159 5419 1213 5472 in
1242 5434 1396 5473 carne
1417 5435 1528 5472 mea
1546 5460 1562 5486 ,
1593 5418 1797 5473 bonum.
1822 5417 1894 5473 Se

301 5507 481 5579 itaque
506 5506 637 5562 dicit
664 5521 785 5563 esse
805 5523 1021 5564 carnem
1053 5525 1225 5565 suam.
1255 5509 1370 5565 Non
1397 5525 1523 5581 ergo
1544 5509 1656 5580 ipsa
1676 5517 1759 5564 est
1788 5509 1893 5564 ini-

301 5599 440 5654 mica
463 5607 644 5655 nostra
669 5617 681 5652 :
706 5607 761 5654 et
781 5600 993 5670 quando
1011 5602 1127 5671 ejus
1144 5602 1286 5657 vitiis
1304 5602 1589 5668 resistitur,
1611 5601 1727 5671 ipsa
1743 5615 1894 5656 ama-

369 5737 384 5766 ¹
408 5734 731 5803 Editi,_aliena
746 5735 1066 5799 separatione.
1091 5740 1263 5789 Verius
1283 5746 1411 5800 Mss.,
1437 5737 1608 5791 aliente
1629 5743 1894 5803 separatio-

298 5809 362 5848 ne
390 5808 408 5847 :
428 5796 625 5860 supple,
647 5796 854 5848 natura}.

549 5883 778 5945 Smc'r.
811 5887 1090 5949 AUGUST.
1127 5886 1235 5946 Vl.

1755 322 1960 380 LIBER
2000 327 2202 387 UNUS.

3514 371 3620 425 362

2036 450 2137 510 tur,
2170 445 2291 515 quia
2338 449 2448 518 ipsa
2491 465 2724 513 curatur.
2773 461 2937 520 Nemo
2975 469 3106 523 enim
3130 487 3369 543 .unquam
3407 495 3611 538 carnem

2030 554 2174 640 suam
2195 543 2511 640 quia-[tabuit
2533 549 2751 621 (Ep/tes.
2783 571 2833 622 ν,
2863 557 2990 629 29);
3025 561 3159 617 sicut
3188 565 3301 634 ipse
3324 570 3608 640 Apostolus

2029 627 2175 736 dicit.
2207 632 2272 687 Et
2291 636 2396 690 alio
2421 638 2536 694 loco
2560 643 2632 695 ait
2661 662 2672 697 :
2697 644 2866 715 Igitur
2894 627 3002 720 ipse
3025 669 3118 723 ego
3149 627 3310 712 mente
3329 627 3488 715 servio
3509 627 3609 736 legi

2028 721 2158 818 Dei,
2185 742 2336 818 carne
2356 741 2527 806 autem
2562 734 2660 806 legi
2689 741 2896 807 peccati.
2939 721 3169 800 Audiant
3197 751 3287 818 qui
3317 768 3473 809 aures
3516 721 3612 812 lia-

2027 812 2156 867 bent
2196 833 2209 869 :
2251 817 2420 889 Igitur
2467 823 2573 892 ipse
2615 842 2738 896 ego;
2767 844 2866 900 ego
2909 843 3115 900 mente,
3147 812 3244 907 ego
3288 857 3479 907 carne;
3514 849 3608 903 sed

2027 916 2188 960 mente
2223 911 2382 963 servio
2411 914 2508 982 legi
2553 915 2678 983 Dei,
2711 935 2861 974 carne
2897 933 3062 978 autem
3103 927 3201 999 legi
3225 936 3433 1000 peccati.
3458 936 3607 1003 Quo-

2025 999 2185 1054 modo
2240 1018 2390 1056 carne
2439 1005 2537 1076 legi
2581 1012 2808 1078 peccati?
2853 1017 3107 1085 numquid
3163 999 3606 1092 concupiscentiae

2024 1093 2405 1150 consentiendo
2428 1100 2661 1154 carnali?
2684 1103 2836 1157 Absit
2861 1124 2874 1158 :
2897 1107 2990 1160 sed
3015 1119 3191 1164 motus
3215 1112 3606 1174 desideriorum

2024 1181 2134 1236 illic
2159 1182 2402 1240 habendo
2421 1227 2434 1253 ,
2465 1204 2598 1258 quos
2642 1191 2838 1249 habere
2869 1198 3119 1267 nolebat,
3151 1212 3205 1256 et
3236 1213 3408 1260 tamen
3438 1208 3604 1265 liabe-

2021 1272 2131 1326 bat.
2157 1274 2260 1328 Sed
2303 1276 2381 1330 eis
2410 1293 2514 1332 non
2556 1285 2940 1340 consentiendo
2987 1300 3165 1346 mente
3206 1296 3471 1352 serviebat
3499 1300 3602 1371 legi

2023 1361 2147 1427 Dei,
2177 1372 2230 1419 et
2261 1367 2476 1421 tenebat
2503 1371 2770 1440 membra,
2796 1391 2863 1430 ne
2886 1379 3071 1434 tierent
3094 1397 3241 1436 arma
3269 1389 3491 1454 peccati.

2091 1455 2180 1510 20.
2222 1457 2354 1513 Sunt
2373 1475 2499 1530 ergo
2529 1463 2764 1544 inprobis
2791 1468 3050 1526 desideria
3078 1476 3235 1540 mala,
3260 1480 3448 1546 quibus
3482 1499 3593 1537 non

2021 1550 2405 1605 consentiendo
2435 1568 2539 1606 non
2568 1555 2796 1612 vivimus
2824 1561 2962 1615 male
2995 1581 3006 1614 :
3045 1574 3169 1618 sunt
3197 1566 3250 1620 in
3283 1570 3436 1624 nobis
3465 1587 3600 1625 con-

2019 1640 2359 1708 cupiscentiae
2386 1655 2746 1715 peccatorum,
2773 1651 2964 1720 quibus
3006 1671 3110 1708 non
3155 1657 3455 1714 obediendo
3495 1679 3603 1718 non

2021 1730 2322 1796 perficimus
2348 1735 2564 1801 malum,
2597 1738 2691 1792 sed
2723 1755 2813 1794 eas
2844 1741 3090 1797 habendo
3122 1748 3352 1802 nondum
3385 1753 3598 1818 perlici~

2018 1834 2137 1875 mus
2167 1822 2382 1878 bonum.
2429 1827 2717 1899 Utrumque
2756 1833 2988 1887 ostendit
3026 1837 3331 1904 Apostolus,
3375 1857 3476 1896 nec
3505 1843 3602 1898 bo-

2016 1926 2142 1965 num
2173 1913 2261 1968 hic
2289 1916 2490 1984 perfici,
2540 1920 2628 1974 ubi
2675 1923 2871 1976 malum
2917 1925 2993 1979 sic
3042 1931 3467 1998 concupiscitur;
3502 1950 3602 1990 nec

2016 2003 2212 2058 malum
2249 2005 2335 2061 hic
2376 2011 2578 2077 perlici,
2611 2013 2821 2080 quando
2869 2017 2957 2068 tali
3006 2021 3456 2088 concupiscentiae
3490 2041 3600 2082 non

2015 2092 2280 2150 obeditur.
2304 2098 2439 2153 Illud
2467 2101 2663 2172 quippe
2711 2105 2944 2160 ostendit
2977 2108 3063 2161 ubi
3089 2109 3182 2173 ait,
3233 2109 3374 2166 Velle
3401 2115 3604 2184 adjacet

2015 2185 2158 2250 mihi,
2178 2190 2414 2257 per/icere
2426 2201 2594 2246 autent
2619 2192 2914 2249 bonumnon
2937 2196 3210 2267 (Rom.vn,
3229 2201 3316 2266 18,
3334 2201 3428 2273 25)
3461 2222 3474 2257 :
3501 2205 3604 2262 hoc

2013 2291 2161 2344 vero,
2203 2278 2292 2334 ubi
2348 2281 2442 2347 ait,
2499 2281 2699 2351 Spiritu
2749 2287 3036 2351 ambulate,
3079 2299 3124 2342 et
3171 2294 3603 2363 concupiscentias

2013 2371 2179 2424 carnis
2209 2388 2270 2426 ne
2295 2377 2626 2443 perfeceritis.
2659 2377 2844 2447 Neque
2893 2380 2963 2434 ibi
3000 2382 3143 2436 enim
3183 2383 3312 2438 dicit
3353 2401 3458 2440 non
3495 2389 3601 2444 sibi

2011 2461 2254 2531 adjacere
2297 2463 2471 2519 facere
2518 2467 2750 2533 bonum;
2785 2471 2899 2535 sed,
2949 2473 3208 2541 perlicere
3252 2493 3266 2530 :
3307 2493 3481 2548 neque
3507 2479 3600 2536 hic

2010 2553 2159 2620 dicit,
2191 2555 2633 2628 Concupiscentias
2680 2564 2847 2618 carnis
2894 2580 2962 2617 ne
3007 2566 3332 2636 habueritis;
3378 2571 3494 2638 sed,
3537 2591 3601 2628 ne

2010 2647 2337 2716 perfeceritis.
2390 2649 2549 2703 Fiunt
2597 2651 2776 2722 itaque
2836 2653 2888 2706 in
2940 2655 3095 2710 nobis
3151 2661 3600 2730 concupiscentia:

2008 2740 2186 2805 malae,
2220 2741 2430 2810 quando
2461 2742 2514 2797 id
2543 2745 2688 2813 quod
2727 2761 2836 2799 non
2866 2747 2990 2802 licet
3017 2750 3147 2804 libet
3173 2769 3185 2804 :
3217 2754 3313 2808 sed
3340 2769 3446 2808 non
3477 2770 3599 2825 per-

2010 2829 2280 2900 ficiuntur,
2303 2848 2423 2887 cum
2451 2835 2551 2904 legi
2577 2836 2668 2890 Dei
2699 2847 2876 2892 mente
2905 2841 3170 2896 serviente
3200 2841 3450 2898 libidines
3469 2860 3598 2900 con-

2010 2920 2262 2978 tinentur.
2287 2924 2354 2977 Et
2383 2925 2581 2978 bonum
2610 2925 2686 2994 fit,
2720 2942 2836 2981 cum
2867 2927 2919 2982 id
2950 2930 3092 2999 quod
3122 2932 3260 2987 male
3288 2933 3440 3002 libet,
3472 2937 3596 2992 vin-

2008 3020 2164 3068 cente
2199 3013 2336 3067 bona
2365 3014 2720 3072 delectatione
2751 3034 2857 3072 non
2886 3019 2944 3073 ﬁt
2990 3039 3004 3074 :
3045 3023 3139 3076 sed
3181 3023 3307 3078 boni
3340 3027 3596 3094 perfectio

2008 3118 2115 3158 non
2145 3103 2416 3174 impletur,
2451 3107 2702 3175 quamdiu
2738 3109 2841 3178 legi
2870 3113 3075 3180 peccati
3103 3128 3263 3169 carne
3288 3117 3554 3173 serviente
3574 3120 3592 3151 ί

2007 3193 2171 3248 libido
2198 3194 2370 3262 illicit,
2391 3205 2443 3250 et
2473 3198 2714 3264 quamvis
2741 3200 3098 3270 contineatur,
3124 3212 3299 3259 tamen
3322 3217 3587 3263 movetur.

2006 3285 2122 3342 Non
2153 3287 2294 3342 enim
2322 3303 2454 3357 opus
2479 3297 2622 3344 esset
2645 3300 2701 3344 ut
2723 3292 3108 3362 contineretur,
3133 3298 3235 3353 nisi
3261 3311 3588 3358 moveretur.

2007 3380 2121 3434 Erit
2147 3381 2463 3452 quandoque
2507 3384 2669 3437 etiam
2714 3385 2973 3454 perfectio
3027 3390 3172 3457 boni,
3223 3393 3435 3462 quando
3461 3410 3592 3451 con-

2004 3474 2234 3543 sumptio
2262 3473 2385 3528 mali
2423 3492 2434 3526 :
2461 3474 2587 3529 illud
2618 3491 2907 3546 summum,
2941 3481 3042 3536 hoc
3069 3483 3171 3538 erit
3193 3485 3416 3541 nullum.
3437 3488 3592 3557 Quod

2004 3564 2050 3618 si
2090 3565 2144 3619 in
2180 3565 2280 3620 ista
2318 3568 2642 3623 mortalitate
2667 3571 2991 3638 sperandum
3042 3583 3306 3643 putamus,
3333 3579 3588 3637 fallimur.

2003 3654 2153 3710 Tunc
2173 3657 2312 3711 enim
2343 3659 2462 3721 erit,
2506 3660 2719 3728 quando
2745 3677 2893 3716 mors
2928 3678 3033 3718 non
3075 3667 3211 3733 erit;
3247 3679 3300 3722 et
3347 3671 3416 3724 ibi
3463 3675 3586 3742 erit,

2003 3746 2092 3802 ubi
2112 3747 2217 3801 vita
2237 3757 2434 3802 aeterna
2467 3750 2585 3802 crit.
2620 3750 2677 3802 In
2714 3750 2806 3805 illo
2826 3753 2966 3806 enim
2997 3756 3191 3809 saeculo
3217 3765 3269 3810 et
3295 3759 3344 3811 in
3387 3761 3480 3814 illo
3503 3780 3590 3817 re-

1999 3851 2106 3906 gno
2125 3839 2230 3892 erit
2247 3838 2443 3893 bonum
2464 3855 2754 3907 summum,
2775 3842 2970 3895 malum
2996 3845 3196 3899 nullum
3218 3864 3232 3912 ;
3255 3850 3468 3917 quando
3485 3856 3587 3908 erit

2000 3936 2054 3982 et
2074 3928 2161 3982 ubi
2180 3929 2282 3982 erit
2310 3931 2582 3998 sapientiae
2603 3945 2754 3984 amor
2774 3947 3038 4002 summus,
3067 3938 3408 3993 continentiae
3432 3942 3585 3998 labor

1998 4016 2195 4071 nullus.
2227 4017 2341 4071 Non
2387 4018 2544 4087 igitur
2567 4020 2702 4073 mala
2727 4029 2809 4075 est
2849 4037 2996 4090 caro,
3034 4025 3079 4079 si
3122 4029 3262 4081 malo
3299 4040 3497 4097 careat,
3530 4036 3584 4090 id

1999 4115 2097 4172 est,
2133 4106 2261 4162 vitio
2285 4123 2390 4177 quo
2416 4107 2628 4164 vitiatus
2650 4119 2734 4165 est
2762 4110 2945 4180 homo,
2980 4129 3085 4170 non
3116 4115 3284 4173 factus
3314 4122 3468 4189 male,
3486 4126 3580 4180 sed

1997 4197 2114 4267 ipse
2141 4197 2364 4255 faciens.
2399 4200 2477 4254 Ex
2497 4210 2726 4272 utraque
2752 4203 2896 4258 enim
2923 4215 3092 4275 parte,
3121 4208 3174 4263 id
3195 4220 3296 4279 est,
3328 4221 3382 4267 et
3405 4215 3578 4272 anima
3601 4190 3620 4302 ῐ

1995 4298 2054 4346 et
2080 4305 2305 4361 corpore
2327 4307 2356 4345 a
2385 4291 2526 4347 bono
2555 4294 2664 4349 Deo
2689 4293 2861 4352 factus
2889 4296 3081 4367 bonus,
3100 4301 3213 4371 ipse
3235 4303 3358 4359 fecit
3382 4291 3609 4371 maluml

1997 4399 2104 4456 quo
2154 4382 2323 4440 factus
2361 4394 2444 4440 est
2467 4387 2661 4441 malus.
2707 4389 2755 4442 A
2777 4389 2930 4460 cujus
2956 4393 3082 4446 mali
3109 4357 3258 4449 reatu
3283 4395 3393 4465 jam
3419 4401 3578 4454 etiam

1996 4479 2200 4535 solutus
2225 4494 2321 4548 per
2345 4479 2748 4550 indulgentiam,
2779 4497 2847 4537 ne
2875 4483 2990 4538 leve
3016 4485 3282 4541 existimet
3302 4503 3422 4544 esse
3439 4494 3580 4560 quod
3602 4475 3609 4560 ί

1996 4568 2140 4636 fecit,
2174 4569 2349 4625 adhuc
2372 4585 2491 4623 cum
2522 4586 2620 4625 suo
2642 4573 2771 4625 vitio
2812 4583 3009 4642 pugnat
3039 4589 3135 4644 per
3169 4567 3606 4646 continentiam."

1997 4661 2346 4716 Absitautem
2370 4668 2428 4712 ut
2451 4660 2615 4714 insint
2642 4661 2749 4714 ulla
2781 4662 2906 4714 vitia
2937 4663 2988 4716 in
3020 4663 3109 4716 illa
3136 4679 3255 4733 quae
3287 4667 3458 4722 futura
3496 4680 3579 4725 est

1997 4766 2126 4820 pace
2147 4750 2526 4820 regnantibus;
2552 4752 2984 4821 quandoquidem
3005 4754 3057 4807 in
3079 4754 3182 4809 isto
3211 4757 3352 4812 bello
3395 4763 3572 4829 quoti-
3602 4759 3604 4762 ’

1996 4841 2082 4897 die
2123 4841 2430 4896 minuuntur
2453 4841 2508 4895 in
2535 4842 2956 4912 proficientibus,
2990 4860 3100 4900 non
3123 4858 3340 4916 peccata
3376 4853 3571 4922 solum,

1997 4935 2090 4992 sed
2135 4936 2262 5006 ipsa:
2297 4950 2507 5006 quoque
2549 4936 3010 5006 concupiscentiae,
3060 4954 3182 4994 cum
3237 4944 3426 5012 quibus
3467 4963 3576 5003 non

1998 5027 2384 5083 consentiendo
2413 5027 2734 5098 conﬂigitur,
2767 5035 2820 5082 et
2839 5029 3030 5096 quibus
3051 5034 3433 5091 consentiendo
3453 5054 3577 5108 pec-

1998 5131 2172 5178 catur.

2071 5213 2161 5267 2i.
2201 5211 2353 5280 Quod
2379 5228 2504 5283 ergo
2525 5227 2648 5267 caro
2668 5215 2992 5283 concupiscit
3021 5216 3277 5274 adversus
3306 5225 3572 5291 Spiritum,

1999 5303 2140 5374 quod
2162 5320 2265 5357 non
2296 5303 2497 5357 habitat
2522 5304 2576 5357 in
2604 5318 2766 5358 carne
2792 5316 2970 5360 nostra
2999 5308 3217 5378 bonum,
3242 5313 3380 5382 quod
3417 5315 3498 5369 lex
3523 5317 3575 5370 in

1999 5395 2256 5450 membris
2286 5396 2480 5449 nostris
2505 5408 2762 5466 repugnat
2796 5398 2896 5468 legi
2944 5403 3155 5468 mentis,
3192 5419 3295 5458 non
3327 5414 3408 5459 est
3438 5406 3573 5462 dua-

2001 5503 2117 5543 rum
2155 5495 2465 5542 naturarum
2501 5503 2565 5543 ex
2614 5491 2896 5546 contrariis
2937 5495 3209 5564 principiis
3248 5496 3384 5551 facta
3425 5513 3574 5554 com-

2065 5688 2081 5716 ί
2108 5685 2255 5735 Editio
2269 5692 2400 5744 ιον..
2415 5687 2464 5735 in
2487 5689 2646 5737 carnis
2664 5689 2906 5741 serviente.
2925 5692 3210 5740 Etnmidatur
3229 5707 3290 5742 ex
3313 5693 3457 5746 editis
3469 5695 3576 5748 aliis

2003 5754 2054 5798 et
2089 5760 2153 5796 ex
2174 5754 2279 5816 Mss.
2314 5762 2519 5820 quorum
2561 5751 2748 5812 plurimi
2780 5761 2949 5814 postea
2985 5754 3160 5812 ferunt,
3203 5753 3350 5805 libido

2004 5821 2214 5873 quamvis
2238 5818 2549 5870 contineatur,
2579 5819 2670 5862 etc.

2961 5899 3269 5977 (Dousa)
