4122 6212
513 416 721 485 mixtio,
748 415 844 473 sed
884 416 1044 473 unius
1059 416 1320 473 adversm
1350 431 1411 473 se
1452 416 1620 486 ipsam
1645 422 1863 487 propter
1894 415 2098 484 peccati

514 510 764 567 meritum
788 507 925 565 facta
947 508 1159 564 divisio.
1182 507 1298 563 Non
1320 507 1397 563 sic
1430 506 1629 562 fuimus
1650 506 1702 560 in
1733 504 1924 572 Adam,
1952 513 2102 562 ante-

511 617 674 673 quam
701 611 887 655 natura
918 615 1016 655 suo
1061 601 1350 671 decepture
1392 598 1576 654 audito
1615 615 1680 656 ac
1709 608 1915 667 secuto,
1946 609 2101 655 suum

511 693 927 762 contempsisset
954 701 1115 764 atque
1157 692 1472 748 oli'endisset
1505 701 1779 747 auctorem
1825 710 1839 746 :
1872 708 1977 746 non
2015 700 2103 748 est

511 787 610 839 ista
663 785 809 855 prior
849 785 956 839 vita
995 786 1161 840 creati
1210 786 1473 850 hominis,
1504 785 1599 840 sed
1638 786 1904 855 posterior
1942 800 2103 856 paula

512 878 768 932 damnati.
807 877 887 932 Ex
922 893 1025 948 qua
1083 878 1427 933 damnatione
1473 893 1569 947 per
1610 877 1793 933 lesum
1827 877 2102 934 Christum

514 969 681 1040 gratia
705 969 940 1036 liberati,
969 984 1091 1024 cum
1122 986 1280 1041 pinna
1317 985 1413 1024 sua
1456 968 1711 1025 dimicant
1738 968 1914 1035 liberi,
1960 978 2100 1024 non-

512 1062 640 1117 dum
662 1062 835 1116 salute
858 1062 1040 1133 plena,
1072 1062 1169 1118 sed
1204 1063 1316 1132 jam
1349 1062 1569 1132 pignore
1613 1061 1802 1116 salutis
1837 1068 2099 1131 accepto:

518 1168 625 1209 non
655 1152 862 1207 liberati
914 1162 1113 1219 autem,
1152 1160 1209 1208 et
1234 1152 1465 1223 peccatis
1491 1152 1511 1185 ί
1530 1152 1607 1207 rei
1635 1160 1781 1219 sunt,
1810 1159 1865 1208 et
1885 1150 2103 1221 suppli-

512 1244 611 1299 ciis
638 1243 909 1312 implicati.
936 1243 1060 1298 Post
1103 1243 1242 1297 hanc
1280 1258 1407 1299 vero
1432 1243 1597 1297 vitam
1641 1258 1747 1297 reis
1783 1242 2021 1297 manebit
2046 1241 2103 1298 in

512 1345 770 1391 :eternum
797 1350 952 1406 poena
983 1350 1083 1406 pro
1109 1338 1300 1405 culpa;
1346 1335 1530 1391 liberis
1559 1349 1667 1391 non
1703 1335 2003 1391 remanebit
2043 1335 2101 1391 tu

511 1437 771 1482 aeternum
804 1442 901 1482 nec
920 1428 1094 1497 culpa,
1126 1443 1223 1482 nec
1261 1441 1420 1498 pcena
1455 1443 1470 1482 :
1498 1426 1593 1482 sed
1626 1426 2017 1501 permanebunt
2044 1425 2101 1481 in

513 1529 772 1581 aeternum
793 1518 1105 1574 substantia:
1124 1518 1278 1573 bonae
1307 1518 1525 1589 spiritus
1551 1527 1605 1573 et
1628 1532 1784 1582 caro;
1806 1530 1940 1586 quas
1961 1516 2105 1572 Deus

511 1612 686 1666 bonus
704 1621 759 1666 et
785 1611 1132 1665 immutabilis
1160 1612 1348 1673 bonas,
1371 1610 1616 1680 quamvis
1645 1608 1952 1674 mutabiles,
1971 1623 2105 1663 con-

520 1703 675 1759 didit.
692 1703 1087 1761 Permanebunt
1109 1714 1286 1757 autem
1304 1703 1357 1757 in
1381 1703 1571 1758 melius
1588 1709 1949 1767 commutatae,
1967 1714 2105 1755 nun-

516 1812 675 1866 quam
701 1795 810 1865 jam
843 1796 895 1849 in
926 1796 1163 1851 deterius
1208 1793 1510 1858 mutandae;
1538 1802 1856 1861 consumpto
1892 1791 2105 1862 penitus

513 1889 662 1944 omni
694 1888 923 1948 ntalo,et
948 1887 1089 1957 quod
1122 1887 1282 1941 homo
1300 1886 1425 1941 liacit
1450 1886 1663 1955 injuste,
1679 1882 1887 1955 etquod
1915 1897 2104 1953 passus

517 1987 601 2035 est
610 1979 977 2047 juste.Quibus
989 1978 1197 2033 duobus
1210 1979 1334 2033 ntali
1347 1976 1633 2047 generibus
1643 1975 1863 2031 omnino
1875 1986 2105 2046 pereun-

515 2069 680 2135 tibus,
708 2080 932 2137 quorum
955 2077 1038 2123 est
1063 2082 1225 2122 unum
1253 2065 1607 2137 pneccdentis
1632 2064 2104 2137 iniquitatis,ch

510 2174 632 2218 rum
667 2158 1046 2230 consequentis
1075 2156 1421 2221 infelicitatis,
1458 2157 1564 2212 erit
1588 2156 1820 2211 hominis
1850 2157 1967 2212 sine
1993 2155 2103 2211 ulla

512 2252 773 2322 pravitate
796 2251 1041 2306 voluntas
1066 2257 1234 2305 recta.
1266 2249 1341 2303 lbi
1371 2247 1621 2303 omnibus
1659 2248 1763 2302 erit
1792 2247 1995 2302 clarum
2014 2255 2102 2301 st-

513 2358 618 2413 que
652 2342 1012 2412 perspicuum,
1041 2340 1183 2410 quod
1209 2355 1349 2393 nunc
1380 2352 1410 2391 a
1439 2338 1686 2393 ﬁdelibus
1722 2339 1903 2393 multis
1931 2336 2107 2394 credi-

514 2444 622 2501 tur,
646 2450 678 2489 a
728 2435 911 2504 paucis
960 2434 1291 2504 intelligitur,
1325 2433 1524 2488 malum
1554 2448 1660 2488 non
1701 2446 1824 2488 esse
1850 2433 2105 2489 substan-

515 2528 678 2594 tiam;
710 2528 802 2582 sed
822 2529 965 2585 sicut
990 2527 1183 2582 vulnus
1217 2527 1269 2581 in
1296 2542 1542 2594 corpore,
1577 2527 1649 2581 ita
1689 2527 1741 2581 in
1762 2526 2060 2582 substantia
2081 2528 2104 2560 ⁸

513 2635 634 2689 quae
659 2636 719 2675 se
750 2621 918 2689 ipsam
950 2620 1176 2683 vitiavit,
1202 2630 1324 2674 esse
1368 2620 1598 2687 cmpisse
1642 2627 1794 2687 peste
1833 2619 2102 2686 inchoata,

520 2719 679 2779 atque
708 2710 780 2764 ibi
818 2724 938 2764 esse
967 2707 1214 2765 desinere
1240 2709 1466 2763 sanitate
1496 2708 1752 2778 perfecta.
1782 2708 1939 2764 Omni
1976 2724 2107 2780 ergo

517 2800 657 2854 malo
681 2809 870 2853 exorto
898 2815 929 2853 a
956 2799 1130 2863 nobis,
1157 2808 1208 2852 et
1239 2799 1444 2867 perdito
1479 2800 1532 2853 in
1564 2799 1739 2864 nobis,
1774 2800 1917 2855 bono
1942 2802 2103 2857 etiam

520 2898 707 2943 nostro
740 2901 906 2959 usque
932 2888 997 2942 ad
1018 2889 1226 2944 culmen
1255 2888 1578 2944 felicissima:
1617 2890 2028 2960 incorruptionis
2051 2902 2108 2949 et

515 2980 930 3034 immortalitatis
946 2989 1103 3035 aucto
1120 2989 1275 3051 atque
1292 2978 1547 3049 perfecto,
1570 2981 1742 3050 qualis
1760 2981 1862 3036 erit
1880 2992 2107 3053 utraque

516 3078 699 3125 nostra
728 3070 1025 3125 substantia
1052 3072 1074 3124 ?
1116 3071 1559 3141 Quandoquidem
1595 3087 1738 3126 nunc
1777 3072 1830 3126 in
1861 3074 1958 3128 ista
1985 3089 2109 3130 cor-

516 3163 764 3232 ruptione
789 3171 842 3217 et
888 3160 1234 3224 mortalitate,
1269 3177 1389 3216 cum
1421 3160 1596 3216 adhuc
1634 3176 1817 3233 corpus
1847 3165 2105 3234 corrupti-

517 3254 613 3310 bile
638 3263 881 3326 aggravat
908 3255 1130 3308 animum
1161 3252 1317 3325 (Sap.
1351 3269 1433 3321 ιι,
1476 3254 1589 3324 lii),
1619 3264 1673 3309 et
1705 3255 1846 3324 quod
1869 3255 2106 3325 Aposto-

515 3346 599 3401 lus
618 3346 765 3410 dicit‘,
794 3360 978 3414 corpus
1019 3354 1274 3398 mortuum
1304 3352 1374 3397 est
1407 3354 1613 3413 propter
1640 3354 1897 3412 peccatum
1924 3345 2103 3413 (Rom.

516 3452 630 3500 vut,
658 3434 772 3508 10),
801 3436 907 3489 tale
939 3442 1119 3489 tamen
1147 3432 1513 3487 testimonium
1544 3433 1790 3501 perhibet
1820 3434 1960 3488 idem
1989 3434 2106 3505 ipse

516 3526 664 3582 carni
694 3534 912 3589 nostrae,
956 3524 1011 3580 id
1048 3534 1131 3579 est
1163 3523 1297 3593 parti
1328 3533 1523 3578 nosme
1573 3523 1769 3578 intima:
1797 3533 1957 3595 atque
1998 3535 2106 3581 ter-

514 3632 679 3680 rente,
702 3627 762 3672 ut
788 3617 932 3672 dicat
957 3616 1098 3687 quod
1124 3615 1280 3685 paulo
1306 3624 1431 3670 ante
1456 3616 1900 3682 commemoravi,
1940 3616 2105 3673 Nemo

516 3724 739 3778 unquam
757 3724 963 3762 carnem
1002 3724 1148 3761 suam
1175 3706 1293 3762 odio
1323 3704 1493 3760 habuit
1510 3721 1532 3772 ί
1565 3707 1851 3779 statimque
1881 3707 2105 3778 subjun-

514 3810 625 3871 gat,
669 3799 760 3854 sed
785 3801 941 3855 nutrit
984 3815 1095 3854 eam
1121 3809 1167 3853 et
1194 3798 1358 3868 fovet,
1397 3798 1526 3852 sicut
1569 3807 1614 3853 et
1658 3796 1886 3854 Christus
1915 3799 2094 3856 Eccle-

513 3895 643 3949 siam
660 3894 686 3948 ?

586 3986 811 4041 CAPUT
849 3984 944 4041 IX.
973 4015 1043 4025 ——
1066 3984 1155 4040 22.
1180 3984 1395 4040 Carnem
1422 3993 1604 4038 natura
1625 3998 1727 4038 non
1753 3999 1860 4039 esse
1887 3985 2097 4053 malum,

516 4096 629 4132 cum
674 4081 782 4147 ejus
813 4079 1041 4147 etcentplo
1071 4078 1355 4147 diligendus
1398 4092 1584 4133 uxores
1613 4077 1840 4131 hortetur
1881 4077 2101 4147 Aposto-

520 4170 620 4222 lus.
654 4167 774 4220 Tres
817 4166 1014 4234 copulae
1056 4167 1324 4220 insinuatis
1361 4168 1424 4219 ab
1452 4167 1712 4235 Apostolo,
1743 4180 1915 4221 omnes
1939 4167 2102 4233 bona,

515 4274 729 4327 quarum
751 4256 895 4308 tertia
915 4265 984 4308 est
1011 4257 1177 4308 carnis
1224 4266 1268 4309 et
1289 4257 1515 4322 spiritus;
1544 4256 1753 4311 Mulieri
1784 4260 2105 4330 subiectionis

522 4346 808 4417 exemplum
845 4362 878 4397 a
921 4359 1073 4399 carne
1113 4362 1205 4398 cur
1247 4361 1348 4398 non
1375 4346 1569 4399 datum.
1604 4345 1722 4412 Quo
1769 4350 1949 4419 igitur,
1992 4364 2100 4406 non

519 4437 661 4501 dico,
710 4450 914 4501 errore,
944 4435 1036 4489 sed
1083 4450 1305 4505 prorsus
1333 4434 1511 4490 furore
1531 4474 1545 4497 .
1581 4436 1857 4493 Manicbaei
1886 4454 2104 4497 carnem

519 4539 755 4585 nostram
781 4528 963 4582 nescio
988 4529 1078 4583 cui
1106 4526 1362 4583 fabulosa:
1387 4527 1534 4597 genti
1581 4527 1823 4583 tribuunt
1854 4530 2104 4588 tenebra-

514 4637 656 4687 rum,
682 4635 840 4689 quam
873 4618 1056 4673 volunt
1081 4634 1227 4673 suam
1258 4618 1373 4675 sine
1404 4618 1513 4672 ullo
1549 4617 1701 4673 initio
1730 4620 1923 4676 malam
1960 4636 2104 4677 sem-

517 4729 611 4783 per
642 4713 891 4768 habuisse
921 4722 1162 4768 naturam
1195 4730 1206 4766 :
1245 4726 1365 4767 cum
1396 4728 1555 4767 verax
1580 4712 1770 4769 doctor
1794 4715 1940 4770 viros
1976 4715 2100 4773 dili-

514 4820 636 4874 gere
665 4820 859 4860 uxores
884 4819 1009 4860 suas
1050 4803 1298 4873 exemplo
1321 4819 1433 4858 sua:
1458 4804 1641 4859 carnis
1676 4806 1942 4875 hortetur,
1965 4819 2101 4879 quos

513 4900 579 4951 ad
629 4898 729 4952 hoc
774 4899 943 4967 ipsum
967 4896 1163 4951 Christi
1208 4910 1419 4967 quoque
1460 4904 1517 4952 et
1554 4895 1813 4952 Ecclesiae
1856 4898 2100 4956 hortatur

510 4987 796 5056 exentplo?
856 4987 1020 5041 Totus
1064 4986 1294 5057 denique
1334 4988 1448 5057 ipse
1490 4989 1797 5057 apostolicae
1840 4990 2097 5060 Epistolas

511 5079 680 5143 locus,
713 5079 864 5133 valde
916 5080 981 5133 ad
1031 5096 1143 5134 rem
1200 5080 1492 5148 pertinens,
1543 5082 1908 5138 recordandus
1949 5093 2032 5141 est
2079 5105 2093 5141 :

521 5168 646 5229 Viri,
694 5170 883 5241 inquit,
931 5170 1127 5243 diligite
1166 5187 1349 5226 uxores
1376 5181 1588 5239 uestras,
1626 5173 1755 5227 sicut
1788 5183 1838 5228 et
1864 5173 2097 5232 Christus

513 5258 685 5313 illexit
709 5256 1010 5327 Ecclesium,
1044 5271 1092 5314 et
1128 5277 1181 5315 se
1209 5262 1377 5330 ipsum
1402 5262 1612 5317 tradidit
1649 5279 1742 5333 pro
1767 5281 1847 5332 ea,
1890 5275 1946 5320 ut
1978 5284 2095 5323 eam

505 5350 864 5420 sanctiﬁcaret,
896 5351 1150 5404 mundana
1176 5352 1378 5406 lavacro
1412 5369 1558 5423 aqua
1587 5355 1641 5407 in
1681 5355 1866 5423 uerbo;
1915 5368 1973 5412 ut
2005 5374 2096 5414 ec-

509 5440 693 5495 Iu'beret
735 5437 832 5495 sibi
885 5440 993 5510 ipse
1033 5441 1309 5511 gloriosam
1356 5441 1668 5511 Ecclesium,
1700 5462 1803 5501 non
1830 5446 2094 5505 habentem

514 5532 789 5595 maculam,
833 5539 921 5584 aut
966 5546 1168 5601 rugam,
1211 5541 1299 5583 aut
1345 5531 1540 5602 aliquid
1567 5535 2011 5602 huiusmodi;sed
2038 5547 2094 5593 ut

566 5647 583 5677 ι
608 5645 916 5718 Mi‘ebaelinus
935 5654 1038 5705 Ms.,
1070 5647 1270 5718 peccati.
1292 5647 1527 5718 Fuliensis
1550 5657 1602 5701 et
1638 5651 1718 5702 alii
1761 5653 1974 5718 quidam,
1994 5664 2092 5705 non

502 5702 690 5772 liberati
703 5714 861 5772 autem
877 5723 908 5758 a
926 5702 1153 5772 peccatis,
1174 5708 1246 5759 rei
1258 5715 1386 5772 sum.

571 5767 592 5799 ³
615 5769 687 5819 sic
707 5770 889 5833 aliquot
1038 5778 1095 5823 At
1118 5767 1252 5835 editi,
1278 5770 1349 5823 ita
1370 5771 1697 5826 substantiam.

1670 298 1762 355 DE
1796 289 2280 361 ΟΟΝῊΝΕΝἫᾹ,
2318 297 2376 354 S.
2418 300 2789 361 AUGUSTINI

2213 414 2283 470 sit
2304 425 2481 471 sancta
2503 422 2555 473 et
2578 418 2923 476 inmutata.
2952 421 3060 491 ιω,
3087 422 3279 498 inquit,
3303 433 3358 483 et
3378 427 3475 483 siti
3500 428 3682 487 debent
3708 434 3799 489 di-

2214 507 2370 580 ligere
2389 527 2576 567 uxores
2602 530 2744 581 suas,
2770 516 2897 570 sicut
2938 533 3154 588 carpam
3181 535 3294 573 sua.
3325 519 3426 587 Qui
3469 522 3640 595 diligit
3669 532 3803 582 ua-

2212 610 2319 654 rem
2340 617 2509 671 suam,
2540 620 2595 659 se
2613 605 2782 675 ipsum
2805 607 2969 677 diligit
2999 607 3218 676 (Ephes.
3261 626 3318 679 v,
3345 612 3418 668 25
3436 612 3563 685 29).
3594 616 3803 685 Deinde

2214 691 2509 761 subiunxit,
2537 696 2679 764 quod
2711 695 2824 765 jam
2851 702 3393 757 commemoravimus
3422 720 3436 756 :
3470 703 3635 760 Nemo
3666 709 3802 763 enim

2210 790 2437 853 unquam
2460 792 2663 840 carnem
2697 798 2843 842 suam
2894 790 3013 843 odio
3039 789 3234 857 habuit,
3275 793 3365 848 sed
3408 797 3567 850 nutrit
3591 807 3637 851 et
3674 803 3804 868 fouet

2213 884 2344 941 eam,
2368 878 2497 931 sicut
2514 887 2565 933 et
2588 876 2820 934 Christus
2847 880 3144 938 Ecclesium.
3167 884 3308 953 Quid
3324 887 3391 941 ad
3412 886 3529 942 huic
3554 870 3808 944 dicitim-

2214 968 2582 1025 mundissimae
2608 971 2897 1042 impietatis
2925 974 3136 1031 insania
3152 975 3178 1029 ⁸1
3195 978 3334 1044 Quid
3362 979 3429 1034 ad
3450 978 3566 1035 haec
3599 981 3800 1049 dicitis,

2213 1062 2529 1118 Manicbtei?
2585 1065 2677 1135 qui
2723 1066 2878 1122 nobis
2925 1068 3073 1124 velut
3118 1076 3187 1125 ex
3230 1073 3541 1141 apostolicis
3583 1073 3803 1131 Litteris

2212 1153 2347 1210 duas
2370 1156 2488 1211 sine
2529 1155 2683 1211 initio
2729 1164 2972 1225 naturas,
3004 1176 3167 1217 unam
3196 1163 3345 1229 boni,
3378 1164 3603 1220 alteram
3649 1167 3800 1232 ntali,

2211 1246 2480 1300 conamini
2512 1246 2805 1315 inducere;
2845 1258 2902 1305 et
2928 1253 3252 1322 apostolicae
3276 1254 3532 1321 Litteras,
3559 1273 3679 1326 quae
3706 1272 3804 1313 vos

2210 1336 2281 1392 ab
2328 1337 2427 1392 ista
2471 1338 2732 1410 sacrilega
2779 1344 3133 1410 perversitate
3170 1346 3463 1416 cut-rigant,
3496 1356 3603 1403 nan
3641 1348 3803 1405 vultis

2210 1427 2419 1483 audire.
2448 1428 2598 1484 Sicut
2623 1428 2822 1498 legitis,
2855 1431 2989 1487 Caro
3012 1437 3321 1501 concupiscit
3349 1436 3594 1491 adversus
3644 1439 3802 1508 apii-ie

2212 1530 2321 1575 tum
2346 1519 2542 1595 (Galae.
2564 1538 2619 1588 vs
2647 1523 2777 1593 l7);
2813 1534 2888 1588 et,
2922 1523 3045 1580 Non
3074 1526 3266 1581 habitat
3307 1528 3363 1582 in
3390 1539 3547 1584 carne
3570 1546 3681 1584 mea
3706 1530 3802 1585 bo-

2212 1629 2336 1668 num
2354 1629 2375 1669 :
2402 1614 2474 1668 ita
2500 1613 2680 1685 legite,
2716 1614 2883 1670 Nemo
2902 1630 3129 1686 unquam
3167 1635 3371 1674 carnem
3398 1634 3543 1674 suam
3571 1624 3689 1677 odio
3716 1624 3805 1679 lte-

2211 1703 2337 1769 bsit,
2359 1704 2447 1757 sed
2474 1704 2632 1759 nutrit
2680 1713 2725 1759 et
2749 1707 2885 1777 fouet
2906 1722 3039 1770 eam,
3090 1709 3223 1761 sicut
3269 1719 3315 1763 et
3361 1709 3593 1766 Christus
3622 1711 3805 1767 Eccle-

2207 1796 2360 1851 sium.
2386 1796 2534 1853 Sicut
2548 1796 2747 1867 legitis,
2789 1796 2945 1853 Video
2968 1800 3125 1853 etiam
3150 1801 3311 1871 legem
3331 1803 3385 1856 in
3415 1803 3651 1858 membris
3678 1807 3804 1861 meis

2209 1896 2572 1958 repugnantem
2600 1887 2699 1959 legi
2723 1890 2903 1943 mentis
2931 1906 3057 1945 metu
3096 1891 3277 1959 (Rom.
3318 1909 3411 1956 vn,
3443 1894 3530 1957 i8,
3552 1894 3645 1968 23)
3684 1914 3697 1950 :
3728 1896 3805 1952 ita

2210 1979 2393 2051 legite,
2418 1978 2563 2037 Sicut
2585 1978 2818 2039 Christus
2845 1979 3024 2036 dilexit
3062 1982 3362 2052 Ecclesium,
3387 1988 3461 2041 ita
3488 1996 3536 2043 et
3584 1990 3681 2044 uiri
3714 1990 3807 2046 de-

2210 2071 2327 2128 bent
2352 2072 2768 2144 diligerem
2786 2091 2933 2139 suos,
2972 2077 3102 2131 sicin
3144 2095 3239 2132 sua
3264 2095 3503 2151 corpora.
3532 2080 3710 2139 Nolite
3745 2084 3803 2140 in

2211 2163 2316 2220 illis
2356 2172 2556 2219 sancta:
2582 2163 2877 2235 Scriptum
2917 2168 3239 2225 testimoniis
3280 2186 3407 2228 esse
3449 2172 3713 2242 insidiosi,
3745 2176 3802 2232 in

2212 2255 2301 2310 his
2327 2255 2505 2321 surdi;
2537 2263 2595 2313 et
2615 2257 2771 2312 eritis
2795 2258 2849 2313 in
2880 2260 3119 2330 utrisque
3145 2263 3396 2319 correcti.
3429 2263 3556 2321 Haec
3585 2267 3730 2322 enim
3754 2268 3804 2324 si

2211 2347 2485 2417 accipiatis
2508 2356 2569 2402 ut
2589 2348 2808 2420 dignum
2830 2358 2935 2418 est,
2966 2351 3293 2408 counbimini
3314 2364 3371 2410 et
3394 2354 3485 2411 illa
3504 2356 3805 2429 intelligam

2214 2447 2273 2492 ιιι
2304 2453 2491 2495 verum
2510 2448 2614 2496 est.

2284 2529 2373 2584 25.
2415 2530 2550 2587 Tres
2588 2531 2845 2602 quasdam
2883 2533 3103 2603 copulas
3146 2535 3300 2590 nobis
3339 2536 3627 2593 insinuavit
3656 2538 3803 2610 Apo-
3861 2537 3869 2543 ’

2212 2620 2404 2686 stolas,
2433 2620 2706 2678 Christum
2734 2633 2788 2679 et
2812 2623 3131 2692 Ecclesiam,
3159 2629 3332 2684 virum
3354 2638 3409 2685 et
3428 2642 3672 2699 uxorem,
3697 2633 3801 2703 spi-

2210 2712 2375 2768 ritum
2402 2722 2456 2769 ct
2483 2725 2722 2770 carnem,
2745 2716 2945 2772 Horum
2977 2720 3154 2787 priora
3185 2722 3572 2790 posterioribus
3599 2739 3802 2783 consu-

2213 2802 2350 2872 lunt,
2403 2806 2699 2877 posteriora
2729 2808 2997 2876 prioribus
3042 2811 3391 2869 famulantur.
3423 2815 3614 2870 Omnia
3659 2815 3802 2875 bona

2210 2905 2359 2965 sunt,
2384 2904 2508 2955 eum
2546 2900 2600 2955 in
2625 2901 2708 2957 eis
2733 2901 2977 2972 quaedam
3004 2904 3208 2960 Ordinis
3235 2905 3683 2976 pulchritudinem
3704 2924 3803 2966 ex-

2210 2991 2470 3048 cellenter
2506 2994 2815 3064 praeposita,
2855 2996 3099 3067 quaedam
3139 2997 3397 3056 decenter
3430 3000 3673 3071 subiecta
3701 3017 3803 3060 cu-

2211 3080 2471 3138 stodiunt.
2512 3082 2688 3139 Viret
2713 3099 2865 3150 uxor,
2914 3087 3099 3156 quales
3147 3102 3333 3145 secum
3385 3104 3506 3147 esse
3548 3091 3800 3163 debeam,

2212 3182 2539 3244 praeceptum
2558 3177 2826 3247 accipiunt
2866 3187 2922 3234 et
2949 3181 3278 3250 exemplum.
3305 3183 3639 3254 Prmenptum
3662 3194 3751 3242 est
3782 3205 3800 3244 :

2214 3264 2455 3321 Mulieres
2498 3266 2621 3322 viris
2663 3270 2769 3324 suis
2806 3268 3023 3326 subdita
3062 3271 3182 3338 sint,
3228 3273 3358 3328 sicut
3398 3274 3657 3341 Domino;
3679 3278 3804 3350 quia

2211 3358 2289 3412 uir
2307 3368 2460 3429 caput
2480 3361 2708 3418 mulieris
2730 3372 2801 3417 est
2822 3378 2842 3427 ;
2865 3373 2939 3429 et,
2986 3361 3116 3430 Viri,
3142 3365 3341 3436 diligite
3373 3380 3560 3424 statores
3585 3380 3797 3428 ucstra.

2212 3448 2530 3521 Exemplum
2556 3462 2736 3529 autem
2762 3454 2921 3511 datur
2945 3457 3262 3515 mulieribus
3289 3459 3357 3515 de
3376 3460 3641 3532 Ecclesia,
3668 3465 3801 3522 viris

2210 3540 2280 3596 de
2307 3539 2523 3598 Christo
2551 3561 2567 3599 :
2591 3543 3011 3616 SicutEaclesia,
3040 3549 3230 3620 inquit,
3256 3550 3461 3608 subdita
3484 3563 3557 3610 est
3577 3555 3797 3626 Christo,

2211 3633 2286 3686 ita
2308 3641 2359 3688 et
2381 3635 2614 3689 mulieres
2643 3636 2763 3691 uiris
2790 3639 2898 3694 suis
2940 3640 2995 3695 in
3020 3642 3271 3699 omnibus.
3312 3644 3570 3703 Similiter
3623 3657 3678 3704 et
3716 3649 3800 3706 Vi-

2211 3725 2288 3781 ris
2333 3725 2458 3783 dato
2510 3734 2801 3799 pius-cepto,
2842 3740 2902 3787 ut
2946 3748 3141 3790 uxores
3212 3751 3339 3793 suas
3387 3739 3653 3812 diligant,
3698 3742 3801 3799 ad-

2204 3814 2339 3885 jecit
2377 3820 2678 3891 exemplum
2698 3850 2717 3887 ,
2773 3821 2919 3878 Sicut
2987 3823 3219 3881 Christus
3262 3828 3441 3885 dilecit
3496 3831 3797 3890 Ecclesium.

2208 3909 2320 3967 Sed
2363 3912 2507 3968 viros
2570 3922 2626 3969 et
2684 3930 2713 3969 a
2772 3930 2833 3969 re
2882 3915 3138 3974 inferiore
3194 3920 3509 3981 adhortatus
3569 3934 3690 3993 est,
3742 3926 3801 3983 id

2211 4012 2315 4066 est,
2342 4017 2372 4056 a
2409 4016 2636 4074 corpore
2666 4020 2801 4071 suo;
2831 4022 2937 4063 non
2972 4017 3181 4065 tantum
3210 4022 3239 4066 a
3270 4015 3570 4084 superiore,
3599 4016 3652 4071 id
3688 4025 3796 4087 est,

2211 4102 2243 4148 s
2268 4093 2495 4150 Domino
2541 4110 2659 4152 suo.
2704 4096 2821 4153 Non
2857 4098 3003 4155 enim
3042 4102 3219 4158 solum
3271 4106 3366 4173 ait,
3406 4105 3553 4173 Viri,
3602 4110 3801 4182 diligite

2210 4200 2395 4240 mres
2417 4196 2623 4263 uestras,
2652 4189 2779 4243 sicut
2797 4200 2847 4245 et
2864 4187 3098 4248 Christus
3119 4193 3295 4250 dilexit
3325 4196 3627 4264 Ecclesium,
3652 4203 3798 4271 quod

2208 4285 2293 4331 est
2324 4291 2354 4330 a
2378 4279 2692 4347 superiore;
2723 4293 2908 4337 verum
2948 4284 3111 4340 etiam
3140 4286 3296 4348 dixit.
3330 4287 3437 4343 Viri
3475 4291 3651 4345 debeat
3674 4293 3799 4349 dili-

2206 4378 2658 4458 gmittsoressuas
2677 4374 2805 4429 sicut
2831 4392 3047 4446 corpora
3072 4395 3167 4433 sua
3210 4378 3425 4452 (Ephes.
3470 4397 3522 4447 v,
3570 4383 3793 4458 22-28),

2206 4457 2353 4527 quod
2376 4467 2460 4514 est
2487 4460 2555 4515 ab
2578 4461 2834 4521 infcriorc
2862 4483 2878 4521 ε
2907 4470 3030 4535 quis
3059 4480 3115 4524 et
3150 4471 3428 4539 superiora
3452 4484 3509 4528 et
3535 4457 3795 4537 inferiora

2207 4547 2346 4605 bona
2384 4559 2510 4608 sunt
2535 4554 2734 4609 omnia,
2780 4556 2889 4614 Nec
2936 4569 3114 4614 tamen
3160 4561 3354 4616 mulier
3380 4578 3412 4616 a
3439 4574 3667 4636 corpore
3704 4572 3794 4628 vel

2205 4654 2369 4698 carne
2413 4646 2619 4715 accepit
2657 4648 2981 4718 exemplum,
3024 4658 3082 4705 ut
3121 4652 3194 4706 ita
3237 4663 3383 4710 esset
3410 4658 3621 4716 subdita
3651 4663 3788 4733 viro,

2206 4735 2344 4791 sicut
2377 4737 2585 4809 spiritui
2614 4755 2740 4797 caro
2773 4759 2787 4796 :
2818 4742 2914 4798 sed
2940 4753 3034 4799 aut
3069 4758 3463 4817 consequenter
3503 4752 3793 4823 Apostolus

2205 4826 2426 4899 intelligi
2464 4830 2651 4898 voluit,
2685 4831 2829 4902 quod
2873 4832 3057 4892 dicere
3102 4842 3478 4908 praetermisit;
3527 4854 3618 4901 aut
3655 4846 3793 4905 forte

2201 4920 2328 4991 quia
2352 4935 2478 4977 caro
2507 4924 2837 4995 concupiscit
2854 4926 3111 4987 adversus
3138 4932 3382 5002 spiritum
3410 4936 3464 4991 in
3491 4937 3648 5008 huius
3668 4940 3792 4997 vitae

2204 5013 2528 5072 mortalitate
2554 5025 2717 5087 atque
2736 5018 3013 5089 languore,
3043 5021 3248 5080 ideodc
3268 5025 3357 5081 illa
3388 5028 3557 5083 noluit
3578 5032 3789 5086 mulieri

2201 5105 2504 5176 exemplum
2546 5108 2907 5179 subiectionis
2951 5112 3229 5171 adbibere.
3262 5115 3401 5171 Viris
3438 5129 3617 5174 autem
3668 5122 3790 5177 ideo

2202 5195 2388 5264 voluit,
2407 5199 2530 5268 quia
2558 5200 2660 5255 etsi
2674 5204 3008 5273 concupiscit
3025 5205 3247 5275 spiritus
3269 5207 3526 5265 adversus
3546 5228 3786 5283 carnem,

2199 5288 2360 5343 etiam
2389 5289 2442 5343 in
2470 5289 2569 5345 hoc
2598 5290 2717 5361 ipso
2744 5294 2976 5348 consulit
3003 5295 3148 5349 carni
3182 5313 3195 5348 :
3226 5312 3329 5352 non
3361 5300 3640 5358 sicutcaro
3659 5319 3793 5361 con-

2199 5381 2479 5451 cupiscens
2534 5382 2793 5441 adversus
2835 5385 3111 5454 spiritum,
3160 5403 3258 5444 nec
3300 5391 3509 5459 spiritui
3556 5399 3790 5454 consulit

2200 5470 2290 5526 tali
2314 5474 2759 5543 repugnatione‘,
2814 5489 2912 5529 nec
2951 5475 3075 5530 sibi.
3116 5476 3234 5533 Non
3268 5487 3443 5538 tamen
3470 5484 3521 5538 ei
3569 5486 3790 5555 spiritus

2196 5563 2391 5630 bonus,
2419 5565 2535 5621 sive
2553 5565 2671 5635 eius
2699 5576 2940 5620 naturam
2973 5582 3071 5636 per
3086 5570 3475 5638 providentiam
3503 5577 3789 5637 nutriendo

2195 5668 2260 5709 ac
2311 5654 2571 5724 fovendo,
2609 5656 2722 5711 sive
2763 5655 2879 5727 ejus
2905 5658 3049 5713 vitiis
3080 5673 3177 5729 per
3226 5664 3609 5723 continentiam
3650 5670 3788 5725 resi-

2261 5760 3249 5851 immndtttvcroualisrcpuanatio.
