4122 6212
525 259 628 316 56⁸1

528 374 589 430 Si
612 373 914 440 dixerimus,
944 371 1149 442 inquit,
1179 369 1299 439 quia
1323 375 1586 441 peccatum
1612 383 1714 421 non
1738 367 1997 431 habemus,
2022 382 2115 420 nos

475 504 478 515 .
524 469 662 538 ipsos
681 466 991 535 decipimus,
1020 473 1067 517 et
1099 463 1281 518 veritas
1305 463 1360 516 in
1394 462 1539 517 nobis
1569 478 1671 515 non
1698 470 1771 517 est
1802 458 1856 531 (Ι
1882 460 2041 514 .loan.
2065 476 2112 525 ι,

525 558 600 631 8).
638 559 691 612 ln
724 556 866 611 omni
893 563 1071 610 autem
1102 561 1345 624 peccato,
1374 554 1495 622 plus
1524 553 1576 606 in
1607 551 1831 622 majore,
1863 551 2041 607 minus
2062 551 2116 605 in

525 653 765 715 minore,
799 659 974 703 tamen
1004 656 1191 703 contra
1218 646 1483 717 justitiam
1507 644 1925 717 concupiscitur.
1955 643 2025 699 Et
2046 642 2117 700 de

523 742 736 797 Christo
776 740 1033 810 scriptum
1064 746 1148 794 est
1173 755 1185 790 :
1217 737 1315 805 Qui
1346 741 1511 808 factus
1539 746 1610 791 est
1639 736 1782 790 nobis
1811 734 2061 805 sapientia
2083 751 2118 789 a

522 832 650 896 Deo,
679 841 723 885 et
742 831 943 902 justilia
964 873 977 896 ,
1006 838 1052 884 et
1076 830 1433 899 sanctiﬁcatio,
1457 838 1505 882 et
1532 828 1811 898 redemptio
1839 826 1891 899 (Ι
1920 825 2040 882 Cor.
2064 843 2113 895 1,

521 926 633 995 50).
664 923 720 978 ln
747 924 893 977 omni
921 922 1079 993 igitur
1108 929 1331 992 peccato
1360 928 1547 976 contra
1574 919 1849 975 Christum
1872 918 1989 974 sine
2014 918 2116 974 du-

521 1017 611 1072 bio
648 1016 1043 1085 concupiscitur
1085 1034 1098 1068 :
1136 1014 1232 1069 sed
1270 1014 1359 1084 qui
1399 1021 1555 1067 sanat
1596 1026 1785 1068 omnes
1831 1012 2115 1083 languores

522 1116 736 1164 nostros
768 1104 941 1178 (Psal.
977 1121 1073 1172 cu,
1106 1104 1198 1178 5),
1233 1119 1354 1159 cum
1383 1103 1694 1175 perduxerit
1721 1103 2023 1159 Ecclesiam
2045 1102 2115 1158 ad

522 1203 839 1273 promissam
873 1201 1143 1271 languoris
1166 1200 1482 1266 sanitatem,
1524 1206 1650 1253 tunc
1680 1198 1736 1252 in
1761 1198 1907 1253 nullo
1943 1212 2116 1253 mem-

519 1295 739 1349 brorum
767 1293 880 1363 ejus
907 1292 1197 1364 quamlibet
1232 1292 1450 1348 minima
1490 1293 1597 1348 erit
1637 1292 1743 1347 ulla
1780 1292 1989 1346 macula
2022 1299 2115 1345 aut

520 1401 670 1456 ruga.
712 1385 863 1440 Tunc
897 1384 1045 1439 nullo
1081 1384 1243 1439 modo
1269 1399 1394 1439 caro
1420 1384 1678 1440 adversus
1702 1384 1949 1454 spiritum
1977 1399 2112 1438 con-

521 1477 794 1547 cupiscet;
818 1483 872 1531 et
892 1474 1012 1529 ideo
1034 1474 1180 1529 nulla
1201 1475 1302 1530 crit
1321 1490 1481 1531 causa
1500 1490 1596 1530 cur
1616 1474 1872 1530 adversus
1892 1489 2112 1530 carnem

521 1571 683 1626 etiam
706 1568 924 1639 spiritus
945 1569 1307 1639 concupiscat.
1332 1567 1481 1622 Tunc
1501 1567 1661 1622 ﬁnem
1684 1566 1912 1637 accipiet
1936 1566 2112 1621 omnis

520 1662 639 1718 lucc
667 1678 840 1733 pugna
864 1704 876 1725 ,
912 1670 1037 1715 tunc
1074 1661 1352 1715 ambarum
1386 1661 1802 1717 substantiarum
1829 1660 1935 1715 erit
1961 1672 2112 1713 sum-

519 1770 610 1810 ma
629 1752 914 1809 concordia
940 1770 953 1807 :
979 1762 1103 1806 tunc
1128 1768 1294 1822 usque
1320 1752 1455 1807 adeo
1486 1751 1556 1806 ibi
1587 1751 1763 1805 nullus
1785 1751 1887 1806 erit
1916 1764 2112 1804 carna-

519 1846 610 1913 lis,
641 1857 698 1901 ut
723 1846 883 1901 etiam
906 1859 1031 1899 caro
1053 1845 1165 1914 ipsa
1194 1844 1262 1897 sit
1290 1844 1599 1913 spiritualis.
1631 1843 1782 1911 Quod
1810 1857 1939 1913 ergo
1969 1855 2112 1897 nunc

519 1940 632 2011 agit
660 1953 780 1993 cum
821 1952 984 1992 carne
1012 1951 1106 1990 sua
1142 1935 1367 2005 quisque
1404 1935 1697 1989 secundum
1728 1934 1998 1989 Christum
2028 1932 2111 1987 vi-

519 2045 686 2095 vens,
717 2043 839 2083 cum
869 2035 923 2082 et
949 2026 1277 2096 concupiscit
1310 2026 1569 2082 adversus
1604 2026 1721 2095 ejus
1749 2026 1943 2082 malam
1977 2040 2105 2080 con-

518 2119 927 2193 cupiscentiam,
953 2134 1114 2191 quam
1137 2119 1152 2149 ¹
1176 2118 1468 2173 sanandam
1495 2118 1764 2185 continet,
1792 2133 1951 2188 quam
1977 2132 2114 2173 non-

518 2214 647 2269 dum
692 2221 932 2269 sanatam
983 2219 1164 2277 tenet;
1211 2220 1266 2266 et
1314 2219 1490 2267 tamen
1538 2210 1655 2280 ejus
1700 2210 1893 2265 bonam
1945 2210 2114 2264 nutrit

517 2316 763 2362 naturam
806 2306 1051 2375 fovetque
1078 2345 1093 2371 ,
1143 2305 1397 2376 quoniam
1446 2320 1591 2358 nemo
1642 2319 1866 2373 unquam
1906 2319 2112 2356 carnem

517 2418 667 2457 suam
692 2400 809 2455 odio
840 2399 1016 2454 habuit
1043 2397 1263 2470 (Ephes.
1291 2413 1346 2464 ν,
1375 2395 1468 2470 29)
1498 2416 1511 2451 :
1535 2398 1636 2452 hoc
1659 2398 1818 2452 etiam
1850 2396 1961 2469 agit
1988 2411 2111 2451 cum

516 2496 758 2553 Ecclesia
787 2494 1053 2559 Christus,
1086 2501 1341 2564 quantum
1363 2490 1443 2546 fas
1463 2500 1547 2546 est
1570 2505 1885 2560 comparare
1903 2490 2113 2545 minora

515 2590 829 2661 majoribus.
867 2587 1001 2642 Nam
1040 2595 1095 2642 et
1129 2584 1555 2654 correptionibus
1584 2599 1704 2639 eam
1742 2582 2015 2652 reprimit,
2043 2596 2113 2637 ne

517 2681 838 2750 impunitate
860 2678 1044 2733 inﬂata
1064 2677 1362 2742 dissiliat’;
1387 2683 1441 2731 ει
1458 2674 1913 2731 consolationibus
1933 2674 2107 2745 erigit,

519 2789 592 2830 ne
620 2779 837 2843 gravata
863 2770 1172 2825 inﬁrmitate
1192 2768 1523 2823 succumbat.
1551 2767 1688 2821 Hinc
1709 2775 1793 2823 est
1821 2767 1948 2821 illud
1967 2767 2113 2837 Apo-

516 2865 644 2921 stoli
682 2883 695 2919 :
720 2862 781 2919 Si
814 2863 949 2917 enim
975 2878 1066 2915 nos
1094 2862 1231 2932 ipsos
1260 2859 1657 2931 dijudicaremus
1676 2899 1690 2925 ,
1721 2874 1822 2912 non
1849 2857 2113 2928 judicare-

517 2972 634 3010 mur
656 2971 675 3010 :
698 2970 813 3008 cum
832 2952 1137 3022 judicamur
1164 2960 1351 3018 autem,
1383 2967 1416 3004 a
1446 2949 1664 3004 Domino
1694 2949 2020 3018 corripimur,
2052 2965 2113 3002 ne

517 3066 632 3104 cum
651 3048 745 3102 hoc
764 3047 950 3101 mundo
962 3045 1259 3099 damnemur
1281 3043 1333 3114 (l
1355 3041 1471 3098 Cor.
1502 3058 1575 3109 χι,
1598 3043 1661 3097 51
1683 3050 1729 3095 et
1750 3039 1863 3109 52).
1890 3042 1958 3095 Ει
1982 3040 2111 3096 illud

518 3142 574 3198 in
600 3141 817 3197 Psalmo
846 3158 858 3193 ;
893 3136 1190 3194 Secundum
1226 3135 1599 3190 multitudinem
1626 3134 1859 3189 dolorum
1886 3150 2112 3187 meorum

518 3234 575 3288 in
599 3233 751 3288 corde
778 3246 908 3296 meo,
944 3228 1313 3284 consolationes
1341 3236 1441 3280 tua:
1455 3225 1868 3297 jucundaverunt
1889 3224 2112 3278 animum

517 3340 685 3378 meam
707 3320 878 3396 (Psal.
903 3334 1054 3384 xcnt,
1082 3318 1191 3388 l9).
1216 3317 1364 3372 Tunc
1384 3332 1512 3387 ergo
1533 3316 1795 3385 speranda
1823 3324 1910 3371 est
1934 3316 2111 3372 carnis

518 3424 721 3471 nostra:
742 3413 859 3467 sine
876 3410 977 3464 ulla
1001 3409 1384 3479 rcpugnatione
1405 3405 1640 3477 perfecta
1661 3406 1881 3471 sanitas,
1898 3408 2112 3470 quando

519 3506 624 3559 erit
650 3502 906 3558 Ecclesia:
933 3500 1129 3553 Christi
1151 3499 1269 3553 sine
1295 3498 1407 3552 ullo
1435 3497 1627 3552 timore
1655 3506 1802 3552 certa
1828 3498 2108 3553 securitas.

593 3592 817 3649 CAPUT
842 3590 953 3646 XII.
967 3618 1040 3631 --
1061 3589 1150 3645 26.
1166 3588 1483 3644 Continentia
1499 3587 1553 3640 Μ
1560 3588 1903 3642 anichteorum
1919 3597 1964 3643 et
1979 3590 2110 3643 alio-

521 3706 636 3744 rum
661 3684 1015 3759 quorumdam,
1045 3682 1321 3754 praesertim
1345 3681 1696 3735 ltwreticorum
1716 3721 1729 3745 ,
1756 3680 1909 3750 falsa.
1942 3680 2113 3735 Conti-

520 3782 693 3838 nentia
716 3781 835 3834 item
854 3777 1187 3849 quorumdam
1214 3773 1477 3828 immunda
1497 3814 1510 3837 ,
1544 3783 1599 3826 ut
1628 3790 1717 3843 per
1736 3774 1958 3844 magicas
1980 3782 2112 3827 artes

522 3873 813 3946 perveniant
862 3868 928 3924 ad
975 3883 1157 3923 uxores
1204 3865 1416 3919 alienas.
1468 3864 1593 3918 Haec
1638 3864 1893 3919 adversus
1940 3863 2111 3919 Mani-

523 3966 704 4021 chmos
734 3962 998 4017 fallaciter
1040 3960 1377 4016 continentes
1397 3999 1411 4023 ,
1444 3972 1542 4028 pro
1570 3958 1749 4013 veraci
1790 3958 2112 4012 continentia

524 4059 827 4128 diSputasse
864 4054 1172 4119 suffecerit,
1216 4067 1284 4107 ne
1322 4051 1666 4106 continentite
1712 4051 2016 4107 fructuosus
2060 4061 2113 4107 et

524 4153 789 4223 gloriosus
830 4148 1018 4212 labor,
1066 4155 1269 4216 partem
1316 4144 1552 4198 inﬁmam
1599 4153 1871 4208 nostram,
1915 4144 1965 4198 id
1995 4153 2109 4209 est,

524 4258 741 4311 corpus,
758 4238 970 4310 quando
985 4237 1054 4290 ab
1074 4235 1439 4289 immoderatis
1462 4245 1515 4289 et
1536 4234 1735 4289 illicitis
1754 4237 2113 4306 voluptatibus

524 4334 742 4390 cohibet
770 4341 823 4387 ct
850 4329 1117 4394 refrenat,
1148 4344 1257 4381 non
1285 4328 1569 4383 salubriter
1594 4329 1883 4397 castigare,
1913 4329 2008 4384 sed
2034 4330 2115 4383 in-

524 4426 720 4484 sectari
749 4422 1001 4479 credatur
1043 4420 1329 4475 hostiliter.
1370 4418 1579 4489 Corpus
1609 4420 1804 4490 quippe
1842 4422 1909 4475 ab
1948 4421 2113 4477 animi

524 4531 606 4577 est
644 4519 859 4589 quidem
899 4524 1089 4571 natura
1134 4514 1402 4570 diversum
1428 4554 1443 4579 ,
1484 4512 1579 4568 sed
1622 4528 1727 4567 non
1756 4523 1840 4569 est
1864 4530 1892 4569 a
1924 4524 2113 4571 natura

524 4614 759 4671 hominis
783 4613 1036 4666 alienum.
1077 4608 1193 4664 Non
1230 4607 1373 4663 enim
1408 4607 1617 4662 animus
1652 4616 1861 4663 constat
1895 4625 1960 4664 cx
1989 4623 2113 4665 cor-

524 4724 691 4781 pore;
722 4707 816 4763 sed
846 4714 1023 4760 tamen
1056 4704 1217 4757 homo
1242 4717 1308 4757 ex
1338 4702 1519 4756 animo
1539 4710 1749 4757 constat
1773 4712 1829 4758 et
1850 4718 2109 4775 corpore:

524 4809 580 4857 et
609 4802 792 4869 utique
823 4798 962 4852 Deus
986 4810 1144 4865 quem
1165 4793 1378 4860 liberat,
1405 4802 1573 4847 totum
1600 4792 1872 4849 hominem
1897 4795 2109 4851 liberat.

526 4889 682 4947 Unde
713 4898 880 4944 totum
924 4886 1192 4941 hominem
1221 4885 1379 4939 etiam
1407 4881 1652 4938 Salvator
1692 4885 1805 4953 ipse
1842 4887 2108 4956 suscepit,

527 4981 773 5053 dignatus
802 4980 853 5034 in
881 4978 1035 5033 nobis
1064 4984 1231 5031 totum
1259 4975 1486 5030 liberare
1515 4974 1656 5046 quod
1684 4974 1826 5030 iecit.
1850 4975 1952 5043 Qui
1986 4992 2115 5033 con-

529 5086 612 5131 tra
639 5074 793 5128 istam
826 5072 1061 5127 sentiunt
1084 5069 1393 5135 veritatem,
1424 5067 1551 5138 quid
1581 5068 1659 5123 eis
1690 5068 1906 5138 prodest
1932 5068 2112 5125 libidi-

529 5181 629 5224 nes
658 5164 970 5221 continere?
993 5164 1037 5218 si
1060 5172 1236 5218 tamen
1257 5161 1461 5233 aliquas
1481 5161 1776 5217 continent.
1799 5162 1937 5229 Quid
1959 5162 2013 5217 in
2036 5164 2113 5220 eis

528 5277 626 5334 per
654 5257 1035 5316 continentiam
1064 5265 1239 5326 potest
1274 5257 1391 5312 ﬁeri
1417 5255 1696 5319 mundum,
1727 5271 1954 5327 quorum
1980 5271 2113 5313 cono

530 5351 754 5408 liuentia
782 5347 901 5403 talis
929 5346 1199 5401 immunda
1224 5346 1345 5401 est?
1371 5362 1491 5417 qua:
1520 5361 1621 5403 nec
1658 5348 1985 5403 continentia
2014 5364 2114 5405 no-

530 5445 782 5501 minanda
812 5452 912 5500 εει.
943 5441 1154 5496 Sentire
1180 5440 1375 5511 quippe
1403 5441 1546 5513 quod
1572 5444 1841 5513 sentiunt,
1869 5444 2014 5500 virus
2035 5453 2116 5501 est

532 5539 762 5605 diaboli;
791 5534 1117 5595 continentia
1141 5549 1270 5591 vero
1299 5549 1491 5591 munus
1514 5544 1597 5594 est
1617 5536 1731 5594 Dei.
1760 5535 1909 5595 Sicut
1936 5547 2113 5595 autem

597 5676 614 5706 ι
641 5681 742 5738 D_tto
756 5682 882 5736 Mss.,
1172 5676 1269 5731 Er.,
1288 5666 1496 5734 quando.

599 5738 620 5767 ³
639 5733 827 5800 Aliquot
841 5731 968 5798 ,
988 5731 1229 5787 dissoieat.

1616 251 1705 307 DE
1741 247 2225 318 CONTINENTIA,
2264 248 2321 306 S.
2364 251 2732 309 AUGUSTINI

3698 257 3817 319 568

2228 383 2335 424 non
2365 370 2542 427 omnis
2569 372 2658 442 qui
2687 373 2886 445 aliquid
2912 375 3110 445 patitur
3127 418 3142 444 ,
3167 384 3263 434 aut
3294 379 3565 451 quoslibet
3592 379 3814 441 dolores

2224 464 2640 522 tolerantissime
2660 467 2876 538 patitur,
2901 469 3062 526 habet
3077 485 3197 528 eam
3220 472 3493 542 virtutem,
3514 489 3636 547 quae
3654 476 3810 533 siml-

2222 556 2343 615 liter
2375 560 2466 616 Dei
2502 576 2694 619 munus
2730 572 2840 643 est,
2871 573 2929 621 et
2963 566 3217 637 patientia
3244 577 3581 639 nuncupatur
3613 570 3813 627 :multi

2170 706 2175 711 .
2224 652 2367 707 enim
2394 653 2620 710 tolerant
2652 657 2817 713 multa
2844 667 3109 715 tormenta
3129 699 3145 726 ,
3174 676 3242 717 ne
3268 660 3322 716 in
3350 662 3462 718 suis
3488 663 3811 723 criminibus

2224 743 2456 813 prodant
2493 756 2585 803 aut
2619 749 2760 805 male
2792 750 2897 807 sibi
2922 753 3202 820 conscios,
3236 762 3330 809 aut
3351 768 3412 810 se
3444 756 3625 827 ipsos;
3650 757 3811 814 multi

2224 847 2323 902 pro
2342 836 2621 906 explendis
2643 840 3034 897 ardentissimis
3054 842 3386 911 libidinibus,
3399 853 3455 899 et
3474 845 3805 915 obtinendis,

2222 926 2309 980 vel
2343 941 2451 983 non
2478 928 2841 1000 relinquendis
2881 932 2962 988 eis
3003 933 3165 989 rebus
3196 934 3389 1005 quibus
3420 934 3634 991 vinculo
3659 937 3811 1006 pravi

2222 1018 2422 1074 amoris
2446 1019 2689 1076 obstricti
2717 1030 2872 1089 sunt;
2901 1024 3054 1079 multi
3078 1039 3176 1095 pro
3198 1025 3425 1081 diversis
3448 1035 3503 1082 et
3532 1027 3804 1097 pernicio-

2221 1109 2297 1164 sis
2316 1151 2331 1177 ,
2377 1110 2570 1180 quibus
2608 1112 2955 1171 vehementer
2991 1123 3273 1183 tenentur,
3321 1117 3622 1184 erroribus;
3668 1133 3808 1189 quos

2221 1216 2414 1257 omnes
2451 1203 2592 1259 absit
2628 1213 2689 1261 ut
2731 1222 2913 1264 veram
2955 1208 3195 1264 dicamus
3220 1209 3419 1267 habere
3447 1211 3755 1281 patientiam
3790 1230 3807 1268 :

2222 1292 2294 1346 ita
2324 1308 2430 1348 non
2461 1295 2639 1350 omnis
2660 1296 2751 1367 qui
2791 1298 2993 1368 aliquid
3032 1288 3309 1367 continet,“
3344 1302 3429 1356 vel
3467 1302 3609 1372 ipsas
3644 1303 3809 1358 etiam

2221 1388 2400 1443 carnis
2424 1398 2517 1444 aut
2540 1389 2706 1444 animi
2732 1389 2980 1447 libidines
3005 1393 3325 1450 mirabiliter
3347 1394 3589 1451 continet
3605 1438 3621 1463 ,
3650 1396 3810 1452 istam

2220 1480 2627 1547 continentiam,
2650 1480 2719 1537 de
2738 1482 2892 1553 cujus
2911 1483 3144 1539 utilitate
3167 1493 3224 1540 et
3246 1484 3444 1543 decore
3468 1487 3805 1554 disserimus,

2220 1570 2420 1626 habere
2439 1570 2699 1627 dicendus
2718 1580 2822 1628 est.
2844 1573 3072 1640 Quidam
3091 1575 3258 1642 enim,
3279 1575 3424 1646 quod
3444 1578 3640 1633 mirum
3661 1576 3809 1634 dictu

2220 1660 2390 1716 videri
2407 1670 2604 1731 potest,
2637 1678 2732 1733 per
2760 1664 3098 1720 incontinent
3116 1680 3204 1720 am
3234 1680 3296 1722 se
3322 1668 3631 1735 continent;
3662 1669 3811 1724 velut

2222 1754 2266 1808 si
2293 1768 2353 1809 se
2375 1755 2571 1810 mulier
2589 1756 2863 1811 contineat
2881 1772 2910 1810 a
2934 1758 3147 1826 marito,
3167 1758 3292 1829 quia
3312 1757 3416 1814 hoc
3438 1759 3637 1829 juravit
3656 1760 3813 1816 adul-

2224 1857 2358 1901 tero.
2382 1845 2610 1912 Quidam
2634 1861 2729 1916 per
2749 1846 3083 1917 injustitiam.
3106 1848 3252 1904 velut
3286 1849 3333 1904 si
3360 1849 3620 1906 miscendi
3645 1865 3811 1908 sexus

2221 1950 2330 1990 non
2374 1935 2563 1991 reddat
2604 1936 2803 2005 conjux
2843 1936 3058 2008 conjugi
3102 1936 3376 2006 debitum,
3415 1941 3538 2010 quia
3566 1941 3683 2010 ipse
3720 1942 3809 1998 vel

2221 2029 2337 2100 ipsa
2376 2028 2488 2100 jam
2525 2038 2700 2100 potest
2735 2030 2951 2086 vincere
2995 2030 3156 2087 talem
3198 2033 3441 2102 corporis
3483 2034 3804 2105 appetitum.

2223 2118 2358 2175 Item
2400 2119 2615 2190 quidam
2658 2120 2933 2176 continent
2975 2120 3188 2191 decepti
3227 2120 3332 2179 ﬁde
3374 2122 3542 2189 falsa,
3581 2133 3637 2180 et
3672 2141 3808 2181 vana

2224 2221 2532 2282 sperantes,
2570 2221 2625 2268 et
2658 2229 2792 2266 vana
2819 2221 3091 2268 sectantes
3122 2230 3136 2266 :
3168 2214 3220 2268 in
3248 2215 3441 2284 quibus
3466 2225 3590 2270 sunt
3618 2231 3811 2273 omnes

2223 2303 2466 2360 haeretici
2487 2345 2503 2371 ,
2531 2313 2586 2359 et
2614 2303 2935 2375 quicumque
2959 2304 3059 2360 sub
3084 2306 3302 2361 nomine
3335 2306 3605 2378 religionis
3629 2307 3810 2379 aliquo

2223 2410 2411 2451 errore
2446 2395 2724 2462 falluntur;
2764 2412 2991 2467 quorum
3032 2397 3363 2453 continentia
3403 2413 3527 2454 vera
3556 2407 3733 2464 esset,
3762 2399 3811 2454 si

2223 2495 2372 2543 esset
2394 2496 2450 2543 et
2476 2487 2610 2544 ﬁdes
2631 2503 2756 2544 vera
2782 2506 2795 2541 :
2823 2504 2944 2544 cum
2964 2504 3094 2545 vero
3124 2490 3213 2545 illa
3242 2499 3522 2561 propterea
3549 2506 3649 2548 nec
3675 2491 3812 2548 ﬁdes

2222 2579 2294 2634 sit
2318 2579 2635 2649 appellanda
2655 2622 2671 2647 ,
2702 2581 2828 2651 quia
2857 2580 2990 2637 falsa
3018 2590 3121 2648 est,
3140 2582 3257 2638 sine
3284 2581 3446 2638 dubio
3473 2592 3528 2638 et
3552 2584 3651 2639 ista
3674 2599 3808 2640 con-

2224 2671 2463 2728 tinentiae
2497 2673 2713 2728 nomine
2751 2673 2969 2744 indigna
3007 2682 3110 2730 est.
3152 2673 3418 2745 Numquid
3449 2677 3590 2732 enim
3631 2678 3810 2733 conti-

2222 2764 2459 2821 nentiam
2484 2766 2524 2833 ί,
2546 2780 2705 2836 quam
2726 2780 2921 2822 munus
2938 2767 3033 2822 Dei
3053 2766 3333 2824 verissime
3348 2768 3595 2836 dicimus,
3617 2770 3813 2826 dicturi

2224 2870 2412 2911 sumus
2435 2870 2555 2912 esse
2582 2860 2903 2927 peccatum?
2934 2857 3088 2914 Absit
3114 2873 3145 2912 a
3173 2858 3374 2914 nostris
3411 2859 3662 2915 cordibus
3699 2871 3808 2917 tam

2222 2946 2541 3003 detestanda
2578 2947 2870 3005 dementia.
2913 2949 3109 3007 Beatus
3151 2958 3327 3006 autem
3368 2950 3654 3020 Apostolus
3694 2952 3808 3022 ait,

2228 3038 2391 3094 Omne
2414 3039 2550 3112 quod
2586 3057 2689 3095 non
2714 3051 2785 3095 est
2809 3057 2872 3096 ea:
2898 3042 3000 3110 ﬁde
3020 3082 3037 3108 ,
3073 3052 3332 3112 peccatum
3367 3053 3439 3098 est
3475 3042 3650 3115 (Rom.
3690 3060 3804 3115 xw,

2222 3129 2339 3203 25).
2380 3132 2510 3200 Quae
2546 3132 2708 3203 igitur
2753 3148 2861 3187 non
2903 3131 3064 3189 habet
3105 3132 3296 3202 ﬁdem,
3342 3149 3444 3190 nec
3483 3136 3811 3193 continentia

2224 3223 2547 3279 nominanda
2573 3233 2685 3279 est.

2292 3314 2382 3370 27.
2415 3315 2551 3371 Sunt
2576 3315 2737 3371 etiam
2765 3316 2855 3387 qui
2884 3325 3068 3386 aperte
3104 3316 3351 3388 malignis
3383 3320 3668 3378 serviendo
3694 3321 3810 3376 dte-

2222 3408 2490 3476 monibus,
2527 3424 2558 3463 a
2596 3410 2837 3478 corporis
2877 3408 3235 3479 voluptatibus
3276 3412 3570 3481 continent,
3616 3423 3672 3467 ut
3714 3429 3814 3485 per

2222 3515 2317 3556 eos
2363 3500 2613 3571 expleant
2654 3499 2883 3556 nefarias
2920 3501 3241 3572 voluptates,
3281 3519 3506 3574 quarum
3554 3506 3812 3576 impetum

2223 3592 2578 3663 ardoremque
2624 3608 2731 3648 non
2772 3594 3067 3649 continent.
3112 3594 3265 3650 Unde
3296 3604 3353 3650 ut
3379 3596 3575 3668 aliquid
3610 3598 3808 3668 dicam,

2224 3695 2279 3740 et
2321 3694 2517 3740 caetera
2558 3694 2777 3755 propter
2825 3685 3085 3741 sermonis
3140 3687 3525 3758 longitudinem
3569 3700 3808 3760 taceam;

2225 3777 2440 3849 quidam
2474 3790 2579 3832 non
2605 3777 2871 3847 attingunt
2897 3777 3058 3832 etiam
3092 3793 3288 3833 uxores
3311 3792 3455 3846 suas,
3492 3780 3616 3835 dum
3657 3782 3811 3852 quasi

2225 3870 2410 3925 mundi
2434 3885 2527 3941 per
2548 3871 2778 3941 magicas
2797 3879 2942 3925 artes
2969 3870 3251 3939 pervenire
3271 3870 3338 3925 ad
3365 3887 3564 3929 uxores
3588 3873 3814 3929 moliun-

2226 3970 2312 4016 tur
2333 3961 2551 4017 alienas.
2576 3961 2621 4017 Ο
2641 3962 2935 4016 mirabilem
2981 3962 3384 4031 continentiam,
3419 3964 3525 4018 imo
3553 3979 3680 4019 vero
3715 3979 3813 4022 no-

2226 4055 2446 4125 quitiam
2466 4062 2626 4123 atque
2649 4053 3037 4133 immunditiam
3059 4055 3410 4123 singularem!
3438 4055 3496 4112 Si
3515 4056 3656 4111 enim
3682 4071 3809 4112 vera

2226 4157 2371 4202 esset
2394 4146 2741 4212 continentia,
2779 4146 2948 4216 magis
2984 4146 3053 4201 ab
3085 4146 3369 4214 adulterio,
3410 4160 3566 4218 quam
3592 4157 3814 4218 propter

2214 4237 2550 4317 adulterium
2597 4238 3034 4307 perpetrandum,
3062 4239 3239 4292 carnis
3260 4238 3686 4309 concupiscentia
3717 4239 3815 4295 de-

2226 4330 2343 4386 buit
2367 4345 2396 4383 a
2424 4331 2673 4399 conjugio
2699 4330 2993 4384 continere.
3032 4328 3180 4384 lianc
3206 4330 3400 4399 quippe
3424 4330 3812 4399 concupiscen-

2227 4421 2354 4476 tiam
2375 4421 2553 4477 carnis
2574 4420 2816 4474 relaxare
2837 4419 2975 4474 solet
3001 4420 3326 4474 continentia
3345 4418 3657 4489 conjugalis,
3676 4421 3813 4491 ejus-

2226 4527 2331 4584 que
2361 4512 2523 4568 lrenis
2554 4511 2815 4567 hactenus
2838 4511 3179 4566 moderamen
3205 4511 3494 4580 imponere,
3526 4521 3585 4567 ut
3618 4528 3718 4569 nec
3758 4514 3812 4569 in

2227 4603 2345 4674 ipso
2387 4602 2635 4673 conjugio
2669 4601 3017 4658 immoderata
3063 4600 3275 4656 licentia
3324 4599 3595 4658 diiﬁuatur
3629 4605 3671 4667 ⁸,
3716 4603 3814 4661 sed

2227 4692 2556 4751 custodiatur
2583 4692 2795 4761 modus,
2840 4701 2929 4749 aut
2966 4691 3263 4747 inﬁrmitati
3307 4692 3549 4763 conjugis
3577 4693 3810 4762 debitus,

2228 4787 2312 4843 cui
2341 4786 2445 4842 hoc
2469 4800 2576 4841 non
2605 4784 2899 4841 secundum
2940 4785 3222 4855 imperium
3267 4785 3507 4855 prmcipit
3530 4827 3545 4852 ,
3589 4786 3683 4842 sed
3720 4801 3813 4844 se-

2226 4879 2461 4935 cundum
2504 4878 2714 4934 veniam
2740 4876 2987 4934 concedit
3015 4877 3301 4948 Apostolus
3333 4877 3394 4949 (ι
3424 4877 3539 4933 Cor.
3566 4894 3667 4944 vn,
3701 4879 3813 4949 6);

2227 4981 2319 5027 aut
2347 4971 2471 5026 ﬁliis
2514 4972 2860 5042 procreandis
2906 4971 3361 5040 accommodatus,
3404 4987 3523 5041 quin
3567 4988 3670 5028 una
3719 4972 3818 5029 fuit

2227 5079 2388 5123 causa
2433 5064 2724 5121 miscendae
2759 5066 2987 5121 invicem
3028 5065 3206 5120 carnis
3244 5072 3299 5118 et
3357 5064 3594 5134 patribus
3644 5080 3818 5135 quon-

2227 5157 2350 5214 dam
2375 5165 2430 5214 et
2457 5156 2716 5213 matribus
2745 5158 2963 5214 sanctis.
2994 5156 3052 5211 Id
3077 5164 3255 5210 autem
3294 5154 3495 5212 faciens
3533 5158 3815 5214 continen-

2229 5251 2321 5318 tia,
2350 5250 2403 5305 id
2429 5258 2532 5318 est,
2579 5249 2863 5306 moderans
2902 5256 2957 5303 et
2996 5247 3225 5318 quodam
3271 5247 3432 5303 modo
3481 5249 3716 5304 [imitans
3764 5250 3817 5304 in

2228 5344 2543 5417 conjugibus
2589 5342 2768 5399 carnis
2815 5341 3327 5411 concupiscentiam,
3354 5350 3409 5395 et
3453 5341 3568 5411 ejus
3610 5341 3817 5412 inquie-

2229 5445 2341 5492 tum
2370 5445 2528 5508 atque
2557 5435 2913 5492 inordinatum
2945 5440 3147 5489 motum
3189 5433 3352 5490 certis
3380 5433 3611 5504 quodam
3654 5433 3816 5491 modo

2230 5530 2422 5585 ﬁnibus
2443 5530 2715 5595 ordinans,
2746 5528 2882 5583 bene
2910 5527 3072 5582 utitur
3096 5526 3328 5582 hominis
3355 5527 3519 5596 malo,
3544 5542 3707 5598 quem
3736 5524 3818 5582 fa—

2297 5662 2464 5727 ‘Fditi,
2492 5665 2829 5731 continentiam
2851 5663 2987 5731 ﬁdei.
3006 5665 3171 5726 Abest,
3198 5661 3334 5726 ﬁdei,
3357 5674 3387 5713 a
3409 5670 3514 5713 Mss.

2296 5732 2314 5762 ³
2331 5739 2432 5780 1)υο
2456 5738 2558 5780 Mss.
2570 5765 2583 5791 ,
2611 5728 2815 5793 diﬁiuat.
