  <div class='ocr_page' id='page_1' title='image "/cluster/home/n/w/nwhite01/storage/ocr_20150623/40/hvd.32044096580626/192.png"; bbox 0 0 4122 6212; ppageno 0'>
   <div class='ocr_carea' id='block_1_1' title="bbox 263 325 373 385">
    <p class='ocr_par' dir='ltr' id='par_1_1' title="bbox 263 325 373 385">
     <span class='ocr_line' id='line_1_1' title="bbox 263 325 373 385; baseline -0.027 0"><span class='ocrx_word' id='word_1_1' title='bbox 263 325 373 385; x_wconf 72' lang='grc'><strong>869</strong></span> 
     </span>
    </p>
   </div>
   <div class='ocr_carea' id='block_1_2' title="bbox 263 436 1854 514">
    <p class='ocr_par' dir='ltr' id='par_1_2' title="bbox 263 436 1854 514">
     <span class='ocr_line' id='line_1_2' title="bbox 263 436 1854 514; baseline -0.006 -12"><span class='ocrx_word' id='word_1_2' title='bbox 263 446 340 503; x_wconf 93' lang='lat' dir='ltr'><strong>cit</strong></span> <span class='ocrx_word' id='word_1_3' title='bbox 367 451 425 501; x_wconf 91' lang='lat' dir='ltr'><strong>et</strong></span> <span class='ocrx_word' id='word_1_4' title='bbox 448 442 564 500; x_wconf 87' lang='lat' dir='ltr'><strong>vult</strong></span> <span class='ocrx_word' id='word_1_5' title='bbox 592 440 853 514; x_wconf 86' lang='lat' dir='ltr'><strong>perlicere</strong></span> <span class='ocrx_word' id='word_1_6' title='bbox 879 439 1077 498; x_wconf 90' lang='lat' dir='ltr'><strong>bonum</strong></span> <span class='ocrx_word' id='word_1_7' title='bbox 1104 455 1119 495; x_wconf 88' lang='lat'><strong>:</strong></span> <span class='ocrx_word' id='word_1_8' title='bbox 1158 439 1297 496; x_wconf 85' lang='lat' dir='ltr'><strong>sicut</strong></span> <span class='ocrx_word' id='word_1_9' title='bbox 1331 439 1472 497; x_wconf 88' lang='lat' dir='ltr'><strong>Deus</strong></span> <span class='ocrx_word' id='word_1_10' title='bbox 1503 436 1669 494; x_wconf 92' lang='lat' dir='ltr'><strong>utitur</strong></span> <span class='ocrx_word' id='word_1_11' title='bbox 1693 438 1854 494; x_wconf 90' lang='lat' dir='ltr'><strong>etiam</strong></span> 
     </span>
    </p>
   </div>
   <div class='ocr_carea' id='block_1_3' title="bbox 265 530 1854 604">
    <p class='ocr_par' dir='ltr' id='par_1_3' title="bbox 265 530 1854 604">
     <span class='ocr_line' id='line_1_3' title="bbox 265 530 1854 604; baseline -0.004 -13"><span class='ocrx_word' id='word_1_12' title='bbox 265 535 579 593; x_wconf 85' lang='lat' dir='ltr'><strong>hominibus</strong></span> <span class='ocrx_word' id='word_1_13' title='bbox 636 534 793 590; x_wconf 90' lang='lat' dir='ltr'><strong>malis</strong></span> <span class='ocrx_word' id='word_1_14' title='bbox 819 574 834 598; x_wconf 86' lang='lat'><strong>,</strong></span> <span class='ocrx_word' id='word_1_15' title='bbox 882 541 1098 604; x_wconf 81' lang='lat' dir='ltr'><strong>propter</strong></span> <span class='ocrx_word' id='word_1_16' title='bbox 1143 545 1239 590; x_wconf 89' lang='lat' dir='ltr'><strong>eos</strong></span> <span class='ocrx_word' id='word_1_17' title='bbox 1301 546 1436 603; x_wconf 90' lang='lat' dir='ltr'><strong>quos</strong></span> <span class='ocrx_word' id='word_1_18' title='bbox 1489 530 1693 601; x_wconf 90' lang='lat' dir='ltr'><strong>perﬁcit</strong></span> <span class='ocrx_word' id='word_1_19' title='bbox 1760 531 1854 585; x_wconf 88' lang='lat' dir='ltr'><strong>bo-</strong></span> 
     </span>
    </p>
   </div>
   <div class='ocr_carea' id='block_1_4' title="bbox 265 642 385 686">
    <p class='ocr_par' dir='ltr' id='par_1_4' title="bbox 265 642 385 686">
     <span class='ocr_line' id='line_1_4' title="bbox 265 642 385 686; baseline -0.033 0"><span class='ocrx_word' id='word_1_20' title='bbox 265 642 385 686; x_wconf 84' lang='lat' dir='ltr'><strong>nos.</strong></span> 
     </span>
    </p>
   </div>
   <div class='ocr_carea' id='block_1_5' title="bbox 337 716 1855 778">
    <p class='ocr_par' dir='ltr' id='par_1_5' title="bbox 337 716 1855 778">
     <span class='ocr_line' id='line_1_5' title="bbox 337 716 1855 778; baseline -0.004 -1"><span class='ocrx_word' id='word_1_21' title='bbox 337 719 568 778; x_wconf 75' lang='lat' dir='ltr'><strong>CAPUT</strong></span> <span class='ocrx_word' id='word_1_22' title='bbox 595 718 807 775; x_wconf 85' lang='lat' dir='ltr'><strong>Xlll.-——</strong></span> <span class='ocrx_word' id='word_1_23' title='bbox 825 718 917 774; x_wconf 72' lang='lat'><strong>28.</strong></span> <span class='ocrx_word' id='word_1_24' title='bbox 943 718 1263 774; x_wconf 85' lang='lat' dir='ltr'><strong>Continentia</strong></span> <span class='ocrx_word' id='word_1_25' title='bbox 1288 733 1389 772; x_wconf 87' lang='lat' dir='ltr'><strong>non</strong></span> <span class='ocrx_word' id='word_1_26' title='bbox 1411 725 1607 771; x_wconf 88' lang='lat' dir='ltr'><strong>tantum</strong></span> <span class='ocrx_word' id='word_1_27' title='bbox 1625 716 1855 771; x_wconf 74' lang='lat' dir='ltr'><strong>libidines</strong></span> 
     </span>
    </p>
   </div>
   <div class='ocr_carea' id='block_1_6' title="bbox 266 804 1853 883">
    <p class='ocr_par' dir='ltr' id='par_1_6' title="bbox 266 804 1853 883">
     <span class='ocr_line' id='line_1_6' title="bbox 266 804 1853 883; baseline -0.004 -17"><span class='ocrx_word' id='word_1_28' title='bbox 266 812 517 883; x_wconf 82' lang='lat' dir='ltr'><strong>corporis,</strong></span> <span class='ocrx_word' id='word_1_29' title='bbox 545 810 637 865; x_wconf 88' lang='lat' dir='ltr'><strong>sed</strong></span> <span class='ocrx_word' id='word_1_30' title='bbox 663 820 712 865; x_wconf 88' lang='lat' dir='ltr'><strong>et</strong></span> <span class='ocrx_word' id='word_1_31' title='bbox 735 810 894 864; x_wconf 84' lang='lat' dir='ltr'><strong>animi</strong></span> <span class='ocrx_word' id='word_1_32' title='bbox 918 807 1220 879; x_wconf 86' lang='lat' dir='ltr'><strong>cupiditates</strong></span> <span class='ocrx_word' id='word_1_33' title='bbox 1243 817 1434 863; x_wconf 80' lang='lat' dir='ltr'><strong>coercet</strong></span> <span class='ocrx_word' id='word_1_34' title='bbox 1467 816 1515 861; x_wconf 91' lang='lat' dir='ltr'><strong>et</strong></span> <span class='ocrx_word' id='word_1_35' title='bbox 1554 806 1700 878; x_wconf 87' lang='lat' dir='ltr'><strong>regit.</strong></span> <span class='ocrx_word' id='word_1_36' title='bbox 1734 804 1853 859; x_wconf 75' lang='lat' dir='ltr'><strong>Ho-</strong></span> 
     </span>
    </p>
   </div>
   <div class='ocr_carea' id='block_1_7' title="bbox 267 899 1855 973">
    <p class='ocr_par' dir='ltr' id='par_1_7' title="bbox 267 899 1855 973">
     <span class='ocr_line' id='line_1_7' title="bbox 267 899 1855 973; baseline -0.004 -16"><span class='ocrx_word' id='word_1_37' title='bbox 267 911 346 957; x_wconf 81' lang='lat' dir='ltr'><strong>tus</strong></span> <span class='ocrx_word' id='word_1_38' title='bbox 363 901 554 959; x_wconf 66' lang='lat' dir='ltr'><strong>animo:</strong></span> <span class='ocrx_word' id='word_1_39' title='bbox 571 901 716 973; x_wconf 82' lang='lat' dir='ltr'><strong>pravi</strong></span> <span class='ocrx_word' id='word_1_40' title='bbox 746 900 1054 955; x_wconf 76' lang='lat' dir='ltr'><strong>continentia</strong></span> <span class='ocrx_word' id='word_1_41' title='bbox 1074 899 1337 953; x_wconf 79' lang='lat' dir='ltr'><strong>cohibendi</strong></span> <span class='ocrx_word' id='word_1_42' title='bbox 1352 940 1366 965; x_wconf 95' lang='lat'><strong>,</strong></span> <span class='ocrx_word' id='word_1_43' title='bbox 1393 907 1572 970; x_wconf 87' lang='lat' dir='ltr'><strong>negato</strong></span> <span class='ocrx_word' id='word_1_44' title='bbox 1609 914 1855 952; x_wconf 84' lang='lat' dir='ltr'><strong>consensu</strong></span> 
     </span>
    </p>
   </div>
   <div class='ocr_carea' id='block_1_8' title="bbox 269 992 1855 1067">
    <p class='ocr_par' dir='ltr' id='par_1_8' title="bbox 269 992 1855 1067">
     <span class='ocr_line' id='line_1_8' title="bbox 269 992 1855 1067; baseline -0.003 -17"><span class='ocrx_word' id='word_1_45' title='bbox 269 1005 312 1050; x_wconf 89' lang='lat' dir='ltr'><strong>et</strong></span> <span class='ocrx_word' id='word_1_46' title='bbox 340 997 531 1067; x_wconf 75' lang='lat' dir='ltr'><strong>rejectis</strong></span> <span class='ocrx_word' id='word_1_47' title='bbox 568 997 646 1050; x_wconf 80' lang='lat' dir='ltr'><strong>vel</strong></span> <span class='ocrx_word' id='word_1_48' title='bbox 687 993 1006 1065; x_wconf 86' lang='lat' dir='ltr'><strong>cogitationis</strong></span> <span class='ocrx_word' id='word_1_49' title='bbox 1033 993 1380 1048; x_wconf 85' lang='lat' dir='ltr'><strong>delectatione.</strong></span> <span class='ocrx_word' id='word_1_50' title='bbox 1429 992 1583 1048; x_wconf 83' lang='lat' dir='ltr'><strong>Absit</strong></span> <span class='ocrx_word' id='word_1_51' title='bbox 1629 1006 1756 1062; x_wconf 88' lang='lat' dir='ltr'><strong>ergo</strong></span> <span class='ocrx_word' id='word_1_52' title='bbox 1797 1001 1855 1045; x_wconf 89' lang='lat' dir='ltr'><strong>ut</strong></span> 
     </span>
    </p>
   </div>
   <div class='ocr_carea' id='block_1_9' title="bbox 272 1082 1855 1156">
    <p class='ocr_par' dir='ltr' id='par_1_9' title="bbox 272 1082 1855 1156">
     <span class='ocr_line' id='line_1_9' title="bbox 272 1082 1855 1156; baseline -0.004 -14"><span class='ocrx_word' id='word_1_53' title='bbox 272 1086 679 1153; x_wconf 87' lang='lat' dir='ltr'><strong>continentiam,</strong></span> <span class='ocrx_word' id='word_1_54' title='bbox 706 1085 776 1141; x_wconf 91' lang='lat' dir='ltr'><strong>de</strong></span> <span class='ocrx_word' id='word_1_55' title='bbox 803 1100 909 1156; x_wconf 90' lang='lat' dir='ltr'><strong>qua</strong></span> <span class='ocrx_word' id='word_1_56' title='bbox 946 1084 1220 1154; x_wconf 82' lang='lat' dir='ltr'><strong>Scriptura</strong></span> <span class='ocrx_word' id='word_1_57' title='bbox 1251 1084 1413 1149; x_wconf 88' lang='lat' dir='ltr'><strong>dicit,</strong></span> <span class='ocrx_word' id='word_1_58' title='bbox 1448 1082 1514 1137; x_wconf 79' lang='lat' dir='ltr'><strong>Et</strong></span> <span class='ocrx_word' id='word_1_59' title='bbox 1558 1084 1651 1137; x_wconf 88' lang='lat' dir='ltr'><strong>hoc</strong></span> <span class='ocrx_word' id='word_1_60' title='bbox 1687 1084 1855 1153; x_wconf 85' lang='lat' dir='ltr'><strong>ipsum</strong></span> 
     </span>
    </p>
   </div>
   <div class='ocr_carea' id='block_1_10' title="bbox 268 1175 1848 1249">
    <p class='ocr_par' dir='ltr' id='par_1_10' title="bbox 268 1175 1848 1249">
     <span class='ocr_line' id='line_1_10' title="bbox 268 1175 1848 1249; baseline -0.004 -15"><span class='ocrx_word' id='word_1_61' title='bbox 268 1188 374 1234; x_wconf 87' lang='lat' dir='ltr'><strong>erat</strong></span> <span class='ocrx_word' id='word_1_62' title='bbox 409 1178 696 1249; x_wconf 65' lang='lat' dir='ltr'><strong>sapientiae,</strong></span> <span class='ocrx_word' id='word_1_63' title='bbox 726 1177 857 1232; x_wconf 87' lang='lat' dir='ltr'><strong>scire</strong></span> <span class='ocrx_word' id='word_1_64' title='bbox 891 1179 1041 1247; x_wconf 87' lang='lat' dir='ltr'><strong>cujus</strong></span> <span class='ocrx_word' id='word_1_65' title='bbox 1069 1186 1198 1231; x_wconf 87' lang='lat' dir='ltr'><strong>esset</strong></span> <span class='ocrx_word' id='word_1_66' title='bbox 1220 1176 1317 1230; x_wconf 85' lang='lat' dir='ltr'><strong>hoc</strong></span> <span class='ocrx_word' id='word_1_67' title='bbox 1342 1176 1532 1230; x_wconf 89' lang='lat' dir='ltr'><strong>donum</strong></span> <span class='ocrx_word' id='word_1_68' title='bbox 1558 1175 1713 1246; x_wconf 93' lang='lat' dir='ltr'><strong>(Sap.</strong></span> <span class='ocrx_word' id='word_1_69' title='bbox 1737 1190 1848 1238; x_wconf 84' lang='lat' dir='ltr'><strong>Vill,</strong></span> 
     </span>
    </p>
   </div>
   <div class='ocr_carea' id='block_1_11' title="bbox 269 1267 1852 1344">
    <p class='ocr_par' dir='ltr' id='par_1_11' title="bbox 269 1267 1852 1344">
     <span class='ocr_line' id='line_1_11' title="bbox 269 1267 1852 1344; baseline -0.003 -19"><span class='ocrx_word' id='word_1_70' title='bbox 269 1271 329 1328; x_wconf 71' lang='lat'><strong>21</strong></span> <span class='ocrx_word' id='word_1_71' title='bbox 353 1271 398 1344; x_wconf 94' lang='lat'><strong>),</strong></span> <span class='ocrx_word' id='word_1_72' title='bbox 427 1272 591 1328; x_wconf 87' lang='lat' dir='ltr'><strong>etiam</strong></span> <span class='ocrx_word' id='word_1_73' title='bbox 620 1284 717 1326; x_wconf 83' lang='lat' dir='ltr'><strong>eos</strong></span> <span class='ocrx_word' id='word_1_74' title='bbox 745 1270 940 1326; x_wconf 86' lang='lat' dir='ltr'><strong>habere</strong></span> <span class='ocrx_word' id='word_1_75' title='bbox 967 1270 1241 1337; x_wconf 83' lang='lat' dir='ltr'><strong>dicamus,</strong></span> <span class='ocrx_word' id='word_1_76' title='bbox 1269 1268 1359 1339; x_wconf 88' lang='lat' dir='ltr'><strong>qui</strong></span> <span class='ocrx_word' id='word_1_77' title='bbox 1396 1267 1738 1330; x_wconf 89' lang='lat' dir='ltr'><strong>continendo,</strong></span> <span class='ocrx_word' id='word_1_78' title='bbox 1770 1267 1852 1322; x_wconf 83' lang='lat' dir='ltr'><strong>vel</strong></span> 
     </span>
    </p>
   </div>
   <div class='ocr_carea' id='block_1_12' title="bbox 270 1358 1852 1433">
    <p class='ocr_par' dir='ltr' id='par_1_12' title="bbox 270 1358 1852 1433">
     <span class='ocr_line' id='line_1_12' title="bbox 270 1358 1852 1433; baseline -0.005 -13"><span class='ocrx_word' id='word_1_79' title='bbox 270 1363 549 1420; x_wconf 82' lang='lat' dir='ltr'><strong>erroribus</strong></span> <span class='ocrx_word' id='word_1_80' title='bbox 560 1363 817 1427; x_wconf 87' lang='lat' dir='ltr'><strong>serviunt,</strong></span> <span class='ocrx_word' id='word_1_81' title='bbox 834 1363 919 1418; x_wconf 85' lang='lat' dir='ltr'><strong>vel</strong></span> <span class='ocrx_word' id='word_1_82' title='bbox 935 1362 1142 1433; x_wconf 88' lang='lat' dir='ltr'><strong>aliquas</strong></span> <span class='ocrx_word' id='word_1_83' title='bbox 1158 1361 1391 1416; x_wconf 81' lang='lat' dir='ltr'><strong>minores</strong></span> <span class='ocrx_word' id='word_1_84' title='bbox 1404 1358 1718 1430; x_wconf 87' lang='lat' dir='ltr'><strong>cupiditates</strong></span> <span class='ocrx_word' id='word_1_85' title='bbox 1736 1358 1852 1412; x_wconf 91' lang='lat' dir='ltr'><strong>ideo</strong></span> 
     </span>
    </p>
   </div>
   <div class='ocr_carea' id='block_1_13' title="bbox 270 1449 1850 1523">
    <p class='ocr_par' dir='ltr' id='par_1_13' title="bbox 270 1449 1850 1523">
     <span class='ocr_line' id='line_1_13' title="bbox 270 1449 1850 1523; baseline -0.003 -16"><span class='ocrx_word' id='word_1_86' title='bbox 270 1455 518 1520; x_wconf 82' lang='lat' dir='ltr'><strong>vincunt,</strong></span> <span class='ocrx_word' id='word_1_87' title='bbox 552 1462 611 1509; x_wconf 92' lang='lat' dir='ltr'><strong>ut</strong></span> <span class='ocrx_word' id='word_1_88' title='bbox 638 1453 772 1517; x_wconf 88' lang='lat' dir='ltr'><strong>alias</strong></span> <span class='ocrx_word' id='word_1_89' title='bbox 801 1454 1091 1523; x_wconf 83' lang='lat' dir='ltr'><strong>expleant,</strong></span> <span class='ocrx_word' id='word_1_90' title='bbox 1140 1466 1363 1522; x_wconf 88' lang='lat' dir='ltr'><strong>quarum</strong></span> <span class='ocrx_word' id='word_1_91' title='bbox 1402 1450 1702 1521; x_wconf 79' lang='lat' dir='ltr'><strong>granditate</strong></span> <span class='ocrx_word' id='word_1_92' title='bbox 1731 1449 1850 1503; x_wconf 83' lang='lat' dir='ltr'><strong>vin-</strong></span> 
     </span>
    </p>
   </div>
   <div class='ocr_carea' id='block_1_14' title="bbox 269 1539 1851 1615">
    <p class='ocr_par' dir='ltr' id='par_1_14' title="bbox 269 1539 1851 1615">
     <span class='ocr_line' id='line_1_14' title="bbox 269 1539 1851 1615; baseline -0.005 -15"><span class='ocrx_word' id='word_1_93' title='bbox 269 1555 480 1602; x_wconf 87' lang='lat' dir='ltr'><strong>cuntur.</strong></span> <span class='ocrx_word' id='word_1_94' title='bbox 510 1545 590 1600; x_wconf 80' lang='lat' dir='ltr'><strong>Ea</strong></span> <span class='ocrx_word' id='word_1_95' title='bbox 615 1559 743 1600; x_wconf 87' lang='lat' dir='ltr'><strong>vero</strong></span> <span class='ocrx_word' id='word_1_96' title='bbox 768 1559 891 1615; x_wconf 76' lang='lat' dir='ltr'><strong>qua:</strong></span> <span class='ocrx_word' id='word_1_97' title='bbox 918 1558 1047 1599; x_wconf 88' lang='lat' dir='ltr'><strong>vera</strong></span> <span class='ocrx_word' id='word_1_98' title='bbox 1072 1551 1154 1598; x_wconf 87' lang='lat' dir='ltr'><strong>est</strong></span> <span class='ocrx_word' id='word_1_99' title='bbox 1180 1541 1412 1611; x_wconf 86' lang='lat' dir='ltr'><strong>desuper</strong></span> <span class='ocrx_word' id='word_1_100' title='bbox 1437 1540 1656 1595; x_wconf 89' lang='lat' dir='ltr'><strong>veniens</strong></span> <span class='ocrx_word' id='word_1_101' title='bbox 1680 1539 1851 1594; x_wconf 81' lang='lat' dir='ltr'><strong>conti-</strong></span> 
     </span>
    </p>
   </div>
   <div class='ocr_carea' id='block_1_15' title="bbox 268 1629 1851 1704">
    <p class='ocr_par' dir='ltr' id='par_1_15' title="bbox 268 1629 1851 1704">
     <span class='ocr_line' id='line_1_15' title="bbox 268 1629 1851 1704; baseline -0.004 -13"><span class='ocrx_word' id='word_1_102' title='bbox 268 1635 470 1702; x_wconf 86' lang='lat' dir='ltr'><strong>nentia,</strong></span> <span class='ocrx_word' id='word_1_103' title='bbox 500 1651 608 1694; x_wconf 91' lang='lat' dir='ltr'><strong>non</strong></span> <span class='ocrx_word' id='word_1_104' title='bbox 631 1635 751 1691; x_wconf 90' lang='lat' dir='ltr'><strong>aliis</strong></span> <span class='ocrx_word' id='word_1_105' title='bbox 776 1634 933 1690; x_wconf 88' lang='lat' dir='ltr'><strong>malis</strong></span> <span class='ocrx_word' id='word_1_106' title='bbox 961 1633 1100 1689; x_wconf 89' lang='lat' dir='ltr'><strong>mala</strong></span> <span class='ocrx_word' id='word_1_107' title='bbox 1129 1647 1373 1704; x_wconf 85' lang='lat' dir='ltr'><strong>premere</strong></span> <span class='ocrx_word' id='word_1_108' title='bbox 1400 1631 1523 1698; x_wconf 84' lang='lat' dir='ltr'><strong>alia,</strong></span> <span class='ocrx_word' id='word_1_109' title='bbox 1571 1630 1668 1687; x_wconf 90' lang='lat' dir='ltr'><strong>sed</strong></span> <span class='ocrx_word' id='word_1_110' title='bbox 1696 1629 1851 1685; x_wconf 89' lang='lat' dir='ltr'><strong>bonis</strong></span> 
     </span>
    </p>
   </div>
   <div class='ocr_carea' id='block_1_16' title="bbox 269 1722 1848 1796">
    <p class='ocr_par' dir='ltr' id='par_1_16' title="bbox 269 1722 1848 1796">
     <span class='ocr_line' id='line_1_16' title="bbox 269 1722 1848 1796; baseline -0.004 -13"><span class='ocrx_word' id='word_1_111' title='bbox 269 1728 406 1783; x_wconf 86' lang='lat' dir='ltr'><strong>mala</strong></span> <span class='ocrx_word' id='word_1_112' title='bbox 433 1742 631 1786; x_wconf 87' lang='lat' dir='ltr'><strong>sanare</strong></span> <span class='ocrx_word' id='word_1_113' title='bbox 657 1728 771 1782; x_wconf 87' lang='lat' dir='ltr'><strong>vult</strong></span> <span class='ocrx_word' id='word_1_114' title='bbox 807 1727 1008 1783; x_wconf 86' lang='lat' dir='ltr'><strong>omnia.</strong></span> <span class='ocrx_word' id='word_1_115' title='bbox 1035 1725 1199 1796; x_wconf 87' lang='lat' dir='ltr'><strong>Cujus</strong></span> <span class='ocrx_word' id='word_1_116' title='bbox 1244 1732 1301 1780; x_wconf 91' lang='lat' dir='ltr'><strong>ut</strong></span> <span class='ocrx_word' id='word_1_117' title='bbox 1338 1723 1570 1780; x_wconf 83' lang='lat' dir='ltr'><strong>breviter</strong></span> <span class='ocrx_word' id='word_1_118' title='bbox 1605 1722 1848 1792; x_wconf 90' lang='lat' dir='ltr'><strong>comple-</strong></span> 
     </span>
    </p>
   </div>
   <div class='ocr_carea' id='block_1_17' title="bbox 269 1814 1849 1887">
    <p class='ocr_par' dir='ltr' id='par_1_17' title="bbox 269 1814 1849 1887">
     <span class='ocr_line' id='line_1_17' title="bbox 269 1814 1849 1887; baseline -0.004 -13"><span class='ocrx_word' id='word_1_119' title='bbox 269 1827 379 1876; x_wconf 83' lang='lat' dir='ltr'><strong>ctar</strong></span> <span class='ocrx_word' id='word_1_120' title='bbox 398 1820 699 1885; x_wconf 83' lang='lat' dir='ltr'><strong>actionem;</strong></span> <span class='ocrx_word' id='word_1_121' title='bbox 730 1817 980 1874; x_wconf 89' lang='lat' dir='ltr'><strong>omnibus</strong></span> <span class='ocrx_word' id='word_1_122' title='bbox 1008 1831 1227 1887; x_wconf 85' lang='lat' dir='ltr'><strong>prorsus</strong></span> <span class='ocrx_word' id='word_1_123' title='bbox 1252 1814 1691 1872; x_wconf 88' lang='lat' dir='ltr'><strong>delectationibus</strong></span> <span class='ocrx_word' id='word_1_124' title='bbox 1718 1828 1849 1870; x_wconf 89' lang='lat' dir='ltr'><strong>con-</strong></span> 
     </span>
    </p>
   </div>
   <div class='ocr_carea' id='block_1_18' title="bbox 267 1905 1844 1980">
    <p class='ocr_par' dir='ltr' id='par_1_18' title="bbox 267 1905 1844 1980">
     <span class='ocr_line' id='line_1_18' title="bbox 267 1905 1844 1980; baseline -0.004 -15"><span class='ocrx_word' id='word_1_125' title='bbox 267 1910 628 1980; x_wconf 70' lang='lat' dir='ltr'><strong>cupiscentiae,</strong></span> <span class='ocrx_word' id='word_1_126' title='bbox 653 1925 774 1980; x_wconf 79' lang='lat' dir='ltr'><strong>qua:</strong></span> <span class='ocrx_word' id='word_1_127' title='bbox 801 1908 1153 1965; x_wconf 81' lang='lat' dir='ltr'><strong>adversantur</strong></span> <span class='ocrx_word' id='word_1_128' title='bbox 1180 1906 1519 1964; x_wconf 85' lang='lat' dir='ltr'><strong>delectationi</strong></span> <span class='ocrx_word' id='word_1_129' title='bbox 1546 1905 1844 1975; x_wconf 64' lang='lat' dir='ltr'><strong>sapientiae,</strong></span> 
     </span>
    </p>
   </div>
   <div class='ocr_carea' id='block_1_19' title="bbox 267 1985 1850 2071">
    <p class='ocr_par' dir='ltr' id='par_1_19' title="bbox 267 1985 1850 2071">
     <span class='ocr_line' id='line_1_19' title="bbox 267 1985 1850 2071; baseline -0.004 -13"><span class='ocrx_word' id='word_1_130' title='bbox 267 1985 578 2058; x_wconf 77' lang='lat' dir='ltr'><strong>coercendis</strong></span> <span class='ocrx_word' id='word_1_131' title='bbox 626 2012 787 2071; x_wconf 89' lang='lat' dir='ltr'><strong>atque</strong></span> <span class='ocrx_word' id='word_1_132' title='bbox 823 2000 1077 2056; x_wconf 85' lang='lat' dir='ltr'><strong>sanandis</strong></span> <span class='ocrx_word' id='word_1_133' title='bbox 1121 1999 1358 2070; x_wconf 75' lang='lat' dir='ltr'><strong>invigilat</strong></span> <span class='ocrx_word' id='word_1_134' title='bbox 1402 1997 1634 2054; x_wconf 82' lang='lat' dir='ltr'><strong>ofﬁcium</strong></span> <span class='ocrx_word' id='word_1_135' title='bbox 1678 1997 1850 2053; x_wconf 88' lang='lat' dir='ltr'><strong>conti-</strong></span> 
     </span>
    </p>
   </div>
   <div class='ocr_carea' id='block_1_20' title="bbox 269 2089 1848 2162">
    <p class='ocr_par' dir='ltr' id='par_1_20' title="bbox 269 2089 1848 2162">
     <span class='ocr_line' id='line_1_20' title="bbox 269 2089 1848 2162; baseline -0.002 -16"><span class='ocrx_word' id='word_1_136' title='bbox 269 2092 479 2154; x_wconf 69' lang='lat' dir='ltr'><strong>neptim.</strong></span> <span class='ocrx_word' id='word_1_137' title='bbox 526 2090 681 2148; x_wconf 87' lang='lat' dir='ltr'><strong>Unde</strong></span> <span class='ocrx_word' id='word_1_138' title='bbox 722 2091 999 2162; x_wconf 87' lang='lat' dir='ltr'><strong>angustius</strong></span> <span class='ocrx_word' id='word_1_139' title='bbox 1041 2106 1159 2146; x_wconf 90' lang='lat' dir='ltr'><strong>eam</strong></span> <span class='ocrx_word' id='word_1_140' title='bbox 1201 2092 1319 2146; x_wconf 84' lang='lat' dir='ltr'><strong>sine</strong></span> <span class='ocrx_word' id='word_1_141' title='bbox 1361 2089 1696 2145; x_wconf 84' lang='lat' dir='ltr'><strong>dubitatione</strong></span> <span class='ocrx_word' id='word_1_142' title='bbox 1734 2104 1848 2144; x_wconf 84' lang='lat' dir='ltr'><strong>me—</strong></span> 
     </span>
    </p>
   </div>
   <div class='ocr_carea' id='block_1_21' title="bbox 269 2180 1849 2254">
    <p class='ocr_par' dir='ltr' id='par_1_21' title="bbox 269 2180 1849 2254">
     <span class='ocr_line' id='line_1_21' title="bbox 269 2180 1849 2254; baseline -0.002 -16"><span class='ocrx_word' id='word_1_143' title='bbox 269 2183 484 2249; x_wconf 87' lang='lat' dir='ltr'><strong>tiuntur,</strong></span> <span class='ocrx_word' id='word_1_144' title='bbox 527 2184 619 2254; x_wconf 88' lang='lat' dir='ltr'><strong>qui</strong></span> <span class='ocrx_word' id='word_1_145' title='bbox 657 2184 802 2238; x_wconf 88' lang='lat' dir='ltr'><strong>solas</strong></span> <span class='ocrx_word' id='word_1_146' title='bbox 845 2183 1090 2239; x_wconf 87' lang='lat' dir='ltr'><strong>libidines</strong></span> <span class='ocrx_word' id='word_1_147' title='bbox 1132 2182 1372 2252; x_wconf 91' lang='lat' dir='ltr'><strong>corporis</strong></span> <span class='ocrx_word' id='word_1_148' title='bbox 1411 2181 1666 2237; x_wconf 90' lang='lat' dir='ltr'><strong>cohibere</strong></span> <span class='ocrx_word' id='word_1_149' title='bbox 1711 2180 1849 2237; x_wconf 87' lang='lat' dir='ltr'><strong>deﬁ-</strong></span> 
     </span>
    </p>
   </div>
   <div class='ocr_carea' id='block_1_22' title="bbox 268 2273 1842 2347">
    <p class='ocr_par' dir='ltr' id='par_1_22' title="bbox 268 2273 1842 2347">
     <span class='ocr_line' id='line_1_22' title="bbox 268 2273 1842 2347; baseline -0.006 -10"><span class='ocrx_word' id='word_1_150' title='bbox 268 2276 449 2337; x_wconf 77' lang='lat' dir='ltr'><strong>niunt:</strong></span> <span class='ocrx_word' id='word_1_151' title='bbox 479 2277 673 2332; x_wconf 90' lang='lat' dir='ltr'><strong>melius</strong></span> <span class='ocrx_word' id='word_1_152' title='bbox 700 2274 940 2347; x_wconf 77' lang='lat' dir='ltr'><strong>profecto</strong></span> <span class='ocrx_word' id='word_1_153' title='bbox 968 2276 1064 2341; x_wconf 90' lang='lat' dir='ltr'><strong>illi,</strong></span> <span class='ocrx_word' id='word_1_154' title='bbox 1093 2276 1184 2345; x_wconf 92' lang='lat' dir='ltr'><strong>qui</strong></span> <span class='ocrx_word' id='word_1_155' title='bbox 1215 2290 1318 2330; x_wconf 91' lang='lat' dir='ltr'><strong>non</strong></span> <span class='ocrx_word' id='word_1_156' title='bbox 1356 2273 1556 2330; x_wconf 89' lang='lat' dir='ltr'><strong>addunt</strong></span> <span class='ocrx_word' id='word_1_157' title='bbox 1581 2273 1842 2344; x_wconf 88' lang='lat' dir='ltr'><strong>corporis,</strong></span> 
     </span>
    </p>
   </div>
   <div class='ocr_carea' id='block_1_23' title="bbox 267 2364 1846 2438">
    <p class='ocr_par' dir='ltr' id='par_1_23' title="bbox 267 2364 1846 2438">
     <span class='ocr_line' id='line_1_23' title="bbox 267 2364 1846 2438; baseline -0.003 -14"><span class='ocrx_word' id='word_1_158' title='bbox 267 2367 353 2424; x_wconf 87' lang='lat' dir='ltr'><strong>sed</strong></span> <span class='ocrx_word' id='word_1_159' title='bbox 380 2368 705 2438; x_wconf 77' lang='lat' dir='ltr'><strong>generaliter</strong></span> <span class='ocrx_word' id='word_1_160' title='bbox 729 2367 1006 2423; x_wconf 88' lang='lat' dir='ltr'><strong>libidinem</strong></span> <span class='ocrx_word' id='word_1_161' title='bbox 1042 2368 1154 2423; x_wconf 83' lang='lat' dir='ltr'><strong>sive</strong></span> <span class='ocrx_word' id='word_1_162' title='bbox 1182 2366 1526 2436; x_wconf 89' lang='lat' dir='ltr'><strong>cupiditatem</strong></span> <span class='ocrx_word' id='word_1_163' title='bbox 1557 2364 1846 2437; x_wconf 85' lang='lat' dir='ltr'><strong>regendam</strong></span> 
     </span>
    </p>
   </div>
   <div class='ocr_carea' id='block_1_24' title="bbox 267 2456 1846 2530">
    <p class='ocr_par' dir='ltr' id='par_1_24' title="bbox 267 2456 1846 2530">
     <span class='ocr_line' id='line_1_24' title="bbox 267 2456 1846 2530; baseline -0.003 -13"><span class='ocrx_word' id='word_1_164' title='bbox 267 2458 520 2517; x_wconf 86' lang='lat' dir='ltr'><strong>dicuntad</strong></span> <span class='ocrx_word' id='word_1_165' title='bbox 538 2459 920 2515; x_wconf 90' lang='lat' dir='ltr'><strong>continentiam</strong></span> <span class='ocrx_word' id='word_1_166' title='bbox 936 2458 1355 2530; x_wconf 78' lang='lat' dir='ltr'><strong>pertinere.Qua:</strong></span> <span class='ocrx_word' id='word_1_167' title='bbox 1370 2457 1631 2528; x_wconf 86' lang='lat' dir='ltr'><strong>cupiditas</strong></span> <span class='ocrx_word' id='word_1_168' title='bbox 1647 2457 1698 2511; x_wconf 90' lang='lat' dir='ltr'><strong>in</strong></span> <span class='ocrx_word' id='word_1_169' title='bbox 1715 2456 1846 2512; x_wconf 90' lang='lat' dir='ltr'><strong>vitio</strong></span> 
     </span>
    </p>
   </div>
   <div class='ocr_carea' id='block_1_25' title="bbox 266 2549 1841 2620">
    <p class='ocr_par' dir='ltr' id='par_1_25' title="bbox 266 2549 1841 2620">
     <span class='ocr_line' id='line_1_25' title="bbox 266 2549 1841 2620; baseline 0 -17"><span class='ocrx_word' id='word_1_170' title='bbox 266 2550 498 2620; x_wconf 87' lang='lat' dir='ltr'><strong>ponitur,</strong></span> <span class='ocrx_word' id='word_1_171' title='bbox 526 2565 629 2606; x_wconf 88' lang='lat' dir='ltr'><strong>nec</strong></span> <span class='ocrx_word' id='word_1_172' title='bbox 668 2559 871 2607; x_wconf 88' lang='lat' dir='ltr'><strong>tantum</strong></span> <span class='ocrx_word' id='word_1_173' title='bbox 911 2559 994 2607; x_wconf 92' lang='lat' dir='ltr'><strong>est</strong></span> <span class='ocrx_word' id='word_1_174' title='bbox 1021 2551 1281 2620; x_wconf 90' lang='lat' dir='ltr'><strong>corporis,</strong></span> <span class='ocrx_word' id='word_1_175' title='bbox 1332 2565 1514 2606; x_wconf 90' lang='lat' dir='ltr'><strong>verum</strong></span> <span class='ocrx_word' id='word_1_176' title='bbox 1559 2558 1613 2605; x_wconf 90' lang='lat' dir='ltr'><strong>et</strong></span> <span class='ocrx_word' id='word_1_177' title='bbox 1659 2549 1841 2604; x_wconf 89' lang='lat' dir='ltr'><strong>animi.</strong></span> 
     </span>
    </p>
   </div>
   <div class='ocr_carea' id='block_1_26' title="bbox 268 2640 1847 2712">
    <p class='ocr_par' dir='ltr' id='par_1_26' title="bbox 268 2640 1847 2712">
     <span class='ocr_line' id='line_1_26' title="bbox 268 2640 1847 2712; baseline 0 -16"><span class='ocrx_word' id='word_1_178' title='bbox 268 2640 478 2698; x_wconf 81' lang='lat' dir='ltr'><strong>Etenim</strong></span> <span class='ocrx_word' id='word_1_179' title='bbox 508 2642 555 2697; x_wconf 87' lang='lat' dir='ltr'><strong>si</strong></span> <span class='ocrx_word' id='word_1_180' title='bbox 580 2642 843 2712; x_wconf 89' lang='lat' dir='ltr'><strong>cupiditas</strong></span> <span class='ocrx_word' id='word_1_181' title='bbox 870 2644 1113 2712; x_wconf 91' lang='lat' dir='ltr'><strong>corporis</strong></span> <span class='ocrx_word' id='word_1_182' title='bbox 1138 2652 1221 2698; x_wconf 90' lang='lat' dir='ltr'><strong>est</strong></span> <span class='ocrx_word' id='word_1_183' title='bbox 1249 2643 1302 2697; x_wconf 93' lang='lat' dir='ltr'><strong>in</strong></span> <span class='ocrx_word' id='word_1_184' title='bbox 1335 2641 1772 2697; x_wconf 83' lang='lat' dir='ltr'><strong>fornicationibus</strong></span> <span class='ocrx_word' id='word_1_185' title='bbox 1793 2649 1847 2696; x_wconf 88' lang='lat' dir='ltr'><strong>et</strong></span> 
     </span>
    </p>
   </div>
   <div class='ocr_carea' id='block_1_27' title="bbox 267 2733 1848 2803">
    <p class='ocr_par' dir='ltr' id='par_1_27' title="bbox 267 2733 1848 2803">
     <span class='ocr_line' id='line_1_27' title="bbox 267 2733 1848 2803; baseline 0.001 -15"><span class='ocrx_word' id='word_1_186' title='bbox 267 2733 631 2799; x_wconf 84' lang='lat' dir='ltr'><strong>ebrietatibus,</strong></span> <span class='ocrx_word' id='word_1_187' title='bbox 657 2734 911 2803; x_wconf 83' lang='lat' dir='ltr'><strong>numquid</strong></span> <span class='ocrx_word' id='word_1_188' title='bbox 938 2734 1249 2799; x_wconf 65' lang='lat' dir='ltr'><strong>inimicitia),</strong></span> <span class='ocrx_word' id='word_1_189' title='bbox 1272 2735 1664 2801; x_wconf 88' lang='lat' dir='ltr'><strong>contentiones,</strong></span> <span class='ocrx_word' id='word_1_190' title='bbox 1687 2749 1848 2790; x_wconf 73' lang='lat' dir='ltr'><strong>temu-</strong></span> 
     </span>
    </p>
   </div>
   <div class='ocr_carea' id='block_1_28' title="bbox 268 2823 1840 2898">
    <p class='ocr_par' dir='ltr' id='par_1_28' title="bbox 268 2823 1840 2898">
     <span class='ocr_line' id='line_1_28' title="bbox 268 2823 1840 2898; baseline 0.003 -20"><span class='ocrx_word' id='word_1_191' title='bbox 268 2823 510 2891; x_wconf 81' lang='lat' dir='ltr'><strong>lationes,</strong></span> <span class='ocrx_word' id='word_1_192' title='bbox 540 2836 811 2896; x_wconf 80' lang='lat' dir='ltr'><strong>postremo</strong></span> <span class='ocrx_word' id='word_1_193' title='bbox 837 2827 1219 2894; x_wconf 80' lang='lat' dir='ltr'><strong>animositates,</strong></span> <span class='ocrx_word' id='word_1_194' title='bbox 1250 2827 1302 2882; x_wconf 93' lang='lat' dir='ltr'><strong>in</strong></span> <span class='ocrx_word' id='word_1_195' title='bbox 1329 2828 1567 2898; x_wconf 89' lang='lat' dir='ltr'><strong>corporis</strong></span> <span class='ocrx_word' id='word_1_196' title='bbox 1594 2829 1840 2898; x_wconf 89' lang='lat' dir='ltr'><strong>volupta-</strong></span> 
     </span>
    </p>
   </div>
   <div class='ocr_carea' id='block_1_29' title="bbox 268 2915 1842 2989">
    <p class='ocr_par' dir='ltr' id='par_1_29' title="bbox 268 2915 1842 2989">
     <span class='ocr_line' id='line_1_29' title="bbox 268 2915 1842 2989; baseline 0.003 -19"><span class='ocrx_word' id='word_1_197' title='bbox 268 2915 426 2983; x_wconf 87' lang='lat' dir='ltr'><strong>tibus,</strong></span> <span class='ocrx_word' id='word_1_198' title='bbox 479 2931 546 2972; x_wconf 89' lang='lat' dir='ltr'><strong>ac</strong></span> <span class='ocrx_word' id='word_1_199' title='bbox 595 2932 700 2973; x_wconf 90' lang='lat' dir='ltr'><strong>non</strong></span> <span class='ocrx_word' id='word_1_200' title='bbox 752 2918 925 2988; x_wconf 89' lang='lat' dir='ltr'><strong>potius</strong></span> <span class='ocrx_word' id='word_1_201' title='bbox 966 2918 1018 2972; x_wconf 93' lang='lat' dir='ltr'><strong>in</strong></span> <span class='ocrx_word' id='word_1_202' title='bbox 1062 2918 1225 2973; x_wconf 88' lang='lat' dir='ltr'><strong>animi</strong></span> <span class='ocrx_word' id='word_1_203' title='bbox 1273 2919 1505 2974; x_wconf 87' lang='lat' dir='ltr'><strong>motibus</strong></span> <span class='ocrx_word' id='word_1_204' title='bbox 1547 2928 1601 2975; x_wconf 89' lang='lat' dir='ltr'><strong>et</strong></span> <span class='ocrx_word' id='word_1_205' title='bbox 1628 2928 1842 2989; x_wconf 90' lang='lat' dir='ltr'><strong>pertur-</strong></span> 
     </span>
    </p>
   </div>
   <div class='ocr_carea' id='block_1_30' title="bbox 269 3004 1844 3087">
    <p class='ocr_par' dir='ltr' id='par_1_30' title="bbox 269 3004 1844 3087">
     <span class='ocr_line' id='line_1_30' title="bbox 269 3004 1844 3087; baseline 0.003 -26"><span class='ocrx_word' id='word_1_206' title='bbox 269 3004 569 3064; x_wconf 88' lang='lat' dir='ltr'><strong>bationibus</strong></span> <span class='ocrx_word' id='word_1_207' title='bbox 594 3011 952 3085; x_wconf 81' lang='lat' dir='ltr'><strong>exercentur?</strong></span> <span class='ocrx_word' id='word_1_208' title='bbox 975 3009 1161 3065; x_wconf 87' lang='lat' dir='ltr'><strong>Carnis</strong></span> <span class='ocrx_word' id='word_1_209' title='bbox 1191 3018 1365 3087; x_wconf 83' lang='lat' dir='ltr'><strong>tamen</strong></span> <span class='ocrx_word' id='word_1_210' title='bbox 1397 3024 1558 3080; x_wconf 88' lang='lat' dir='ltr'><strong>opera</strong></span> <span class='ocrx_word' id='word_1_211' title='bbox 1589 3011 1704 3065; x_wconf 64' lang='lat' dir='ltr'><strong>hac</strong></span> <span class='ocrx_word' id='word_1_212' title='bbox 1729 3026 1844 3065; x_wconf 80' lang='lat' dir='ltr'><strong>om-</strong></span> 
     </span>
    </p>
   </div>
   <div class='ocr_carea' id='block_1_31' title="bbox 268 3098 1845 3171">
    <p class='ocr_par' dir='ltr' id='par_1_31' title="bbox 268 3098 1845 3171">
     <span class='ocr_line' id='line_1_31' title="bbox 268 3098 1845 3171; baseline 0.001 -17"><span class='ocrx_word' id='word_1_213' title='bbox 268 3098 348 3154; x_wconf 88' lang='lat' dir='ltr'><strong>nia</strong></span> <span class='ocrx_word' id='word_1_214' title='bbox 374 3100 702 3170; x_wconf 82' lang='lat' dir='ltr'><strong>nuncupavit</strong></span> <span class='ocrx_word' id='word_1_215' title='bbox 725 3099 1031 3170; x_wconf 74' lang='lat' dir='ltr'><strong>Apostolus,</strong></span> <span class='ocrx_word' id='word_1_216' title='bbox 1063 3101 1175 3157; x_wconf 86' lang='lat' dir='ltr'><strong>sive</strong></span> <span class='ocrx_word' id='word_1_217' title='bbox 1200 3116 1319 3171; x_wconf 68' lang='lat' dir='ltr'><strong>quze</strong></span> <span class='ocrx_word' id='word_1_218' title='bbox 1346 3100 1413 3156; x_wconf 89' lang='lat' dir='ltr'><strong>ad</strong></span> <span class='ocrx_word' id='word_1_219' title='bbox 1444 3101 1699 3165; x_wconf 91' lang='lat' dir='ltr'><strong>animum,</strong></span> <span class='ocrx_word' id='word_1_220' title='bbox 1731 3101 1845 3156; x_wconf 85' lang='lat' dir='ltr'><strong>sive</strong></span> 
     </span>
    </p>
   </div>
   <div class='ocr_carea' id='block_1_32' title="bbox 269 3190 1846 3263">
    <p class='ocr_par' dir='ltr' id='par_1_32' title="bbox 269 3190 1846 3263">
     <span class='ocr_line' id='line_1_32' title="bbox 269 3190 1846 3263; baseline 0.003 -18"><span class='ocrx_word' id='word_1_221' title='bbox 269 3206 382 3261; x_wconf 72' lang='lat' dir='ltr'><strong>qua:</strong></span> <span class='ocrx_word' id='word_1_222' title='bbox 422 3190 490 3250; x_wconf 86' lang='lat' dir='ltr'><strong>ad</strong></span> <span class='ocrx_word' id='word_1_223' title='bbox 527 3206 743 3247; x_wconf 86' lang='lat' dir='ltr'><strong>carnem</strong></span> <span class='ocrx_word' id='word_1_224' title='bbox 790 3193 1000 3263; x_wconf 84' lang='lat' dir='ltr'><strong>proprie</strong></span> <span class='ocrx_word' id='word_1_225' title='bbox 1028 3193 1374 3262; x_wconf 85' lang='lat' dir='ltr'><strong>pertinerent,</strong></span> <span class='ocrx_word' id='word_1_226' title='bbox 1426 3195 1596 3263; x_wconf 90' lang='lat' dir='ltr'><strong>ipsum</strong></span> <span class='ocrx_word' id='word_1_227' title='bbox 1642 3193 1846 3249; x_wconf 86' lang='lat' dir='ltr'><strong>scilicet</strong></span> 
     </span>
    </p>
   </div>
   <div class='ocr_carea' id='block_1_33' title="bbox 269 3279 1841 3355">
    <p class='ocr_par' dir='ltr' id='par_1_33' title="bbox 269 3279 1841 3355">
     <span class='ocr_line' id='line_1_33' title="bbox 269 3279 1841 3355; baseline 0.002 -21"><span class='ocrx_word' id='word_1_228' title='bbox 269 3279 539 3336; x_wconf 88' lang='lat' dir='ltr'><strong>hominem</strong></span> <span class='ocrx_word' id='word_1_229' title='bbox 566 3282 782 3337; x_wconf 87' lang='lat' dir='ltr'><strong>nomine</strong></span> <span class='ocrx_word' id='word_1_230' title='bbox 810 3281 986 3337; x_wconf 87' lang='lat' dir='ltr'><strong>carnis</strong></span> <span class='ocrx_word' id='word_1_231' title='bbox 1013 3283 1285 3352; x_wconf 80' lang='lat' dir='ltr'><strong>appellans</strong></span> <span class='ocrx_word' id='word_1_232' title='bbox 1312 3282 1507 3353; x_wconf 83' lang='lat' dir='ltr'><strong>(Galat.</strong></span> <span class='ocrx_word' id='word_1_233' title='bbox 1537 3299 1588 3349; x_wconf 92' lang='lat' dir='ltr'><strong>v,</strong></span> <span class='ocrx_word' id='word_1_234' title='bbox 1617 3282 1771 3338; x_wconf 69' lang='lat'><strong>19-21</strong></span> <span class='ocrx_word' id='word_1_235' title='bbox 1799 3282 1841 3355; x_wconf 93' lang='lat'><strong>).</strong></span> 
     </span>
    </p>
   </div>
   <div class='ocr_carea' id='block_1_34' title="bbox 272 3370 1842 3444">
    <p class='ocr_par' dir='ltr' id='par_1_34' title="bbox 272 3370 1842 3444">
     <span class='ocr_line' id='line_1_34' title="bbox 272 3370 1842 3444; baseline 0.001 -18"><span class='ocrx_word' id='word_1_236' title='bbox 272 3370 441 3442; x_wconf 86' lang='lat' dir='ltr'><strong>Opera</strong></span> <span class='ocrx_word' id='word_1_237' title='bbox 470 3372 668 3443; x_wconf 89' lang='lat' dir='ltr'><strong>quippe</strong></span> <span class='ocrx_word' id='word_1_238' title='bbox 712 3372 942 3428; x_wconf 89' lang='lat' dir='ltr'><strong>hominis</strong></span> <span class='ocrx_word' id='word_1_239' title='bbox 984 3385 1108 3429; x_wconf 90' lang='lat' dir='ltr'><strong>sunt</strong></span> <span class='ocrx_word' id='word_1_240' title='bbox 1148 3389 1267 3444; x_wconf 79' lang='lat' dir='ltr'><strong>qua:</strong></span> <span class='ocrx_word' id='word_1_241' title='bbox 1302 3390 1406 3428; x_wconf 89' lang='lat' dir='ltr'><strong>non</strong></span> <span class='ocrx_word' id='word_1_242' title='bbox 1436 3374 1684 3429; x_wconf 88' lang='lat' dir='ltr'><strong>dicuntur</strong></span> <span class='ocrx_word' id='word_1_243' title='bbox 1714 3374 1842 3440; x_wconf 90' lang='lat' dir='ltr'><strong>Dei;</strong></span> 
     </span>
    </p>
   </div>
   <div class='ocr_carea' id='block_1_35' title="bbox 271 3463 1848 3536">
    <p class='ocr_par' dir='ltr' id='par_1_35' title="bbox 271 3463 1848 3536">
     <span class='ocr_line' id='line_1_35' title="bbox 271 3463 1848 3536; baseline 0.001 -19"><span class='ocrx_word' id='word_1_244' title='bbox 271 3465 516 3533; x_wconf 88' lang='lat' dir='ltr'><strong>quoniam</strong></span> <span class='ocrx_word' id='word_1_245' title='bbox 548 3463 709 3520; x_wconf 90' lang='lat' dir='ltr'><strong>homo</strong></span> <span class='ocrx_word' id='word_1_246' title='bbox 736 3465 824 3534; x_wconf 90' lang='lat' dir='ltr'><strong>qui</strong></span> <span class='ocrx_word' id='word_1_247' title='bbox 864 3464 976 3519; x_wconf 73' lang='lat' dir='ltr'><strong>hmc</strong></span> <span class='ocrx_word' id='word_1_248' title='bbox 1005 3465 1134 3536; x_wconf 80' lang='lat' dir='ltr'><strong>agit,</strong></span> <span class='ocrx_word' id='word_1_249' title='bbox 1164 3465 1455 3521; x_wconf 90' lang='lat' dir='ltr'><strong>secundum</strong></span> <span class='ocrx_word' id='word_1_250' title='bbox 1485 3480 1545 3521; x_wconf 90' lang='lat' dir='ltr'><strong>se</strong></span> <span class='ocrx_word' id='word_1_251' title='bbox 1573 3466 1742 3536; x_wconf 89' lang='lat' dir='ltr'><strong>ipsum</strong></span> <span class='ocrx_word' id='word_1_252' title='bbox 1771 3465 1848 3519; x_wconf 85' lang='lat' dir='ltr'><strong>vi—</strong></span> 
     </span>
    </p>
   </div>
   <div class='ocr_carea' id='block_1_36' title="bbox 268 3555 1849 3629">
    <p class='ocr_par' dir='ltr' id='par_1_36' title="bbox 268 3555 1849 3629">
     <span class='ocr_line' id='line_1_36' title="bbox 268 3555 1849 3629; baseline 0 -18"><span class='ocrx_word' id='word_1_253' title='bbox 268 3556 360 3623; x_wconf 86' lang='lat' dir='ltr'><strong>vit,</strong></span> <span class='ocrx_word' id='word_1_254' title='bbox 386 3570 495 3611; x_wconf 89' lang='lat' dir='ltr'><strong>non</strong></span> <span class='ocrx_word' id='word_1_255' title='bbox 521 3556 815 3612; x_wconf 83' lang='lat' dir='ltr'><strong>secundum</strong></span> <span class='ocrx_word' id='word_1_256' title='bbox 839 3558 1027 3624; x_wconf 88' lang='lat' dir='ltr'><strong>Deum,</strong></span> <span class='ocrx_word' id='word_1_257' title='bbox 1053 3556 1109 3610; x_wconf 88' lang='lat' dir='ltr'><strong>in</strong></span> <span class='ocrx_word' id='word_1_258' title='bbox 1132 3566 1388 3627; x_wconf 88' lang='lat' dir='ltr'><strong>quantum</strong></span> <span class='ocrx_word' id='word_1_259' title='bbox 1417 3557 1531 3612; x_wconf 68' lang='lat' dir='ltr'><strong>haec</strong></span> <span class='ocrx_word' id='word_1_260' title='bbox 1558 3557 1685 3629; x_wconf 88' lang='lat' dir='ltr'><strong>agit.</strong></span> <span class='ocrx_word' id='word_1_261' title='bbox 1712 3555 1849 3612; x_wconf 87' lang='lat' dir='ltr'><strong>Sunt</strong></span> 
     </span>
    </p>
   </div>
   <div class='ocr_carea' id='block_1_37' title="bbox 270 3650 1846 3722">
    <p class='ocr_par' dir='ltr' id='par_1_37' title="bbox 270 3650 1846 3722">
     <span class='ocr_line' id='line_1_37' title="bbox 270 3650 1846 3722; baseline 0 -18"><span class='ocrx_word' id='word_1_262' title='bbox 270 3660 444 3707; x_wconf 88' lang='lat' dir='ltr'><strong>autem</strong></span> <span class='ocrx_word' id='word_1_263' title='bbox 485 3651 588 3706; x_wconf 89' lang='lat' dir='ltr'><strong>alia</strong></span> <span class='ocrx_word' id='word_1_264' title='bbox 627 3666 789 3722; x_wconf 88' lang='lat' dir='ltr'><strong>opera</strong></span> <span class='ocrx_word' id='word_1_265' title='bbox 828 3650 1078 3715; x_wconf 89' lang='lat' dir='ltr'><strong>hominis,</strong></span> <span class='ocrx_word' id='word_1_266' title='bbox 1118 3667 1234 3721; x_wconf 70' lang='lat' dir='ltr'><strong>qua:</strong></span> <span class='ocrx_word' id='word_1_267' title='bbox 1275 3651 1440 3722; x_wconf 91' lang='lat' dir='ltr'><strong>magis</strong></span> <span class='ocrx_word' id='word_1_268' title='bbox 1469 3651 1691 3707; x_wconf 84' lang='lat' dir='ltr'><strong>dicenda</strong></span> <span class='ocrx_word' id='word_1_269' title='bbox 1720 3658 1846 3705; x_wconf 85' lang='lat' dir='ltr'><strong>sunt</strong></span> 
     </span>
    </p>
   </div>
   <div class='ocr_carea' id='block_1_38' title="bbox 270 3741 1846 3813">
    <p class='ocr_par' dir='ltr' id='par_1_38' title="bbox 270 3741 1846 3813">
     <span class='ocr_line' id='line_1_38' title="bbox 270 3741 1846 3813; baseline -0.001 -17"><span class='ocrx_word' id='word_1_270' title='bbox 270 3755 428 3812; x_wconf 83' lang='lat' dir='ltr'><strong>opera</strong></span> <span class='ocrx_word' id='word_1_271' title='bbox 453 3742 568 3797; x_wconf 90' lang='lat' dir='ltr'><strong>Dei.</strong></span> <span class='ocrx_word' id='word_1_272' title='bbox 600 3741 737 3796; x_wconf 85' lang='lat' dir='ltr'><strong>Deus</strong></span> <span class='ocrx_word' id='word_1_273' title='bbox 773 3751 843 3797; x_wconf 86' lang='lat' dir='ltr'><strong>est</strong></span> <span class='ocrx_word' id='word_1_274' title='bbox 874 3743 1026 3809; x_wconf 86' lang='lat' dir='ltr'><strong>enim,</strong></span> <span class='ocrx_word' id='word_1_275' title='bbox 1057 3742 1229 3812; x_wconf 89' lang='lat' dir='ltr'><strong>inquit</strong></span> <span class='ocrx_word' id='word_1_276' title='bbox 1256 3743 1558 3812; x_wconf 86' lang='lat' dir='ltr'><strong>Apostolus,</strong></span> <span class='ocrx_word' id='word_1_277' title='bbox 1603 3743 1688 3813; x_wconf 85' lang='lat' dir='ltr'><strong>qui</strong></span> <span class='ocrx_word' id='word_1_278' title='bbox 1725 3758 1846 3813; x_wconf 84' lang='lat' dir='ltr'><strong>ape—</strong></span> 
     </span>
    </p>
   </div>
   <div class='ocr_carea' id='block_1_39' title="bbox 271 3834 1851 3907">
    <p class='ocr_par' dir='ltr' id='par_1_39' title="bbox 271 3834 1851 3907">
     <span class='ocr_line' id='line_1_39' title="bbox 271 3834 1851 3907; baseline 0.001 -20"><span class='ocrx_word' id='word_1_279' title='bbox 271 3843 410 3888; x_wconf 86' lang='lat' dir='ltr'><strong>ratur</strong></span> <span class='ocrx_word' id='word_1_280' title='bbox 432 3835 485 3891; x_wconf 87' lang='lat' dir='ltr'><strong>in</strong></span> <span class='ocrx_word' id='word_1_281' title='bbox 510 3835 649 3888; x_wconf 82' lang='lat' dir='ltr'><strong>vobis</strong></span> <span class='ocrx_word' id='word_1_282' title='bbox 687 3844 734 3888; x_wconf 86' lang='lat' dir='ltr'><strong>et</strong></span> <span class='ocrx_word' id='word_1_283' title='bbox 767 3834 892 3889; x_wconf 84' lang='lat' dir='ltr'><strong>velle</strong></span> <span class='ocrx_word' id='word_1_284' title='bbox 928 3844 975 3889; x_wconf 90' lang='lat' dir='ltr'><strong>et</strong></span> <span class='ocrx_word' id='word_1_285' title='bbox 1019 3837 1251 3905; x_wconf 80' lang='lat' dir='ltr'><strong>operari,</strong></span> <span class='ocrx_word' id='word_1_286' title='bbox 1298 3852 1388 3907; x_wconf 88' lang='lat' dir='ltr'><strong>pro</strong></span> <span class='ocrx_word' id='word_1_287' title='bbox 1424 3836 1555 3889; x_wconf 90' lang='lat' dir='ltr'><strong>bona</strong></span> <span class='ocrx_word' id='word_1_288' title='bbox 1596 3837 1851 3891; x_wconf 87' lang='lat' dir='ltr'><strong>voluntate</strong></span> 
     </span>
    </p>
   </div>
   <div class='ocr_carea' id='block_1_40' title="bbox 275 3924 1848 3999">
    <p class='ocr_par' dir='ltr' id='par_1_40' title="bbox 275 3924 1848 3999">
     <span class='ocr_line' id='line_1_40' title="bbox 275 3924 1848 3999; baseline 0.001 -19"><span class='ocrx_word' id='word_1_289' title='bbox 275 3924 546 3999; x_wconf 76' lang='lat' dir='ltr'><strong>(Philipp.</strong></span> <span class='ocrx_word' id='word_1_290' title='bbox 577 3942 639 3994; x_wconf 89' lang='grc' dir='ltr'>ιι,</span> <span class='ocrx_word' id='word_1_291' title='bbox 681 3927 807 3998; x_wconf 77' lang='grc'><strong>15).</strong></span> <span class='ocrx_word' id='word_1_292' title='bbox 850 3926 976 3983; x_wconf 83' lang='lat' dir='ltr'><strong>Inde</strong></span> <span class='ocrx_word' id='word_1_293' title='bbox 1010 3937 1093 3983; x_wconf 89' lang='lat' dir='ltr'><strong>est</strong></span> <span class='ocrx_word' id='word_1_294' title='bbox 1128 3937 1183 3983; x_wconf 91' lang='lat' dir='ltr'><strong>et</strong></span> <span class='ocrx_word' id='word_1_295' title='bbox 1219 3928 1383 3985; x_wconf 90' lang='lat' dir='ltr'><strong>illud:</strong></span> <span class='ocrx_word' id='word_1_296' title='bbox 1426 3927 1678 3998; x_wconf 83' lang='lat' dir='ltr'><strong>Quotquot</strong></span> <span class='ocrx_word' id='word_1_297' title='bbox 1716 3928 1848 3982; x_wconf 88' lang='lat' dir='ltr'><strong>enim</strong></span> 
     </span>
    </p>
   </div>
   <div class='ocr_carea' id='block_1_41' title="bbox 275 4016 1846 4092">
    <p class='ocr_par' dir='ltr' id='par_1_41' title="bbox 275 4016 1846 4092">
     <span class='ocr_line' id='line_1_41' title="bbox 275 4016 1846 4092; baseline 0 -21"><span class='ocrx_word' id='word_1_298' title='bbox 275 4016 469 4088; x_wconf 81' lang='lat' dir='ltr'><strong>Spiritu</strong></span> <span class='ocrx_word' id='word_1_299' title='bbox 500 4017 599 4072; x_wconf 90' lang='lat' dir='ltr'><strong>Dei</strong></span> <span class='ocrx_word' id='word_1_300' title='bbox 625 4027 864 4090; x_wconf 80' lang='lat' dir='ltr'><strong>aguntur,</strong></span> <span class='ocrx_word' id='word_1_301' title='bbox 892 4019 943 4072; x_wconf 87' lang='lat' dir='ltr'><strong>hi</strong></span> <span class='ocrx_word' id='word_1_302' title='bbox 970 4018 1066 4088; x_wconf 81' lang='lat' dir='ltr'><strong>ﬁlii</strong></span> <span class='ocrx_word' id='word_1_303' title='bbox 1090 4028 1206 4073; x_wconf 86' lang='lat' dir='ltr'><strong>sunt</strong></span> <span class='ocrx_word' id='word_1_304' title='bbox 1231 4018 1329 4073; x_wconf 89' lang='lat' dir='ltr'><strong>Dei</strong></span> <span class='ocrx_word' id='word_1_305' title='bbox 1364 4017 1538 4092; x_wconf 86' lang='lat' dir='ltr'><strong>(Rom.</strong></span> <span class='ocrx_word' id='word_1_306' title='bbox 1578 4034 1690 4085; x_wconf 88' lang='lat' dir='ltr'><strong>vm,</strong></span> <span class='ocrx_word' id='word_1_307' title='bbox 1719 4017 1846 4089; x_wconf 73' lang='grc' dir='ltr'><strong>Η).</strong></span> 
     </span>
    </p>
   </div>
   <div class='ocr_carea' id='block_1_42' title="bbox 338 4110 1846 4182">
    <p class='ocr_par' dir='ltr' id='par_1_42' title="bbox 338 4110 1846 4182">
     <span class='ocr_line' id='line_1_42' title="bbox 338 4110 1846 4182; baseline -0.001 -16"><span class='ocrx_word' id='word_1_308' title='bbox 338 4110 434 4166; x_wconf 75' lang='lat'><strong>29.</strong></span> <span class='ocrx_word' id='word_1_309' title='bbox 474 4111 703 4181; x_wconf 85' lang='lat' dir='ltr'><strong>Spiritus</strong></span> <span class='ocrx_word' id='word_1_310' title='bbox 730 4113 906 4182; x_wconf 85' lang='lat' dir='ltr'><strong>itaque</strong></span> <span class='ocrx_word' id='word_1_311' title='bbox 933 4111 1162 4168; x_wconf 90' lang='lat' dir='ltr'><strong>hominis</strong></span> <span class='ocrx_word' id='word_1_312' title='bbox 1186 4111 1464 4166; x_wconf 75' lang='lat' dir='ltr'><strong>adhaerens</strong></span> <span class='ocrx_word' id='word_1_313' title='bbox 1484 4110 1703 4181; x_wconf 91' lang='lat' dir='ltr'><strong>Spiritui</strong></span> <span class='ocrx_word' id='word_1_314' title='bbox 1730 4110 1846 4176; x_wconf 90' lang='lat' dir='ltr'><strong>Dei,</strong></span> 
     </span>
    </p>
   </div>
   <div class='ocr_carea' id='block_1_43' title="bbox 275 4202 1849 4274">
    <p class='ocr_par' dir='ltr' id='par_1_43' title="bbox 275 4202 1849 4274">
     <span class='ocr_line' id='line_1_43' title="bbox 275 4202 1849 4274; baseline -0.002 -16"><span class='ocrx_word' id='word_1_315' title='bbox 275 4202 607 4274; x_wconf 82' lang='lat' dir='ltr'><strong>concupiscit</strong></span> <span class='ocrx_word' id='word_1_316' title='bbox 633 4202 890 4258; x_wconf 84' lang='lat' dir='ltr'><strong>adversus</strong></span> <span class='ocrx_word' id='word_1_317' title='bbox 918 4217 1151 4268; x_wconf 87' lang='lat' dir='ltr'><strong>carnem,</strong></span> <span class='ocrx_word' id='word_1_318' title='bbox 1184 4202 1235 4258; x_wconf 92' lang='lat' dir='ltr'><strong>id</strong></span> <span class='ocrx_word' id='word_1_319' title='bbox 1266 4210 1366 4266; x_wconf 86' lang='lat' dir='ltr'><strong>est,</strong></span> <span class='ocrx_word' id='word_1_320' title='bbox 1398 4202 1656 4257; x_wconf 89' lang='lat' dir='ltr'><strong>adversus</strong></span> <span class='ocrx_word' id='word_1_321' title='bbox 1684 4216 1743 4257; x_wconf 92' lang='lat' dir='ltr'><strong>se</strong></span> <span class='ocrx_word' id='word_1_322' title='bbox 1768 4202 1849 4271; x_wconf 90' lang='lat' dir='ltr'><strong>ip-</strong></span> 
     </span>
    </p>
   </div>
   <div class='ocr_carea' id='block_1_44' title="bbox 278 4292 1852 4365">
    <p class='ocr_par' dir='ltr' id='par_1_44' title="bbox 278 4292 1852 4365">
     <span class='ocr_line' id='line_1_44' title="bbox 278 4292 1852 4365; baseline -0.002 -15"><span class='ocrx_word' id='word_1_323' title='bbox 278 4310 390 4351; x_wconf 91' lang='lat' dir='ltr'><strong>sum</strong></span> <span class='ocrx_word' id='word_1_324' title='bbox 411 4312 429 4361; x_wconf 89' lang='lat'><strong>;</strong></span> <span class='ocrx_word' id='word_1_325' title='bbox 450 4292 550 4353; x_wconf 88' lang='lat' dir='ltr'><strong>sed</strong></span> <span class='ocrx_word' id='word_1_326' title='bbox 571 4308 668 4365; x_wconf 88' lang='lat' dir='ltr'><strong>pro</strong></span> <span class='ocrx_word' id='word_1_327' title='bbox 687 4308 750 4351; x_wconf 90' lang='lat' dir='ltr'><strong>se</strong></span> <span class='ocrx_word' id='word_1_328' title='bbox 776 4298 910 4365; x_wconf 85' lang='lat' dir='ltr'><strong>Ipso,</strong></span> <span class='ocrx_word' id='word_1_329' title='bbox 936 4303 993 4350; x_wconf 90' lang='lat' dir='ltr'><strong>ut</strong></span> <span class='ocrx_word' id='word_1_330' title='bbox 1012 4304 1188 4349; x_wconf 89' lang='lat' dir='ltr'><strong>motus</strong></span> <span class='ocrx_word' id='word_1_331' title='bbox 1211 4294 1286 4350; x_wconf 92' lang='lat' dir='ltr'><strong>illi</strong></span> <span class='ocrx_word' id='word_1_332' title='bbox 1313 4294 1430 4348; x_wconf 88' lang='lat' dir='ltr'><strong>sive</strong></span> <span class='ocrx_word' id='word_1_333' title='bbox 1456 4295 1509 4347; x_wconf 91' lang='lat' dir='ltr'><strong>in</strong></span> <span class='ocrx_word' id='word_1_334' title='bbox 1534 4307 1715 4358; x_wconf 90' lang='lat' dir='ltr'><strong>carne,</strong></span> <span class='ocrx_word' id='word_1_335' title='bbox 1739 4293 1852 4347; x_wconf 90' lang='lat' dir='ltr'><strong>sive</strong></span> 
     </span>
    </p>
   </div>
   <div class='ocr_carea' id='block_1_45' title="bbox 277 4382 1847 4451">
    <p class='ocr_par' dir='ltr' id='par_1_45' title="bbox 277 4382 1847 4451">
     <span class='ocr_line' id='line_1_45' title="bbox 277 4382 1847 4451; baseline -0.001 -11"><span class='ocrx_word' id='word_1_336' title='bbox 277 4385 327 4440; x_wconf 92' lang='lat' dir='ltr'><strong>in</strong></span> <span class='ocrx_word' id='word_1_337' title='bbox 352 4385 555 4451; x_wconf 86' lang='lat' dir='ltr'><strong>anima,</strong></span> <span class='ocrx_word' id='word_1_338' title='bbox 586 4385 875 4441; x_wconf 88' lang='lat' dir='ltr'><strong>secundum</strong></span> <span class='ocrx_word' id='word_1_339' title='bbox 906 4384 1193 4451; x_wconf 85' lang='lat' dir='ltr'><strong>hominem,</strong></span> <span class='ocrx_word' id='word_1_340' title='bbox 1217 4400 1321 4438; x_wconf 89' lang='lat' dir='ltr'><strong>non</strong></span> <span class='ocrx_word' id='word_1_341' title='bbox 1343 4382 1633 4439; x_wconf 89' lang='lat' dir='ltr'><strong>secundum</strong></span> <span class='ocrx_word' id='word_1_342' title='bbox 1657 4382 1847 4447; x_wconf 91' lang='lat' dir='ltr'><strong>Deum,</strong></span> 
     </span>
    </p>
   </div>
   <div class='ocr_carea' id='block_1_46' title="bbox 278 4473 1852 4546">
    <p class='ocr_par' dir='ltr' id='par_1_46' title="bbox 278 4473 1852 4546">
     <span class='ocr_line' id='line_1_46' title="bbox 278 4473 1852 4546; baseline -0.001 -16"><span class='ocrx_word' id='word_1_343' title='bbox 278 4476 364 4546; x_wconf 84' lang='lat' dir='ltr'><strong>qui</strong></span> <span class='ocrx_word' id='word_1_344' title='bbox 390 4486 514 4533; x_wconf 89' lang='lat' dir='ltr'><strong>sunt</strong></span> <span class='ocrx_word' id='word_1_345' title='bbox 538 4476 714 4531; x_wconf 89' lang='lat' dir='ltr'><strong>adhuc</strong></span> <span class='ocrx_word' id='word_1_346' title='bbox 737 4492 832 4546; x_wconf 82' lang='lat' dir='ltr'><strong>per</strong></span> <span class='ocrx_word' id='word_1_347' title='bbox 854 4476 1170 4546; x_wconf 87' lang='lat' dir='ltr'><strong>acquisitum</strong></span> <span class='ocrx_word' id='word_1_348' title='bbox 1200 4476 1529 4545; x_wconf 86' lang='lat' dir='ltr'><strong>languorem,</strong></span> <span class='ocrx_word' id='word_1_349' title='bbox 1569 4473 1852 4529; x_wconf 89' lang='lat' dir='ltr'><strong>continen-</strong></span> 
     </span>
    </p>
   </div>
   <div class='ocr_carea' id='block_1_47' title="bbox 278 4568 1852 4640">
    <p class='ocr_par' dir='ltr' id='par_1_47' title="bbox 278 4568 1852 4640">
     <span class='ocr_line' id='line_1_47' title="bbox 278 4568 1852 4640; baseline 0 -18"><span class='ocrx_word' id='word_1_350' title='bbox 278 4569 345 4623; x_wconf 86' lang='lat' dir='ltr'><strong>tia</strong></span> <span class='ocrx_word' id='word_1_351' title='bbox 388 4569 762 4635; x_wconf 84' lang='lat' dir='ltr'><strong>cohibeantur,</strong></span> <span class='ocrx_word' id='word_1_352' title='bbox 810 4577 1024 4639; x_wconf 89' lang='lat' dir='ltr'><strong>propter</strong></span> <span class='ocrx_word' id='word_1_353' title='bbox 1052 4569 1428 4640; x_wconf 90' lang='lat' dir='ltr'><strong>acqnircndam</strong></span> <span class='ocrx_word' id='word_1_354' title='bbox 1475 4568 1704 4624; x_wconf 90' lang='lat' dir='ltr'><strong>salutem</strong></span> <span class='ocrx_word' id='word_1_355' title='bbox 1738 4586 1751 4622; x_wconf 89' lang='lat'><strong>:</strong></span> <span class='ocrx_word' id='word_1_356' title='bbox 1793 4576 1852 4622; x_wconf 92' lang='lat' dir='ltr'><strong>ut</strong></span> 
     </span>
    </p>
   </div>
   <div class='ocr_carea' id='block_1_48' title="bbox 277 4655 1854 4730">
    <p class='ocr_par' dir='ltr' id='par_1_48' title="bbox 277 4655 1854 4730">
     <span class='ocr_line' id='line_1_48' title="bbox 277 4655 1854 4730; baseline 0.001 -18"><span class='ocrx_word' id='word_1_357' title='bbox 277 4655 438 4713; x_wconf 89' lang='lat' dir='ltr'><strong>homo</strong></span> <span class='ocrx_word' id='word_1_358' title='bbox 465 4673 571 4713; x_wconf 90' lang='lat' dir='ltr'><strong>non</strong></span> <span class='ocrx_word' id='word_1_359' title='bbox 596 4658 892 4714; x_wconf 90' lang='lat' dir='ltr'><strong>secundum</strong></span> <span class='ocrx_word' id='word_1_360' title='bbox 925 4659 1190 4715; x_wconf 87' lang='lat' dir='ltr'><strong>hominem</strong></span> <span class='ocrx_word' id='word_1_361' title='bbox 1220 4660 1423 4725; x_wconf 89' lang='lat' dir='ltr'><strong>vivens,</strong></span> <span class='ocrx_word' id='word_1_362' title='bbox 1445 4659 1554 4730; x_wconf 85' lang='lat' dir='ltr'><strong>jam</strong></span> <span class='ocrx_word' id='word_1_363' title='bbox 1584 4661 1750 4729; x_wconf 83' lang='lat' dir='ltr'><strong>possit</strong></span> <span class='ocrx_word' id='word_1_364' title='bbox 1774 4658 1854 4714; x_wconf 88' lang='lat' dir='ltr'><strong>di-</strong></span> 
     </span>
    </p>
   </div>
   <div class='ocr_carea' id='block_1_49' title="bbox 278 4747 1852 4820">
    <p class='ocr_par' dir='ltr' id='par_1_49' title="bbox 278 4747 1852 4820">
     <span class='ocr_line' id='line_1_49' title="bbox 278 4747 1852 4820; baseline 0 -18"><span class='ocrx_word' id='word_1_365' title='bbox 278 4762 416 4814; x_wconf 85' lang='lat' dir='ltr'><strong>cere,</strong></span> <span class='ocrx_word' id='word_1_366' title='bbox 454 4747 577 4804; x_wconf 85' lang='lat' dir='ltr'><strong>Vivo</strong></span> <span class='ocrx_word' id='word_1_367' title='bbox 616 4758 783 4803; x_wconf 86' lang='lat' dir='ltr'><strong>autem</strong></span> <span class='ocrx_word' id='word_1_368' title='bbox 810 4750 923 4820; x_wconf 89' lang='lat' dir='ltr'><strong>jam</strong></span> <span class='ocrx_word' id='word_1_369' title='bbox 951 4767 1051 4803; x_wconf 89' lang='lat' dir='ltr'><strong>non</strong></span> <span class='ocrx_word' id='word_1_370' title='bbox 1080 4766 1189 4820; x_wconf 86' lang='lat' dir='ltr'><strong>ego,</strong></span> <span class='ocrx_word' id='word_1_371' title='bbox 1221 4751 1337 4805; x_wconf 88' lang='lat' dir='ltr'><strong>vivit</strong></span> <span class='ocrx_word' id='word_1_372' title='bbox 1364 4766 1475 4804; x_wconf 88' lang='lat' dir='ltr'><strong>vero</strong></span> <span class='ocrx_word' id='word_1_373' title='bbox 1503 4750 1557 4803; x_wconf 91' lang='lat' dir='ltr'><strong>in</strong></span> <span class='ocrx_word' id='word_1_374' title='bbox 1598 4766 1676 4803; x_wconf 88' lang='lat' dir='ltr'><strong>me</strong></span> <span class='ocrx_word' id='word_1_375' title='bbox 1702 4747 1852 4805; x_wconf 63' lang='lat' dir='ltr'><strong>Chrio</strong></span> 
     </span>
    </p>
   </div>
   <div class='ocr_carea' id='block_1_50' title="bbox 278 4840 1854 4914">
    <p class='ocr_par' dir='ltr' id='par_1_50' title="bbox 278 4840 1854 4914">
     <span class='ocr_line' id='line_1_50' title="bbox 278 4840 1854 4914; baseline 0.001 -21"><span class='ocrx_word' id='word_1_376' title='bbox 278 4850 383 4895; x_wconf 88' lang='lat' dir='ltr'><strong>stus</strong></span> <span class='ocrx_word' id='word_1_377' title='bbox 408 4840 604 4911; x_wconf 79' lang='lat' dir='ltr'><strong>(Galat.</strong></span> <span class='ocrx_word' id='word_1_378' title='bbox 636 4857 693 4907; x_wconf 87' lang='grc' dir='ltr'><strong>ιι,</strong></span> <span class='ocrx_word' id='word_1_379' title='bbox 719 4840 848 4911; x_wconf 74' lang='grc'><strong>20).</strong></span> <span class='ocrx_word' id='word_1_380' title='bbox 879 4841 979 4898; x_wconf 85' lang='lat' dir='ltr'><strong>Ubi</strong></span> <span class='ocrx_word' id='word_1_381' title='bbox 1018 4841 1159 4897; x_wconf 89' lang='lat' dir='ltr'><strong>enim</strong></span> <span class='ocrx_word' id='word_1_382' title='bbox 1201 4857 1305 4899; x_wconf 93' lang='lat' dir='ltr'><strong>non</strong></span> <span class='ocrx_word' id='word_1_383' title='bbox 1348 4858 1480 4914; x_wconf 81' lang='lat' dir='ltr'><strong>ego,</strong></span> <span class='ocrx_word' id='word_1_384' title='bbox 1531 4842 1603 4898; x_wconf 88' lang='lat' dir='ltr'><strong>ibi</strong></span> <span class='ocrx_word' id='word_1_385' title='bbox 1649 4841 1854 4897; x_wconf 77' lang='lat' dir='ltr'><strong>felicius</strong></span> 
     </span>
    </p>
   </div>
   <div class='ocr_carea' id='block_1_51' title="bbox 280 4932 1853 5005">
    <p class='ocr_par' dir='ltr' id='par_1_51' title="bbox 280 4932 1853 5005">
     <span class='ocr_line' id='line_1_51' title="bbox 280 4932 1853 5005; baseline 0.001 -18"><span class='ocrx_word' id='word_1_386' title='bbox 280 4946 407 5002; x_wconf 79' lang='lat' dir='ltr'><strong>ego;</strong></span> <span class='ocrx_word' id='word_1_387' title='bbox 454 4942 511 4987; x_wconf 91' lang='lat' dir='ltr'><strong>ut</strong></span> <span class='ocrx_word' id='word_1_388' title='bbox 539 4932 751 5004; x_wconf 85' lang='lat' dir='ltr'><strong>quando</strong></span> <span class='ocrx_word' id='word_1_389' title='bbox 779 4933 1071 4989; x_wconf 86' lang='lat' dir='ltr'><strong>secundum</strong></span> <span class='ocrx_word' id='word_1_390' title='bbox 1116 4933 1384 4989; x_wconf 85' lang='lat' dir='ltr'><strong>hominem</strong></span> <span class='ocrx_word' id='word_1_391' title='bbox 1430 4933 1687 5005; x_wconf 91' lang='lat' dir='ltr'><strong>reprobus</strong></span> <span class='ocrx_word' id='word_1_392' title='bbox 1715 4932 1853 4989; x_wconf 89' lang='lat' dir='ltr'><strong>ullus</strong></span> 
     </span>
    </p>
   </div>
   <div class='ocr_carea' id='block_1_52' title="bbox 283 5024 1854 5097">
    <p class='ocr_par' dir='ltr' id='par_1_52' title="bbox 283 5024 1854 5097">
     <span class='ocr_line' id='line_1_52' title="bbox 283 5024 1854 5097; baseline 0.002 -20"><span class='ocrx_word' id='word_1_393' title='bbox 283 5033 455 5079; x_wconf 87' lang='lat' dir='ltr'><strong>motus</strong></span> <span class='ocrx_word' id='word_1_394' title='bbox 484 5024 744 5095; x_wconf 77' lang='lat' dir='ltr'><strong>exsurgit,</strong></span> <span class='ocrx_word' id='word_1_395' title='bbox 762 5025 858 5080; x_wconf 76' lang='lat' dir='ltr'><strong>‘cui</strong></span> <span class='ocrx_word' id='word_1_396' title='bbox 890 5040 995 5081; x_wconf 91' lang='lat' dir='ltr'><strong>non</strong></span> <span class='ocrx_word' id='word_1_397' title='bbox 1019 5027 1283 5081; x_wconf 84' lang='lat' dir='ltr'><strong>consentit</strong></span> <span class='ocrx_word' id='word_1_398' title='bbox 1310 5027 1398 5096; x_wconf 86' lang='lat' dir='ltr'><strong>qui</strong></span> <span class='ocrx_word' id='word_1_399' title='bbox 1426 5035 1601 5082; x_wconf 86' lang='lat' dir='ltr'><strong>mente</strong></span> <span class='ocrx_word' id='word_1_400' title='bbox 1629 5027 1732 5097; x_wconf 88' lang='lat' dir='ltr'><strong>legi</strong></span> <span class='ocrx_word' id='word_1_401' title='bbox 1759 5026 1854 5081; x_wconf 89' lang='lat' dir='ltr'><strong>Dei</strong></span> 
     </span>
    </p>
   </div>
   <div class='ocr_carea' id='block_1_53' title="bbox 282 5114 1854 5187">
    <p class='ocr_par' dir='ltr' id='par_1_53' title="bbox 282 5114 1854 5187">
     <span class='ocr_line' id='line_1_53' title="bbox 282 5114 1854 5187; baseline 0.001 -20"><span class='ocrx_word' id='word_1_402' title='bbox 282 5117 478 5182; x_wconf 82' lang='lat' dir='ltr'><strong>servit,</strong></span> <span class='ocrx_word' id='word_1_403' title='bbox 517 5114 662 5171; x_wconf 82' lang='lat' dir='ltr'><strong>dieat</strong></span> <span class='ocrx_word' id='word_1_404' title='bbox 705 5116 863 5171; x_wconf 87' lang='lat' dir='ltr'><strong>etiam</strong></span> <span class='ocrx_word' id='word_1_405' title='bbox 893 5116 1045 5183; x_wconf 88' lang='lat' dir='ltr'><strong>illud,</strong></span> <span class='ocrx_word' id='word_1_406' title='bbox 1076 5116 1198 5170; x_wconf 87' lang='lat' dir='ltr'><strong>Jam</strong></span> <span class='ocrx_word' id='word_1_407' title='bbox 1236 5133 1335 5169; x_wconf 85' lang='lat' dir='ltr'><strong>non</strong></span> <span class='ocrx_word' id='word_1_408' title='bbox 1382 5128 1474 5187; x_wconf 87' lang='lat' dir='ltr'><strong>ego</strong></span> <span class='ocrx_word' id='word_1_409' title='bbox 1518 5134 1698 5186; x_wconf 84' lang='lat' dir='ltr'><strong>operor</strong></span> <span class='ocrx_word' id='word_1_410' title='bbox 1725 5117 1854 5171; x_wconf 87' lang='lat' dir='ltr'><strong>illud</strong></span> 
     </span>
    </p>
   </div>
   <div class='ocr_carea' id='block_1_54' title="bbox 284 5204 1856 5276">
    <p class='ocr_par' dir='ltr' id='par_1_54' title="bbox 284 5204 1856 5276">
     <span class='ocr_line' id='line_1_54' title="bbox 284 5204 1856 5276; baseline 0.003 -20"><span class='ocrx_word' id='word_1_411' title='bbox 284 5204 456 5271; x_wconf 84' lang='lat' dir='ltr'><strong>(Rom.</strong></span> <span class='ocrx_word' id='word_1_412' title='bbox 485 5220 576 5270; x_wconf 84' lang='lat' dir='ltr'><strong>vn,</strong></span> <span class='ocrx_word' id='word_1_413' title='bbox 609 5206 672 5260; x_wconf 83' lang='lat' dir='ltr'><strong>l7</strong></span> <span class='ocrx_word' id='word_1_414' title='bbox 694 5205 735 5276; x_wconf 92' lang='lat'><strong>).</strong></span> <span class='ocrx_word' id='word_1_415' title='bbox 779 5205 992 5262; x_wconf 82' lang='lat' dir='ltr'><strong>Talibus</strong></span> <span class='ocrx_word' id='word_1_416' title='bbox 1020 5208 1212 5276; x_wconf 84' lang='lat' dir='ltr'><strong>quippe</strong></span> <span class='ocrx_word' id='word_1_417' title='bbox 1238 5213 1289 5260; x_wconf 91' lang='lat' dir='ltr'><strong>et</strong></span> <span class='ocrx_word' id='word_1_418' title='bbox 1324 5205 1413 5259; x_wconf 88' lang='lat' dir='ltr'><strong>illa</strong></span> <span class='ocrx_word' id='word_1_419' title='bbox 1440 5206 1704 5271; x_wconf 89' lang='lat' dir='ltr'><strong>dicuntur,</strong></span> <span class='ocrx_word' id='word_1_420' title='bbox 1738 5221 1856 5276; x_wconf 84' lang='lat' dir='ltr'><strong>quae</strong></span> 
     </span>
    </p>
   </div>
   <div class='ocr_carea' id='block_1_55' title="bbox 284 5293 1857 5367">
    <p class='ocr_par' dir='ltr' id='par_1_55' title="bbox 284 5293 1857 5367">
     <span class='ocr_line' id='line_1_55' title="bbox 284 5293 1857 5367; baseline 0.001 -20"><span class='ocrx_word' id='word_1_421' title='bbox 284 5293 414 5349; x_wconf 90' lang='lat' dir='ltr'><strong>sicut</strong></span> <span class='ocrx_word' id='word_1_422' title='bbox 445 5311 630 5350; x_wconf 83' lang='lat' dir='ltr'><strong>eorum</strong></span> <span class='ocrx_word' id='word_1_423' title='bbox 662 5295 792 5350; x_wconf 88' lang='lat' dir='ltr'><strong>socii</strong></span> <span class='ocrx_word' id='word_1_424' title='bbox 825 5297 1211 5367; x_wconf 88' lang='lat' dir='ltr'><strong>participcsque</strong></span> <span class='ocrx_word' id='word_1_425' title='bbox 1240 5295 1493 5351; x_wconf 81' lang='lat' dir='ltr'><strong>debemus</strong></span> <span class='ocrx_word' id='word_1_426' title='bbox 1530 5295 1713 5352; x_wconf 88' lang='lat' dir='ltr'><strong>audire</strong></span> <span class='ocrx_word' id='word_1_427' title='bbox 1741 5313 1754 5348; x_wconf 91' lang='lat'>:</span> <span class='ocrx_word' id='word_1_428' title='bbox 1797 5294 1857 5350; x_wconf 89' lang='lat' dir='ltr'><strong>Si</strong></span> 
     </span>
    </p>
   </div>
   <div class='ocr_carea' id='block_1_56' title="bbox 283 5386 1856 5457">
    <p class='ocr_par' dir='ltr' id='par_1_56' title="bbox 283 5386 1856 5457">
     <span class='ocr_line' id='line_1_56' title="bbox 283 5386 1856 5457; baseline 0.001 -19"><span class='ocrx_word' id='word_1_429' title='bbox 283 5386 669 5441; x_wconf 76' lang='lat' dir='ltr'><strong>ronsurrexistis</strong></span> <span class='ocrx_word' id='word_1_430' title='bbox 706 5404 820 5440; x_wconf 85' lang='lat' dir='ltr'><strong>cum</strong></span> <span class='ocrx_word' id='word_1_431' title='bbox 847 5387 1065 5454; x_wconf 81' lang='lat' dir='ltr'><strong>Christo,</strong></span> <span class='ocrx_word' id='word_1_432' title='bbox 1088 5403 1200 5457; x_wconf 74' lang='lat' dir='ltr'><strong>qua:</strong></span> <span class='ocrx_word' id='word_1_433' title='bbox 1240 5401 1440 5441; x_wconf 79' lang='lat' dir='ltr'><strong>sursum</strong></span> <span class='ocrx_word' id='word_1_434' title='bbox 1478 5397 1591 5441; x_wconf 86' lang='lat' dir='ltr'><strong>sunt</strong></span> <span class='ocrx_word' id='word_1_435' title='bbox 1631 5387 1856 5457; x_wconf 66' lang='lat' dir='ltr'><strong>quierite,</strong></span> 
     </span>
    </p>
   </div>
   <div class='ocr_carea' id='block_1_57' title="bbox 282 5458 1862 5552">
    <p class='ocr_par' dir='ltr' id='par_1_57' title="bbox 282 5458 1862 5552">
     <span class='ocr_line' id='line_1_57' title="bbox 282 5458 1862 5552; baseline 0.002 -22"><span class='ocrx_word' id='word_1_436' title='bbox 282 5478 362 5530; x_wconf 83' lang='lat' dir='ltr'><strong>ubi</strong></span> <span class='ocrx_word' id='word_1_437' title='bbox 391 5478 622 5534; x_wconf 80' lang='lat' dir='ltr'><strong>Christus</strong></span> <span class='ocrx_word' id='word_1_438' title='bbox 663 5488 735 5533; x_wconf 86' lang='lat' dir='ltr'><strong>est</strong></span> <span class='ocrx_word' id='word_1_439' title='bbox 778 5480 832 5534; x_wconf 84' lang='lat' dir='ltr'><strong>in</strong></span> <span class='ocrx_word' id='word_1_440' title='bbox 878 5458 1082 5535; x_wconf 51' lang='lat' dir='ltr'><strong>deirtera</strong></span> <span class='ocrx_word' id='word_1_441' title='bbox 1127 5480 1220 5535; x_wconf 86' lang='lat' dir='ltr'><strong>Dei</strong></span> <span class='ocrx_word' id='word_1_442' title='bbox 1267 5481 1470 5547; x_wconf 87' lang='lat' dir='ltr'><strong>sedens;</strong></span> <span class='ocrx_word' id='word_1_443' title='bbox 1509 5496 1621 5552; x_wconf 80' lang='lat' dir='ltr'><strong>qua:</strong></span> <span class='ocrx_word' id='word_1_444' title='bbox 1663 5496 1862 5534; x_wconf 83' lang='lat' dir='ltr'><strong>sursum</strong></span> 
     </span>
    </p>
   </div>
   <div class='ocr_carea' id='block_1_58' title="bbox 283 5571 1861 5642">
    <p class='ocr_par' dir='ltr' id='par_1_58' title="bbox 283 5571 1861 5642">
     <span class='ocr_line' id='line_1_58' title="bbox 283 5571 1861 5642; baseline 0.003 -19"><span class='ocrx_word' id='word_1_445' title='bbox 283 5577 397 5623; x_wconf 81' lang='lat' dir='ltr'><strong>sunt</strong></span> <span class='ocrx_word' id='word_1_446' title='bbox 434 5571 617 5641; x_wconf 87' lang='lat' dir='ltr'><strong>sapite,</strong></span> <span class='ocrx_word' id='word_1_447' title='bbox 661 5586 764 5625; x_wconf 86' lang='lat' dir='ltr'><strong>non</strong></span> <span class='ocrx_word' id='word_1_448' title='bbox 808 5588 918 5642; x_wconf 76' lang='lat' dir='ltr'><strong>qua:</strong></span> <span class='ocrx_word' id='word_1_449' title='bbox 946 5590 1097 5642; x_wconf 84' lang='lat' dir='ltr'><strong>super</strong></span> <span class='ocrx_word' id='word_1_450' title='bbox 1136 5583 1337 5627; x_wconf 88' lang='lat' dir='ltr'><strong>terram.</strong></span> <span class='ocrx_word' id='word_1_451' title='bbox 1387 5572 1577 5626; x_wconf 80' lang='lat' dir='ltr'><strong>Mortui</strong></span> <span class='ocrx_word' id='word_1_452' title='bbox 1621 5574 1753 5628; x_wconf 87' lang='lat' dir='ltr'><strong>enim</strong></span> <span class='ocrx_word' id='word_1_453' title='bbox 1781 5590 1861 5627; x_wconf 89' lang='lat' dir='ltr'><strong>es-</strong></span> 
     </span>
    </p>
   </div>
   <div class='ocr_carea' id='block_1_59' title="bbox 283 5658 1861 5727">
    <p class='ocr_par' dir='ltr' id='par_1_59' title="bbox 283 5658 1861 5727">
     <span class='ocr_line' id='line_1_59' title="bbox 283 5658 1861 5727; baseline 0.004 -15"><span class='ocrx_word' id='word_1_454' title='bbox 283 5658 363 5727; x_wconf 88' lang='lat' dir='ltr'><strong>tis,</strong></span> <span class='ocrx_word' id='word_1_455' title='bbox 394 5669 442 5714; x_wconf 84' lang='lat' dir='ltr'><strong>et</strong></span> <span class='ocrx_word' id='word_1_456' title='bbox 471 5660 576 5714; x_wconf 85' lang='lat' dir='ltr'><strong>vita</strong></span> <span class='ocrx_word' id='word_1_457' title='bbox 616 5671 781 5716; x_wconf 87' lang='lat' dir='ltr'><strong>vestra</strong></span> <span class='ocrx_word' id='word_1_458' title='bbox 808 5662 1102 5717; x_wconf 89' lang='lat' dir='ltr'><strong>abscondita</strong></span> <span class='ocrx_word' id='word_1_459' title='bbox 1134 5672 1204 5718; x_wconf 86' lang='lat' dir='ltr'><strong>est</strong></span> <span class='ocrx_word' id='word_1_460' title='bbox 1229 5681 1340 5718; x_wconf 88' lang='lat' dir='ltr'><strong>cum</strong></span> <span class='ocrx_word' id='word_1_461' title='bbox 1378 5662 1576 5719; x_wconf 84' lang='lat' dir='ltr'><strong>Christo</strong></span> <span class='ocrx_word' id='word_1_462' title='bbox 1617 5666 1667 5719; x_wconf 88' lang='lat' dir='ltr'><strong>in</strong></span> <span class='ocrx_word' id='word_1_463' title='bbox 1698 5663 1806 5719; x_wconf 90' lang='lat' dir='ltr'><strong>Deo</strong></span> <span class='ocrx_word' id='word_1_464' title='bbox 1843 5681 1861 5718; x_wconf 87' lang='lat'><strong><em>:</em></strong></span> 
     </span>
    </p>
   </div>
   <div class='ocr_carea' id='block_1_60' title="bbox 282 5751 1862 5832">
    <p class='ocr_par' dir='ltr' id='par_1_60' title="bbox 282 5751 1862 5832">
     <span class='ocr_line' id='line_1_60' title="bbox 282 5751 1862 5832; baseline 0.003 -22"><span class='ocrx_word' id='word_1_465' title='bbox 282 5767 396 5810; x_wconf 71' lang='lat' dir='ltr'><strong>sunt</strong></span> <span class='ocrx_word' id='word_1_466' title='bbox 414 5751 650 5819; x_wconf 75' lang='lat' dir='ltr'><strong>Christus</strong></span> <span class='ocrx_word' id='word_1_467' title='bbox 677 5757 969 5826; x_wconf 83' lang='lat' dir='ltr'><strong>apparuerit</strong></span> <span class='ocrx_word' id='word_1_468' title='bbox 995 5757 1095 5815; x_wconf 88' lang='lat' dir='ltr'><strong>vita</strong></span> <span class='ocrx_word' id='word_1_469' title='bbox 1119 5767 1297 5826; x_wconf 81' lang='lat' dir='ltr'><strong>vestra,</strong></span> <span class='ocrx_word' id='word_1_470' title='bbox 1327 5770 1441 5814; x_wconf 80' lang='lat' dir='ltr'><strong>tunc</strong></span> <span class='ocrx_word' id='word_1_471' title='bbox 1467 5768 1512 5814; x_wconf 77' lang='lat' dir='ltr'><strong>et</strong></span> <span class='ocrx_word' id='word_1_472' title='bbox 1535 5776 1619 5816; x_wconf 80' lang='lat' dir='ltr'><strong>ros</strong></span> <span class='ocrx_word' id='word_1_473' title='bbox 1648 5774 1862 5832; x_wconf 83' lang='lat' dir='ltr'><strong>appare-</strong></span> 
     </span>
    </p>
   </div>
   <div class='ocr_carea' id='block_1_61' title="bbox 662 5840 807 5868">
    <p class='ocr_par' dir='ltr' id='par_1_61' title="bbox 662 5840 807 5868">
     <span class='ocr_line' id='line_1_61' title="bbox 662 5840 807 5868; baseline 0 0"><span class='ocrx_word' id='word_1_474' title='bbox 662 5858 667 5863; x_wconf 66' lang='grc'>.</span> <span class='ocrx_word' id='word_1_475' title='bbox 776 5840 807 5868; x_wconf 89' lang='lat'><strong><em>/</em></strong></span> 
     </span>
    </p>
   </div>
   <div class='ocr_carea' id='block_1_62' title="bbox 1761 318 2198 379">
    <p class='ocr_par' dir='ltr' id='par_1_62' title="bbox 1761 318 2198 379">
     <span class='ocr_line' id='line_1_62' title="bbox 1761 318 2198 379; baseline 0.005 -4"><span class='ocrx_word' id='word_1_476' title='bbox 1761 318 1962 377; x_wconf 73' lang='lat' dir='ltr'><strong>LIBER</strong></span> <span class='ocrx_word' id='word_1_477' title='bbox 2003 322 2198 379; x_wconf 89' lang='lat' dir='ltr'><strong>UNUS.</strong></span> 
     </span>
    </p>
   </div>
   <div class='ocr_carea' id='block_1_63' title="bbox 3444 343 3544 399">
    <p class='ocr_par' dir='ltr' id='par_1_63' title="bbox 3444 343 3544 399">
     <span class='ocr_line' id='line_1_63' title="bbox 3444 343 3544 399; baseline 0 -1"><span class='ocrx_word' id='word_1_478' title='bbox 3444 343 3544 399; x_wconf 78' lang='lat'><strong>370</strong></span> 
     </span>
    </p>
   </div>
   <div class='ocr_carea' id='block_1_64' title="bbox 1967 443 3541 529">
    <p class='ocr_par' dir='ltr' id='par_1_64' title="bbox 1967 443 3541 529">
     <span class='ocr_line' id='line_1_64' title="bbox 1967 443 3541 529; baseline 0.014 -34"><span class='ocrx_word' id='word_1_479' title='bbox 1967 443 2080 497; x_wconf 84' lang='lat' dir='ltr'><strong>bitis</strong></span> <span class='ocrx_word' id='word_1_480' title='bbox 2104 460 2217 498; x_wconf 89' lang='lat' dir='ltr'><strong>cum</strong></span> <span class='ocrx_word' id='word_1_481' title='bbox 2243 444 2331 499; x_wconf 90' lang='lat' dir='ltr'><strong>illo</strong></span> <span class='ocrx_word' id='word_1_482' title='bbox 2357 447 2411 500; x_wconf 85' lang='lat' dir='ltr'><strong>in</strong></span> <span class='ocrx_word' id='word_1_483' title='bbox 2445 448 2627 517; x_wconf 88' lang='lat' dir='ltr'><strong>gloria.</strong></span> <span class='ocrx_word' id='word_1_484' title='bbox 2658 449 2858 517; x_wconf 84' lang='lat' dir='ltr'><strong>Quibus</strong></span> <span class='ocrx_word' id='word_1_485' title='bbox 2887 452 3131 522; x_wconf 88' lang='lat' dir='ltr'><strong>loquatur</strong></span> <span class='ocrx_word' id='word_1_486' title='bbox 3157 454 3541 529; x_wconf 86' lang='lat' dir='ltr'><strong>intelligamus,</strong></span> 
     </span>
    </p>
   </div>
   <div class='ocr_carea' id='block_1_65' title="bbox 1965 532 3545 619">
    <p class='ocr_par' dir='ltr' id='par_1_65' title="bbox 1965 532 3545 619">
     <span class='ocr_line' id='line_1_65' title="bbox 1965 532 3545 619; baseline 0.011 -32"><span class='ocrx_word' id='word_1_487' title='bbox 1965 532 2072 589; x_wconf 89' lang='lat' dir='ltr'><strong>imo</strong></span> <span class='ocrx_word' id='word_1_488' title='bbox 2100 550 2229 591; x_wconf 89' lang='lat' dir='ltr'><strong>vero</strong></span> <span class='ocrx_word' id='word_1_489' title='bbox 2257 539 2509 593; x_wconf 88' lang='lat' dir='ltr'><strong>attentius</strong></span> <span class='ocrx_word' id='word_1_490' title='bbox 2536 539 2830 597; x_wconf 89' lang='lat' dir='ltr'><strong>audiamus.</strong></span> <span class='ocrx_word' id='word_1_491' title='bbox 2854 542 2985 596; x_wconf 86' lang='lat' dir='ltr'><strong>Nam</strong></span> <span class='ocrx_word' id='word_1_492' title='bbox 3011 544 3137 613; x_wconf 89' lang='lat' dir='ltr'><strong>quid</strong></span> <span class='ocrx_word' id='word_1_493' title='bbox 3169 546 3269 602; x_wconf 92' lang='lat' dir='ltr'><strong>hoc</strong></span> <span class='ocrx_word' id='word_1_494' title='bbox 3301 547 3545 619; x_wconf 80' lang='lat' dir='ltr'><strong>planius?</strong></span> 
     </span>
    </p>
   </div>
   <div class='ocr_carea' id='block_1_66' title="bbox 1962 626 3546 705">
    <p class='ocr_par' dir='ltr' id='par_1_66' title="bbox 1962 626 3546 705">
     <span class='ocr_line' id='line_1_66' title="bbox 1962 626 3546 705; baseline 0.01 -24"><span class='ocrx_word' id='word_1_495' title='bbox 1962 626 2090 696; x_wconf 90' lang='lat' dir='ltr'><strong>quid</strong></span> <span class='ocrx_word' id='word_1_496' title='bbox 2118 629 2389 698; x_wconf 87' lang='lat' dir='ltr'><strong>apertius?</strong></span> <span class='ocrx_word' id='word_1_497' title='bbox 2409 631 2502 687; x_wconf 90' lang='lat' dir='ltr'><strong>Eis</strong></span> <span class='ocrx_word' id='word_1_498' title='bbox 2528 644 2675 688; x_wconf 88' lang='lat' dir='ltr'><strong>certe</strong></span> <span class='ocrx_word' id='word_1_499' title='bbox 2703 633 2954 703; x_wconf 89' lang='lat' dir='ltr'><strong>loquitur,</strong></span> <span class='ocrx_word' id='word_1_500' title='bbox 2980 637 3068 705; x_wconf 92' lang='lat' dir='ltr'><strong>qui</strong></span> <span class='ocrx_word' id='word_1_501' title='bbox 3095 651 3546 697; x_wconf 87' lang='lat' dir='ltr'><strong>consurrexerant</strong></span> 
     </span>
    </p>
   </div>
   <div class='ocr_carea' id='block_1_67' title="bbox 1964 719 3546 802">
    <p class='ocr_par' dir='ltr' id='par_1_67' title="bbox 1964 719 3546 802">
     <span class='ocr_line' id='line_1_67' title="bbox 1964 719 3546 802; baseline 0.011 -31"><span class='ocrx_word' id='word_1_502' title='bbox 1964 731 2083 773; x_wconf 89' lang='lat' dir='ltr'><strong>cum</strong></span> <span class='ocrx_word' id='word_1_503' title='bbox 2112 719 2342 786; x_wconf 89' lang='lat' dir='ltr'><strong>Christo,</strong></span> <span class='ocrx_word' id='word_1_504' title='bbox 2370 722 2602 778; x_wconf 89' lang='lat' dir='ltr'><strong>nondum</strong></span> <span class='ocrx_word' id='word_1_505' title='bbox 2632 726 2814 795; x_wconf 88' lang='lat' dir='ltr'><strong>utique</strong></span> <span class='ocrx_word' id='word_1_506' title='bbox 2842 741 3021 794; x_wconf 88' lang='lat' dir='ltr'><strong>carne,</strong></span> <span class='ocrx_word' id='word_1_507' title='bbox 3049 728 3143 784; x_wconf 90' lang='lat' dir='ltr'><strong>sed</strong></span> <span class='ocrx_word' id='word_1_508' title='bbox 3172 740 3379 798; x_wconf 87' lang='lat' dir='ltr'><strong>mente;</strong></span> <span class='ocrx_word' id='word_1_509' title='bbox 3411 748 3546 802; x_wconf 86' lang='lat' dir='ltr'><strong>quos</strong></span> 
     </span>
    </p>
   </div>
   <div class='ocr_carea' id='block_1_68' title="bbox 1964 811 3538 891">
    <p class='ocr_par' dir='ltr' id='par_1_68' title="bbox 1964 811 3538 891">
     <span class='ocr_line' id='line_1_68' title="bbox 1964 811 3538 891; baseline 0.008 -27"><span class='ocrx_word' id='word_1_510' title='bbox 1964 820 2204 866; x_wconf 90' lang='lat' dir='ltr'><strong>mortuos</strong></span> <span class='ocrx_word' id='word_1_511' title='bbox 2230 811 2378 880; x_wconf 87' lang='lat' dir='ltr'><strong>dicit,</strong></span> <span class='ocrx_word' id='word_1_512' title='bbox 2421 824 2473 868; x_wconf 88' lang='lat' dir='ltr'><strong>et</strong></span> <span class='ocrx_word' id='word_1_513' title='bbox 2509 816 2679 885; x_wconf 79' lang='lat' dir='ltr'><strong>magis</strong></span> <span class='ocrx_word' id='word_1_514' title='bbox 2706 817 2828 871; x_wconf 90' lang='lat' dir='ltr'><strong>hinc</strong></span> <span class='ocrx_word' id='word_1_515' title='bbox 2852 819 3000 874; x_wconf 90' lang='lat' dir='ltr'><strong>vivos</strong></span> <span class='ocrx_word' id='word_1_516' title='bbox 3026 839 3039 873; x_wconf 89' lang='lat'><strong>:</strong></span> <span class='ocrx_word' id='word_1_517' title='bbox 3079 836 3201 875; x_wconf 89' lang='lat' dir='ltr'><strong>nam</strong></span> <span class='ocrx_word' id='word_1_518' title='bbox 3225 822 3326 877; x_wconf 90' lang='lat' dir='ltr'><strong>vita</strong></span> <span class='ocrx_word' id='word_1_519' title='bbox 3355 834 3538 891; x_wconf 88' lang='lat' dir='ltr'><strong>vestra,</strong></span> 
     </span>
    </p>
   </div>
   <div class='ocr_carea' id='block_1_69' title="bbox 1965 902 3545 973">
    <p class='ocr_par' dir='ltr' id='par_1_69' title="bbox 1965 902 3545 973">
     <span class='ocr_line' id='line_1_69' title="bbox 1965 902 3545 973; baseline 0.008 -16"><span class='ocrx_word' id='word_1_520' title='bbox 1965 902 2153 973; x_wconf 87' lang='lat' dir='ltr'><strong>inquit,</strong></span> <span class='ocrx_word' id='word_1_521' title='bbox 2179 905 2471 959; x_wconf 86' lang='lat' dir='ltr'><strong>abscondita</strong></span> <span class='ocrx_word' id='word_1_522' title='bbox 2492 916 2564 960; x_wconf 87' lang='lat' dir='ltr'><strong>est</strong></span> <span class='ocrx_word' id='word_1_523' title='bbox 2592 923 2705 961; x_wconf 87' lang='lat' dir='ltr'><strong>cum</strong></span> <span class='ocrx_word' id='word_1_524' title='bbox 2728 906 2926 964; x_wconf 82' lang='lat' dir='ltr'><strong>Christo</strong></span> <span class='ocrx_word' id='word_1_525' title='bbox 2950 912 3003 964; x_wconf 91' lang='lat' dir='ltr'><strong>in</strong></span> <span class='ocrx_word' id='word_1_526' title='bbox 3026 911 3151 966; x_wconf 90' lang='lat' dir='ltr'><strong>Deo.</strong></span> <span class='ocrx_word' id='word_1_527' title='bbox 3172 913 3378 968; x_wconf 87' lang='lat' dir='ltr'><strong>Talium</strong></span> <span class='ocrx_word' id='word_1_528' title='bbox 3400 930 3545 970; x_wconf 83' lang='lat' dir='ltr'><strong>mor-</strong></span> 
     </span>
    </p>
   </div>
   <div class='ocr_carea' id='block_1_70' title="bbox 1965 998 3542 1074">
    <p class='ocr_par' dir='ltr' id='par_1_70' title="bbox 1965 998 3542 1074">
     <span class='ocr_line' id='line_1_70' title="bbox 1965 998 3542 1074; baseline 0.007 -24"><span class='ocrx_word' id='word_1_529' title='bbox 1965 1004 2174 1051; x_wconf 88' lang='lat' dir='ltr'><strong>tuorum</strong></span> <span class='ocrx_word' id='word_1_530' title='bbox 2202 1012 2300 1051; x_wconf 84' lang='lat' dir='ltr'><strong>vox</strong></span> <span class='ocrx_word' id='word_1_531' title='bbox 2327 1008 2441 1053; x_wconf 90' lang='lat' dir='ltr'><strong>est:</strong></span> <span class='ocrx_word' id='word_1_532' title='bbox 2476 998 2598 1053; x_wconf 83' lang='lat' dir='ltr'><strong>Vivo</strong></span> <span class='ocrx_word' id='word_1_533' title='bbox 2623 1010 2789 1054; x_wconf 88' lang='lat' dir='ltr'><strong>autem</strong></span> <span class='ocrx_word' id='word_1_534' title='bbox 2805 1002 2919 1071; x_wconf 85' lang='lat' dir='ltr'><strong>jam</strong></span> <span class='ocrx_word' id='word_1_535' title='bbox 2944 1019 3046 1057; x_wconf 91' lang='lat' dir='ltr'><strong>non</strong></span> <span class='ocrx_word' id='word_1_536' title='bbox 3070 1020 3180 1074; x_wconf 87' lang='lat' dir='ltr'><strong>ego,</strong></span> <span class='ocrx_word' id='word_1_537' title='bbox 3206 1006 3320 1059; x_wconf 82' lang='lat' dir='ltr'><strong>vivit</strong></span> <span class='ocrx_word' id='word_1_538' title='bbox 3345 1022 3458 1060; x_wconf 84' lang='lat' dir='ltr'><strong>vero</strong></span> <span class='ocrx_word' id='word_1_539' title='bbox 3486 1007 3542 1061; x_wconf 84' lang='lat' dir='ltr'><strong>in</strong></span> 
     </span>
    </p>
   </div>
   <div class='ocr_carea' id='block_1_71' title="bbox 1963 1084 3533 1164">
    <p class='ocr_par' dir='ltr' id='par_1_71' title="bbox 1963 1084 3533 1164">
     <span class='ocr_line' id='line_1_71' title="bbox 1963 1084 3533 1164; baseline 0.01 -26"><span class='ocrx_word' id='word_1_540' title='bbox 1963 1105 2041 1140; x_wconf 86' lang='lat' dir='ltr'><strong>me</strong></span> <span class='ocrx_word' id='word_1_541' title='bbox 2054 1086 2300 1144; x_wconf 80' lang='lat' dir='ltr'><strong>Christus.</strong></span> <span class='ocrx_word' id='word_1_542' title='bbox 2315 1084 2553 1157; x_wconf 78' lang='lat' dir='ltr'><strong>Quorum</strong></span> <span class='ocrx_word' id='word_1_543' title='bbox 2578 1108 2705 1163; x_wconf 84' lang='lat' dir='ltr'><strong>ergo</strong></span> <span class='ocrx_word' id='word_1_544' title='bbox 2724 1095 2830 1147; x_wconf 85' lang='lat' dir='ltr'><strong>vita</strong></span> <span class='ocrx_word' id='word_1_545' title='bbox 2856 1103 2968 1149; x_wconf 88' lang='lat' dir='ltr'><strong>erat</strong></span> <span class='ocrx_word' id='word_1_546' title='bbox 2995 1096 3303 1152; x_wconf 90' lang='lat' dir='ltr'><strong>abscondita</strong></span> <span class='ocrx_word' id='word_1_547' title='bbox 3331 1099 3383 1152; x_wconf 91' lang='lat' dir='ltr'><strong>in</strong></span> <span class='ocrx_word' id='word_1_548' title='bbox 3401 1099 3533 1164; x_wconf 91' lang='lat' dir='ltr'><strong>Deo,</strong></span> 
     </span>
    </p>
   </div>
   <div class='ocr_carea' id='block_1_72' title="bbox 1962 1177 3538 1244">
    <p class='ocr_par' dir='ltr' id='par_1_72' title="bbox 1962 1177 3538 1244">
     <span class='ocr_line' id='line_1_72' title="bbox 1962 1177 3538 1244; baseline 0.008 -13"><span class='ocrx_word' id='word_1_549' title='bbox 1962 1177 2315 1234; x_wconf 90' lang='lat' dir='ltr'><strong>admonentur</strong></span> <span class='ocrx_word' id='word_1_550' title='bbox 2342 1190 2394 1235; x_wconf 90' lang='lat' dir='ltr'><strong>et</strong></span> <span class='ocrx_word' id='word_1_551' title='bbox 2432 1181 2779 1238; x_wconf 87' lang='lat' dir='ltr'><strong>exhortantur</strong></span> <span class='ocrx_word' id='word_1_552' title='bbox 2805 1194 2863 1239; x_wconf 93' lang='lat' dir='ltr'><strong>ut</strong></span> <span class='ocrx_word' id='word_1_553' title='bbox 2900 1187 3140 1242; x_wconf 85' lang='lat' dir='ltr'><strong>membra</strong></span> <span class='ocrx_word' id='word_1_554' title='bbox 3169 1203 3263 1243; x_wconf 89' lang='lat' dir='ltr'><strong>sua</strong></span> <span class='ocrx_word' id='word_1_555' title='bbox 3308 1190 3538 1244; x_wconf 88' lang='lat' dir='ltr'><strong>mortiﬁ-</strong></span> 
     </span>
    </p>
   </div>
   <div class='ocr_carea' id='block_1_73' title="bbox 1960 1275 3535 1348">
    <p class='ocr_par' dir='ltr' id='par_1_73' title="bbox 1960 1275 3535 1348">
     <span class='ocr_line' id='line_1_73' title="bbox 1960 1275 3535 1348; baseline 0.008 -25"><span class='ocrx_word' id='word_1_556' title='bbox 1960 1277 2085 1324; x_wconf 92' lang='lat' dir='ltr'><strong>cent</strong></span> <span class='ocrx_word' id='word_1_557' title='bbox 2108 1286 2227 1340; x_wconf 65' lang='lat' dir='ltr'><strong>quae</strong></span> <span class='ocrx_word' id='word_1_558' title='bbox 2253 1281 2376 1326; x_wconf 90' lang='lat' dir='ltr'><strong>sunt</strong></span> <span class='ocrx_word' id='word_1_559' title='bbox 2402 1287 2563 1343; x_wconf 90' lang='lat' dir='ltr'><strong>super</strong></span> <span class='ocrx_word' id='word_1_560' title='bbox 2590 1283 2805 1329; x_wconf 88' lang='lat' dir='ltr'><strong>terram.</strong></span> <span class='ocrx_word' id='word_1_561' title='bbox 2837 1275 2892 1331; x_wconf 90' lang='lat' dir='ltr'><strong>ld</strong></span> <span class='ocrx_word' id='word_1_562' title='bbox 2917 1277 3058 1331; x_wconf 92' lang='lat' dir='ltr'><strong>enim</strong></span> <span class='ocrx_word' id='word_1_563' title='bbox 3089 1280 3325 1348; x_wconf 89' lang='lat' dir='ltr'><strong>sequitur</strong></span> <span class='ocrx_word' id='word_1_564' title='bbox 3352 1298 3365 1333; x_wconf 89' lang='lat'>:</span> <span class='ocrx_word' id='word_1_565' title='bbox 3391 1279 3535 1335; x_wconf 80' lang='lat' dir='ltr'><strong>Mor-</strong></span> 
     </span>
    </p>
   </div>
   <div class='ocr_carea' id='block_1_74' title="bbox 1962 1364 3539 1443">
    <p class='ocr_par' dir='ltr' id='par_1_74' title="bbox 1962 1364 3539 1443">
     <span class='ocr_line' id='line_1_74' title="bbox 1962 1364 3539 1443; baseline 0.008 -26"><span class='ocrx_word' id='word_1_566' title='bbox 1962 1364 2147 1433; x_wconf 80' lang='lat' dir='ltr'><strong>ti/icate</strong></span> <span class='ocrx_word' id='word_1_567' title='bbox 2174 1382 2291 1436; x_wconf 88' lang='lat' dir='ltr'><strong>ergo</strong></span> <span class='ocrx_word' id='word_1_568' title='bbox 2317 1366 2536 1421; x_wconf 88' lang='lat' dir='ltr'><strong>membra</strong></span> <span class='ocrx_word' id='word_1_569' title='bbox 2560 1378 2721 1423; x_wconf 88' lang='lat' dir='ltr'><strong>vestra</strong></span> <span class='ocrx_word' id='word_1_570' title='bbox 2749 1386 2860 1440; x_wconf 74' lang='lat' dir='ltr'><strong>qua:</strong></span> <span class='ocrx_word' id='word_1_571' title='bbox 2900 1380 3016 1426; x_wconf 86' lang='lat' dir='ltr'><strong>sunt</strong></span> <span class='ocrx_word' id='word_1_572' title='bbox 3043 1388 3195 1443; x_wconf 82' lang='lat' dir='ltr'><strong>super</strong></span> <span class='ocrx_word' id='word_1_573' title='bbox 3220 1381 3422 1427; x_wconf 86' lang='lat' dir='ltr'><strong>terram.</strong></span> <span class='ocrx_word' id='word_1_574' title='bbox 3470 1374 3539 1429; x_wconf 87' lang='lat' dir='ltr'><strong>Et</strong></span> 
     </span>
    </p>
   </div>
   <div class='ocr_carea' id='block_1_75' title="bbox 1959 1457 3538 1526">
    <p class='ocr_par' dir='ltr' id='par_1_75' title="bbox 1959 1457 3538 1526">
     <span class='ocr_line' id='line_1_75' title="bbox 1959 1457 3538 1526; baseline 0.007 -17"><span class='ocrx_word' id='word_1_575' title='bbox 1959 1471 2027 1510; x_wconf 91' lang='lat' dir='ltr'><strong>ne</strong></span> <span class='ocrx_word' id='word_1_576' title='bbox 2056 1457 2332 1526; x_wconf 86' lang='lat' dir='ltr'><strong>quisquam</strong></span> <span class='ocrx_word' id='word_1_577' title='bbox 2376 1458 2534 1513; x_wconf 91' lang='lat' dir='ltr'><strong>nimis</strong></span> <span class='ocrx_word' id='word_1_578' title='bbox 2563 1460 2747 1515; x_wconf 89' lang='lat' dir='ltr'><strong>tardus</strong></span> <span class='ocrx_word' id='word_1_579' title='bbox 2773 1462 3010 1517; x_wconf 89' lang='lat' dir='ltr'><strong>membra</strong></span> <span class='ocrx_word' id='word_1_580' title='bbox 3040 1463 3137 1518; x_wconf 88' lang='lat' dir='ltr'><strong>ista</strong></span> <span class='ocrx_word' id='word_1_581' title='bbox 3167 1464 3393 1524; x_wconf 86' lang='lat' dir='ltr'><strong>visibilia</strong></span> <span class='ocrx_word' id='word_1_582' title='bbox 3419 1479 3538 1520; x_wconf 89' lang='lat' dir='ltr'><strong>cor-</strong></span> 
     </span>
    </p>
   </div>
   <div class='ocr_carea' id='block_1_76' title="bbox 1959 1547 3537 1626">
    <p class='ocr_par' dir='ltr' id='par_1_76' title="bbox 1959 1547 3537 1626">
     <span class='ocr_line' id='line_1_76' title="bbox 1959 1547 3537 1626; baseline 0.008 -26"><span class='ocrx_word' id='word_1_583' title='bbox 1959 1547 2103 1616; x_wconf 90' lang='lat' dir='ltr'><strong>poris</strong></span> <span class='ocrx_word' id='word_1_584' title='bbox 2135 1548 2500 1605; x_wconf 88' lang='lat' dir='ltr'><strong>mortiﬁcanda</strong></span> <span class='ocrx_word' id='word_1_585' title='bbox 2540 1561 2750 1621; x_wconf 84' lang='lat' dir='ltr'><strong>putaret</strong></span> <span class='ocrx_word' id='word_1_586' title='bbox 2790 1569 2820 1607; x_wconf 87' lang='lat' dir='ltr'><strong>a</strong></span> <span class='ocrx_word' id='word_1_587' title='bbox 2861 1554 3069 1618; x_wconf 88' lang='lat' dir='ltr'><strong>talibus,</strong></span> <span class='ocrx_word' id='word_1_588' title='bbox 3115 1556 3367 1611; x_wconf 85' lang='lat' dir='ltr'><strong>continuo</strong></span> <span class='ocrx_word' id='word_1_589' title='bbox 3408 1557 3537 1626; x_wconf 89' lang='lat' dir='ltr'><strong>quid</strong></span> 
     </span>
    </p>
   </div>
   <div class='ocr_carea' id='block_1_77' title="bbox 1957 1637 3534 1715">
    <p class='ocr_par' dir='ltr' id='par_1_77' title="bbox 1957 1637 3534 1715">
     <span class='ocr_line' id='line_1_77' title="bbox 1957 1637 3534 1715; baseline 0.007 -23"><span class='ocrx_word' id='word_1_590' title='bbox 1957 1637 2101 1694; x_wconf 87' lang='lat' dir='ltr'><strong>dicat</strong></span> <span class='ocrx_word' id='word_1_591' title='bbox 2128 1641 2407 1709; x_wconf 86' lang='lat' dir='ltr'><strong>aperiens:</strong></span> <span class='ocrx_word' id='word_1_592' title='bbox 2436 1641 2861 1713; x_wconf 88' lang='lat' dir='ltr'><strong>Fornicationem,</strong></span> <span class='ocrx_word' id='word_1_593' title='bbox 2900 1646 3086 1715; x_wconf 89' lang='lat' dir='ltr'><strong>inquit,</strong></span> <span class='ocrx_word' id='word_1_594' title='bbox 3128 1648 3534 1714; x_wconf 83' lang='lat' dir='ltr'><strong>immunditiam,</strong></span> 
     </span>
    </p>
   </div>
   <div class='ocr_carea' id='block_1_78' title="bbox 1957 1730 3532 1809">
    <p class='ocr_par' dir='ltr' id='par_1_78' title="bbox 1957 1730 3532 1809">
     <span class='ocr_line' id='line_1_78' title="bbox 1957 1730 3532 1809; baseline 0.007 -26"><span class='ocrx_word' id='word_1_595' title='bbox 1957 1730 2398 1800; x_wconf 78' lang='lat' dir='ltr'><strong>perturbationem,</strong></span> <span class='ocrx_word' id='word_1_596' title='bbox 2444 1737 2901 1807; x_wconf 84' lang='lat' dir='ltr'><strong>concupiscentiam</strong></span> <span class='ocrx_word' id='word_1_597' title='bbox 2936 1738 3142 1805; x_wconf 78' lang='lat' dir='ltr'><strong>malum,</strong></span> <span class='ocrx_word' id='word_1_598' title='bbox 3173 1748 3220 1792; x_wconf 89' lang='lat' dir='ltr'><strong>et</strong></span> <span class='ocrx_word' id='word_1_599' title='bbox 3247 1741 3532 1809; x_wconf 88' lang='lat' dir='ltr'><strong>avaritiam,</strong></span> 
     </span>
    </p>
   </div>
   <div class='ocr_carea' id='block_1_79' title="bbox 1955 1823 3535 1889">
    <p class='ocr_par' dir='ltr' id='par_1_79' title="bbox 1955 1823 3535 1889">
     <span class='ocr_line' id='line_1_79' title="bbox 1955 1823 3535 1889; baseline 0.008 -16"><span class='ocrx_word' id='word_1_600' title='bbox 1955 1835 2067 1889; x_wconf 78' lang='lat' dir='ltr'><strong>qua:</strong></span> <span class='ocrx_word' id='word_1_601' title='bbox 2093 1830 2167 1874; x_wconf 87' lang='lat' dir='ltr'><strong>est</strong></span> <span class='ocrx_word' id='word_1_602' title='bbox 2194 1823 2447 1877; x_wconf 84' lang='lat' dir='ltr'><strong>idolorum</strong></span> <span class='ocrx_word' id='word_1_603' title='bbox 2471 1826 2698 1879; x_wconf 88' lang='lat' dir='ltr'><strong>servitus.</strong></span> <span class='ocrx_word' id='word_1_604' title='bbox 2736 1827 2883 1881; x_wconf 88' lang='lat' dir='ltr'><strong>Itane</strong></span> <span class='ocrx_word' id='word_1_605' title='bbox 2911 1842 3039 1881; x_wconf 87' lang='lat' dir='ltr'><strong>vero</strong></span> <span class='ocrx_word' id='word_1_606' title='bbox 3094 1827 3418 1884; x_wconf 89' lang='lat' dir='ltr'><strong>credendum</strong></span> <span class='ocrx_word' id='word_1_607' title='bbox 3449 1839 3535 1886; x_wconf 75' lang='lat' dir='ltr'><strong>est</strong></span> 
     </span>
    </p>
   </div>
   <div class='ocr_carea' id='block_1_80' title="bbox 1956 1912 3536 1988">
    <p class='ocr_par' dir='ltr' id='par_1_80' title="bbox 1956 1912 3536 1988">
     <span class='ocr_line' id='line_1_80' title="bbox 1956 1912 3536 1988; baseline 0.006 -23"><span class='ocrx_word' id='word_1_608' title='bbox 1956 1912 2097 1983; x_wconf 90' lang='lat' dir='ltr'><strong>quod</strong></span> <span class='ocrx_word' id='word_1_609' title='bbox 2126 1912 2212 1967; x_wconf 92' lang='lat' dir='ltr'><strong>isti</strong></span> <span class='ocrx_word' id='word_1_610' title='bbox 2248 1914 2337 1983; x_wconf 92' lang='lat' dir='ltr'><strong>qui</strong></span> <span class='ocrx_word' id='word_1_611' title='bbox 2370 1914 2482 1984; x_wconf 90' lang='lat' dir='ltr'><strong>jam</strong></span> <span class='ocrx_word' id='word_1_612' title='bbox 2524 1916 2718 1971; x_wconf 90' lang='lat' dir='ltr'><strong>mortui</strong></span> <span class='ocrx_word' id='word_1_613' title='bbox 2758 1925 2928 1983; x_wconf 90' lang='lat' dir='ltr'><strong>erant,</strong></span> <span class='ocrx_word' id='word_1_614' title='bbox 2954 1932 3247 1988; x_wconf 90' lang='lat' dir='ltr'><strong>eorumque</strong></span> <span class='ocrx_word' id='word_1_615' title='bbox 3273 1920 3379 1974; x_wconf 87' lang='lat' dir='ltr'><strong>vita</strong></span> <span class='ocrx_word' id='word_1_616' title='bbox 3407 1920 3536 1975; x_wconf 88' lang='lat' dir='ltr'><strong>abs-</strong></span> 
     </span>
    </p>
   </div>
   <div class='ocr_carea' id='block_1_81' title="bbox 1955 2002 3539 2075">
    <p class='ocr_par' dir='ltr' id='par_1_81' title="bbox 1955 2002 3539 2075">
     <span class='ocr_line' id='line_1_81' title="bbox 1955 2002 3539 2075; baseline 0.006 -19"><span class='ocrx_word' id='word_1_617' title='bbox 1955 2002 2169 2058; x_wconf 89' lang='lat' dir='ltr'><strong>condita</strong></span> <span class='ocrx_word' id='word_1_618' title='bbox 2197 2012 2314 2059; x_wconf 89' lang='lat' dir='ltr'><strong>erat</strong></span> <span class='ocrx_word' id='word_1_619' title='bbox 2341 2019 2463 2059; x_wconf 91' lang='lat' dir='ltr'><strong>cum</strong></span> <span class='ocrx_word' id='word_1_620' title='bbox 2490 2006 2703 2061; x_wconf 91' lang='lat' dir='ltr'><strong>Christo</strong></span> <span class='ocrx_word' id='word_1_621' title='bbox 2734 2007 2784 2060; x_wconf 91' lang='lat' dir='ltr'><strong>in</strong></span> <span class='ocrx_word' id='word_1_622' title='bbox 2810 2007 2943 2075; x_wconf 90' lang='lat' dir='ltr'><strong>Deo,</strong></span> <span class='ocrx_word' id='word_1_623' title='bbox 2976 2008 3151 2064; x_wconf 90' lang='lat' dir='ltr'><strong>adhuc</strong></span> <span class='ocrx_word' id='word_1_624' title='bbox 3204 2009 3539 2066; x_wconf 82' lang='lat' dir='ltr'><strong>fornicaban-</strong></span> 
     </span>
    </p>
   </div>
   <div class='ocr_carea' id='block_1_82' title="bbox 1957 2095 3535 2172">
    <p class='ocr_par' dir='ltr' id='par_1_82' title="bbox 1957 2095 3535 2172">
     <span class='ocr_line' id='line_1_82' title="bbox 1957 2095 3535 2172; baseline 0.006 -23"><span class='ocrx_word' id='word_1_625' title='bbox 1957 2102 2060 2161; x_wconf 91' lang='lat' dir='ltr'><strong>tur,</strong></span> <span class='ocrx_word' id='word_1_626' title='bbox 2093 2095 2266 2152; x_wconf 88' lang='lat' dir='ltr'><strong>adhuc</strong></span> <span class='ocrx_word' id='word_1_627' title='bbox 2295 2098 2347 2151; x_wconf 92' lang='lat' dir='ltr'><strong>in</strong></span> <span class='ocrx_word' id='word_1_628' title='bbox 2383 2098 2620 2154; x_wconf 90' lang='lat' dir='ltr'><strong>moribus</strong></span> <span class='ocrx_word' id='word_1_629' title='bbox 2664 2098 2950 2155; x_wconf 90' lang='lat' dir='ltr'><strong>immundis</strong></span> <span class='ocrx_word' id='word_1_630' title='bbox 2994 2101 3347 2172; x_wconf 90' lang='lat' dir='ltr'><strong>operibusque</strong></span> <span class='ocrx_word' id='word_1_631' title='bbox 3385 2102 3535 2158; x_wconf 33' lang='lat' dir='ltr'><strong>vives</strong></span> 
     </span>
    </p>
   </div>
   <div class='ocr_carea' id='block_1_83' title="bbox 1956 2187 3530 2263">
    <p class='ocr_par' dir='ltr' id='par_1_83' title="bbox 1956 2187 3530 2263">
     <span class='ocr_line' id='line_1_83' title="bbox 1956 2187 3530 2263; baseline 0.005 -21"><span class='ocrx_word' id='word_1_632' title='bbox 1956 2187 2103 2253; x_wconf 90' lang='lat' dir='ltr'><strong>bant,</strong></span> <span class='ocrx_word' id='word_1_633' title='bbox 2131 2188 2304 2245; x_wconf 91' lang='lat' dir='ltr'><strong>adhuc</strong></span> <span class='ocrx_word' id='word_1_634' title='bbox 2360 2190 2847 2261; x_wconf 88' lang='lat' dir='ltr'><strong>perturbationibus</strong></span> <span class='ocrx_word' id='word_1_635' title='bbox 2888 2193 3328 2263; x_wconf 76' lang='lat' dir='ltr'><strong>concupiscentia:</strong></span> <span class='ocrx_word' id='word_1_636' title='bbox 3373 2194 3530 2250; x_wconf 79' lang='lat' dir='ltr'><strong>malae</strong></span> 
     </span>
    </p>
   </div>
   <div class='ocr_carea' id='block_1_84' title="bbox 1956 2281 3534 2350">
    <p class='ocr_par' dir='ltr' id='par_1_84' title="bbox 1956 2281 3534 2350">
     <span class='ocr_line' id='line_1_84' title="bbox 1956 2281 3534 2350; baseline 0.004 -16"><span class='ocrx_word' id='word_1_637' title='bbox 1956 2288 2116 2350; x_wconf 90' lang='lat' dir='ltr'><strong>atque</strong></span> <span class='ocrx_word' id='word_1_638' title='bbox 2144 2282 2379 2336; x_wconf 74' lang='lat' dir='ltr'><strong>avaritia:</strong></span> <span class='ocrx_word' id='word_1_639' title='bbox 2406 2281 2744 2338; x_wconf 84' lang='lat' dir='ltr'><strong>serviebant?</strong></span> <span class='ocrx_word' id='word_1_640' title='bbox 2769 2282 2900 2350; x_wconf 86' lang='lat' dir='ltr'><strong>Quis</strong></span> <span class='ocrx_word' id='word_1_641' title='bbox 2937 2283 3157 2339; x_wconf 89' lang='lat' dir='ltr'><strong>demens</strong></span> <span class='ocrx_word' id='word_1_642' title='bbox 3193 2285 3293 2340; x_wconf 88' lang='lat' dir='ltr'><strong>ista</strong></span> <span class='ocrx_word' id='word_1_643' title='bbox 3318 2284 3384 2341; x_wconf 91' lang='lat' dir='ltr'><strong>de</strong></span> <span class='ocrx_word' id='word_1_644' title='bbox 3413 2285 3534 2340; x_wconf 88' lang='lat' dir='ltr'><strong>tali-</strong></span> 
     </span>
    </p>
   </div>
   <div class='ocr_carea' id='block_1_85' title="bbox 1955 2369 3531 2444">
    <p class='ocr_par' dir='ltr' id='par_1_85' title="bbox 1955 2369 3531 2444">
     <span class='ocr_line' id='line_1_85' title="bbox 1955 2369 3531 2444; baseline 0.003 -19"><span class='ocrx_word' id='word_1_645' title='bbox 1955 2369 2054 2426; x_wconf 88' lang='lat' dir='ltr'><strong>bus</strong></span> <span class='ocrx_word' id='word_1_646' title='bbox 2082 2371 2343 2426; x_wconf 82' lang='lat' dir='ltr'><strong>senserit?</strong></span> <span class='ocrx_word' id='word_1_647' title='bbox 2384 2371 2520 2438; x_wconf 85' lang='lat' dir='ltr'><strong>Quid</strong></span> <span class='ocrx_word' id='word_1_648' title='bbox 2551 2387 2678 2443; x_wconf 91' lang='lat' dir='ltr'><strong>ergo</strong></span> <span class='ocrx_word' id='word_1_649' title='bbox 2711 2373 2823 2427; x_wconf 90' lang='lat' dir='ltr'><strong>vult</strong></span> <span class='ocrx_word' id='word_1_650' title='bbox 2863 2382 2923 2428; x_wconf 90' lang='lat' dir='ltr'><strong>ut</strong></span> <span class='ocrx_word' id='word_1_651' title='bbox 2966 2374 3319 2441; x_wconf 85' lang='lat' dir='ltr'><strong>mortiﬂcent,</strong></span> <span class='ocrx_word' id='word_1_652' title='bbox 3369 2390 3531 2444; x_wconf 84' lang='lat' dir='ltr'><strong>opere</strong></span> 
     </span>
    </p>
   </div>
   <div class='ocr_carea' id='block_1_86' title="bbox 1953 2462 3531 2533">
    <p class='ocr_par' dir='ltr' id='par_1_86' title="bbox 1953 2462 3531 2533">
     <span class='ocr_line' id='line_1_86' title="bbox 1953 2462 3531 2533; baseline 0.002 -17"><span class='ocrx_word' id='word_1_653' title='bbox 1953 2462 2157 2517; x_wconf 88' lang='lat' dir='ltr'><strong>scilicet</strong></span> <span class='ocrx_word' id='word_1_654' title='bbox 2194 2462 2556 2529; x_wconf 67' lang='lat' dir='ltr'><strong>continentiae,</strong></span> <span class='ocrx_word' id='word_1_655' title='bbox 2600 2463 2703 2517; x_wconf 91' lang='lat' dir='ltr'><strong>nisi</strong></span> <span class='ocrx_word' id='word_1_656' title='bbox 2734 2471 2909 2518; x_wconf 89' lang='lat' dir='ltr'><strong>motus</strong></span> <span class='ocrx_word' id='word_1_657' title='bbox 2951 2464 3093 2533; x_wconf 89' lang='lat' dir='ltr'><strong>ipsos</strong></span> <span class='ocrx_word' id='word_1_658' title='bbox 3137 2464 3309 2518; x_wconf 89' lang='lat' dir='ltr'><strong>adhuc</strong></span> <span class='ocrx_word' id='word_1_659' title='bbox 3348 2466 3399 2518; x_wconf 89' lang='lat' dir='ltr'><strong>in</strong></span> <span class='ocrx_word' id='word_1_660' title='bbox 3434 2479 3531 2519; x_wconf 87' lang='lat' dir='ltr'><strong>sua</strong></span> 
     </span>
    </p>
   </div>
   <div class='ocr_carea' id='block_1_87' title="bbox 1954 2551 3533 2622">
    <p class='ocr_par' dir='ltr' id='par_1_87' title="bbox 1954 2551 3533 2622">
     <span class='ocr_line' id='line_1_87' title="bbox 1954 2551 3533 2622; baseline 0.003 -17"><span class='ocrx_word' id='word_1_661' title='bbox 1954 2551 2181 2622; x_wconf 85' lang='lat' dir='ltr'><strong>quadam</strong></span> <span class='ocrx_word' id='word_1_662' title='bbox 2212 2552 2655 2622; x_wconf 88' lang='lat' dir='ltr'><strong>interpellatione,</strong></span> <span class='ocrx_word' id='word_1_663' title='bbox 2700 2553 2815 2609; x_wconf 89' lang='lat' dir='ltr'><strong>sine</strong></span> <span class='ocrx_word' id='word_1_664' title='bbox 2842 2562 3036 2609; x_wconf 74' lang='lat' dir='ltr'><strong>nostra:</strong></span> <span class='ocrx_word' id='word_1_665' title='bbox 3066 2556 3260 2610; x_wconf 90' lang='lat' dir='ltr'><strong>mentis</strong></span> <span class='ocrx_word' id='word_1_666' title='bbox 3303 2570 3533 2611; x_wconf 82' lang='lat' dir='ltr'><strong>consen-</strong></span> 
     </span>
    </p>
   </div>
   <div class='ocr_carea' id='block_1_88' title="bbox 1955 2642 3532 2715">
    <p class='ocr_par' dir='ltr' id='par_1_88' title="bbox 1955 2642 3532 2715">
     <span class='ocr_line' id='line_1_88' title="bbox 1955 2642 3532 2715; baseline 0.003 -19"><span class='ocrx_word' id='word_1_667' title='bbox 1955 2643 2124 2707; x_wconf 89' lang='lat' dir='ltr'><strong>sione,</strong></span> <span class='ocrx_word' id='word_1_668' title='bbox 2174 2642 2289 2698; x_wconf 88' lang='lat' dir='ltr'><strong>sine</strong></span> <span class='ocrx_word' id='word_1_669' title='bbox 2326 2644 2687 2699; x_wconf 89' lang='lat' dir='ltr'><strong>membrorum</strong></span> <span class='ocrx_word' id='word_1_670' title='bbox 2728 2645 3082 2714; x_wconf 88' lang='lat' dir='ltr'><strong>corporalium</strong></span> <span class='ocrx_word' id='word_1_671' title='bbox 3112 2646 3421 2715; x_wconf 90' lang='lat' dir='ltr'><strong>operatione</strong></span> <span class='ocrx_word' id='word_1_672' title='bbox 3452 2648 3532 2701; x_wconf 90' lang='lat' dir='ltr'><strong>vi-</strong></span> 
     </span>
    </p>
   </div>
   <div class='ocr_carea' id='block_1_89' title="bbox 1957 2735 3533 2808">
    <p class='ocr_par' dir='ltr' id='par_1_89' title="bbox 1957 2735 3533 2808">
     <span class='ocr_line' id='line_1_89' title="bbox 1957 2735 3533 2808; baseline 0.004 -21"><span class='ocrx_word' id='word_1_673' title='bbox 1957 2736 2178 2790; x_wconf 86' lang='lat' dir='ltr'><strong>ventes?</strong></span> <span class='ocrx_word' id='word_1_674' title='bbox 2206 2735 2272 2790; x_wconf 87' lang='lat' dir='ltr'><strong>Et</strong></span> <span class='ocrx_word' id='word_1_675' title='bbox 2314 2735 2581 2805; x_wconf 89' lang='lat' dir='ltr'><strong>quomodo</strong></span> <span class='ocrx_word' id='word_1_676' title='bbox 2621 2736 2707 2791; x_wconf 90' lang='lat' dir='ltr'><strong>isti</strong></span> <span class='ocrx_word' id='word_1_677' title='bbox 2748 2737 3132 2793; x_wconf 82' lang='lat' dir='ltr'><strong>mortiﬁcamur</strong></span> <span class='ocrx_word' id='word_1_678' title='bbox 3169 2753 3331 2808; x_wconf 89' lang='lat' dir='ltr'><strong>opere</strong></span> <span class='ocrx_word' id='word_1_679' title='bbox 3360 2739 3533 2795; x_wconf 88' lang='lat' dir='ltr'><strong>conti-</strong></span> 
     </span>
    </p>
   </div>
   <div class='ocr_carea' id='block_1_90' title="bbox 1956 2828 3532 2895">
    <p class='ocr_par' dir='ltr' id='par_1_90' title="bbox 1956 2828 3532 2895">
     <span class='ocr_line' id='line_1_90' title="bbox 1956 2828 3532 2895; baseline 0 -12"><span class='ocrx_word' id='word_1_680' title='bbox 1956 2828 2174 2894; x_wconf 65' lang='lat' dir='ltr'><strong>nentire,</strong></span> <span class='ocrx_word' id='word_1_681' title='bbox 2209 2828 2308 2882; x_wconf 90' lang='lat' dir='ltr'><strong>nisi</strong></span> <span class='ocrx_word' id='word_1_682' title='bbox 2334 2844 2453 2882; x_wconf 90' lang='lat' dir='ltr'><strong>cum</strong></span> <span class='ocrx_word' id='word_1_683' title='bbox 2485 2828 2563 2883; x_wconf 87' lang='lat' dir='ltr'><strong>eis</strong></span> <span class='ocrx_word' id='word_1_684' title='bbox 2588 2837 2767 2883; x_wconf 89' lang='lat' dir='ltr'><strong>mente</strong></span> <span class='ocrx_word' id='word_1_685' title='bbox 2794 2844 2902 2883; x_wconf 92' lang='lat' dir='ltr'><strong>non</strong></span> <span class='ocrx_word' id='word_1_686' title='bbox 2926 2829 3273 2895; x_wconf 90' lang='lat' dir='ltr'><strong>consentitur,</strong></span> <span class='ocrx_word' id='word_1_687' title='bbox 3306 2845 3405 2885; x_wconf 91' lang='lat' dir='ltr'><strong>nec</strong></span> <span class='ocrx_word' id='word_1_688' title='bbox 3436 2844 3532 2885; x_wconf 79' lang='lat' dir='ltr'><strong>ex-</strong></span> 
     </span>
    </p>
   </div>
   <div class='ocr_carea' id='block_1_91' title="bbox 1955 2917 3536 2990">
    <p class='ocr_par' dir='ltr' id='par_1_91' title="bbox 1955 2917 3536 2990">
     <span class='ocr_line' id='line_1_91' title="bbox 1955 2917 3536 2990; baseline 0.003 -18"><span class='ocrx_word' id='word_1_689' title='bbox 1955 2917 2204 2975; x_wconf 88' lang='lat' dir='ltr'><strong>hibentur</strong></span> <span class='ocrx_word' id='word_1_690' title='bbox 2227 2920 2306 2974; x_wconf 90' lang='lat' dir='ltr'><strong>eis</strong></span> <span class='ocrx_word' id='word_1_691' title='bbox 2334 2934 2483 2974; x_wconf 89' lang='lat' dir='ltr'><strong>arma</strong></span> <span class='ocrx_word' id='word_1_692' title='bbox 2511 2919 2751 2989; x_wconf 89' lang='lat' dir='ltr'><strong>corporis</strong></span> <span class='ocrx_word' id='word_1_693' title='bbox 2776 2920 3043 2986; x_wconf 85' lang='lat' dir='ltr'><strong>membra;</strong></span> <span class='ocrx_word' id='word_1_694' title='bbox 3068 2928 3123 2975; x_wconf 93' lang='lat' dir='ltr'><strong>et</strong></span> <span class='ocrx_word' id='word_1_695' title='bbox 3146 2920 3287 2990; x_wconf 88' lang='lat' dir='ltr'><strong>quod</strong></span> <span class='ocrx_word' id='word_1_696' title='bbox 3313 2929 3396 2977; x_wconf 89' lang='lat' dir='ltr'><strong>est</strong></span> <span class='ocrx_word' id='word_1_697' title='bbox 3422 2936 3536 2976; x_wconf 89' lang='lat' dir='ltr'><strong>ma-</strong></span> 
     </span>
    </p>
   </div>
   <div class='ocr_carea' id='block_1_92' title="bbox 1952 3010 3532 3082">
    <p class='ocr_par' dir='ltr' id='par_1_92' title="bbox 1952 3010 3532 3082">
     <span class='ocr_line' id='line_1_92' title="bbox 1952 3010 3532 3082; baseline 0.003 -19"><span class='ocrx_word' id='word_1_698' title='bbox 1952 3010 2059 3080; x_wconf 88' lang='lat' dir='ltr'><strong>jus,</strong></span> <span class='ocrx_word' id='word_1_699' title='bbox 2091 3018 2249 3080; x_wconf 88' lang='lat' dir='ltr'><strong>atque</strong></span> <span class='ocrx_word' id='word_1_700' title='bbox 2285 3010 2554 3080; x_wconf 84' lang='lat' dir='ltr'><strong>vigilantia</strong></span> <span class='ocrx_word' id='word_1_701' title='bbox 2583 3011 2924 3066; x_wconf 63' lang='lat' dir='ltr'><strong>continentiae</strong></span> <span class='ocrx_word' id='word_1_702' title='bbox 2956 3011 3158 3082; x_wconf 88' lang='lat' dir='ltr'><strong>majore</strong></span> <span class='ocrx_word' id='word_1_703' title='bbox 3201 3012 3493 3068; x_wconf 87' lang='lat' dir='ltr'><strong>curandum</strong></span> <span class='ocrx_word' id='word_1_704' title='bbox 3515 3055 3532 3079; x_wconf 94' lang='lat'><strong>,</strong></span> 
     </span>
    </p>
   </div>
   <div class='ocr_carea' id='block_1_93' title="bbox 1955 3100 3534 3172">
    <p class='ocr_par' dir='ltr' id='par_1_93' title="bbox 1955 3100 3534 3172">
     <span class='ocr_line' id='line_1_93' title="bbox 1955 3100 3534 3172; baseline 0.002 -17"><span class='ocrx_word' id='word_1_705' title='bbox 1955 3100 2069 3169; x_wconf 87' lang='lat' dir='ltr'><strong>ipsa</strong></span> <span class='ocrx_word' id='word_1_706' title='bbox 2094 3101 2254 3167; x_wconf 76' lang='lat' dir='ltr'><strong>etiam</strong></span> <span class='ocrx_word' id='word_1_707' title='bbox 2298 3108 2478 3155; x_wconf 88' lang='lat' dir='ltr'><strong>nostra</strong></span> <span class='ocrx_word' id='word_1_708' title='bbox 2508 3102 2778 3170; x_wconf 83' lang='lat' dir='ltr'><strong>cogitatio,</strong></span> <span class='ocrx_word' id='word_1_709' title='bbox 2807 3103 3048 3170; x_wconf 90' lang='lat' dir='ltr'><strong>quamvis</strong></span> <span class='ocrx_word' id='word_1_710' title='bbox 3081 3116 3267 3157; x_wconf 89' lang='lat' dir='ltr'><strong>eorum</strong></span> <span class='ocrx_word' id='word_1_711' title='bbox 3303 3103 3534 3172; x_wconf 89' lang='lat' dir='ltr'><strong>quodam</strong></span> 
     </span>
    </p>
   </div>
   <div class='ocr_carea' id='block_1_94' title="bbox 1957 3190 3535 3263">
    <p class='ocr_par' dir='ltr' id='par_1_94' title="bbox 1957 3190 3535 3263">
     <span class='ocr_line' id='line_1_94' title="bbox 1957 3190 3535 3263; baseline 0.002 -17"><span class='ocrx_word' id='word_1_712' title='bbox 1957 3190 2116 3247; x_wconf 92' lang='lat' dir='ltr'><strong>modo</strong></span> <span class='ocrx_word' id='word_1_713' title='bbox 2140 3192 2476 3262; x_wconf 85' lang='lat' dir='ltr'><strong>suggestione</strong></span> <span class='ocrx_word' id='word_1_714' title='bbox 2505 3200 2559 3246; x_wconf 90' lang='lat' dir='ltr'><strong>et</strong></span> <span class='ocrx_word' id='word_1_715' title='bbox 2584 3192 2734 3261; x_wconf 88' lang='lat' dir='ltr'><strong>quasi</strong></span> <span class='ocrx_word' id='word_1_716' title='bbox 2760 3193 3122 3247; x_wconf 89' lang='lat' dir='ltr'><strong>susurratione</strong></span> <span class='ocrx_word' id='word_1_717' title='bbox 3163 3202 3425 3263; x_wconf 88' lang='lat' dir='ltr'><strong>tangatur,</strong></span> <span class='ocrx_word' id='word_1_718' title='bbox 3455 3204 3535 3249; x_wconf 89' lang='lat' dir='ltr'><strong>ta-</strong></span> 
     </span>
    </p>
   </div>
   <div class='ocr_carea' id='block_1_95' title="bbox 1957 3283 3530 3355">
    <p class='ocr_par' dir='ltr' id='par_1_95' title="bbox 1957 3283 3530 3355">
     <span class='ocr_line' id='line_1_95' title="bbox 1957 3283 3530 3355; baseline 0.003 -17"><span class='ocrx_word' id='word_1_719' title='bbox 1957 3299 2077 3339; x_wconf 89' lang='lat' dir='ltr'><strong>men</strong></span> <span class='ocrx_word' id='word_1_720' title='bbox 2094 3284 2160 3339; x_wconf 90' lang='lat' dir='ltr'><strong>ab</strong></span> <span class='ocrx_word' id='word_1_721' title='bbox 2175 3285 2251 3340; x_wconf 92' lang='lat' dir='ltr'><strong>eis</strong></span> <span class='ocrx_word' id='word_1_722' title='bbox 2276 3300 2344 3340; x_wconf 89' lang='lat' dir='ltr'><strong>ne</strong></span> <span class='ocrx_word' id='word_1_723' title='bbox 2372 3283 2669 3340; x_wconf 87' lang='lat' dir='ltr'><strong>oblectetur</strong></span> <span class='ocrx_word' id='word_1_724' title='bbox 2693 3285 2967 3353; x_wconf 90' lang='lat' dir='ltr'><strong>avertitur,</strong></span> <span class='ocrx_word' id='word_1_725' title='bbox 3000 3295 3053 3341; x_wconf 89' lang='lat' dir='ltr'><strong>et</strong></span> <span class='ocrx_word' id='word_1_726' title='bbox 3081 3285 3146 3341; x_wconf 90' lang='lat' dir='ltr'><strong>ad</strong></span> <span class='ocrx_word' id='word_1_727' title='bbox 3174 3301 3406 3355; x_wconf 86' lang='lat' dir='ltr'><strong>superna</strong></span> <span class='ocrx_word' id='word_1_728' title='bbox 3433 3287 3530 3342; x_wconf 91' lang='lat' dir='ltr'><strong>de-</strong></span> 
     </span>
    </p>
   </div>
   <div class='ocr_carea' id='block_1_96' title="bbox 1957 3376 3532 3459">
    <p class='ocr_par' dir='ltr' id='par_1_96' title="bbox 1957 3376 3532 3459">
     <span class='ocr_line' id='line_1_96' title="bbox 1957 3376 3532 3459; baseline 0.001 -26"><span class='ocrx_word' id='word_1_729' title='bbox 1957 3377 2250 3459; x_wconf 68' lang='lat' dir='ltr'><strong>Iectabilius</strong></span> <span class='ocrx_word' id='word_1_730' title='bbox 2270 3376 2548 3448; x_wconf 82' lang='lat' dir='ltr'><strong>cogitanda</strong></span> <span class='ocrx_word' id='word_1_731' title='bbox 2571 3377 2929 3443; x_wconf 90' lang='lat' dir='ltr'><strong>convertitur;</strong></span> <span class='ocrx_word' id='word_1_732' title='bbox 2953 3376 3023 3433; x_wconf 91' lang='lat' dir='ltr'><strong>ob</strong></span> <span class='ocrx_word' id='word_1_733' title='bbox 3042 3377 3144 3433; x_wconf 89' lang='lat' dir='ltr'><strong>hoc</strong></span> <span class='ocrx_word' id='word_1_734' title='bbox 3167 3393 3227 3434; x_wconf 88' lang='lat' dir='ltr'><strong>ea</strong></span> <span class='ocrx_word' id='word_1_735' title='bbox 3249 3380 3532 3436; x_wconf 90' lang='lat' dir='ltr'><strong>nominans</strong></span> 
     </span>
    </p>
   </div>
   <div class='ocr_carea' id='block_1_97' title="bbox 1956 3466 3534 3540">
    <p class='ocr_par' dir='ltr' id='par_1_97' title="bbox 1956 3466 3534 3540">
     <span class='ocr_line' id='line_1_97' title="bbox 1956 3466 3534 3540; baseline 0.003 -19"><span class='ocrx_word' id='word_1_736' title='bbox 1956 3466 2008 3521; x_wconf 93' lang='lat' dir='ltr'><strong>in</strong></span> <span class='ocrx_word' id='word_1_737' title='bbox 2049 3467 2406 3534; x_wconf 91' lang='lat' dir='ltr'><strong>sermonibus,</strong></span> <span class='ocrx_word' id='word_1_738' title='bbox 2446 3483 2513 3523; x_wconf 90' lang='lat' dir='ltr'><strong>ne</strong></span> <span class='ocrx_word' id='word_1_739' title='bbox 2541 3466 2809 3522; x_wconf 87' lang='lat' dir='ltr'><strong>habitetur</strong></span> <span class='ocrx_word' id='word_1_740' title='bbox 2835 3467 2888 3521; x_wconf 91' lang='lat' dir='ltr'><strong>in</strong></span> <span class='ocrx_word' id='word_1_741' title='bbox 2927 3468 3038 3533; x_wconf 91' lang='lat' dir='ltr'><strong>eis,</strong></span> <span class='ocrx_word' id='word_1_742' title='bbox 3070 3467 3164 3523; x_wconf 89' lang='lat' dir='ltr'><strong>sed</strong></span> <span class='ocrx_word' id='word_1_743' title='bbox 3206 3468 3441 3540; x_wconf 80' lang='lat' dir='ltr'><strong>fugiatur</strong></span> <span class='ocrx_word' id='word_1_744' title='bbox 3464 3471 3534 3526; x_wconf 88' lang='lat' dir='ltr'><strong>ab</strong></span> 
     </span>
    </p>
   </div>
   <div class='ocr_carea' id='block_1_98' title="bbox 1956 3556 3536 3629">
    <p class='ocr_par' dir='ltr' id='par_1_98' title="bbox 1956 3556 3536 3629">
     <span class='ocr_line' id='line_1_98' title="bbox 1956 3556 3536 3629; baseline 0.003 -18"><span class='ocrx_word' id='word_1_745' title='bbox 1956 3557 2069 3625; x_wconf 82' lang='lat' dir='ltr'><strong>eis?</strong></span> <span class='ocrx_word' id='word_1_746' title='bbox 2096 3557 2248 3623; x_wconf 85' lang='lat' dir='ltr'><strong>Quod</strong></span> <span class='ocrx_word' id='word_1_747' title='bbox 2278 3557 2357 3626; x_wconf 90' lang='lat' dir='ltr'><strong>ﬁt,</strong></span> <span class='ocrx_word' id='word_1_748' title='bbox 2390 3558 2435 3613; x_wconf 90' lang='lat' dir='ltr'><strong>si</strong></span> <span class='ocrx_word' id='word_1_749' title='bbox 2465 3556 2753 3613; x_wconf 77' lang='lat' dir='ltr'><strong>efﬁcaciter</strong></span> <span class='ocrx_word' id='word_1_750' title='bbox 2783 3557 3081 3624; x_wconf 86' lang='lat' dir='ltr'><strong>audiamus,</strong></span> <span class='ocrx_word' id='word_1_751' title='bbox 3110 3558 3226 3629; x_wconf 88' lang='lat' dir='ltr'><strong>ipso</strong></span> <span class='ocrx_word' id='word_1_752' title='bbox 3251 3559 3536 3628; x_wconf 87' lang='lat' dir='ltr'><strong>adjuvante</strong></span> 
     </span>
    </p>
   </div>
   <div class='ocr_carea' id='block_1_99' title="bbox 1956 3651 3535 3722">
    <p class='ocr_par' dir='ltr' id='par_1_99' title="bbox 1956 3651 3535 3722">
     <span class='ocr_line' id='line_1_99' title="bbox 1956 3651 3535 3722; baseline 0.001 -19"><span class='ocrx_word' id='word_1_753' title='bbox 1956 3651 2042 3721; x_wconf 89' lang='lat' dir='ltr'><strong>qui</strong></span> <span class='ocrx_word' id='word_1_754' title='bbox 2086 3651 2184 3707; x_wconf 91' lang='lat' dir='ltr'><strong>hoc</strong></span> <span class='ocrx_word' id='word_1_755' title='bbox 2214 3666 2308 3721; x_wconf 84' lang='lat' dir='ltr'><strong>per</strong></span> <span class='ocrx_word' id='word_1_756' title='bbox 2333 3651 2642 3720; x_wconf 86' lang='lat' dir='ltr'><strong>Apostolum</strong></span> <span class='ocrx_word' id='word_1_757' title='bbox 2671 3666 2826 3705; x_wconf 90' lang='lat' dir='ltr'><strong>suum</strong></span> <span class='ocrx_word' id='word_1_758' title='bbox 2865 3652 3108 3722; x_wconf 61' lang='lat' dir='ltr'><strong>praecipit</strong></span> <span class='ocrx_word' id='word_1_759' title='bbox 3136 3669 3148 3705; x_wconf 94' lang='lat'>:</span> <span class='ocrx_word' id='word_1_760' title='bbox 3180 3651 3307 3716; x_wconf 72' lang='lat' dir='ltr'><strong>Qua:</strong></span> <span class='ocrx_word' id='word_1_761' title='bbox 3333 3669 3535 3706; x_wconf 85' lang='lat' dir='ltr'><strong>sursum</strong></span> 
     </span>
    </p>
   </div>
   <div class='ocr_carea' id='block_1_100' title="bbox 1956 3741 3536 3813">
    <p class='ocr_par' dir='ltr' id='par_1_100' title="bbox 1956 3741 3536 3813">
     <span class='ocr_line' id='line_1_100' title="bbox 1956 3741 3536 3813; baseline 0.001 -18"><span class='ocrx_word' id='word_1_762' title='bbox 1956 3750 2073 3795; x_wconf 87' lang='lat' dir='ltr'><strong>sunt</strong></span> <span class='ocrx_word' id='word_1_763' title='bbox 2098 3744 2305 3813; x_wconf 77' lang='lat' dir='ltr'><strong>quterite</strong></span> <span class='ocrx_word' id='word_1_764' title='bbox 2323 3785 2338 3810; x_wconf 93' lang='lat'><strong>,</strong></span> <span class='ocrx_word' id='word_1_765' title='bbox 2367 3742 2451 3796; x_wconf 87' lang='lat' dir='ltr'><strong>ubi</strong></span> <span class='ocrx_word' id='word_1_766' title='bbox 2480 3741 2708 3797; x_wconf 87' lang='lat' dir='ltr'><strong>Christus</strong></span> <span class='ocrx_word' id='word_1_767' title='bbox 2736 3750 2809 3796; x_wconf 90' lang='lat' dir='ltr'><strong>est</strong></span> <span class='ocrx_word' id='word_1_768' title='bbox 2848 3742 2902 3795; x_wconf 89' lang='lat' dir='ltr'><strong>in</strong></span> <span class='ocrx_word' id='word_1_769' title='bbox 2942 3743 3147 3796; x_wconf 71' lang='lat' dir='ltr'><strong>dextera</strong></span> <span class='ocrx_word' id='word_1_770' title='bbox 3187 3742 3282 3795; x_wconf 88' lang='lat' dir='ltr'><strong>Dei</strong></span> <span class='ocrx_word' id='word_1_771' title='bbox 3321 3743 3536 3807; x_wconf 85' lang='lat' dir='ltr'><strong>sedens;</strong></span> 
     </span>
    </p>
   </div>
   <div class='ocr_carea' id='block_1_101' title="bbox 1956 3834 3318 3904">
    <p class='ocr_par' dir='ltr' id='par_1_101' title="bbox 1956 3834 3318 3904">
     <span class='ocr_line' id='line_1_101' title="bbox 1956 3834 3318 3904; baseline -0.001 -17"><span class='ocrx_word' id='word_1_772' title='bbox 1956 3850 2070 3904; x_wconf 73' lang='lat' dir='ltr'><strong>quae</strong></span> <span class='ocrx_word' id='word_1_773' title='bbox 2090 3851 2287 3890; x_wconf 85' lang='lat' dir='ltr'><strong>sursum</strong></span> <span class='ocrx_word' id='word_1_774' title='bbox 2312 3843 2427 3888; x_wconf 85' lang='lat' dir='ltr'><strong>sunt</strong></span> <span class='ocrx_word' id='word_1_775' title='bbox 2455 3834 2635 3903; x_wconf 89' lang='lat' dir='ltr'><strong>sapite,</strong></span> <span class='ocrx_word' id='word_1_776' title='bbox 2666 3848 2768 3886; x_wconf 88' lang='lat' dir='ltr'><strong>non</strong></span> <span class='ocrx_word' id='word_1_777' title='bbox 2802 3848 2915 3903; x_wconf 70' lang='lat' dir='ltr'><strong>quae</strong></span> <span class='ocrx_word' id='word_1_778' title='bbox 2942 3850 3093 3903; x_wconf 87' lang='lat' dir='ltr'><strong>super</strong></span> <span class='ocrx_word' id='word_1_779' title='bbox 3115 3842 3318 3885; x_wconf 88' lang='lat' dir='ltr'><strong>terram.</strong></span> 
     </span>
    </p>
   </div>
   <div class='ocr_carea' id='block_1_102' title="bbox 2027 3920 3535 3991">
    <p class='ocr_par' dir='ltr' id='par_1_102' title="bbox 2027 3920 3535 3991">
     <span class='ocr_line' id='line_1_102' title="bbox 2027 3920 3535 3991; baseline -0.003 -13"><span class='ocrx_word' id='word_1_780' title='bbox 2027 3923 2251 3979; x_wconf 84' lang='lat' dir='ltr'><strong>CAPUT</strong></span> <span class='ocrx_word' id='word_1_781' title='bbox 2291 3923 2430 3977; x_wconf 82' lang='lat' dir='ltr'><strong>XIV.</strong></span> <span class='ocrx_word' id='word_1_782' title='bbox 2470 3954 2541 3962; x_wconf 90' lang='lat'><strong><em>—</em></strong></span> <span class='ocrx_word' id='word_1_783' title='bbox 2573 3922 2660 3978; x_wconf 72' lang='lat'><strong>30.</strong></span> <span class='ocrx_word' id='word_1_784' title='bbox 2702 3920 2886 3975; x_wconf 84' lang='lat' dir='ltr'><strong>Fidem</strong></span> <span class='ocrx_word' id='word_1_785' title='bbox 2912 3923 3019 3975; x_wconf 86' lang='lat' dir='ltr'><strong>sine</strong></span> <span class='ocrx_word' id='word_1_786' title='bbox 3046 3921 3275 3991; x_wconf 86' lang='lat' dir='ltr'><strong>aperibus</strong></span> <span class='ocrx_word' id='word_1_787' title='bbox 3304 3937 3406 3974; x_wconf 89' lang='lat' dir='ltr'><strong>non</strong></span> <span class='ocrx_word' id='word_1_788' title='bbox 3431 3920 3535 3974; x_wconf 79' lang='lat' dir='ltr'><strong>sal-</strong></span> 
     </span>
    </p>
   </div>
   <div class='ocr_carea' id='block_1_103' title="bbox 1956 4010 3535 4067">
    <p class='ocr_par' dir='ltr' id='par_1_103' title="bbox 1956 4010 3535 4067">
     <span class='ocr_line' id='line_1_103' title="bbox 1956 4010 3535 4067; baseline 0 0"><span class='ocrx_word' id='word_1_789' title='bbox 1956 4029 2091 4067; x_wconf 88' lang='lat' dir='ltr'><strong>vare.</strong></span> <span class='ocrx_word' id='word_1_790' title='bbox 2124 4012 2258 4066; x_wconf 86' lang='lat' dir='ltr'><strong>Vitia</strong></span> <span class='ocrx_word' id='word_1_791' title='bbox 2286 4013 2450 4067; x_wconf 85' lang='lat' dir='ltr'><strong>carnis</strong></span> <span class='ocrx_word' id='word_1_792' title='bbox 2478 4021 2761 4066; x_wconf 84' lang='lat' dir='ltr'><strong>constanter</strong></span> <span class='ocrx_word' id='word_1_793' title='bbox 2786 4011 3101 4065; x_wconf 87' lang='lat' dir='ltr'><strong>debellanda.</strong></span> <span class='ocrx_word' id='word_1_794' title='bbox 3123 4010 3190 4064; x_wconf 80' lang='lat' dir='ltr'><strong>In</strong></span> <span class='ocrx_word' id='word_1_795' title='bbox 3218 4012 3535 4067; x_wconf 69' lang='lat' dir='ltr'><strong>continentia:</strong></span> 
     </span>
    </p>
   </div>
   <div class='ocr_carea' id='block_1_104' title="bbox 1958 4101 3533 4176">
    <p class='ocr_par' dir='ltr' id='par_1_104' title="bbox 1958 4101 3533 4176">
     <span class='ocr_line' id='line_1_104' title="bbox 1958 4101 3533 4176; baseline -0.001 -17"><span class='ocrx_word' id='word_1_796' title='bbox 1958 4105 2133 4176; x_wconf 67' lang='lat' dir='ltr'><strong>praelia</strong></span> <span class='ocrx_word' id='word_1_797' title='bbox 2162 4105 2288 4158; x_wconf 88' lang='lat' dir='ltr'><strong>vires</strong></span> <span class='ocrx_word' id='word_1_798' title='bbox 2315 4114 2359 4158; x_wconf 91' lang='lat' dir='ltr'><strong>et</strong></span> <span class='ocrx_word' id='word_1_799' title='bbox 2383 4104 2589 4158; x_wconf 86' lang='lat' dir='ltr'><strong>victoria</strong></span> <span class='ocrx_word' id='word_1_800' title='bbox 2617 4103 2879 4173; x_wconf 76' lang='lat' dir='ltr'><strong>referenda</strong></span> <span class='ocrx_word' id='word_1_801' title='bbox 2902 4103 2954 4157; x_wconf 91' lang='lat' dir='ltr'><strong>in</strong></span> <span class='ocrx_word' id='word_1_802' title='bbox 2980 4101 3163 4156; x_wconf 82' lang='lat' dir='ltr'><strong>Deum.</strong></span> <span class='ocrx_word' id='word_1_803' title='bbox 3195 4102 3326 4157; x_wconf 90' lang='lat' dir='ltr'><strong>Cum</strong></span> <span class='ocrx_word' id='word_1_804' title='bbox 3356 4112 3533 4158; x_wconf 88' lang='lat' dir='ltr'><strong>autem</strong></span> 
     </span>
    </p>
   </div>
   <div class='ocr_carea' id='block_1_105' title="bbox 1958 4194 3533 4265">
    <p class='ocr_par' dir='ltr' id='par_1_105' title="bbox 1958 4194 3533 4265">
     <span class='ocr_line' id='line_1_105' title="bbox 1958 4194 3533 4265; baseline -0.001 -13"><span class='ocrx_word' id='word_1_805' title='bbox 1958 4198 2093 4252; x_wconf 83' lang='lat' dir='ltr'><strong>mala</strong></span> <span class='ocrx_word' id='word_1_806' title='bbox 2122 4197 2208 4252; x_wconf 90' lang='lat' dir='ltr'><strong>illa</strong></span> <span class='ocrx_word' id='word_1_807' title='bbox 2237 4206 2727 4261; x_wconf 89' lang='lat' dir='ltr'><strong>commemorasset,</strong></span> <span class='ocrx_word' id='word_1_808' title='bbox 2756 4196 2997 4265; x_wconf 81' lang='lat' dir='ltr'><strong>adjunxit</strong></span> <span class='ocrx_word' id='word_1_809' title='bbox 3025 4205 3183 4265; x_wconf 88' lang='lat' dir='ltr'><strong>atque</strong></span> <span class='ocrx_word' id='word_1_810' title='bbox 3223 4196 3293 4249; x_wconf 87' lang='lat' dir='ltr'><strong>ait</strong></span> <span class='ocrx_word' id='word_1_811' title='bbox 3333 4214 3343 4249; x_wconf 91' lang='lat'>:</span> <span class='ocrx_word' id='word_1_812' title='bbox 3393 4194 3533 4250; x_wconf 79' lang='lat' dir='ltr'><strong>Pro-</strong></span> 
     </span>
    </p>
   </div>
   <div class='ocr_carea' id='block_1_106' title="bbox 1957 4288 3536 4361">
    <p class='ocr_par' dir='ltr' id='par_1_106' title="bbox 1957 4288 3536 4361">
     <span class='ocr_line' id='line_1_106' title="bbox 1957 4288 3536 4361; baseline 0.001 -17"><span class='ocrx_word' id='word_1_813' title='bbox 1957 4298 2066 4360; x_wconf 87' lang='lat' dir='ltr'><strong>pter</strong></span> <span class='ocrx_word' id='word_1_814' title='bbox 2089 4305 2201 4361; x_wconf 75' lang='lat' dir='ltr'><strong>qua:</strong></span> <span class='ocrx_word' id='word_1_815' title='bbox 2227 4290 2357 4342; x_wconf 82' lang='lat' dir='ltr'><strong>venit</strong></span> <span class='ocrx_word' id='word_1_816' title='bbox 2395 4290 2472 4342; x_wconf 92' lang='lat' dir='ltr'><strong>ira</strong></span> <span class='ocrx_word' id='word_1_817' title='bbox 2485 4288 2594 4343; x_wconf 68' lang='lat' dir='ltr'><strong>&#39;Dei</strong></span> <span class='ocrx_word' id='word_1_818' title='bbox 2620 4291 2673 4343; x_wconf 89' lang='lat' dir='ltr'><strong>in</strong></span> <span class='ocrx_word' id='word_1_819' title='bbox 2704 4290 2837 4359; x_wconf 75' lang='lat' dir='ltr'><strong>filios</strong></span> <span class='ocrx_word' id='word_1_820' title='bbox 2865 4289 3196 4358; x_wconf 82' lang='lat' dir='ltr'><strong>inﬁdelitatis.</strong></span> <span class='ocrx_word' id='word_1_821' title='bbox 3238 4289 3426 4359; x_wconf 86' lang='lat' dir='ltr'><strong>Utique</strong></span> <span class='ocrx_word' id='word_1_822' title='bbox 3452 4305 3536 4345; x_wconf 83' lang='lat' dir='ltr'><strong>sa-</strong></span> 
     </span>
    </p>
   </div>
   <div class='ocr_carea' id='block_1_107' title="bbox 1958 4380 3536 4453">
    <p class='ocr_par' dir='ltr' id='par_1_107' title="bbox 1958 4380 3536 4453">
     <span class='ocr_line' id='line_1_107' title="bbox 1958 4380 3536 4453; baseline 0.003 -18"><span class='ocrx_word' id='word_1_823' title='bbox 1958 4380 2182 4436; x_wconf 90' lang='lat' dir='ltr'><strong>lubriter</strong></span> <span class='ocrx_word' id='word_1_824' title='bbox 2229 4383 2433 4448; x_wconf 87' lang='lat' dir='ltr'><strong>terruit,</strong></span> <span class='ocrx_word' id='word_1_825' title='bbox 2481 4397 2548 4436; x_wconf 92' lang='lat' dir='ltr'><strong>ne</strong></span> <span class='ocrx_word' id='word_1_826' title='bbox 2591 4390 2835 4452; x_wconf 87' lang='lat' dir='ltr'><strong>putarent</strong></span> <span class='ocrx_word' id='word_1_827' title='bbox 2884 4381 3067 4437; x_wconf 84' lang='lat' dir='ltr'><strong>ﬁdeles</strong></span> <span class='ocrx_word' id='word_1_828' title='bbox 3110 4391 3326 4453; x_wconf 90' lang='lat' dir='ltr'><strong>propter</strong></span> <span class='ocrx_word' id='word_1_829' title='bbox 3364 4384 3536 4439; x_wconf 87' lang='lat' dir='ltr'><strong>solam</strong></span> 
     </span>
    </p>
   </div>
   <div class='ocr_carea' id='block_1_108' title="bbox 1959 4472 3603 4543">
    <p class='ocr_par' dir='ltr' id='par_1_108' title="bbox 1959 4472 3603 4543">
     <span class='ocr_line' id='line_1_108' title="bbox 1959 4472 3603 4543; baseline 0.002 -17"><span class='ocrx_word' id='word_1_830' title='bbox 1959 4472 2115 4528; x_wconf 87' lang='lat' dir='ltr'><strong>ﬁdem</strong></span> <span class='ocrx_word' id='word_1_831' title='bbox 2144 4488 2314 4540; x_wconf 88' lang='lat' dir='ltr'><strong>suam,</strong></span> <span class='ocrx_word' id='word_1_832' title='bbox 2356 4473 2562 4527; x_wconf 86' lang='lat' dir='ltr'><strong>etiamsi</strong></span> <span class='ocrx_word' id='word_1_833' title='bbox 2604 4474 2655 4526; x_wconf 92' lang='lat' dir='ltr'><strong>in</strong></span> <span class='ocrx_word' id='word_1_834' title='bbox 2689 4472 2770 4527; x_wconf 93' lang='lat' dir='ltr'><strong>his</strong></span> <span class='ocrx_word' id='word_1_835' title='bbox 2796 4474 2948 4526; x_wconf 88' lang='lat' dir='ltr'><strong>malis</strong></span> <span class='ocrx_word' id='word_1_836' title='bbox 2983 4475 3244 4539; x_wconf 87' lang='lat' dir='ltr'><strong>viverent,</strong></span> <span class='ocrx_word' id='word_1_837' title='bbox 3278 4488 3335 4527; x_wconf 92' lang='lat' dir='ltr'><strong>se</strong></span> <span class='ocrx_word' id='word_1_838' title='bbox 3376 4490 3534 4543; x_wconf 90' lang='lat' dir='ltr'><strong>posse</strong></span> <span class='ocrx_word' id='word_1_839' title='bbox 3600 4482 3603 4485; x_wconf 84' lang='lat'>&#39;</span> 
     </span>
    </p>
   </div>
   <div class='ocr_carea' id='block_1_109' title="bbox 1958 4562 3535 4634">
    <p class='ocr_par' dir='ltr' id='par_1_109' title="bbox 1958 4562 3535 4634">
     <span class='ocr_line' id='line_1_109' title="bbox 1958 4562 3535 4634; baseline -0.001 -15"><span class='ocrx_word' id='word_1_840' title='bbox 1958 4564 2185 4630; x_wconf 76' lang='lat' dir='ltr'><strong>salvari;</strong></span> <span class='ocrx_word' id='word_1_841' title='bbox 2218 4565 2459 4634; x_wconf 91' lang='lat' dir='ltr'><strong>apostolo</strong></span> <span class='ocrx_word' id='word_1_842' title='bbox 2496 4562 2696 4618; x_wconf 88' lang='lat' dir='ltr'><strong>Jacobo</strong></span> <span class='ocrx_word' id='word_1_843' title='bbox 2724 4571 2908 4617; x_wconf 90' lang='lat' dir='ltr'><strong>contra</strong></span> <span class='ocrx_word' id='word_1_844' title='bbox 2954 4564 3113 4617; x_wconf 90' lang='lat' dir='ltr'><strong>istum</strong></span> <span class='ocrx_word' id='word_1_845' title='bbox 3144 4578 3357 4617; x_wconf 86' lang='lat' dir='ltr'><strong>sensum</strong></span> <span class='ocrx_word' id='word_1_846' title='bbox 3401 4578 3535 4617; x_wconf 81' lang='lat' dir='ltr'><strong>voce</strong></span> 
     </span>
    </p>
   </div>
   <div class='ocr_carea' id='block_1_110' title="bbox 1959 4654 3536 4726">
    <p class='ocr_par' dir='ltr' id='par_1_110' title="bbox 1959 4654 3536 4726">
     <span class='ocr_line' id='line_1_110' title="bbox 1959 4654 3536 4726; baseline -0.001 -15"><span class='ocrx_word' id='word_1_847' title='bbox 1959 4656 2388 4711; x_wconf 88' lang='lat' dir='ltr'><strong>manifestissima</strong></span> <span class='ocrx_word' id='word_1_848' title='bbox 2417 4656 2739 4710; x_wconf 88' lang='lat' dir='ltr'><strong>reclamante</strong></span> <span class='ocrx_word' id='word_1_849' title='bbox 2772 4670 2834 4709; x_wconf 90' lang='lat' dir='ltr'><strong>ac</strong></span> <span class='ocrx_word' id='word_1_850' title='bbox 2860 4654 3089 4721; x_wconf 89' lang='lat' dir='ltr'><strong>dicente,</strong></span> <span class='ocrx_word' id='word_1_851' title='bbox 3137 4656 3199 4709; x_wconf 88' lang='lat' dir='ltr'><strong>Si</strong></span> <span class='ocrx_word' id='word_1_852' title='bbox 3233 4656 3385 4723; x_wconf 87' lang='lat' dir='ltr'><strong>[idem</strong></span> <span class='ocrx_word' id='word_1_853' title='bbox 3421 4657 3536 4726; x_wconf 82' lang='lat' dir='ltr'><strong>quis</strong></span> 
     </span>
    </p>
   </div>
   <div class='ocr_carea' id='block_1_111' title="bbox 1960 4744 3536 4816">
    <p class='ocr_par' dir='ltr' id='par_1_111' title="bbox 1960 4744 3536 4816">
     <span class='ocr_line' id='line_1_111' title="bbox 1960 4744 3536 4816; baseline -0.002 -14"><span class='ocrx_word' id='word_1_854' title='bbox 1960 4750 2093 4802; x_wconf 87' lang='lat' dir='ltr'><strong>dicat</strong></span> <span class='ocrx_word' id='word_1_855' title='bbox 2130 4764 2183 4803; x_wconf 89' lang='lat' dir='ltr'><strong>se</strong></span> <span class='ocrx_word' id='word_1_856' title='bbox 2214 4746 2409 4813; x_wconf 88' lang='lat' dir='ltr'><strong>habere,</strong></span> <span class='ocrx_word' id='word_1_857' title='bbox 2436 4762 2590 4816; x_wconf 78' lang='lat' dir='ltr'><strong>Opera</strong></span> <span class='ocrx_word' id='word_1_858' title='bbox 2619 4755 2786 4799; x_wconf 85' lang='lat' dir='ltr'><strong>autem</strong></span> <span class='ocrx_word' id='word_1_859' title='bbox 2814 4762 2914 4798; x_wconf 88' lang='lat' dir='ltr'><strong>non</strong></span> <span class='ocrx_word' id='word_1_860' title='bbox 2945 4744 3142 4809; x_wconf 85' lang='lat' dir='ltr'><strong>habeat,</strong></span> <span class='ocrx_word' id='word_1_861' title='bbox 3170 4745 3413 4813; x_wconf 80' lang='lat' dir='ltr'><strong>numquid</strong></span> <span class='ocrx_word' id='word_1_862' title='bbox 3442 4763 3536 4814; x_wconf 85' lang='lat' dir='ltr'><strong>po—</strong></span> 
     </span>
    </p>
   </div>
   <div class='ocr_carea' id='block_1_112' title="bbox 1962 4832 3537 4908">
    <p class='ocr_par' dir='ltr' id='par_1_112' title="bbox 1962 4832 3537 4908">
     <span class='ocr_line' id='line_1_112' title="bbox 1962 4832 3537 4908; baseline -0.002 -15"><span class='ocrx_word' id='word_1_863' title='bbox 1962 4840 2074 4895; x_wconf 85' lang='lat' dir='ltr'><strong>terit</strong></span> <span class='ocrx_word' id='word_1_864' title='bbox 2097 4838 2222 4908; x_wconf 76' lang='lat' dir='ltr'><strong>fides</strong></span> <span class='ocrx_word' id='word_1_865' title='bbox 2246 4839 2440 4892; x_wconf 89' lang='lat' dir='ltr'><strong>salvare</strong></span> <span class='ocrx_word' id='word_1_866' title='bbox 2461 4853 2573 4891; x_wconf 88' lang='lat' dir='ltr'><strong>eum</strong></span> <span class='ocrx_word' id='word_1_867' title='bbox 2604 4835 2800 4907; x_wconf 81' lang='lat' dir='ltr'><strong>(Jacobi</strong></span> <span class='ocrx_word' id='word_1_868' title='bbox 2823 4851 2880 4902; x_wconf 87' lang='grc' dir='ltr'>ιι,</span> <span class='ocrx_word' id='word_1_869' title='bbox 2906 4835 2973 4889; x_wconf 75' lang='grc'><strong>14</strong></span> <span class='ocrx_word' id='word_1_870' title='bbox 2990 4832 3049 4905; x_wconf 85' lang='lat'><strong>)?</strong></span> <span class='ocrx_word' id='word_1_871' title='bbox 3073 4834 3224 4890; x_wconf 86' lang='lat' dir='ltr'><strong>Unde</strong></span> <span class='ocrx_word' id='word_1_872' title='bbox 3253 4844 3306 4890; x_wconf 89' lang='lat' dir='ltr'><strong>et</strong></span> <span class='ocrx_word' id='word_1_873' title='bbox 3334 4836 3416 4889; x_wconf 90' lang='lat' dir='ltr'><strong>hic</strong></span> <span class='ocrx_word' id='word_1_874' title='bbox 3432 4836 3537 4890; x_wconf 88' lang='lat' dir='ltr'><strong>Do-</strong></span> 
     </span>
    </p>
   </div>
   <div class='ocr_carea' id='block_1_113' title="bbox 1961 4925 3537 4999">
    <p class='ocr_par' dir='ltr' id='par_1_113' title="bbox 1961 4925 3537 4999">
     <span class='ocr_line' id='line_1_113' title="bbox 1961 4925 3537 4999; baseline -0.003 -14"><span class='ocrx_word' id='word_1_875' title='bbox 1961 4939 2077 4986; x_wconf 89' lang='lat' dir='ltr'><strong>ctor</strong></span> <span class='ocrx_word' id='word_1_876' title='bbox 2103 4927 2348 4985; x_wconf 83' lang='lat' dir='ltr'><strong>Gentium</strong></span> <span class='ocrx_word' id='word_1_877' title='bbox 2375 4936 2586 4999; x_wconf 89' lang='lat' dir='ltr'><strong>propter</strong></span> <span class='ocrx_word' id='word_1_878' title='bbox 2612 4927 2698 4981; x_wconf 90' lang='lat' dir='ltr'><strong>illa</strong></span> <span class='ocrx_word' id='word_1_879' title='bbox 2730 4927 2865 4981; x_wconf 86' lang='lat' dir='ltr'><strong>mala</strong></span> <span class='ocrx_word' id='word_1_880' title='bbox 2890 4926 3072 4980; x_wconf 89' lang='lat' dir='ltr'><strong>venire</strong></span> <span class='ocrx_word' id='word_1_881' title='bbox 3112 4927 3243 4980; x_wconf 88' lang='lat' dir='ltr'><strong>iram</strong></span> <span class='ocrx_word' id='word_1_882' title='bbox 3278 4925 3371 4980; x_wconf 89' lang='lat' dir='ltr'><strong>Dei</strong></span> <span class='ocrx_word' id='word_1_883' title='bbox 3402 4925 3537 4981; x_wconf 80' lang='lat' dir='ltr'><strong>dixit</strong></span> 
     </span>
    </p>
   </div>
   <div class='ocr_carea' id='block_1_114' title="bbox 1961 5018 3538 5089">
    <p class='ocr_par' dir='ltr' id='par_1_114' title="bbox 1961 5018 3538 5089">
     <span class='ocr_line' id='line_1_114' title="bbox 1961 5018 3538 5089; baseline -0.002 -10"><span class='ocrx_word' id='word_1_884' title='bbox 1961 5024 2014 5079; x_wconf 89' lang='lat' dir='ltr'><strong>in</strong></span> <span class='ocrx_word' id='word_1_885' title='bbox 2043 5022 2179 5077; x_wconf 87' lang='lat' dir='ltr'><strong>ﬁlios</strong></span> <span class='ocrx_word' id='word_1_886' title='bbox 2209 5021 2554 5077; x_wconf 89' lang='lat' dir='ltr'><strong>inﬁdelitatis.</strong></span> <span class='ocrx_word' id='word_1_887' title='bbox 2602 5018 2731 5075; x_wconf 89' lang='lat' dir='ltr'><strong>Cum</strong></span> <span class='ocrx_word' id='word_1_888' title='bbox 2762 5029 2936 5074; x_wconf 90' lang='lat' dir='ltr'><strong>autem</strong></span> <span class='ocrx_word' id='word_1_889' title='bbox 2972 5019 3118 5085; x_wconf 92' lang='lat' dir='ltr'><strong>dicit,</strong></span> <span class='ocrx_word' id='word_1_890' title='bbox 3166 5019 3231 5074; x_wconf 87' lang='lat' dir='ltr'><strong>In</strong></span> <span class='ocrx_word' id='word_1_891' title='bbox 3270 5019 3448 5089; x_wconf 81' lang='lat' dir='ltr'><strong>quibus</strong></span> <span class='ocrx_word' id='word_1_892' title='bbox 3488 5031 3538 5076; x_wconf 88' lang='lat' dir='ltr'><strong>et</strong></span> 
     </span>
    </p>
   </div>
   <div class='ocr_carea' id='block_1_115' title="bbox 1961 5110 3538 5183">
    <p class='ocr_par' dir='ltr' id='par_1_115' title="bbox 1961 5110 3538 5183">
     <span class='ocr_line' id='line_1_115' title="bbox 1961 5110 3538 5183; baseline 0 -16"><span class='ocrx_word' id='word_1_893' title='bbox 1961 5129 2047 5167; x_wconf 91' lang='lat' dir='ltr'><strong>vos</strong></span> <span class='ocrx_word' id='word_1_894' title='bbox 2074 5111 2349 5183; x_wconf 87' lang='lat' dir='ltr'><strong>aliquando</strong></span> <span class='ocrx_word' id='word_1_895' title='bbox 2386 5111 2698 5176; x_wconf 88' lang='lat' dir='ltr'><strong>ambulastis,</strong></span> <span class='ocrx_word' id='word_1_896' title='bbox 2736 5126 2849 5163; x_wconf 85' lang='lat' dir='ltr'><strong>cum</strong></span> <span class='ocrx_word' id='word_1_897' title='bbox 2883 5110 3105 5163; x_wconf 82' lang='lat' dir='ltr'><strong>viveretis</strong></span> <span class='ocrx_word' id='word_1_898' title='bbox 3142 5111 3193 5162; x_wconf 88' lang='lat' dir='ltr'><strong>in</strong></span> <span class='ocrx_word' id='word_1_899' title='bbox 3234 5111 3369 5175; x_wconf 88' lang='lat' dir='ltr'><strong>illis;</strong></span> <span class='ocrx_word' id='word_1_900' title='bbox 3406 5112 3538 5168; x_wconf 86' lang='lat' dir='ltr'><strong>satis</strong></span> 
     </span>
    </p>
   </div>
   <div class='ocr_carea' id='block_1_116' title="bbox 1962 5200 3538 5274">
    <p class='ocr_par' dir='ltr' id='par_1_116' title="bbox 1962 5200 3538 5274">
     <span class='ocr_line' id='line_1_116' title="bbox 1962 5200 3538 5274; baseline 0 -16"><span class='ocrx_word' id='word_1_901' title='bbox 1962 5202 2195 5259; x_wconf 88' lang='lat' dir='ltr'><strong>ostendit</strong></span> <span class='ocrx_word' id='word_1_902' title='bbox 2230 5201 2371 5272; x_wconf 89' lang='lat' dir='ltr'><strong>quod</strong></span> <span class='ocrx_word' id='word_1_903' title='bbox 2414 5201 2466 5256; x_wconf 88' lang='lat' dir='ltr'><strong>in</strong></span> <span class='ocrx_word' id='word_1_904' title='bbox 2495 5201 2599 5256; x_wconf 90' lang='lat' dir='ltr'><strong>illis</strong></span> <span class='ocrx_word' id='word_1_905' title='bbox 2635 5201 2742 5271; x_wconf 86' lang='lat' dir='ltr'><strong>jam</strong></span> <span class='ocrx_word' id='word_1_906' title='bbox 2782 5215 2887 5255; x_wconf 90' lang='lat' dir='ltr'><strong>non</strong></span> <span class='ocrx_word' id='word_1_907' title='bbox 2912 5200 3170 5256; x_wconf 89' lang='lat' dir='ltr'><strong>viverent.</strong></span> <span class='ocrx_word' id='word_1_908' title='bbox 3200 5201 3295 5258; x_wconf 85' lang='lat' dir='ltr'><strong>His</strong></span> <span class='ocrx_word' id='word_1_909' title='bbox 3340 5202 3538 5274; x_wconf 91' lang='lat' dir='ltr'><strong>quippe</strong></span> 
     </span>
    </p>
   </div>
   <div class='ocr_carea' id='block_1_117' title="bbox 1964 5292 3537 5361">
    <p class='ocr_par' dir='ltr' id='par_1_117' title="bbox 1964 5292 3537 5361">
     <span class='ocr_line' id='line_1_117' title="bbox 1964 5292 3537 5361; baseline -0.002 -9"><span class='ocrx_word' id='word_1_910' title='bbox 1964 5295 2160 5352; x_wconf 89' lang='lat' dir='ltr'><strong>mortui</strong></span> <span class='ocrx_word' id='word_1_911' title='bbox 2186 5302 2358 5361; x_wconf 88' lang='lat' dir='ltr'><strong>erant,</strong></span> <span class='ocrx_word' id='word_1_912' title='bbox 2389 5301 2445 5348; x_wconf 92' lang='lat' dir='ltr'><strong>ut</strong></span> <span class='ocrx_word' id='word_1_913' title='bbox 2470 5306 2654 5349; x_wconf 91' lang='lat' dir='ltr'><strong>eorum</strong></span> <span class='ocrx_word' id='word_1_914' title='bbox 2694 5292 2797 5346; x_wconf 88' lang='lat' dir='ltr'><strong>vita</strong></span> <span class='ocrx_word' id='word_1_915' title='bbox 2826 5292 2877 5346; x_wconf 89' lang='lat' dir='ltr'><strong>in</strong></span> <span class='ocrx_word' id='word_1_916' title='bbox 2911 5292 3019 5347; x_wconf 89' lang='lat' dir='ltr'><strong>Deo</strong></span> <span class='ocrx_word' id='word_1_917' title='bbox 3046 5307 3168 5348; x_wconf 91' lang='lat' dir='ltr'><strong>cum</strong></span> <span class='ocrx_word' id='word_1_918' title='bbox 3206 5293 3418 5348; x_wconf 87' lang='lat' dir='ltr'><strong>Christo</strong></span> <span class='ocrx_word' id='word_1_919' title='bbox 3446 5310 3537 5349; x_wconf 87' lang='lat' dir='ltr'><strong>es-</strong></span> 
     </span>
    </p>
   </div>
   <div class='ocr_carea' id='block_1_118' title="bbox 1965 5382 3589 5453">
    <p class='ocr_par' dir='ltr' id='par_1_118' title="bbox 1965 5382 3589 5453">
     <span class='ocr_line' id='line_1_118' title="bbox 1965 5382 3589 5453; baseline -0.001 -12"><span class='ocrx_word' id='word_1_920' title='bbox 1965 5395 2045 5441; x_wconf 89' lang='lat' dir='ltr'><strong>set</strong></span> <span class='ocrx_word' id='word_1_921' title='bbox 2070 5385 2397 5440; x_wconf 88' lang='lat' dir='ltr'><strong>abscondita.</strong></span> <span class='ocrx_word' id='word_1_922' title='bbox 2438 5383 2572 5440; x_wconf 89' lang='lat' dir='ltr'><strong>Cum</strong></span> <span class='ocrx_word' id='word_1_923' title='bbox 2613 5398 2740 5453; x_wconf 89' lang='lat' dir='ltr'><strong>ergo</strong></span> <span class='ocrx_word' id='word_1_924' title='bbox 2774 5382 2882 5453; x_wconf 88' lang='lat' dir='ltr'><strong>jam</strong></span> <span class='ocrx_word' id='word_1_925' title='bbox 2921 5384 2973 5438; x_wconf 90' lang='lat' dir='ltr'><strong>in</strong></span> <span class='ocrx_word' id='word_1_926' title='bbox 3003 5383 3108 5439; x_wconf 90' lang='lat' dir='ltr'><strong>illis</strong></span> <span class='ocrx_word' id='word_1_927' title='bbox 3144 5401 3249 5439; x_wconf 90' lang='lat' dir='ltr'><strong>non</strong></span> <span class='ocrx_word' id='word_1_928' title='bbox 3274 5385 3534 5451; x_wconf 85' lang='lat' dir='ltr'><strong>viverent,</strong></span> <span class='ocrx_word' id='word_1_929' title='bbox 3582 5394 3589 5401; x_wconf 80' lang='lat'><em>‘</em></span> 
     </span>
    </p>
   </div>
   <div class='ocr_carea' id='block_1_119' title="bbox 1967 5473 3540 5546">
    <p class='ocr_par' dir='ltr' id='par_1_119' title="bbox 1967 5473 3540 5546">
     <span class='ocr_line' id='line_1_119' title="bbox 1967 5473 3540 5546; baseline -0.003 -14"><span class='ocrx_word' id='word_1_930' title='bbox 1967 5476 2286 5533; x_wconf 89' lang='lat' dir='ltr'><strong>mortiﬁcare</strong></span> <span class='ocrx_word' id='word_1_931' title='bbox 2305 5476 2416 5546; x_wconf 90' lang='lat' dir='ltr'><strong>jam</strong></span> <span class='ocrx_word' id='word_1_932' title='bbox 2443 5475 2565 5531; x_wconf 89' lang='lat' dir='ltr'><strong>talia</strong></span> <span class='ocrx_word' id='word_1_933' title='bbox 2585 5473 2924 5544; x_wconf 89' lang='lat' dir='ltr'><strong>jubebantur.</strong></span> <span class='ocrx_word' id='word_1_934' title='bbox 2954 5474 3088 5544; x_wconf 83' lang='lat' dir='ltr'><strong>ipsis</strong></span> <span class='ocrx_word' id='word_1_935' title='bbox 3126 5476 3322 5546; x_wconf 90' lang='lat' dir='ltr'><strong>quippe</strong></span> <span class='ocrx_word' id='word_1_936' title='bbox 3347 5475 3400 5528; x_wconf 92' lang='lat' dir='ltr'><strong>in</strong></span> <span class='ocrx_word' id='word_1_937' title='bbox 3434 5475 3540 5529; x_wconf 88' lang='lat' dir='ltr'><strong>eis-</strong></span> 
     </span>
    </p>
   </div>
   <div class='ocr_carea' id='block_1_120' title="bbox 1968 5564 3539 5634">
    <p class='ocr_par' dir='ltr' id='par_1_120' title="bbox 1968 5564 3539 5634">
     <span class='ocr_line' id='line_1_120' title="bbox 1968 5564 3539 5634; baseline -0.003 -9"><span class='ocrx_word' id='word_1_938' title='bbox 1968 5569 2088 5625; x_wconf 90' lang='lat' dir='ltr'><strong>dem</strong></span> <span class='ocrx_word' id='word_1_939' title='bbox 2130 5583 2235 5624; x_wconf 92' lang='lat' dir='ltr'><strong>non</strong></span> <span class='ocrx_word' id='word_1_940' title='bbox 2281 5566 2579 5622; x_wconf 89' lang='lat' dir='ltr'><strong>viventibus</strong></span> <span class='ocrx_word' id='word_1_941' title='bbox 2622 5566 2711 5620; x_wconf 89' lang='lat' dir='ltr'><strong>illa</strong></span> <span class='ocrx_word' id='word_1_942' title='bbox 2752 5564 3029 5630; x_wconf 86' lang='lat' dir='ltr'><strong>vivebant;</strong></span> <span class='ocrx_word' id='word_1_943' title='bbox 3058 5566 3194 5620; x_wconf 88' lang='lat' dir='ltr'><strong>sicut</strong></span> <span class='ocrx_word' id='word_1_944' title='bbox 3223 5564 3379 5634; x_wconf 86' lang='lat' dir='ltr'><strong>paulo</strong></span> <span class='ocrx_word' id='word_1_945' title='bbox 3412 5572 3539 5621; x_wconf 89' lang='lat' dir='ltr'><strong>ante</strong></span> 
     </span>
    </p>
   </div>
   <div class='ocr_carea' id='block_1_121' title="bbox 1965 5657 3537 5733">
    <p class='ocr_par' dir='ltr' id='par_1_121' title="bbox 1965 5657 3537 5733">
     <span class='ocr_line' id='line_1_121' title="bbox 1965 5657 3537 5733; baseline -0.002 -18"><span class='ocrx_word' id='word_1_946' title='bbox 1965 5663 2073 5733; x_wconf 86' lang='lat' dir='ltr'><strong>jam</strong></span> <span class='ocrx_word' id='word_1_947' title='bbox 2102 5660 2347 5717; x_wconf 89' lang='lat' dir='ltr'><strong>ostendi:</strong></span> <span class='ocrx_word' id='word_1_948' title='bbox 2374 5668 2428 5714; x_wconf 93' lang='lat' dir='ltr'><strong>et</strong></span> <span class='ocrx_word' id='word_1_949' title='bbox 2453 5659 2690 5714; x_wconf 86' lang='lat' dir='ltr'><strong>membra</strong></span> <span class='ocrx_word' id='word_1_950' title='bbox 2715 5657 3023 5714; x_wconf 89' lang='lat' dir='ltr'><strong>dicebantur</strong></span> <span class='ocrx_word' id='word_1_951' title='bbox 3055 5658 3313 5729; x_wconf 89' lang='lat' dir='ltr'><strong>ipsorum,</strong></span> <span class='ocrx_word' id='word_1_952' title='bbox 3361 5672 3423 5713; x_wconf 90' lang='lat' dir='ltr'><strong>ea</strong></span> <span class='ocrx_word' id='word_1_953' title='bbox 3454 5659 3537 5712; x_wconf 86' lang='lat' dir='ltr'><strong>vi-</strong></span> 
     </span>
    </p>
   </div>
   <div class='ocr_carea' id='block_1_122' title="bbox 1974 5749 3543 5823">
    <p class='ocr_par' dir='ltr' id='par_1_122' title="bbox 1974 5749 3543 5823">
     <span class='ocr_line' id='line_1_122' title="bbox 1974 5749 3543 5823; baseline -0.002 -13"><span class='ocrx_word' id='word_1_954' title='bbox 1974 5752 2165 5810; x_wconf 86' lang='lat' dir='ltr'><strong>delicet</strong></span> <span class='ocrx_word' id='word_1_955' title='bbox 2197 5752 2323 5808; x_wconf 90' lang='lat' dir='ltr'><strong>vitia</strong></span> <span class='ocrx_word' id='word_1_956' title='bbox 2356 5765 2477 5823; x_wconf 62' lang='lat' dir='ltr'><strong>quae</strong></span> <span class='ocrx_word' id='word_1_957' title='bbox 2523 5751 2579 5805; x_wconf 89' lang='lat' dir='ltr'><strong>in</strong></span> <span class='ocrx_word' id='word_1_958' title='bbox 2622 5749 2875 5807; x_wconf 89' lang='lat' dir='ltr'><strong>membris</strong></span> <span class='ocrx_word' id='word_1_959' title='bbox 2918 5749 3223 5806; x_wconf 83' lang='lat' dir='ltr'><strong>habitabant</strong></span> <span class='ocrx_word' id='word_1_960' title='bbox 3264 5750 3495 5821; x_wconf 86' lang='lat' dir='ltr'><strong>ipsorum</strong></span> <span class='ocrx_word' id='word_1_961' title='bbox 3522 5788 3543 5818; x_wconf 82' lang='lat'><strong>,</strong></span> 
     </span>
    </p>
   </div>
  </div>
