4122 6212
512 295 617 351 375

510 409 769 465 haberent
829 406 1248 473 incrementum,
1307 419 1405 460 nec
1469 413 1747 475 vergerent
1805 412 1981 459 tamen
2036 403 2088 456 in

510 500 753 564 senium;
794 507 886 554 aut
923 513 1089 569 usque
1130 499 1184 552 in
1216 497 1420 552 senium
1447 498 1487 563 ¹,
1518 512 1615 552 nec
1647 507 1821 553 tamen
1862 498 1912 551 in
1944 511 2090 550 mor-

509 596 641 657 tem,
684 588 858 645 donec
892 590 980 644 illa
1031 588 1415 645 benedictionis
1460 588 1899 659 multiplicatione
1948 597 2088 644 terra

508 682 839 751 impleretur.
892 681 946 736 Si
989 680 1129 736 enim
1178 681 1413 736 vestibus
1457 680 1809 735 lsraelitarum
1852 681 2096 751 prmstitit

510 773 652 827 Deus
698 787 795 841 per
836 787 1006 827 annos
1056 772 1402 844 quadraginta
1449 773 1564 828 sine
1614 773 1723 828 ullo
1769 774 2092 829 detrimento

508 867 781 936 proprium
840 875 1034 922 statum
1088 868 1264 938 (Deut.
1318 884 1465 934 xxxx,
1521 867 1616 941 5);
1671 878 1869 940 quanto
1925 870 2093 941 magis

506 957 788 1019 przestaret
851 951 1165 1021 corporibus
1236 953 1595 1008 obedientium
1649 956 1930 1024 praecepto
1995 970 2093 1010 suo

507 1042 869 1098 felicissimum
915 1044 1179 1114 quoddam
1220 1054 1695 1117 temperamentum
1734 1048 1864 1103 certi
1895 1056 2089 1115 status,

508 1134 679 1190 donec
707 1136 759 1190 in
789 1138 976 1193 melius
1015 1150 1474 1206 converterentur,
1518 1156 1623 1196 non
1652 1152 1824 1198 morte
1862 1142 2093 1197 hominis

507 1242 608 1295 qua
653 1243 845 1298 corpus
887 1231 954 1285 ab
992 1232 1167 1286 anima
1196 1232 1480 1301 deseritur,
1522 1234 1615 1289 sed
1652 1235 1806 1290 beata
1848 1249 2093 1291 commu-

507 1318 709 1374 latione
732 1334 761 1373 a
803 1322 1123 1378 mortalitate
1161 1323 1228 1378 ad
1258 1325 1733 1395 immortalitatem,
1777 1327 1846 1382 ab
1874 1327 2089 1381 animali

508 1408 573 1463 ad
601 1410 929 1480 spiritualem
961 1414 1269 1483 qualitatem
1294 1417 1309 1471 l

581 1500 804 1557 CAPUT
832 1502 919 1557 Ill.
952 1535 1021 1543 —
1062 1505 1261 1560 Bonum
1285 1508 1508 1579 conjugii
1542 1509 1825 1580 multiplex.
1858 1508 2091 1563 Primum

508 1602 554 1646 et
574 1595 845 1650 secundum
868 1599 1092 1670 conjugii
1116 1601 1317 1654 bonum.
1380 1600 1601 1655 Tertium
1635 1603 1859 1673 conjugii
1886 1602 2088 1656 bonum.

506 1685 704 1742 Harum
736 1692 1118 1747 sententiarum
1148 1710 1265 1764 quae
1285 1709 1408 1750 vera
1438 1695 1527 1760 sit,
1559 1695 1640 1750 vel
1668 1696 1712 1751 si
1738 1696 1840 1751 alia
1862 1695 1945 1751 vel
1972 1696 2091 1750 alia:

505 1789 731 1846 possunt
773 1781 947 1837 adhuc
985 1799 1049 1839 ex
1081 1784 1187 1840 illis
1232 1786 1410 1841 verbis
1436 1788 1711 1859 exsculpi,
1739 1803 1985 1858 quaerere
2031 1802 2095 1844 ac

507 1868 773 1927 disserere
797 1874 1010 1946 longum
1039 1886 1139 1931 est.

577 1962 628 2016 '5.
660 1962 793 2018 Illud
813 1980 955 2021 nunc
975 1966 1219 2037 dicimus,
1243 1971 1533 2027 secundum
1556 1974 1712 2029 istam
1733 1975 2091 2030 conditionem

505 2054 759 2109 nascendi
807 2064 861 2110 et
903 2060 1184 2126 moriendi,
1238 2078 1396 2132 quam
1455 2066 1721 2131 novimus,
1781 2076 1835 2122 et
1882 2068 1933 2122 in
1990 2084 2092 2138 qua

507 2146 672 2200 creati
716 2162 921 2218 sumus,
963 2151 1158 2220 aliquid
1202 2153 1327 2207 boni
1371 2169 1490 2210 esse
1524 2157 1827 2228 eonjugium
1868 2160 2093 2215 masculi

507 2245 562 2291 et
586 2236 796 2293 femina:
828 2259 845 2293 εν
872 2242 1023 2311 cujus
1048 2243 1556 2302 confoederationem
1596 2249 1667 2302 ita
1704 2249 1879 2304 divina
1911 2250 2093 2321 Scrip-

506 2338 625 2385 tura
649 2333 1008 2401 commendat,
1041 2345 1099 2390 ut
1124 2352 1223 2392 nec
1246 2338 1481 2395 dimissae
1510 2356 1540 2395 a
1572 2342 1686 2396 viro
1715 2343 1912 2399 nubere
1939 2345 2095 2399 liccat

506 2422 682 2489 alteri,
715 2426 965 2495 quamdiu
991 2428 1072 2483 vir
1102 2430 1220 2499 ejus
1247 2431 1376 2486 vivit
1400 2450 1414 2498 ;
1456 2450 1554 2489 nec
1585 2434 1806 2490 dimisso
1833 2436 1899 2491 ab
1927 2454 2093 2494 uxore

506 2514 664 2572 liceat
682 2517 901 2574 alteram
923 2519 1141 2588 ducere,
1169 2524 1267 2579 nisi
1291 2535 1498 2581 mortua
1526 2526 1683 2583 fuerit
1706 2545 1825 2599 qua:
1847 2531 2089 2586 recessit.

504 2609 710 2666 Bonum
738 2630 865 2685 ergo
891 2617 1141 2688 conjugii,
1168 2621 1307 2690 quod
1339 2624 1497 2676 etiam
1538 2625 1795 2681 Dominus
1832 2629 1885 2681 in
1917 2628 2093 2682 Evano

503 2702 644 2771 gelio
670 2703 1019 2773 confirmavit,
1048 2724 1152 2763 non
1185 2710 1356 2765 solum
1381 2714 1501 2782 quia
1531 2717 1800 2783 prohibuit
1824 2718 2092 2775 dimittere

504 2808 748 2861 uxorem,
783 2797 884 2851 nisi
923 2813 986 2853 ex
1012 2815 1171 2854 causa
1214 2801 1580 2860 fornicationis
1619 2806 1832 2877 (Matth.
1863 2826 1977 2877 χιχ,
2010 2809 2088 2884 9),

502 2886 597 2941 scd
636 2888 793 2942 etiam
838 2890 959 2959 quia
989 2892 1134 2947 venit
1173 2894 1425 2950 invitatus
1455 2897 1521 2951 ad
1564 2902 1775 2969 nuptias
1817 2901 1993 2973 (Ioan.
2028 2921 2085 2971 ιι,

500 2975 581 3047 2),
613 2994 710 3033 cur
734 2978 804 3033 sit
844 2980 1040 3036 bonum
1080 2986 1270 3040 merito
1309 2990 1580 3065 qugeritur.
1634 2991 1786 3058 Quod
1824 2995 1951 3050 mihi
1984 3012 2087 3052 non

501 3067 711 3123 videtur
761 3080 977 3142 propter
1013 3074 1178 3129 solam
1226 3075 1451 3133 ﬁliorum
1496 3085 1944 3153 procreationem,
1991 3087 2087 3142 sed

502 3171 719 3232 prOpter
772 3164 937 3233 ipsam
991 3168 1147 3222 etiam
1207 3172 1505 3227 naturalem
1563 3175 1616 3227 in
1681 3175 1895 3233 diverso
1957 3193 2086 3235 sexu

501 3255 829 3311 societatem.
861 3258 1107 3329 Alioquin
1136 3276 1240 3315 non
1262 3262 1371 3332 jam
1402 3264 1669 3321 diceretur
1694 3269 2000 3340 conjugium
2032 3272 2083 3326 in

500 3346 733 3414 senibus,
761 3350 1055 3418 praesertim
1079 3351 1123 3405 si
1145 3353 1228 3407 vcl
1254 3354 1556 3411 amisissent
1577 3357 1733 3426 filios,
1763 3361 1847 3415 vel
1869 3361 2085 3418 minime

498 3440 826 3508 genuissent.
855 3442 1004 3497 Nunc
1028 3460 1155 3499 vero
1184 3445 1237 3499 in
1266 3446 1407 3502 bono
1436 3448 1559 3504 licet
1583 3465 1789 3506 annoso
1814 3455 2081 3526 conjugio,

501 3530 603 3585 etsi
631 3532 887 3586 emarcuit
925 3533 1085 3589 ardor
1129 3538 1300 3591 aetatis
1340 3539 1478 3593 inter
1508 3541 1803 3596 masculum
1849 3553 1903 3599 et
1932 3544 2084 3600 femi-

499 3634 646 3688 nam,
690 3622 831 3692 viget
875 3632 1049 3680 tamen
1096 3626 1228 3681 ordo
1265 3628 1538 3684 charitatis
1578 3631 1715 3687 inter
1753 3636 2001 3691 maritum
2032 3647 2085 3694 et

497 3728 719 3770 uxorem
752 3733 766 3771 :
796 3717 917 3787 quia
956 3727 1153 3789 quanto
1186 3721 1436 3777 meliores
1459 3734 1605 3790 sunt,
1650 3735 1795 3782 tanto
1825 3731 2083 3786 maturius

498 3819 529 3859 a
557 3807 929 3863 commixtione
956 3811 1131 3865 carnis
1159 3826 1269 3867 sute
1296 3815 1408 3883 pari
1436 3830 1699 3873 consensu
1728 3834 1786 3875 se
1808 3822 2084 3879 continere

498 3910 812 3969 cceperunt;
843 3916 946 3956 non
972 3913 1032 3957 ut
1061 3904 1391 3960 necessitatis
1417 3916 1559 3964 esset
1590 3919 1769 3979 postea
1800 3927 1903 3967 non
1927 3929 2083 3983 posse

474 3991 639 4060 'quod
686 3992 901 4062 vellent,
948 3993 1041 4050 sed
1088 4003 1146 4051 ιιι
1181 3997 1353 4052 laudis
1389 4008 1531 4055 esset
1569 4001 1797 4071 primum
1847 4004 2085 4061 noluisse

498 4081 641 4150 quod
693 4092 929 4151 possent.
1001 4085 1057 4139 Si
1104 4102 1231 4158 ergo
1284 4100 1529 4146 servatur
1579 4092 1711 4149 ﬁdes
1762 4095 1982 4152 honoris
2033 4106 2087 4154 ct

498 4173 876 4242 obsequiorum
920 4174 1145 4231 invicem
1190 4177 1489 4235 debitorum
1536 4184 1603 4237 ab
1644 4186 1900 4243 alterutro
1930 4204 2082 4255 sexu,

500 4262 705 4317 etiamsi
725 4263 1180 4332 languescentibus
1201 4277 1255 4322 et
1276 4285 1439 4339 prope
1461 4272 1790 4329 cadaverinis
1814 4281 2085 4350 utriusque

498 4351 775 4419 membris,
817 4353 1114 4409 animorum
1153 4364 1325 4412 tamen
1358 4361 1460 4414 rite
1505 4364 1905 4434 conjugatornm
1939 4359 2084 4425 tanto

498 4441 779 4509 sincerior,
804 4452 1001 4513 quanto
1030 4446 1321 4515 probatior,
1349 4458 1400 4505 ct
1428 4458 1574 4507 tanto
1599 4457 1854 4521 securior,
1886 4471 2083 4527 quanto

497 4532 757 4603 placidior
781 4535 997 4591 castitas
1024 4549 1347 4608 perseverat.
1380 4542 1589 4598 llabent
1614 4546 1773 4600 etiam
1804 4548 1854 4603 id
1882 4550 2081 4607 bonum

498 4625 761 4696 conjugia,
809 4628 950 4699 quod
995 4631 1222 4686 carnalis
1263 4633 1347 4688 vel
1383 4636 1632 4704 juvenilis
1673 4637 2078 4713 incontinentia,

498 4716 709 4773 etiamsi
738 4719 927 4775 vitiosa
969 4730 1069 4789 est,
1111 4722 1179 4777 ad
1220 4727 1573 4796 propaganda:
1616 4730 1781 4799 prolis
1824 4733 2083 4805 redigitur

496 4806 855 4876 honestatem,
902 4821 956 4867 ut
986 4828 1052 4868 ex
1092 4816 1231 4870 malo
1270 4817 1506 4875 libidinis
1545 4822 1741 4892 aliquid
1774 4825 1897 4881 boni
1927 4827 2083 4885 faciat

498 4904 764 4973 copulatio
824 4907 1135 4979 eonjngalis.
1201 4910 1402 4967 Deinde
1452 4914 1572 4983 quia
1630 4919 1977 4989 reprimitur,
2029 4932 2082 4978 et

496 4994 729 5062 quodam
787 4997 949 5053 modo
996 5001 1351 5057 verecundius
1400 5016 1587 5060 aestuat
1649 5011 2077 5080 concupiscentia

496 5087 693 5154 carnis,
726 5103 883 5158 quam
911 5099 1175 5163 temperat
1200 5096 1489 5164 parentalis
1509 5097 1749 5156 affectus.
1797 5102 2080 5161 lntercedit

496 5177 637 5231 enim
669 5179 910 5249 quaedam
954 5186 1184 5253 gravitas
1228 5186 1447 5244 fervidae
1491 5191 1774 5262 voluptatis
1796 5196 1839 5262 ',
1872 5212 1992 5250 cum
2025 5197 2076 5251 in

495 5283 561 5323 eo
608 5269 748 5340 quod
798 5272 896 5326 sibi
926 5274 1007 5328 vir
1050 5286 1103 5331 et
1145 5280 1340 5335 mulier
1383 5281 1779 5353 adhaerescunt,
1830 5297 1983 5357 pater
2023 5299 2077 5344 et

492 5370 664 5418 mater
687 5378 807 5419 esse
832 5365 1175 5423 meditantur.

563 5455 790 5512 CAPUT
825 5455 917 5511 ιγ.
952 5488 1024 5498 -
1061 5460 1112 5520 4.
1151 5460 1395 5526 Quartum
1426 5469 1650 5540 conjugii
1676 5471 1879 5526 bonum.
1912 5475 2075 5528 Adul-

495 5548 673 5601 terium
695 5546 817 5618 quid
840 5548 925 5604 sit.
958 5547 1114 5606 Fides
1142 5552 1196 5608 in
1231 5554 1374 5613 rebus
1413 5560 1561 5614 etiam
1599 5562 1805 5633 abjectis
1831 5567 2076 5621 servanda

563 5701 580 5773 ξ
598 5700 879 5773 ξριειρίίίιίο
900 5713 1009 5758 Lor.
1035 5714 1229 5773 omittit,
1248 5722 1331 5767 aut

631 5718 1009 5779 ota‘euttiotov.
1035 5718 1331 5779 omittit,_aut
1354 5728 1500 5779 usque
1516 5718 1567 5769 in
1590 5718 1790 5771 senium.

558 5762 581 5792 ³
597 5763 869 5825 Bigotianus
887 5776 986 5830 Ms,
1009 5762 1252 5837 voluptati.

1516 289 1602 343 DE
1645 286 1820 342 ΒΟΝο
1857 282 2251 351 thNJUGALI,
2293 284 2350 339 S.
2392 284 2761 342 AUGUSTINI

3683 280 3793 346 3⁵16

2200 412 2248 457 et
2273 404 2385 457 vita:
2410 404 2526 458 huic
2560 406 2922 475 prmponenda.
2950 406 3066 463 Huc
3099 406 3305 463 accedit
3339 406 3461 478 quia
3495 407 3550 463 in
3577 421 3645 464 eo
3669 405 3791 478 ipso

2200 496 2340 565 quod
2388 496 2489 550 sibi
2514 497 2739 553 invicem
2766 499 3021 570 conjuges
3044 499 3279 555 debitum
3304 499 3549 566 solvunt,
3575 498 3791 555 etiamsi

2199 586 2253 641 id
2290 587 2558 658 aliquanto
2597 589 3036 661 intemperantius
3074 599 3128 647 et
3165 592 3581 648 incontinentius
3619 605 3788 660 expe-

2200 685 2334 745 tant,
2365 679 2521 735 ﬁdem
2547 689 2722 737 tamen
2742 683 2842 738 sibi
2868 684 3065 753 pariter
3084 683 3301 740 debent.
3324 683 3419 740 Cui
3443 683 3563 739 ﬁdei
3584 690 3788 738 tantum

2196 770 2333 841 juris
2360 771 2544 826 tribuit
2568 773 2877 843 Apostolus,
2904 783 2963 829 ut
2984 790 3102 831 eam
3130 784 3449 846 potestatem
3470 775 3784 846 appellaret,

2200 862 2384 917 dicens
2411 880 2424 916 :
2457 863 2645 919 Mulier
2674 882 2774 920 non
2801 866 2948 921 habet
2983 876 3277 937 potestatem
3305 868 3528 939 corporis
3555 868 3665 933 sui,
3699 866 3790 922 sed

2199 956 2276 1008 vir
2301 970 2317 1008 :
2342 955 2573 1010 similiter
2595 966 2763 1011 autem
2789 967 2834 1013 et
2855 960 2929 1013 vir
2952 976 3052 1014 non
3073 960 3219 1015 habet
3247 968 3536 1030 potestatem
3560 958 3789 1031 corporis

2199 1045 2298 1112 sui,
2329 1045 2417 1099 sed
2441 1039 2624 1102 mulier
2650 1048 2691 1119 (l
2717 1047 2835 1104 Cor.
2861 1066 2959 1117 vn,
2992 1050 3067 1123 4).
3103 1052 3271 1122 Hujus
3304 1060 3483 1107 autem
3519 1050 3641 1105 ﬁdei
3678 1050 3791 1105 vio-

2198 1134 2327 1190 latio
2363 1135 2556 1191 dicitur
2592 1136 2945 1209 adulterium,
2989 1157 3110 1197 cum
3157 1143 3240 1219 vel
3284 1144 3509 1213 propriae
3554 1141 3787 1198 libidinis

2198 1225 2453 1283 instinctu
2474 1271 2489 1294 ,
2521 1230 2604 1284 vel
2630 1230 2817 1286 aliena:
2846 1246 3141 1300 consensu,
3158 1220 3290 1289 'cum
3315 1235 3484 1289 altero
3511 1234 3595 1289 vel
3623 1235 3787 1289 altera

2197 1324 2381 1372 contra
2404 1327 2613 1387 pactum
2641 1320 2920 1392 conjugale
2944 1323 3315 1379 concumbitur
3339 1342 3352 1378 :
3375 1333 3533 1394 atque
3554 1324 3624 1379 ita
3644 1323 3789 1380 fran-

2197 1407 2337 1477 gitur
2365 1408 2530 1476 ﬁdes;
2571 1427 2690 1481 qua:
2720 1412 2771 1465 in
2798 1412 2958 1467 rebus
2992 1415 3149 1469 etiam
3189 1416 3461 1484 corporeis
3489 1425 3542 1469 et
3568 1414 3788 1484 abjectis

2196 1512 2445 1568 magnum
2474 1501 2636 1555 animi
2662 1501 2859 1556 bonum
2881 1511 2998 1568 est;
3027 1512 3083 1558 et
3106 1504 3228 1559 ideo
3253 1520 3371 1560 eam
3396 1506 3553 1561 saluti
3578 1521 3788 1577 quoque

2197 1592 2462 1661 corporali
2488 1607 2589 1664 qua
2618 1594 2777 1649 etiam
2820 1595 2925 1649 vita
2962 1606 3140 1650 nostra
3172 1596 3269 1650 ista
3298 1598 3626 1664 continetur,
3667 1613 3787 1655 cer-

2199 1696 2309 1743 tum
2336 1697 2417 1744 est
2442 1688 2640 1745 debere
2666 1691 2924 1761 praeponi.
2954 1690 3064 1745 Etsi
3095 1691 3237 1745 enim
3268 1691 3457 1761 exigua
3493 1693 3644 1761 palea
3676 1708 3789 1764 prae

2195 1780 2363 1836 multo
2400 1794 2530 1836 auro
2564 1795 2701 1851 pene
2738 1795 2825 1836 res
2859 1781 3005 1836 nulla
3032 1790 3149 1846 est;
3192 1780 3323 1837 ﬁdes
3358 1790 3534 1837 tamen
3570 1798 3691 1838 cum
3731 1783 3789 1839 in

2196 1873 2409 1943 negotio
2452 1874 2653 1943 paleae,
2693 1874 2832 1929 sicut
2866 1874 2922 1929 in
2949 1887 3081 1929 auro
3122 1874 3331 1928 sincera
3371 1886 3648 1942 servatur,
3678 1891 3790 1932 non

2197 1965 2317 2022 ideo
2341 1967 2515 2022 minor
2538 1974 2621 2022 est
2651 1966 2775 2037 quia
2803 1966 2857 2021 in
2885 1981 2944 2021 re
2969 1966 3177 2022 minore
3205 1975 3467 2022 servatur.
3495 1966 3628 2023 Cum
3657 1984 3790 2025 vero

2197 2057 2263 2112 ad
2293 2065 2567 2127 peccatum
2592 2057 2978 2113 admittendum
3005 2057 3289 2113 adhibetur
3326 2058 3487 2125 ﬁdes,
3518 2061 3711 2116 mirum
3741 2061 3788 2116 si

2198 2150 2331 2206 ﬁdes
2355 2151 2670 2221 appellanda
2708 2159 2793 2206 est
2819 2169 2832 2205 :
2862 2160 3228 2207 verumtamen
3261 2152 3663 2225 qualiscumque
3694 2156 3784 2223 sit,

2198 2241 2242 2294 si
2269 2248 2324 2295 et
2350 2248 2533 2296 contra
2562 2242 2730 2311 ipsam
2761 2241 2848 2309 ﬁt,
2889 2243 3039 2313 pejus
3074 2242 3167 2309 ﬁt;
3211 2244 3312 2298 nisi
3346 2259 3468 2299 cum
3507 2254 3786 2315 propterea

2198 2331 2461 2386 deseritur
2481 2374 2496 2399 ,
2528 2340 2586 2386 ut
2612 2332 2679 2386 ad
2704 2346 2885 2388 veram
2915 2333 3070 2389 ﬁdem
3103 2348 3166 2389 ac
3196 2334 3481 2404 legitimam
3516 2336 3781 2403 redeatur,

2197 2420 2250 2476 id
2274 2431 2389 2488 est,
2431 2430 2483 2477 ut
2528 2433 2801 2492 peccatum
2828 2424 3170 2489 emendetur,
3200 2426 3488 2482 voluntatis
3525 2428 3786 2497 pravitate

2198 2524 2459 2568 correcta.
2490 2515 2761 2584 Tanquam
2803 2516 2848 2569 si
2882 2516 3001 2586 quis
3035 2531 3155 2571 cum
3191 2516 3461 2573 hominem
3505 2520 3648 2574 solus
3685 2536 3783 2575 cx-

2195 2606 2427 2674 spoliare
2456 2620 2563 2659 non
2606 2607 2802 2675 possit,
2850 2607 3086 2662 inveniat
3121 2608 3324 2662 socium
3369 2609 3687 2680 iniquitatis,
3730 2619 3787 2666 et

2195 2712 2314 2751 cum
2340 2711 2405 2751 eo
2426 2697 2722 2767 paciscatur
2742 2706 2801 2752 ut
2820 2698 2979 2753 simul
3000 2699 3053 2753 id
3074 2699 3265 2753 faciant
3302 2700 3635 2771 spoliumque
3666 2717 3787 2771 par-

2195 2787 2415 2853 tiantur,
2447 2802 2552 2856 quo
2581 2786 2817 2843 facinore
2849 2789 3138 2844 commisso
3174 2799 3343 2845 totum
3372 2792 3519 2846 solus
3554 2792 3783 2857 auferat.

2194 2878 2348 2932 Dolet
2390 2877 2605 2948 quidem
2650 2878 2776 2945 ille,
2814 2887 2870 2934 et.
2906 2878 3063 2935 [idem
3093 2881 3193 2936 sibi
3226 2892 3489 2938 servatam
3529 2898 3633 2939 non
3663 2900 3786 2942 esse

2193 2971 2571 3040 conqueritur;
2601 2987 2785 3026 verum
2821 2972 2873 3027 in
2916 2974 3029 3041 ipsa
3057 2988 3152 3029 sua
3185 2976 3399 3044 querela
3426 2978 3657 3046 cogitare
3688 2978 3785 3035 de-

2190 3060 2314 3128 bet,
2343 3063 2518 3132 potius
2547 3062 2602 3117 in
2633 3062 2770 3119 bona
2798 3065 2904 3119 vita
2934 3065 3033 3136 ipsi
3072 3066 3317 3122 humana:
3349 3070 3585 3124 societati
3620 3071 3785 3128 fuisse

2190 3154 2525 3220 servandam,
2551 3170 2618 3209 ne
2642 3156 2821 3226 praeda
2846 3157 3024 3226 iniqua
3054 3172 3118 3213 ex
3148 3158 3367 3215 homine
3392 3160 3560 3227 ﬁeret,
3589 3162 3633 3216 si
3659 3177 3785 3217 scn-

2191 3246 2254 3300 tit
2295 3260 2455 3316 quam
2495 3248 2673 3316 inique
2703 3248 2803 3303 sibi
2833 3247 2886 3302 in
2916 3250 3117 3319 peccati
3149 3250 3405 3307 societate
3432 3263 3643 3308 servata
3674 3271 3782 3311 non

2187 3337 2367 3392 fuerit.
2397 3338 2489 3393 llle
2518 3340 2714 3409 quippe
2743 3340 3023 3411 utrobique
3048 3344 3063 3373 ¹
3093 3342 3346 3411 perﬁdus,
3389 3345 3627 3413 profecto
3666 3362 3785 3404 sce-

2190 3428 2409 3484 leratior
2433 3429 2753 3499 judicandus
2781 3439 2883 3486 est.
2927 3433 2999 3487 At
3025 3433 3068 3487 si
3100 3433 3152 3488 id
3182 3435 3324 3503 quod
3368 3437 3506 3491 male
3545 3437 3785 3495 fecerant

2187 3522 2236 3575 ei
2267 3520 2659 3591 displicuisset,
2685 3532 2740 3577 et
2768 3533 3050 3595 propterea
3082 3540 3202 3579 cum
3242 3527 3499 3599 participe
3529 3529 3783 3589 facinoris

2189 3613 2422 3684 praedam
2449 3614 2687 3670 dividere
2716 3617 2998 3684 noluisset,
3032 3628 3090 3673 ut
3120 3618 3322 3674 homini
3350 3622 3433 3675 cui
3464 3623 3638 3678 ablata
3668 3626 3783 3680 fue-

2190 3715 2304 3774 rat,
2344 3706 2686 3773 redderetur,
2719 3723 2841 3763 eum
2870 3710 3129 3779 perﬁdum
3163 3727 3263 3766 nec
3299 3713 3533 3782 perﬁdus
3558 3715 3779 3774 diceret.

2188 3796 2263 3852 Ita
2293 3800 2486 3854 mulier
2509 3800 2555 3855 si
2584 3799 2688 3856 lide
2715 3801 2983 3871 conjugali
3008 3802 3203 3857 violata
3237 3804 3394 3859 fidem
3424 3817 3600 3862 servet
3622 3809 3782 3865 adul-

2191 3899 2326 3956 tero,
2355 3892 2538 3962 utique
2567 3892 2702 3946 mala
2728 3902 2813 3947 est
2842 3912 2853 3946 :
2883 3894 2976 3949 sed
3007 3895 3050 3949 si
3082 3910 3181 3951 nec
3206 3896 3469 3963 adultero,
3499 3901 3648 3971 pejor
3671 3915 3777 3959 est.

2190 3982 2358 4039 Porro
2388 3985 2431 4039 si
2461 3999 2578 4039 eam
2616 3984 2797 4055 flagitii
2828 3987 3117 4055 poeniteat,
3159 3999 3214 4045 et
3251 3991 3317 4045 ad
3356 3995 3652 4050 castitatem
3692 4012 3781 4053 re~

2189 4076 2343 4133 dicas
2371 4079 2725 4150 conjugalem,
2753 4087 2906 4149 pacta
2936 4096 3000 4136 ac
3027 4083 3219 4152 placita
3247 4085 3539 4144 adulterina
3575 4092 3779 4147 rescin-

2190 4167 2314 4235 dat,
2351 4170 2515 4224 miror
2546 4170 2592 4225 si
2627 4185 2747 4226 eam
2788 4170 2913 4227 ﬁdei
2956 4173 3286 4232 violatricem
3320 4178 3402 4233 vel
3434 4180 3548 4249 ipse
3570 4181 3780 4239 adulter

2188 4262 2412 4330 putabit.

2259 4352 2483 4410 CAPUT
2500 4356 2561 4412 V.
2582 4387 2650 4397 —
2663 4358 2716 4413 5.
2731 4357 3032 4432 Conjunctio
3047 4363 3142 4417 viri
3165 4372 3214 4418 et
3230 4365 3431 4435 femina:
3451 4368 3777 4437 quandonam

2189 4445 2252 4498 sit
2281 4447 2582 4501 connubium
2602 4488 2617 4514 ,
2661 4451 2864 4517 quando
2904 4469 3025 4506 non.
3058 4452 3208 4509 Solet
3239 4456 3397 4510 etiam
3425 4458 3590 4526 quaeri
3608 4500 3622 4523 ,
3650 4474 3792 4547 cum,

2188 4538 2454 4591 masculus
2495 4547 2550 4593 et
2589 4538 2814 4608 femina,
2847 4558 2947 4599 nec
2975 4544 3067 4600 ille
3095 4546 3345 4613 maritus,
3375 4561 3475 4603 nec
3512 4548 3601 4604 illa
3643 4567 3779 4608 nxor

2138 4626 2143 4635 ’
2187 4627 2436 4695 alterius,
2464 4629 2680 4686 sibimet
2723 4647 2830 4688 non
2874 4634 3103 4690 ﬁliorum
3146 4638 3632 4708 procreandorum,
3679 4644 3776 4700 sed

2186 4729 2404 4788 propter
2429 4719 2865 4780 incontinentiam
2891 4726 3058 4781 solius
3081 4727 3399 4784 concubitus
3425 4745 3585 4787 causa
3613 4748 3779 4804 capu-

2187 4809 2380 4876 lantur,
2412 4825 2475 4865 ea
2502 4811 2605 4867 ﬁde
2630 4815 2806 4869 media
2824 4857 2841 4885 ,
2873 4825 3056 4874 utnec
3082 4818 3170 4875 ille
3193 4834 3314 4889 cum
3340 4821 3505 4877 altera
3523 4865 3537 4889 ,
3564 4840 3662 4879 nec
3686 4825 3776 4880 illa

2187 4914 2306 4955 cum
2337 4901 2508 4957 altero
2536 4902 2589 4956 id
2618 4901 2804 4973 faciat,
2836 4916 3013 4963 utrum
3046 4911 3244 4981 nuptiae
3272 4911 3381 4967 sint
3416 4914 3686 4971 vocanda.
3713 4917 3778 4971 Et

2186 5000 2361 5062 potest
2385 4994 2598 5065 quidem
2621 4997 2846 5055 fortasse
2869 5015 2975 5056 non
2996 5003 3227 5061 absurde
3253 5005 3354 5060 hoc
3373 5006 3627 5076 appellari
3650 5023 3773 5064 con-

2187 5086 2427 5153 nubium,
2455 5088 2500 5143 si
2524 5105 2693 5160 usque
2719 5090 2786 5147 ad
2815 5103 3041 5149 mortem
3070 5096 3287 5151 alterius
3307 5112 3493 5153 eorum
3515 5099 3536 5131 ’
3562 5099 3613 5154 id
3634 5099 3777 5157 inter

2184 5192 2278 5233 eos
2310 5180 2586 5249 placuerit,
2627 5190 2682 5237 et
2721 5183 2885 5253 prolis
2918 5188 3319 5255 generationem
3340 5229 3354 5252 ,
3387 5191 3628 5259 quamvis
3663 5206 3773 5248 non

2185 5283 2244 5322 ea
2273 5284 2428 5324 causa
2460 5271 2727 5341 conjuncti
2756 5277 2892 5341 sint,
2925 5288 3031 5328 non
3058 5283 3235 5330 tamen
3264 5277 3580 5347 vitaverint,
3609 5290 3667 5336 ιιι
3690 5282 3775 5338 vel

2185 5358 2355 5413 nolint
2381 5360 2481 5414 sibi
2521 5363 2663 5417 nasci
2705 5360 2872 5428 ﬁlios,
2913 5365 2996 5418 vel
3034 5366 3193 5420 etiam
3230 5381 3392 5437 opere
3426 5370 3604 5442 aliquo
3632 5373 3774 5430 malo

2185 5460 2341 5520 agant
2381 5468 2449 5507 ne
2488 5462 2793 5511 nascantur.
2839 5454 3104 5513 Craterum
3147 5460 3192 5516 si
3244 5462 3326 5517 vel
3367 5472 3649 5536 utrumque
3687 5469 3774 5524 vel

2186 5556 2346 5597 unum
2377 5543 2563 5598 horum
2593 5545 2760 5612 desit,
2799 5564 2901 5603 non
2942 5550 3157 5607 invenio
3190 5555 3637 5624 quemadmodum
3676 5556 3774 5615 bas

2184 5636 2395 5703 nuptias
2422 5638 2692 5707 appellare
2729 5642 3009 5710 possimus.
3059 5644 3267 5701 Etenim
3310 5646 3356 5701 si
3398 5647 3630 5720 aliquam
3667 5648 3774 5710 sibi

2246 5726 2269 5804 τι
2290 5730 2341 5804 tn
2371 5728 2660 5804 (:orbeiensi
2681 5731 2848 5781 codice
2890 5735 3250 5804 vetustissimo,
3282 5737 3643 5804 ytrtmtubique.

2250 5788 2269 5815 ²
2289 5793 2363 5838 Er.
2394 5795 2443 5839 et
2466 5795 2594 5854 Mss,
2618 5788 2660 5842 si
2679 5805 2825 5858 usque
2842 5794 2909 5848 ad
2926 5801 3127 5849 mortem
3141 5788 3352 5864 alicujus
3372 5788 3555 5854 coruus:
