4122 6212
293 275 398 334 577

290 394 378 448 vir
402 391 467 446 ad
495 398 704 462 tempus
730 389 1054 456 adhibuerit,
1077 389 1248 446 donec
1271 391 1426 444 aliam
1453 389 1667 460 dignam
1694 390 1776 444 vel
1801 389 1888 443 ho-

292 484 516 542 noribus
543 483 629 539 vel
661 482 999 538 facultatibus
1035 483 1145 537 suis
1176 483 1442 546 inveniat,
1476 497 1632 551 quam
1668 495 1887 549 compa-

215 555 270 638 ξ’
291 594 406 634 rem
427 577 620 644 ducat;
651 576 768 646 ipso
785 569 967 630 animo
991 574 1198 630 adulter
1218 575 1317 639 est,
1348 589 1445 629 nec
1469 589 1588 628 cum
1617 574 1701 628 illa
1729 589 1887 643 quam

242 645 266 664 ”
292 670 438 742 cupit
479 669 752 734 invenire,
786 667 882 723 sed
913 682 1032 722 cum
1065 668 1161 721 ista
1191 681 1311 721 cum
1341 681 1441 735 qua
1481 666 1558 720 sic
1598 665 1788 731 cubat,
1831 675 1888 717 ut

291 779 410 817 cum
439 776 500 816 ea
529 776 637 815 non
665 759 858 814 habeat
881 758 1124 814 maritale
1149 758 1495 813 consortium.
1521 757 1671 813 Unde
1695 767 1748 811 et
1771 756 1884 826 ipsa

293 851 394 908 hoc
422 852 601 908 sciens
644 867 708 906 ac
738 851 952 917 volens,
988 849 1249 920 impudice
1295 850 1475 919 utique
1520 848 1775 903 miscetur
1812 849 1880 912 ei,

291 958 409 997 cum
441 957 549 1012 quo
580 957 688 996 non
729 941 890 996 habet
930 939 1104 997 fmdus
1137 941 1400 996 uxorium.
1431 939 1808 996 Verumtamen
1838 940 1883 994 si

290 1035 340 1089 ei
385 1034 524 1089 thori
573 1033 734 1090 ﬁdem
778 1041 982 1101 servet,
1021 1042 1074 1088 et
1109 1048 1228 1088 cum
1271 1034 1357 1088 ille
1386 1049 1606 1089 uxorem
1648 1033 1876 1100 duxerit,

291 1127 492 1182 nubere
522 1127 637 1197 ipsa
677 1142 783 1182 non
822 1126 1052 1197 cogitet,
1085 1134 1242 1196 atque
1271 1141 1303 1180 a
1332 1127 1424 1181 tali
1458 1141 1677 1195 prorsus
1717 1141 1881 1196 opere

291 1219 564 1272 continuere
601 1232 663 1273 se
705 1225 998 1288 prmparct,
1046 1217 1338 1272 adulteram
1386 1217 1599 1287 quidem
1641 1216 1883 1272 fortassis

292 1310 442 1366 facile
465 1311 742 1382 appellare
765 1325 870 1366 non
892 1309 1152 1377 audeam;
1184 1326 1291 1366 non
1320 1325 1538 1381 peccare
1565 1319 1738 1366 tamen
1763 1311 1882 1380 quis

290 1402 514 1469 dixerit,
547 1419 674 1460 cum
703 1419 821 1460 eam
852 1403 965 1459 viro
985 1445 1000 1469 ,
1031 1403 1183 1473 cujus
1211 1418 1346 1460 uxor
1373 1419 1479 1458 non
1509 1413 1622 1471 est,
1671 1403 1882 1459 misceri

289 1496 456 1551 sciat?
481 1495 735 1552 Jamvero
755 1496 800 1550 si
821 1511 888 1551 ex
910 1496 1000 1551 illo
1020 1495 1326 1563 concubitu,
1351 1505 1604 1566 quantum
1625 1495 1690 1550 ad
1713 1495 1879 1566 ipsam

287 1589 496 1656 attinet,
533 1605 642 1644 non
672 1578 773 1644 nisi
799 1589 938 1646 ﬁlios
963 1590 1112 1658 velit,
1141 1599 1196 1646 et
1218 1589 1474 1660 quidquid
1503 1590 1636 1645 ultra
1665 1605 1878 1646 causam

288 1681 608 1750 procreandi
635 1681 833 1752 patitur
857 1681 1021 1736 invita
1047 1682 1276 1751 patiatur
1300 1700 1312 1735 :
1341 1682 1520 1738 multis
1544 1681 1757 1753 quidem
1781 1683 1880 1737 ista

287 1773 547 1828 matronis
597 1773 968 1844 anteponenda
1023 1783 1139 1840 est;
1185 1789 1303 1845 quae
1348 1775 1556 1830 tametsi
1603 1788 1709 1828 non
1759 1781 1882 1828 sunt

287 1865 582 1934 adulterae,
626 1866 772 1922 viros
816 1875 993 1922 tamen
1039 1882 1167 1922 suos
1207 1869 1521 1938 plerumque
1560 1866 1720 1922 etiam
1747 1881 1878 1922 con-

290 1957 455 2012 linere
493 1958 772 2028 cupientes
802 1958 868 2013 ad
899 1957 1227 2014 reddendum
1264 1959 1478 2014 carnale
1514 1958 1749 2014 debitum
1789 1973 1880 2013 co-

285 2057 415 2117 gunt
434 2089 448 2113 ,
481 2063 590 2103 non
620 2047 891 2104 desiderio
920 2049 1086 2119 prolis
1104 2091 1120 2116 ,
1152 2048 1248 2105 sed
1281 2048 1472 2104 ardore
1499 2048 1878 2118 concupiscen-

288 2139 374 2193 tia:
401 2139 520 2209 ipso
550 2154 649 2194 suo
682 2138 805 2209 jure
835 2139 1255 2211 intemperanter
1287 2148 1498 2196 utentes
1528 2159 1540 2192 :
1573 2140 1626 2194 in
1655 2155 1878 2210 quarum

291 2238 466 2286 tamen
489 2232 691 2303 nuptiis
712 2232 911 2288 bonum
932 2240 1015 2288 est
1039 2233 1140 2290 hoc
1165 2234 1337 2304 ipsum
1366 2233 1505 2304 quod
1533 2243 1710 2304 nuptae
1734 2245 1876 2290 sunt.

288 2323 368 2378 Ad
397 2323 504 2379 hoc
541 2325 681 2382 enim
723 2335 902 2396 nupta:
940 2334 1097 2392 sunt,
1128 2335 1187 2381 ut
1214 2327 1304 2381 illa
1331 2327 1762 2396 concupiscentia
1790 2341 1878 2381 re-

290 2413 444 2470 dacta
472 2414 542 2470 ad
572 2415 864 2486 legitimum
891 2417 1180 2483 vinculum,
1213 2431 1318 2471 non
1349 2415 1604 2472 deformis
1631 2427 1685 2470 et
1707 2415 1880 2470 disso-

290 2510 396 2564 luta
424 2508 678 2576 ﬁuitaret,
706 2509 910 2566 habens
937 2509 1006 2565 de
1029 2525 1088 2566 se
1115 2511 1228 2580 ipsa
1258 2511 1674 2566 irretrenabilem
1702 2509 1879 2564 carnis

289 2601 675 2669 inﬁrmitatem,
699 2601 767 2659 de
787 2603 984 2674 nuptiis
1003 2611 1180 2658 autem
1203 2603 1622 2659 indissolubilem
1645 2602 1768 2657 ﬁdei
1792 2617 1880 2657 so-

291 2697 535 2752 cietatem
557 2713 572 2762 ;
596 2695 665 2752 de
684 2711 744 2752 se
763 2697 875 2766 ipsa
899 2711 1239 2767 progressum
1262 2695 1610 2750 immoderate
1626 2694 1876 2762 coeundi,

291 2787 354 2844 de
382 2789 584 2860 nuptiis
610 2788 830 2844 modum
865 2797 1010 2845 caste
1051 2789 1387 2860 procreandi.
1418 2788 1531 2843 Etsi
1557 2789 1697 2844 enim
1725 2797 1880 2859 turpe

293 2891 370 2937 est
393 2881 679 2938 libidinose
709 2883 783 2937 uti
808 2882 948 2939 velle
975 2884 1168 2938 marito
1195 2885 1249 2949 1;
1281 2882 1564 2938 honestum
1594 2891 1675 2938 est
1701 2890 1879 2938 tamen

294 2978 435 3033 nolle
458 2977 677 3033 misceri
698 2977 798 3032 nisi
820 2977 1032 3043 marito,
1051 2986 1106 3032 et
1126 2993 1232 3032 non
1255 2992 1442 3047 parere
1460 2977 1560 3031 nisi
1580 2976 1646 3031 de
1663 2977 1874 3030 marito.

361 3069 589 3126 CAPUT
617 3069 708 3126 Vl.
730 3099 804 3110 —
824 3069 904 3124 De
921 3070 1205 3140 conjugalis
1225 3069 1376 3123 debiti
1400 3069 1660 3123 exactione
1685 3084 1745 3121 ac
1763 3067 1879 3121 red-

297 3161 497 3215 ditione.
528 3159 664 3218 Sunt
696 3161 824 3218 item
861 3161 958 3217 viri
994 3177 1163 3234 usque
1199 3163 1334 3217 adeo
1369 3162 1791 3228 incontinentes,
1819 3170 1880 3216 ut

297 3255 605 3325 conjugibus
632 3269 732 3311 nec
759 3255 990 3326 gravidis
1018 3263 1257 3325 parcant.
1286 3253 1549 3325 Quidquid
1579 3269 1706 3324 ergo
1742 3254 1878 3308 inter

294 3360 351 3400 se
375 3347 642 3416 conjugati
679 3346 1050 3402 immodestum
1072 3389 1086 3414 ,
1119 3336 1530 3402 inverecundum
1553 3389 1566 3412 ,
1605 3344 1876 3401 sordidum

295 3447 498 3508 gerunt,
531 3438 718 3493 vitium
745 3447 829 3494 est
851 3438 1145 3506 hominum,
1173 3455 1276 3493 non
1303 3439 1454 3509 culpa
1482 3439 1804 3509 nuptiarum.

362 3532 414 3586 6.
453 3532 573 3586 Jam
619 3532 672 3586 in
713 3532 826 3602 ipsa
871 3547 1081 3603 quoque
1129 3532 1558 3587 immoderatiore
1601 3534 1878 3588 exactione

293 3621 448 3678 debiti
491 3623 758 3691 carnalis,
791 3639 948 3694 quam
992 3625 1070 3679 eis
1112 3639 1216 3678 non
1261 3625 1552 3679 secundum
1596 3625 1876 3694 imperium

294 3713 529 3782 praecipit
549 3753 564 3777 ,
596 3712 690 3768 sed
721 3713 1010 3768 secundum
1052 3713 1256 3768 veniam
1296 3714 1542 3770 concedit
1569 3715 1873 3784 Apostolus,

293 3805 531 3859 utetiam
559 3812 756 3874 praeter
779 3819 991 3859 causam
1030 3805 1342 3874 procreandi
1381 3807 1478 3860 sibi
1519 3807 1872 3870 misceantur;

289 3898 387 3950 (τιεί
416 3911 513 3952 eos
542 3897 690 3967 pravi
717 3911 895 3953 mores
919 3897 985 3952 ad
1017 3898 1172 3953 talem
1202 3900 1538 3954 concubitum
1577 3899 1872 3969 impellunt,

287 3990 490 4059 nuptia:
526 3998 701 4045 tamen
743 3990 810 4046 ab
851 3990 1113 4046 adulterio
1159 4005 1252 4046 seu
1299 3992 1647 4047 fornicatione
1687 3991 1874 4045 defen-

285 4080 445 4136 dunt.
478 4080 659 4152 Neque
694 4081 837 4136 enim
881 4082 1011 4137 illud
1054 4091 1270 4153 prepter
1313 4084 1522 4153 nuptias
1559 4083 1870 4146 admittitur,

283 4171 383 4225 sed
413 4179 632 4242 propter
657 4172 864 4242 nuptias
894 4172 1203 4242 ignoscitur.
1236 4173 1442 4228 Debent
1468 4189 1593 4243 ergo
1622 4173 1718 4228 sibi
1749 4189 1876 4228 con-

277 4263 455 4334 jugati
479 4277 583 4317 non
605 4263 772 4319 solum
801 4264 968 4335 ipsius
993 4281 1150 4322 sexus
1175 4267 1257 4322 sui
1282 4266 1660 4322 commiscendi
1690 4266 1872 4332 ﬁdem,

280 4354 578 4410 liberorum
609 4358 1057 4427 procreandorum
1085 4373 1273 4424 causa,
1305 4374 1423 4429 qua:
1459 4360 1627 4429 prima
1665 4368 1747 4415 est
1773 4359 1874 4415 hu-

281 4446 428 4500 mani
459 4446 672 4515 generis
695 4447 746 4500 in
771 4448 867 4502 ista
889 4449 1210 4504 mortalitate
1231 4450 1488 4515 societas;
1511 4464 1695 4505 verum
1717 4451 1875 4505 etiam

279 4533 618 4591 inﬁrmitatis
645 4536 869 4594 invicem
897 4539 1252 4610 excipiendae,
1286 4541 1350 4595 ad
1379 4540 1591 4596 illicitos
1618 4541 1874 4597 concubi-

277 4639 363 4684 tus
387 4629 705 4696 evitandos,
739 4640 971 4687 mutuam
999 4632 1228 4704 quodam
1259 4634 1419 4689 modo
1447 4636 1787 4700 servitutem;
1819 4643 1876 4689 ut

270 4724 373 4780 etsi
414 4724 578 4780 alteri
617 4738 801 4780 eorum
843 4733 1098 4796 perpetua
1136 4727 1460 4782 continentia
1499 4728 1729 4798 placeat,
1773 4729 1872 4783 nisi

268 4832 332 4872 ex
366 4818 602 4873 alterius
628 4831 890 4874 consensu
920 4834 1025 4874 non
1053 4820 1240 4889 possit.
1271 4821 1336 4875 Et
1359 4820 1427 4876 ad
1457 4821 1559 4877 hoc
1578 4821 1718 4877 enim
1746 4837 1876 4876 uxor

267 4923 369 4962 non
406 4907 570 4960 habet
599 4917 890 4978 potestatem
924 4911 1150 4981 corporis
1183 4911 1290 4978 sui,
1320 4913 1407 4968 sed
1434 4918 1546 4976 vir;
1574 4915 1802 4968 similiter
1829 4924 1876 4968 et

265 5001 340 5054 vir
365 5017 480 5053 non
507 4999 660 5054 habet
685 5010 978 5070 potestatem
1003 5004 1225 5074 corporis
1249 5005 1348 5070 sui,
1372 5005 1459 5058 sed
1484 5007 1663 5060 mulier
1689 5004 1731 5075 (l
1754 5005 1871 5060 Cor.

263 5108 362 5160 vn,
395 5094 535 5162 4-6)
569 5109 582 5145 :
611 5100 668 5146 ut
708 5101 762 5147 et
805 5094 944 5164 quod
988 5110 1091 5150 non
1127 5095 1356 5151 ﬁliorum
1396 5097 1870 5166 procreandorum,

259 5187 354 5242 sed
387 5184 734 5240 inﬁrmitatis
759 5193 812 5264 et
836 5185 1234 5242 incontinentia:
1257 5201 1415 5243 causa
1440 5189 1661 5258 expetit,
1686 5189 1765 5242 vel
1789 5189 1874 5244 ille

257 5280 324 5335 de
347 5277 736 5344 matrimonio,
759 5279 844 5334 vel
865 5279 951 5332 illa
974 5279 1042 5335 de
1064 5283 1275 5348 marito,
1301 5295 1405 5335 non
1434 5281 1533 5336 sibi
1561 5282 1872 5336 alterutrum

255 5381 508 5445 negent;
546 5383 617 5435 ne
665 5385 760 5440 per
803 5371 907 5428 hoc
947 5373 1181 5431 incidant
1223 5377 1274 5430 in
1321 5375 1650 5431 damnabiles
1693 5391 1876 5432 corru-

254 5468 434 5538 ptelas
455 5507 474 5532 ,
518 5473 760 5519 tentante
797 5474 980 5521 satana
1001 5511 1014 5533 ,
1044 5477 1260 5539 propter
1294 5470 1760 5536 incontinentiam,
1792 5472 1875 5525 vel

249 5564 598 5623 amborum,
643 5558 730 5614 vel
774 5560 1086 5633 cujusquam
1131 5579 1336 5619 eorum.
1388 5563 1690 5635 Conjugalis
1733 5565 1874 5619 enim

249 5654 600 5716 concubitus
623 5653 915 5723 generandi
941 5655 1130 5727 gratia,
1160 5671 1265 5713 non
1293 5656 1453 5714 habet
1477 5658 1719 5729 culpam;
1750 5671 1877 5713 con-

319 5775 336 5806 ³
363 5777 518 5834 ιιιεε.,
547 5763 622 5821 uti
644 5764 720 5821 vel
741 5765 933 5823 mrito.

1719 272 1920 328 LIBER
1964 272 2163 332 UNUS.

3475 289 3583 352 578

1999 392 2338 460 cupiscentize
2369 410 2495 450 vero
2530 397 2815 465 satiandae,
2849 399 2944 454 sed
2980 407 3156 457 tamen
3182 416 3302 459 cum
3328 405 3579 478 conjuge,
3621 388 3624 396 ’

1994 494 2213 553 propter
2227 485 2384 546 ,thori
2418 487 2608 553 ﬁdem,
2641 491 2899 545 venialem
2945 491 3104 548 habet
3141 495 3352 566 culpam
3381 515 3396 552 :
3424 497 3580 553 adul-

1995 577 2184 631 terium
2214 595 2339 634 vero
2378 581 2489 636 sive
2533 581 2808 638 fornicatio
2851 585 3102 641 lethalem
3143 587 3305 644 habet
3343 590 3576 660 culpam.

1992 671 2069 724 Ae
2095 687 2188 740 per
2217 672 2317 728 hoc
2341 675 2531 730 melior
2553 685 2634 730 est
2657 677 2867 746 quidem
2891 678 2958 733 ab
2978 680 3121 734 omni
3144 682 3428 739 concubitu
3449 699 3581 740 con-

1993 763 2232 832 tinentia,
2261 783 2418 838 quam
2446 770 2530 825 vel
2556 770 2669 840 ipse
2693 771 3100 829 matrimonialis
3127 775 3461 846 concubitus,
3484 778 3576 850 qui

1991 855 2050 910 ﬁt
2077 873 2233 912 causa
2259 861 2529 930 gignendi.

2059 948 2283 1006 CAPUT
2320 952 2426 1006 V’ll.
2459 984 2529 994 -—-
2563 952 2753 1009 Foedus
2793 957 3018 1026 nuptiale
3047 959 3364 1029 separatione
3393 961 3578 1031 conju-

1987 1059 2106 1112 gum
2132 1059 2231 1097 non
2260 1046 2316 1111 ﬁt
2343 1047 2563 1100 irritum.
2593 1049 2671 1101 An
2701 1050 2908 1104 dimissa
2934 1051 3164 1106 adultera
3188 1053 3333 1106 liceat
3365 1054 3577 1108 alteram

1989 1135 2186 1190 ducere.
2238 1137 2457 1193 Uxorem
2505 1141 2837 1210 superducere
2878 1145 3081 1197 vetitum
3131 1161 3270 1199 more
3317 1146 3570 1200 Romano.

1987 1227 2217 1282 Divortio
2247 1229 2329 1284 lca;
2357 1232 2558 1301 fwderis
2592 1234 2834 1303 nuptialis
2872 1251 2972 1288 non
3007 1234 3234 1290 aboletur
3261 1237 3390 1290 inter
3420 1237 3573 1291 Chri-

1987 1321 2196 1376 stianos.
2220 1321 2324 1378 Sed
2351 1325 2470 1394 quia
2499 1324 2584 1378 illa
2612 1326 2940 1382 continentia
2966 1329 3138 1383 meriti
3169 1329 3444 1398 amplioris
3467 1338 3571 1396 est,

1987 1410 2215 1467 reddere
2241 1428 2368 1467 vero
2394 1415 2628 1470 debitum
2656 1417 2955 1488 conjngale,
2984 1419 3179 1473 nullius
3204 1427 3286 1474 est
3309 1420 3567 1483 criminis.

1986 1501 2200 1572 exigere
2240 1511 2414 1558 autem
2456 1506 2591 1560 ultra
2631 1508 2920 1577 generandi
2961 1509 3364 1575 necessitatem,
3404 1510 3572 1578 culpae

1988 1593 2232 1659 venialis,
2262 1593 2510 1651 fornicari
2543 1614 2669 1654 vero
2698 1601 2779 1654 vel
2809 1601 3086 1664 mtechari,
3118 1600 3367 1670 puniendi
3394 1601 3574 1655 crimi-

1986 1686 2102 1750 nis;
2135 1701 2330 1742 cavere
2373 1688 2532 1744 debet
2571 1691 2805 1746 Charitas
2850 1692 3176 1763 conjugalis,
3217 1708 3285 1748 ne
3315 1693 3441 1747 dum
3470 1691 3570 1747 sibi

1985 1779 2175 1848 quaerit
2204 1780 2347 1835 unde
2382 1783 2612 1852 amplius
2643 1782 2936 1839 honoretur
2955 1827 2969 1850 ,
2999 1785 3207 1855 conjugi
3244 1783 3403 1840 faciat
3431 1783 3571 1838 unde

1985 1869 2284 1926 damnetur.
2322 1873 2422 1940 Qui
2464 1875 2604 1930 enim
2646 1877 2849 1930 dimittit
2892 1893 3099 1931 uxorem
3142 1893 3319 1939 suam,
3365 1885 3572 1946 mepte

1986 1978 2142 2015 causa
2172 1965 2538 2034 fornicationis,
2574 1966 2697 2035 facit
2724 1983 2835 2020 eam
2861 1967 3097 2020 mmo/tari
3131 1966 3342 2037 (Matth.
3371 1982 3426 2030 v,
3455 1965 3568 2036 52).

1985 2051 2168 2123 Usque
2210 2053 2344 2110 adeo
2391 2054 2563 2110 ftedns
2609 2057 2735 2110 illud
2783 2057 2967 2112 initum
3018 2057 3253 2127 nuptiale
3296 2056 3570 2126 cujusdam

1985 2147 2304 2200 sacramenti
2334 2161 2421 2202 res
2447 2157 2562 2212 est,
2612 2158 2669 2202 ut
2711 2162 2808 2203 nec
2850 2149 2958 2218 ipsa
2997 2148 3334 2218 separatione
3360 2148 3570 2202 irritum

1985 2233 2078 2288 ﬁat
2101 2251 2114 2286 :
2138 2236 2566 2307 quandoquidem
2595 2237 2805 2293 vivente
2831 2240 2966 2305 viro,
2991 2246 3045 2293 et
3070 2253 3096 2291 a
3123 2253 3231 2308 quo
3257 2238 3440 2292 relicta
3465 2245 3568 2301 cst,

1985 2325 2302 2393 moechatur,
2334 2328 2380 2382 si
2405 2329 2556 2384 alteri
2586 2330 2858 2400 nupserit;
2889 2339 2941 2385 et
2965 2330 3054 2384 ille
3081 2329 3236 2398 hujus
3264 2329 3386 2384 mali
3410 2343 3571 2384 causa

1983 2427 2066 2472 est
2094 2419 2182 2488 qui
2212 2419 2444 2490 reliquit.

2058 2509 2108 2562 7.
2142 2511 2305 2566 Miror
2343 2519 2519 2567 autem
2562 2513 2606 2566 si
2650 2512 3097 2583 quemadmodum
3136 2512 3261 2566 licet
3302 2511 3570 2568 dimittere

1984 2601 2278 2658 adulteram
2306 2619 2525 2659 uxorem
2547 2646 2563 2670 ,
2593 2605 2662 2658 ita
2693 2604 2848 2659 liceat
2876 2619 2937 2658 ea
2963 2602 3179 2658 dimissa
3217 2603 3439 2658 alteram
3467 2603 3570 2658 du-

1985 2707 2128 2748 cere.
2156 2693 2305 2748 Facit
2324 2695 2467 2749 enim
2494 2694 2562 2750 de
2589 2695 2688 2749 bac
2712 2710 2773 2749 re
2800 2703 2980 2750 sancta
3003 2694 3274 2764 Scriptura
3297 2694 3568 2749 diflicilem

1984 2785 2183 2842 nodum
2203 2829 2218 2855 ,
2250 2787 2460 2843 dicente
2500 2787 2785 2858 Apostolo,
2817 2802 2881 2841 ex
2914 2795 3179 2856 praecepto
3209 2785 3420 2840 Domini
3449 2801 3568 2840 mu-

1983 2876 2170 2933 lierem
2200 2893 2230 2932 a
2258 2878 2373 2933 viro
2402 2893 2508 2934 non
2537 2878 2736 2934 debere
2764 2877 3074 2942 discedere;
3101 2876 3242 2946 quod
3283 2876 3327 2930 si
3365 2875 3570 2932 disces-

1983 2970 2146 3036 serit,
2191 2985 2408 3026 manere
2451 2971 2754 3040 innuptam,
2801 2979 2892 3025 aut
2937 2970 3051 3024 viro
3097 2983 3196 3024 suo
3238 2969 3570 3026 reconciliari

1984 3058 2030 3129 (Ι
2055 3061 2172 3116 Cor.
2199 3077 2301 3125 vn,
2332 3063 2415 3127 l0,
2456 3062 2544 3134 Η)
2579 3081 2590 3116 :
2623 3078 2744 3117 cum
2780 3061 3034 3118 recedere
3063 3062 3242 3132 utique
3271 3071 3325 3116 et
3351 3077 3570 3119 manere

1983 3152 2229 3222 innupta,
2263 3155 2363 3210 nisi
2405 3154 2472 3209 ab
2507 3155 2750 3210 adultero
2778 3155 2892 3210 viro
2926 3171 3031 3210 non
3060 3155 3286 3222 debeat,
3316 3171 3383 3211 ne
3421 3171 3570 3213 rece—

1982 3243 2157 3300 dendo
2183 3245 2250 3300 ab
2273 3260 2338 3301 eo
2363 3247 2450 3316 qui
2473 3245 2680 3301 adulter
2705 3261 2814 3300 non
2839 3254 2942 3312 est,
2967 3245 3124 3300 faciat
3141 3261 3262 3300 eum
3287 3247 3563 3303 mmchari.

1982 3334 2337 3392 Reconciliari
2381 3347 2558 3394 autem
2603 3338 2719 3393 viro
2763 3338 2845 3392 vel
2892 3339 3201 3406 tolerando,
3239 3340 3283 3394 si
3319 3354 3378 3394 se
3407 3340 3521 3411 ipsa
3547 3341 3565 3373 ί

1982 3428 2256 3484 continere
2285 3445 2388 3484 non
2418 3439 2612 3500 potest,
2645 3430 2725 3485 vel
2755 3439 2997 3486 eorrecto
3016 3471 3030 3495 ,
3061 3431 3280 3486 forsitan
3305 3431 3448 3501 juste
3474 3448 3570 3502 po-

1983 3528 2106 3576 test.
2139 3523 2418 3591 Quomodo
2460 3531 2636 3579 autem
2683 3524 2798 3578 viro
2841 3524 3010 3593 possit
3051 3539 3172 3580 esse
3215 3525 3425 3581 licentia
3465 3524 3566 3580 du-

1982 3613 2164 3669 cendae
2192 3616 2438 3680 alterius,
2467 3617 2509 3671 si
2541 3617 2833 3672 adulteram
2870 3617 3176 3687 reliquerit,
3207 3632 3326 3672 cum
3357 3617 3568 3672 mulieri

1983 3719 2088 3758 non
2120 3705 2187 3759 sit
2217 3706 2448 3761 nubendi
2478 3707 2660 3773 alteri,
2692 3708 2735 3761 si
2779 3706 3074 3761 adulterum
3113 3707 3416 3776 reliquerit,
3458 3721 3565 3762 non

1984 3798 2160 3852 video.
2184 3799 2311 3866 Qua:
2336 3799 2379 3852 si
2408 3800 2476 3853 ita
2502 3809 2644 3861 sunt,
2675 3807 2878 3853 tantum
2905 3798 3046 3852 valet
3071 3796 3200 3852 illud
3226 3797 3422 3852 sociale
3450 3797 3567 3851 vin-

1981 3889 2156 3942 culum
2183 3890 2486 3959 conjugum,
2512 3898 2567 3942 ut
2592 3904 2711 3943 cum
2739 3903 2895 3943 causa
2923 3887 3236 3957 procreandi
3263 3887 3561 3957 colligetur,

1982 3993 2082 4034 nec
2128 3980 2241 4047 ipsa
2289 3993 2448 4033 causa
2507 3979 2818 4048 procreandi
2871 3979 3120 4034 solvatur.
3174 3977 3390 4032 Possit”
3419 3978 3563 4033 enim

1981 4067 2143 4124 homo
2171 4070 2439 4126 dimittere
2467 4070 2703 4126 sterilem
2735 4085 2955 4125 uxorem
2976 4112 2990 4136 ,
3029 4079 3085 4125 et
3119 4067 3316 4124 ducere
3354 4068 3420 4124 de
3459 4084 3564 4139 qua

1981 4161 2119 4216 ﬁlios
2148 4161 2341 4216 habeat
2368 4180 2380 4214 :
2415 4170 2468 4217 et
2498 4172 2672 4236 tamen
2704 4177 2808 4216 non
2839 4163 2991 4228 licet;
3029 4170 3084 4218 et
3118 4160 3314 4216 nostris
3347 4160 3562 4232 quidem

1976 4254 2086 4324 jam
2119 4255 2446 4324 temporibus
2481 4270 2544 4310 ac
2580 4270 2728 4310 more
2757 4255 3028 4322 Romano,
3059 4268 3158 4310 nec
3184 4253 3561 4324 superducere,

1980 4356 2040 4404 ut
2068 4349 2292 4419 amplius
2321 4349 2510 4405 habeat
2545 4365 2704 4420 quam
2747 4365 2905 4404 unam
2937 4350 3108 4404 vivam
3135 4367 3148 4403 :
3177 4357 3231 4404 et
3263 4347 3447 4419 utique
3475 4363 3564 4405 re-

1981 4442 2104 4498 licta
2133 4443 2368 4498 adultera
2392 4445 2474 4499 vel
2497 4443 2684 4498 relicto
2703 4442 2944 4498 adultero
2972 4449 3188 4510 possent
3213 4441 3394 4511 plures
3417 4443 3564 4498 nasci

1981 4535 2255 4602 homines,
2289 4537 2334 4589 si
2363 4536 2443 4590 vel
2481 4535 2564 4588 illa
2603 4534 2756 4589 alteri
2797 4534 3055 4600 nuberet,
3084 4533 3169 4588 vel
3213 4533 3302 4588 ille
3343 4534 3562 4588 alteram

1980 4628 2217 4684 duceret.
2246 4627 2398 4693 Quod
2430 4636 2604 4680 tamen
2634 4626 2679 4680 si
2705 4640 2809 4679 non
2836 4626 2992 4689 licet,
3022 4624 3158 4680 sicut
3182 4623 3360 4677 divina
3385 4625 3562 4694 regula

1980 4719 2325 4791 praescribere
2353 4717 2594 4782 videtur;
2622 4731 2779 4786 quem
2811 4730 2916 4770 non
2949 4715 3104 4770 faciat
3129 4714 3409 4780 intentum,
3437 4715 3562 4785 quid

1979 4813 2081 4868 sibi
2111 4812 2236 4866 velit
2265 4819 2406 4864 tanta
2434 4809 2656 4863 ﬁrmitas
2682 4809 2879 4864 vinculi
2909 4808 3240 4878 conjugalis?
3272 4808 3423 4876 Quod
3466 4824 3562 4864 ne-

1981 4917 2242 4974 quaquam
2285 4909 2411 4972 puto
2451 4909 2651 4955 tantum
2690 4899 2870 4955 valere
2904 4898 3170 4970 potuisse,
3203 4899 3304 4953 nisi
3342 4899 3564 4968 alicujus

1981 4997 2058 5050 rei
2081 4995 2297 5064 majoris
2319 5009 2382 5049 ex
2406 4992 2505 5047 hac
2527 4993 2735 5048 inﬁrma
2757 4990 3078 5046 mortalitate
3105 4990 3376 5045 hominum
3397 4991 3564 5062 quod-

1981 5087 2102 5141 dam
2155 5094 2544 5141 sacramentum
2588 5083 2961 5148 adhiberetur,
3006 5081 3147 5152 quod
3194 5081 3566 5139 deserentibus

1982 5179 2285 5234 hominibus
2309 5186 2467 5246 atque
2495 5176 2544 5230 id
2573 5175 2866 5230 dissolvere
2891 5173 3248 5243 cupientibus,
3279 5175 3562 5232 inconcus-
3595 5192 3600 5224 λ

1982 5288 2097 5327 sum
2125 5271 2224 5325 illis
2251 5277 2492 5324 maneret
2515 5265 2583 5322 ad
2610 5281 2840 5337 poenam.
2874 5264 3148 5336 Siquidem
3179 5266 3562 5323 interveniente
3603 5279 3608 5310 τ

1982 5362 2208 5418 divortio
2237 5377 2343 5415 non
2370 5359 2612 5414 aboletur
2641 5357 2728 5412 illa
2757 5357 3144 5413 conftederatio
3168 5358 3416 5428 nuptialis
3443 5374 3456 5410 :
3486 5355 3560 5411 ita
3610 5352 3618 5360 ’

1983 5464 2040 5510 ut
2067 5453 2167 5509 sibi
2195 5452 2445 5523 conjuges
2475 5451 2600 5516 sint,
2631 5449 2789 5505 etiam
2816 5450 3075 5520 separati;
3103 5464 3223 5504 cum
3251 5448 3352 5503 illis
3379 5455 3561 5502 autem

1981 5546 2297 5603 adulterium
2343 5543 2707 5608 committant,
2755 5542 2948 5614 quibus
2995 5542 3192 5600 fuerint
3235 5540 3396 5600 etiam
3442 5548 3567 5614 post

2048 5685 2064 5716 ί
2099 5681 2201 5733 Sola
2217 5681 2322 5732 fere
2346 5679 2494 5730 editio
2515 5685 2644 5740 Lov.,
2667 5677 2838 5743 seipse.

2053 5773 2073 5804 ι
2096 5773 2274 5831 Posset,
2298 5766 2438 5830 juxta
2456 5764 2605 5828 Lugd.
2668 5769 2731 5817 nt.
