4142 6212
452 188 557 245 379

447 312 609 358 suum
636 296 913 371 repudium
944 299 1212 371 copulati,
1259 300 1343 356 vel
1385 300 1474 355 illa
1504 301 1621 356 viro
1640 344 1655 368 ,
1688 303 1770 357 vel
1801 303 1889 358 ille
1917 318 2033 358 mu-

452 390 591 459 lieri.
616 391 728 453 Nec
754 402 930 448 tamen
962 394 1060 447 nisi
1087 394 1140 447 in
1165 394 1381 449 civitate
1408 395 1503 449 Dei
1531 397 1732 461 nostri,
1762 396 1813 450 in
1855 404 2037 452 monte

454 494 639 539 sancto
663 485 779 551 ejus
804 483 972 553 (Paul.
992 499 1152 547 van,
1171 485 1250 555 ἢ),
1270 486 1386 540 talis
1415 498 1496 540 ρει
1524 502 1681 540 causa
1698 502 1819 542 cum
1847 503 2031 543 uxore.

523 575 747 631 CAPUT
792 576 920 629 VIII.
951 606 1020 617 -—
1042 576 1259 646 Repudii
1283 595 1405 632 usus
1428 580 1594 648 qualis
1622 580 1760 650 apud
1791 580 2032 648 Gentiles,

459 678 503 721 et
526 668 687 733 quatis
714 668 854 737 apud
876 666 1105 721 luctatos.
1139 668 1441 740 Conjugium
1477 672 1660 726 bonum
1686 683 1760 728 est
1787 692 1993 746 prorsus
2016 718 2032 743 ,

454 773 553 827 non
592 768 759 813 autem
802 757 911 812 sola
951 762 1325 829 comparatione
1358 764 1725 833 fornicationis.
1769 765 2033 821 Caeterum

456 851 606 903 aliter
634 866 693 904 se
726 851 920 906 habere
940 851 1057 919 jura
1086 852 1397 917 Gentilium,
1426 857 1544 924 quis
1571 857 1811 927 ignorat;
1840 858 1929 913 ubi
1956 859 2037 912 in-

454 943 711 1011 terposito
732 944 974 1013 repudio,
1003 947 1119 999 sine
1148 955 1297 1001 reatu
1321 948 1499 1017 aliquo
1521 949 1737 1005 ultionis
1763 950 2033 1015 humanae,

451 1044 505 1088 et
539 1035 623 1088 illa
650 1034 736 1089 cui
766 1034 993 1089 voluerit
1017 1037 1186 1101 nubit,
1221 1046 1274 1091 et
1301 1038 1390 1092 ille
1415 1056 1572 1108 quam
1603 1041 1828 1099 voluerit
1849 1041 2035 1096 ducit?

452 1126 547 1183 Cui
574 1128 942 1183 consuetudini
982 1130 1156 1184 simile
1182 1131 1400 1200 aliquid,
1428 1144 1645 1201 propter
1674 1133 2033 1189 Israelitarum

451 1220 722 1286 duritiam,
748 1221 957 1277 videtur
982 1224 1288 1290 permisisse
1308 1224 1517 1296 Moyses
1537 1225 1607 1280 de
1628 1226 1804 1287 libello
1824 1228 2034 1297 repudii

456 1311 631 1383 (Deut.
666 1329 812 1376 xxiv,
842 1315 903 1379 ις
939 1315 1127 1370 Matth.
1151 1333 1260 1381 XIX,
1286 1317 1366 1387 8).
1390 1319 1502 1385 Qua
1534 1319 1587 1373 in
1616 1334 1676 1375 re
1696 1322 2036 1391 exprobratio

452 1419 611 1474 quam
641 1407 954 1475 approbatio
981 1408 1195 1463 divortii
1224 1412 1393 1481 magis
1420 1422 1660 1481 apparet.

522 1497 579 1552 8.
623 1496 959 1553 Honorabiles
972 1515 1100 1570 ergo
1125 1503 1315 1571 nuptias
1332 1504 1385 1557 in
1402 1506 1651 1573 omnibus,
1681 1516 1724 1559 οι
1749 1507 1919 1561 Morus
1938 1508 2038 1561 int-

453 1589 738 1644 maculatus
772 1590 956 1663 (Hebr.
986 1608 1102 1658 xm,
1135 1594 1210 1663 4).
1240 1596 1392 1661 Quod
1429 1612 1532 1651 non
1560 1599 1638 1653 sic
1666 1600 1895 1655 dicimus
1935 1601 2035 1656 bo-

453 1696 603 1746 num,
626 1693 683 1737 ut
705 1684 755 1737 in
775 1684 1138 1741 fornicationis
1154 1690 1551 1757 comparatione
1571 1692 1639 1745 sit
1660 1691 1855 1747 bonum
1871 1710 1886 1756 ;
1905 1694 2039 1748 alio-

452 1774 580 1843 quin
599 1774 705 1830 duo
726 1776 861 1831 mala
887 1788 1064 1843 erunt,
1097 1794 1322 1848 quorum
1349 1782 1572 1836 alterum
1596 1784 1744 1853 pejus
1772 1802 1785 1837 :
1816 1795 1905 1839 aut
1935 1784 2034 1840 ho-

457 1880 584 1919 num
609 1866 711 1920 erit
733 1875 787 1921 et
813 1867 1111 1932 fornicatio,
1138 1871 1260 1938 quia
1281 1879 1365 1925 est
1386 1872 1538 1941 pejus
1562 1873 1921 1940 adulterium;
1948 1890 2038 1944 pe-

450 1956 541 2026 jus
579 1969 659 2013 est
693 1959 833 2013 enim
877 1960 1107 2015 alienum
1159 1964 1556 2019 matrimonium
1600 1966 1835 2031 violare,
1876 1983 2035 2038 quam

455 2052 723 2107 meretrici
756 2052 1032 2108 adhaerere
1065 2073 1078 2108 :
1110 2063 1162 2109 et
1191 2055 1388 2109 bonum
1431 2056 1769 2118 adulterium.
1800 2058 1924 2129 quia
1954 2070 2037 2115 est

454 2142 605 2213 pejor
634 2143 899 2209 incestus;
931 2146 1080 2215 pejus
1104 2156 1182 2201 est
1212 2148 1353 2201 enim
1385 2162 1505 2203 cum
1536 2159 1705 2205 matre
1725 2167 1883 2222 quam
1915 2167 2036 2208 cum

454 2234 629 2289 aliena
667 2250 833 2290 uxore
860 2239 1217 2294 concumbere
1247 2257 1261 2294 :
1292 2248 1347 2294 et
1369 2240 1540 2296 donec
1569 2242 1636 2297 ad
1663 2258 1725 2298 ea
1752 2245 2053 2313 pervenia-.

455 2333 562 2391 tur,
593 2341 745 2396 quae,
792 2328 929 2382 sicut
957 2329 1246 2398 Apostolus
1269 2332 1361 2395 ait,
1396 2341 1543 2404 turpe
1579 2342 1651 2387 est
1687 2335 1839 2388 etiam
1874 2335 2040 2390 dicere

455 2415 691 2487 (Ephes.
724 2435 776 2481 v,
808 2419 931 2490 12),
974 2423 1153 2476 omnia
1182 2423 1317 2477 bona
1348 2435 1503 2478 erunt
1543 2425 1595 2479 in
1638 2426 2038 2496 comparatione

453 2508 716 2580 pejornm.
764 2511 876 2567 Hoc
905 2525 1082 2568 autem
1114 2514 1302 2570 falsum
1342 2532 1464 2572 esse
1500 2518 1618 2588 quis
1649 2519 1895 2575 dubitet?
1918 2520 2036 2575 Non

454 2617 583 2672 ergo
611 2603 719 2659 duo
745 2606 882 2660 mala
910 2615 1035 2661 sunt
1063 2610 1388 2664 connubium
1410 2619 1464 2665 et
1485 2610 1783 2678 fornicatio,
1810 2629 2035 2683 quorum

453 2695 680 2751 alterum
711 2698 895 2767 pejus;
924 2700 1017 2753 sed
1039 2700 1146 2755 duo
1173 2703 1308 2757 bona
1330 2712 1453 2758 sunt
1481 2707 1803 2760 connubium
1831 2715 1882 2762 et
1904 2723 2035 2762 con-

457 2784 698 2851 liuentia,
731 2804 957 2857 quorum
986 2791 1209 2845 alterum
1238 2801 1320 2846 est
1347 2794 1556 2849 melius.
1589 2795 1736 2851 Sicut
1768 2797 1867 2853 ista
1898 2809 2033 2853 tem-

452 2878 654 2948 poralis
696 2879 896 2935 sanitas
938 2891 992 2935 et
1032 2882 1367 2938 imbecillitas
1411 2901 1516 2940 non
1556 2898 1681 2943 sunt
1717 2888 1824 2943 dno
1876 2893 2031 2957 mala,

453 2982 680 3040 quorum
708 2970 935 3025 alterum
964 2972 1148 3042 pejus;
1177 2973 1271 3029 sed
1302 2976 1400 3029 ista
1442 2978 1643 3032 sanitas
1670 2987 1724 3034 et
1763 2980 2037 3036 immorta-

452 3059 574 3114 litas
617 3059 725 3115 duo
765 3061 900 3115 bona
931 3072 1074 3129 sunt,
1107 3079 1328 3130 quorum
1373 3067 1598 3122 alterum
1646 3071 1853 3126 melius.
1905 3073 2032 3128 Item

451 3149 670 3205 scientia
692 3158 748 3205 et
782 3152 989 3207 vanitas
1022 3169 1126 3207 non
1144 3154 1251 3210 duo
1266 3158 1401 3211 mala
1426 3167 1567 3224 sunt,
1589 3178 1811 3231 quorum
1830 3167 2034 3223 vanitas

450 3244 604 3315 pejus
626 3261 640 3310 ;
670 3246 764 3301 sed
785 3248 1001 3302 scientia
1036 3258 1091 3304 et
1128 3249 1356 3306 charitas
1373 3252 1478 3307 duo
1492 3253 1627 3309 bona
1645 3266 1787 3325 sunt,
1806 3275 2031 3329 quorum

449 3337 683 3395 Charitas
704 3340 912 3395 melius.
931 3340 1169 3410 Namque
1184 3344 1390 3397 scientia
1401 3346 1699 3413 destruetur,
1714 3350 1787 3403 ait
1808 3354 2036 3421 Aposto-

447 3427 555 3497 lus;
571 3439 813 3486 etlamen
833 3431 956 3487 huic
978 3434 1200 3503 tempori
1228 3437 1522 3490 necessaria
1537 3448 1619 3493 est
1651 3457 1663 3492 :
1694 3442 1913 3497 charitas
1937 3460 2032 3499 au-

454 3528 560 3575 tem
578 3536 833 3589 nunquam
853 3522 997 3576 cadet
1021 3522 1062 3594 (I
1084 3524 1200 3577 Cor.
1230 3540 1349 3592 xm,
1378 3528 1456 3595 8).
1484 3527 1573 3583 Sic
1591 3540 1644 3583 et
1669 3533 1908 3588 mortalis
1933 3535 2032 3590 ista

450 3613 743 3682 generatio,
786 3623 1004 3685 propter
1029 3629 1186 3685 quam
1219 3616 1932 3690 fluntnuptim,destruetur;
1964 3627 2033 3681 ab

450 3703 596 3758 omni
644 3711 821 3760 autem
873 3707 1158 3763 concubitu
1205 3708 1540 3777 immunitas,
1580 3722 1633 3768 et
1675 3714 1758 3770 hic
1796 3720 2032 3789 angelica

449 3793 725 3850 meditatio
752 3805 854 3864 est,
892 3807 946 3852 et
969 3810 1247 3869 permanet
1287 3802 1340 3856 in
1372 3811 1651 3859 aeternum.
1682 3808 1831 3863 Sicut
1855 3820 2031 3867 autem

444 3883 661 3955 jejuniis
689 3887 1068 3957 sacrilegorum
1096 3893 1312 3948 meliora
1345 3906 1470 3949 sunt
1496 3899 1713 3967 prandia
1740 3901 2028 3970 justorum;

450 3976 521 4032 ita
563 3979 761 4048 nuptize
810 3979 1043 4037 ﬁdelium
1089 3984 1373 4055 virginitati
1417 3997 1813 4058 anteponuntur
1841 3995 2031 4063 impia:

450 4084 568 4127 rum
591 4072 630 4126 ι.
661 4070 1044 4129 Verumtamen
1069 4092 1241 4145 neque
1275 4079 1345 4133 ibi
1386 4082 1661 4148 prandium
1683 4086 1907 4155 jejunio,
1937 4089 2032 4144 sed

445 4158 652 4229 iustitia
691 4162 1003 4232 sacrilegio;
1042 4182 1215 4235 neque
1246 4167 1332 4224 hic
1363 4173 1558 4240 nuptiae
1596 4173 1904 4244 virginitati,
1935 4178 2031 4233 sed

450 4250 586 4306 ﬁdes
628 4252 883 4319 impietati
936 4253 1238 4322 praefertur.
1286 4259 1365 4312 Ad
1411 4262 1510 4315 hoc
1556 4265 1696 4317 enim
1735 4265 1865 4334 justi
1909 4284 2029 4324 eum

450 4355 585 4411 opus
611 4349 697 4397 est
721 4343 1000 4411 prandent,
1032 4355 1084 4398 ut
1120 4356 1367 4417 tanquam
1395 4350 1516 4405 boui
1548 4354 1746 4409 domini
1777 4360 1919 4427 quod
1941 4360 2031 4429 ju-

451 4441 592 4489 stum
630 4444 683 4488 et
712 4449 920 4504 :rquum
965 4448 1047 4491 est
1080 4440 1247 4494 servis
1277 4444 1588 4511 corporibus
1618 4449 1888 4515 praebeant
1918 4470 1930 4504 :
1962 4454 2029 4509 ad

451 4523 556 4581 hoc
578 4534 754 4580 autem
783 4529 1022 4599 sacrilegi
1039 4530 1298 4600 jejunant,
1336 4535 1747 4595 utdzemonibus
1773 4545 2026 4600 serviant.

450 4615 541 4672 Sic
569 4617 635 4673 ad
661 4617 762 4672 hoc
786 4619 988 4674 nubunt
1012 4620 1215 4689 ﬁdeles,
1242 4633 1293 4678 nt
1326 4628 1529 4683 maritis
1552 4630 1741 4698 pudice
1770 4637 2027 4705 copulen-

451 4714 538 4762 tur
568 4726 583 4763 :
614 4708 680 4762 ad
717 4708 818 4764 hoc
854 4722 1030 4767 autem
1077 4724 1203 4768 sunt
1238 4716 1470 4786 virgines
1509 4722 1710 4790 impiae,
1746 4733 1805 4779 ut
1840 4742 1870 4780 a
1901 4744 2028 4785 vero

450 4797 562 4853 Deo
588 4799 930 4856 fornicentur.
963 4802 1112 4859 Sicut
1145 4821 1273 4875 ergo
1298 4808 1493 4864 bonum
1515 4822 1632 4868 erat
1655 4818 1794 4885 quod
1823 4820 2025 4877 Martha

449 4882 698 4954 faciebat,
723 4904 974 4961 occupata
1008 4897 1148 4951 circa
1184 4898 1538 4957 ministerium
1575 4917 1900 4971 sanctorum,
1931 4913 2026 4968 sed

448 4982 638 5037 melius
665 4984 809 5053 quod
838 4986 995 5039 Maria
1022 5002 1174 5043 soror
1202 4990 1319 5059 ejus
1346 4993 1540 5049 sedens
1566 4997 1630 5051 ad
1656 5000 1817 5067 pedes
1849 5003 2028 5060 Domi-

448 5072 525 5137 ni,
555 5083 604 5127 et
635 5074 856 5130 audiens
882 5079 1102 5134 verbum
1124 5081 1278 5150 ejus’
1306 5083 1453 5152 (Luc.
1485 5103 1539 5154 ιι,
1570 5089 1756 5164 59-49)
1787 5112 1799 5146 :
1832 5095 1899 5148 ita
1925 5096 2024 5153 bo-

447 5178 574 5217 num
597 5161 855 5221 Susanna:
877 5168 928 5221 in
962 5171 1237 5241 conjugali‘
1261 5176 1503 5233 castitate
1535 5161 1812 5239 laudamus
1838 5186 1856 5257 (
1882 5185 2018 5243 Dan.

446 5253 598 5323 xm);
626 5254 722 5309 sed
750 5264 927 5311 tamen
952 5261 1002 5313 ei
1028 5261 1225 5317 bonum
1252 5266 1422 5321 viduae
1451 5270 1619 5326 Annae
1650 5273 1800 5343 (Luc.
1843 5253 1900 5346 ιι,
1931 5281 2019 5349 36,

444 5345 609 5417 31),
661 5361 726 5403 ac
781 5348 949 5404 multo
1012 5354 1179 5423 magis
1230 5355 1409 5413 Mariae
1462 5362 1681 5433 virginis
1740 5345 2022 5439 anteponi;

510 5552 684 5630 nio},
696 5552 960 5630 Mrito:
980 5570 1000 5630 ς
1022 5557 1423 5630 dissentientibus
1456 5569 1600 5622 editis
1621 5572 1727 5624 aliis
1744 5584 1797 5627 et
1819 5586 1923 5630 Mss.

511 5614 634 5707 :uic
661 5614 945 5669 sola'editio
977 5629 1084 5672 Lov.
1119 5625 1278 5690 addit,
1322 5614 1440 5699 ἓᾴἶη
1621 5614 1797 5692 Ἐὶἷῡᾶἕ
1816 5614 2021 5707 tam...

1483 188 1571 244 DE
1612 188 1793 245 BONO
1830 187 2221 257 CONJUGALI,
2262 191 2320 247 S.
2360 192 2725 253 AUGUSTINI

2146 318 2265 359 mus
2290 302 2441 375 (Luc.
2470 323 2510 375 ι,
2536 307 2653 379 27).
2683 309 2891 366 Bonum
2912 319 3030 368 erat
3059 313 3204 385 quod
3219 313 3508 391 faciebant,
3523 338 3645 398 qua
3669 330 3741 388 de

2142 397 2437 454 substantia
2469 415 2565 455 sua
2605 401 2823 458 Christo
2860 419 2925 460 ac
2959 404 3234 477 discipulis
3269 413 3388 482 ejus
3435 397 3739 480 necessaria

2143 491 2543 559 ministrabant;
2574 493 2669 550 sed
2696 496 2891 552 melius
2917 499 3007 569 qui
3037 514 3252 557 omnem
3284 520 3434 561 suam
3480 512 3736 570 substan-

2142 581 2270 635 tiam
2298 582 2647 651 dimisernnt,
2681 595 2738 640 nt
2776 588 3135 657 expeditiores
3166 595 3418 651 eumdem
3454 600 3735 662 Dominum

2141 683 2511 743 sequerentur.
2545 676 2601 730 In
2633 677 2716 732 his
2744 688 2921 734 autem
2952 682 3091 737 binis
3121 684 3296 750 bonis,
3332 690 3445 744 sive
3475 709 3594 763 qna-
3621 697 3733 766 isti,

2142 763 2258 818 sive
2281 780 2400 833 qttae
2429 765 2633 821 Martha
2671 777 2724 823 et
2753 768 2914 824 Maria
2945 771 3242 838 faciebant,
3272 777 3389 833 ﬁeri
3419 796 3526 837 non
3555 763 3738 857 posset

2142 855 2283 924 quod
2323 858 2512 912 melius
2536 868 2647 923 est,
2678 860 2779 914 nisi
2815 864 2986 918 altero
3019 870 3379 933 praetermisso
3409 884 3500 928 aut
3526 855 3732 934 relicto.

2146 943 2295 999 Unde
2325 946 2721 1016 intelligendum
2751 959 2835 1005 est
2880 968 2985 1007 non
3031 953 3152 1010 ideo
3184 959 3384 1015 malum
3432 967 3723 1032 putandum

2141 1050 2264 1091 esse
2285 1039 2514 1108 nuptias,
2544 1042 2666 1109 quia
2709 1044 2808 1097 nisi
2844 1045 2911 1100 ab
2938 1047 3018 1101 eis
3043 1049 3389 1120 abstineatur,
3425 1073 3530 1112 non
3559 1070 3737 1129 potest

2143 1127 2325 1182 haberi
2352 1129 2580 1185 vidualis
2605 1133 2821 1188 castitas
2859 1146 2951 1190 aut
2988 1138 3265 1210 virginalis
3295 1127 3590 1216 integritas.
3622 1152 3734 1209 Ne-

2140 1231 2247 1286 que
2268 1219 2410 1272 enim
2435 1220 2555 1275 ideo
2577 1223 2774 1277 malum
2798 1235 2912 1280 erat
2936 1230 3078 1297 quod
3104 1228 3306 1288 Martha
3335 1236 3582 1309 faciebat,
3609 1244 3739 1314 quia

2140 1310 2244 1364 nisi
2272 1310 2397 1366 inde
2425 1312 2720 1369 abstineret
2743 1332 2898 1372 soror
2917 1321 3055 1388 ejus,
3086 1340 3193 1378 non
3223 1326 3422 1384 faceret
3447 1333 3588 1401 quod
3617 1310 3739 1392 me-

2140 1400 2246 1456 lius
2272 1412 2387 1456 erat
2415 1422 2428 1457 :
2459 1414 2551 1458 aut
2595 1407 2713 1461 ideo
2758 1411 2957 1465 malum
2987 1424 3069 1467 est
3095 1419 3367 1488 suscipere
3403 1400 3605 1492 justum
3643 1436 3737 1484 aut

2140 1493 2457 1562 prophetam
2482 1497 2532 1550 in
2565 1497 2782 1554 domum
2808 1517 2979 1569 suam,
3004 1507 3127 1575 quia
3160 1524 3260 1563 nec
3288 1511 3504 1581 domum
3536 1517 3741 1577 habere

2140 1584 2319 1652 debet,
2352 1590 2576 1658 utquod
2625 1592 2818 1649 melius
2858 1604 2941 1650 est
2983 1596 3162 1664 faciat,
3196 1603 3286 1671 qui
3314 1606 3424 1661 vult
3451 1607 3519 1663 ad
3557 1610 3740 1680 perﬂe-

2141 1675 2371 1731 ctionem
2401 1677 2674 1735 Christum
2699 1686 2867 1753 sequi.

2213 1767 2438 1824 CAPUT
2478 1769 2569 1824 IX.
2599 1800 2672 1813 -ν-
2699 1773 2752 1828 9.
2801 1776 3107 1850 Confugium
3143 1783 3328 1840 bonum
3371 1796 3443 1842 est
3484 1807 3589 1846 non
3637 1793 3745 1849 nisi

2143 1871 2348 1930 prapter.
2372 1863 2516 1916 aliud
2541 1870 2894 1934 expetendum.
2921 1872 3168 1945 L‘onjugio
3189 1880 3260 1932 uti
3284 1880 3514 1938 debuisse
3531 1894 3739 1942 sanctos

2142 1950 2319 2019 primis
2356 1955 2663 2023 temporibus
2696 1973 2716 2012 :
2757 1976 2890 2014 nunc
2926 1967 3295 2035 prteferendum
3320 1987 3426 2025 esse
3461 1976 3738 2032 continen-

2142 2042 2287 2096 tiam.
2316 2043 2458 2103 Sane
2480 2047 2769 2105 videndum
2791 2061 2892 2117 est,
2917 2055 3018 2110 alia
3043 2057 3181 2113 bona
3206 2062 3360 2118 nobis
3388 2065 3553 2122 Deum
3583 2069 3738 2138 dare,

2140 2149 2261 2203 qua:
2282 2148 2499 2205 propter
2537 2153 2597 2194 se
2620 2140 2732 2210 ipsa
2758 2147 3054 2213 expetenda
3079 2161 3223 2217 sunt,
3253 2139 3390 2209 sicut
3415 2166 3495 2212 est
3523 2161 3742 2229 sapien-

2142 2226 2236 2292 tia,
2267 2228 2431 2293 salus,
2462 2231 2727 2299 amicitia;
2753 2235 2856 2290 alia
2877 2253 2997 2308 qua:
3021 2251 3239 2310 promer
3263 2246 3461 2316 aliquid
3486 2226 3610 2305 sunt
3640 2269 3741 2309 ne-

2140 2319 2395 2384 cessaria,
2420 2321 2559 2377 sicut
2581 2322 2845 2392 doctrina,
2872 2330 3043 2397 cibus,
3066 2342 3245 2403 potus,
3273 2350 3515 2407 somnus,
3544 2343 3739 2413 conju-

2140 2409 2285 2479 gium
2306 2452 2321 2476 ,
2351 2415 2689 2471 concubitus.
2736 2418 2937 2475 Horum
2968 2424 3111 2478 enim
3161 2428 3403 2496 quardam
3432 2436 3737 2492 necessaria

2141 2509 2267 2555 sunt
2289 2516 2506 2572 prapter
2525 2508 2861 2576 sapientiam,
2887 2513 3023 2568 sicut
3046 2515 3316 2584 doctrina;
3340 2523 3584 2591 quaedam
3610 2541 3739 2595 pro-

2141 2602 2261 2662 pter
2284 2595 2537 2663 salutem,
2562 2600 2699 2654 sicut
2719 2602 2902 2670 cibus,
2931 2613 2988 2660 et
3014 2616 3193 2677 potus,
3221 2622 3275 2666 et
3302 2627 3553 2681 somnus;
3587 2632 3739 2687 qua:-

2140 2684 2263 2738 dam
2292 2696 2512 2755 propter
2539 2691 2846 2761 amicitiam,
2873 2696 3012 2752 sicut
3034 2703 3233 2770 nuptiae
3258 2704 3341 2757 vel
3370 2684 3684 2765 concubitus
3712 2727 3735 2767 :

2140 2961 2225 3016 nis
2248 2978 2366 3032 quae
2392 2974 2607 3034 propter
2626 2967 2773 3023 aliud
2799 2975 3099 3030 necessaria
3127 2988 3273 3044 sunt,
3299 2979 3392 3050 qui
3415 2996 3518 3037 non
3538 2985 3602 3039 ad
3627 2986 3735 3042 hoc

2140 3054 2307 3109 utitur
2338 3065 2554 3125 propter
2580 3061 2721 3129 quod
2764 3062 3004 3121 instituta
3034 3079 3158 3123 sunt
3177 3112 3191 3135 ,
3223 3082 3427 3140 peccat,
3471 3075 3608 3131 alias
3633 3094 3731 3134 ve-

2138 3146 2368 3212 niaIiter,
2399 3147 2532 3205 alias
2559 3150 2954 3211 damnabiliter.
2980 3157 3232 3229 Quisquis
3252 3177 3379 3241 vero
3404 3165 3485 3220 eis
3511 3178 3733 3237 propter

2138 3235 2240 3293 hoc
2279 3238 2480 3305 utitur,
2514 3251 2735 3310 propter
2760 3244 2904 3313 quod
2949 3247 3073 3303 data
3118 3261 3263 3319 sunt,
3293 3235 3431 3309 bene
3457 3235 3601 3313 facit.
3616 3235 3733 3316 Cui

2137 3342 2266 3397 ergo
2314 3344 2420 3385 non
2462 3341 2587 3387 sunt
2626 3338 2956 3405 necessaria,
2996 3341 3177 3396 sinon
3206 3346 3293 3401 eis
3318 3346 3502 3413 utitur,
3535 3352 3733 3409 melius

2136 3416 2282 3481 facit.
2311 3418 2544 3479 Proinde
2569 3423 2667 3479 ista
2690 3424 2827 3481 bona
2858 3442 2978 3483 cum
3002 3445 3138 3501 opus
3168 3434 3445 3505 habemus,
3473 3440 3610 3496 bene
3634 3457 3737 3499 vo-

2136 3508 2314 3569 lumus
2343 3527 2358 3565 :
2390 3511 2486 3568 sed
2512 3515 2700 3570 melius
2724 3532 2787 3573 ea
2829 3520 3077 3577 nolumus
3100 3540 3259 3595 quam
3286 3529 3569 3598 volumus;
3598 3533 3734 3604 quin

2138 3609 2262 3659 tunc
2291 3603 2482 3661 melius
2502 3621 2602 3663 nos
2630 3608 2906 3677 habemus,
2940 3628 3059 3669 cum
3090 3631 3154 3672 ea
3182 3624 3485 3679 necessaria
3506 3603 3732 3683 nonba-

2134 3689 2344 3753 bemus.
2372 3694 2451 3753 Ac
2489 3712 2584 3764 per
2614 3697 2717 3754 hoc
2753 3700 2951 3758 bonum
2994 3714 3078 3761 est
3115 3710 3347 3778 nubere,
3376 3715 3499 3784 quia
3529 3716 3730 3774 bonum

2136 3794 2218 3839 est
2247 3784 2383 3845 tilios
2422 3802 2704 3857 procreare
2725 3832 2741 3859 ,
2774 3797 3230 3857 matremfamilias
3265 3819 3386 3861 esse
3411 3808 3462 3877 (Ι
3504 3808 3639 3864 Tim.
3670 3826 3727 3881 v,

2139 3875 2249 3947 14)
2284 3891 2298 3930 :
2327 3879 2420 3935 sed
2450 3883 2644 3941 melius
2671 3894 2757 3941 est
2782 3902 2891 3943 non
2914 3890 3135 3960 nubere,
3163 3896 3284 3965 quia
3324 3875 3515 3959 melius
3547 3915 3630 3959 est
3656 3875 3726 3962 ad

2135 3966 2305 4037 ipsam
2331 3968 2619 4035 humanam
2646 3977 2957 4036 societatem
2987 3982 3089 4039 hoc
3113 4000 3277 4057 opere
3302 4005 3410 4047 non
3440 4009 3616 4065 egere.
3650 3997 3727 4055 Ita

2136 4058 2280 4113 enim
2296 4058 2409 4129 jam
2443 4076 2561 4125 sese
2588 4063 2747 4125 habet
2774 4068 3067 4129 humanum
3100 4092 3286 4146 genus,
3318 4092 3377 4137 ut
3401 4058 3522 4141 aliis
3547 4088 3637 4157 qui
3663 4105 3727 4146 se

2135 4163 2246 4250 non
2270 4152 2564 4250 continent,
2587 4172 2699 4215 non
2730 4162 2905 4217 solum
2947 4181 3042 4235 per
3062 4172 3276 4238 nuptias
3304 4152 3593 4250 occupatis,
3624 4183 3728 4239 sed

2135 4240 2321 4343 multis
2361 4244 2522 4303 etiam
2561 4262 2659 4317 per
2704 4251 2917 4311 illicitos
2951 4260 3266 4321 concubitus
3302 4240 3729 4343 luxuriantibus,

2134 4327 2275 4383 bono
2302 4332 2554 4429 Creatore
2577 4337 2653 4394 de.
2686 4342 2838 4409 malis
2865 4360 3053 4403 eorum
3089 4349 3317 4412 faciente
3351 4360 3493 4429 quod

2134 4430 2238 4489 est,
2271 4438 2374 4479 non
2405 4424 2545 4489 desit
2573 4437 2925 4493 numerositas
2954 4443 3122 4509 prolis
3160 4454 3218 4501 et
3250 4424 3570 4510 abundantia
3600 4471 3733 4514 suc-

2133 4515 2411 4581 cessionis,
2436 4520 2577 4579 unde
2601 4535 2799 4583 sancta;
2821 4531 3068 4588 amicitiae
3085 4541 3485 4609 conquirantur.
3514 4546 3592 4601 Ex
3614 4565 3732 4619 quo

2133 4604 2418 4677 colligitur,
2453 4612 2637 4680 primis
2677 4621 3009 4688 temporibus
3039 4604 3253 4696 generis
3276 4633 3512 4703 humani,
3541 4604 3723 4695 maid;

2133 4711 2218 4759 me
2248 4708 2464 4799 propter
2493 4703 2585 4759 Dei
2619 4710 2871 4776 pome
2901 4721 3329 4789 propagandum,
3356 4741 3453 4797 per
3477 4745 3635 4799 quem
3666 4741 3728 4788 et

2132 4787 2542 4859 prophetaretur
2583 4804 2640 4861 et
2697 4814 3005 4863 nasceretur
3052 4787 3323 4883 Princeps.
3356 4787 3430 4873 ἐι
3472 4787 3724 4878 Salvator

2131 4880 2367 4935 omnium
2396 4884 2748 4953 populorum,
2785 4894 2863 4953 uti
2899 4895 3148 4956 debuisse
3184 4880 3399 4962 sanctos
3428 4909 3528 4965 isto
3552 4953 3567 4977 ,
3607 4928 3719 4970 non

2132 4979 2349 5062 propter
2378 4986 2438 5029 se
2472 4980 2807 5049 expetendo,
2852 4987 2949 5043 sed
2983 5001 3200 5061 propter
3225 4996 3368 5052 aliud
3414 5004 3721 5062 necessario

2131 5058 2271 5116 bono
2316 5065 2618 5135 nuptiarum
2650 5089 2663 5126 :
2697 5089 2841 5137 nunc
2862 5058 2995 5137 vero
3032 5058 3153 5138 cum
3179 5085 3246 5141 ad
3287 5088 3569 5147 iucundam

2129 5160 2268 5209 ctam
2317 5165 2373 5215 et
2422 5159 2689 5221 sinceram
2729 5168 3039 5231 societatem
3083 5175 3318 5247 undique
3359 5195 3424 5236 ex
3469 5186 3720 5244 omnibus

2128 5245 2377 5314 gentibus
2405 5252 2561 5323 copia
2587 5256 2883 5325 spiritualis
2901 5245 3530 5338 cognationis—exuberet,
3552 5276 3719 5333 etiam

2129 5348 2347 5408 propter
2357 5343 2502 5401 solos
2522 5344 2657 5403 filios
2672 5353 2937 5413 connubia
2953 5360 3205 5427 copulare
3220 5363 3514 5435 cupientes,
3534 5378 3722 5428 utam—

2128 5427 2295 5498 pliore
2311 5435 2648 5494 continentia:
2664 5440 2805 5497 bono
2818 5445 2998 5514 potius
3013 5427 3556 5512 utantursdmonendi
3568 5427 3717 5517 sunt.

2198 5518 2421 5578 CAPUT
2460 5526 2527 5595 Χ.
2576 5559 2647 5569 ——
2701 5533 2786 5589 10.
2846 5535 3075 5607 011186ιὶοη
3119 5553 3295 5601 contra
3331 5549 3716 5608 continentiam.

2131 5610 2283 5667 Nunc
2326 5617 2361 5670 ii
2402 5621 2498 5675 soli
2528 5626 2796 5697 coniugati
2835 5630 3042 5701 debent,
3072 5636 3167 5706 qui
3198 5653 3251 5697 se
3294 5656 3402 5703 non
3436 5644 3716 5702 sontium.

2131 5704 2350 5775 Nuptias
2383 5730 2481 5769 non
2516 5733 2620 5772 esse
2648 5732 2924 5788 peccatum.
2958 5704 3223 5807 Nuptigtis
3260 5734 3553 5809 ῳῃᾳιὴὲιιῳ
3574 5739 3722 5806 εοιιω
