4122 6212
300 349 402 403 ille
428 355 510 404 est
536 344 626 414 qui
647 343 708 413 ﬁt
739 357 897 404 causa
925 340 1218 412 generandi.
1249 339 1354 396 Sed
1383 340 1508 400 novi
1538 342 1626 411 qui
1668 355 1912 396 murmu-

306 451 472 496 rent:
507 437 644 506 Quid
691 436 770 502 si,
803 435 1080 504 inquiunt.
1125 449 1316 492 omnes
1362 434 1604 490 homines
1645 433 1808 492 velint
1848 433 1916 492 ab

305 531 460 587 Ortini
488 529 776 586 concubitu
805 528 1114 588 continere;
1151 525 1288 580 unde
1314 525 1581 592 subsistet
1621 541 1787 595 genus
1815 523 1914 580 bu-

312 625 572 679 manum?
599 622 812 676 Utinatn
841 634 1028 675 omnes
1056 618 1158 674 ltoc
1179 617 1400 679 vellent,
1425 618 1678 674 duntaxat
1705 619 1754 672 in
1781 617 1911 674 cha-

314 718 473 771 ritate
499 715 567 769 de
596 713 761 768 corde
803 726 938 781 puro
964 720 1017 766 et
1054 709 1379 768 conscientia
1429 707 1563 762 bona
1595 717 1649 763 et
1678 707 1778 764 lide
1806 722 1910 763 non

315 809 434 859 ﬁcta
465 805 507 876 (l
527 803 661 859 Tim.
696 819 731 866 ι,
759 800 817 872 5)
835 821 846 855 :
865 801 1032 856 multo
1052 800 1210 856 citius
1228 799 1906 870 Deicivitascompleretur,

314 909 370 954 et
409 901 809 964 acceleraretur
856 893 1116 948 terminus
1152 891 1353 946 sa-cnli.
1403 891 1538 960 Quid
1581 892 1724 948 enim
1769 892 1910 950 aliud

319 990 520 1045 hortari
545 998 769 1058 apparet
796 987 1134 1056 Apostolum,
1169 986 1254 1040 tibi
1281 986 1376 1052 ait,
1419 1001 1538 1040 cum
1570 984 1691 1041 inde
1721 985 1908 1056 loque-

317 1094 486 1148 retur,
524 1080 715 1136 Vellent
737 1096 907 1133 omnes
928 1095 1034 1133 esse
1048 1079 1177 1133 sicut
1199 1094 1277 1130 me
1301 1078 1507 1146 ipsum?
1529 1079 1632 1132 Aut
1653 1077 1741 1134 illo
1762 1077 1906 1134 loco:

320 1174 432 1228 Hoc
463 1183 631 1227 autem
655 1172 789 1236 dico,
813 1175 995 1239 fratres
1020 1180 1254 1237 :tempus
1282 1169 1424 1222 breve
1447 1177 1515 1222 est
1535 1183 1552 1232 ;
1573 1169 1819 1237 reliquum
1839 1178 1912 1226 est

315 1275 366 1320 ut
387 1277 438 1320 et
471 1265 523 1318 Iti
551 1264 638 1333 qui
662 1264 845 1317 habent
874 1277 1055 1316 uxores
1073 1301 1088 1324 ,
1129 1269 1364 1329 tanquam
1391 1275 1491 1311 non
1518 1259 1750 1314 [tabentes
1775 1259 1909 1323 sint;

315 1366 359 1411 et
390 1357 480 1427 qui
515 1356 662 1425 ﬂent,
701 1365 937 1423 tanquam
963 1369 1065 1408 non
1095 1353 1270 1420 flentes
1289 1366 1310 1414 ,'
1334 1360 1380 1405 et
1415 1351 1500 1420 qui
1523 1350 1762 1420 gaudent.
1792 1360 1908 1404 tan-

314 1464 468 1518 quam
494 1463 599 1500 non
627 1445 937 1515 gaudentes;
965 1453 1012 1498 et
1037 1444 1123 1514 qui
1147 1451 1337 1507 emunt,
1361 1451 1597 1512 tanquam
1619 1458 1718 1496 non
1737 1457 1909 1496 emen-

317 1548 420 1601 tes;
449 1547 498 1591 et
532 1537 620 1607 qui
655 1545 868 1590 utuntur
895 1535 990 1588 hoc
1016 1534 1224 1598 mundo,
1253 1543 1490 1605 tanquam
1517 1550 1615 1587 non
1655 1541 1861 1590 utantur
1889 1548 1909 1588 ε

319 1629 544 1700 praeterit
571 1629 703 1682 enim
725 1628 891 1697 ﬁgura
919 1627 1069 1696 hujus
1099 1626 1294 1680 mundi.
1341 1624 1463 1680 Volo
1481 1642 1566 1679 vos
1591 1625 1697 1678 sine
1716 1623 1910 1684 sollicie

319 1718 494 1774 tudine
517 1734 641 1772 esse.
668 1717 870 1774 Deinde
900 1717 1169 1787 subjungit
1193 1735 1205 1768 :
1239 1717 1336 1782 Qui
1369 1718 1476 1772 sine
1499 1733 1655 1774 uxore
1681 1727 1785 1784 cst,
1825 1734 1910 1774 co-

320 1812 450 1885 gitat
485 1826 550 1866 ea
579 1825 692 1882 quc
732 1818 850 1864 sunt
889 1807 1127 1874 Domini,
1169 1808 1418 1877 quomodo
1443 1808 1640 1884 placeat
1669 1806 1905 1864 Domino.

326 1903 428 1972 Qui
451 1911 622 1958 utens
649 1899 969 1960 matrimonio
995 1900 1292 1966 coniunctus
1314 1909 1416 1964 est,
1447 1900 1632 1970 cogitat
1659 1917 1772 1968 qua:
1794 1909 1912 1954 sunt

321 1995 516 2060 mundi,
540 1995 793 2066 quomodo
822 1995 1017 2066 placeat
1046 1993 1214 2050 uxori.
1242 1990 1313 2046 Et
1339 1992 1498 2047 diuisa
1523 2002 1596 2050 est
1624 1994 1803 2048 mulier
1829 1994 1910 2054 in-,

321 2099 478 2158 nupta
502 2098 550 2142 et
577 2088 717 2158 virgo
737 2089 753 2120 ί
785 2107 798 2142 :
830 2103 945 2158 quae
966 2088 1181 2159 innupta
1210 2094 1312 2155 est,
1353 2087 1570 2144 sollicita
1601 2096 1676 2143 est
1704 2105 1763 2143 ea
1797 2104 1910 2158 quc

324 2192 438 2237 sunt
455 2180 685 2248 Domini,
715 2190 767 2234 ut
786 2183 850 2236 sit
868 2191 1044 2235 sancta
1071 2191 1116 2234 et
1142 2197 1351 2252 corpore
1378 2189 1422 2237 el
1447 2181 1661 2250 spiritu;
1685 2195 1799 2252 qua
1815 2197 1910 2237 att-

325 2282 416 2327 tan
437 2283 594 2343 nupta
632 2283 722 2333 est.
759 2272 977 2327 sollicita
1009 2283 1081 2329 est
1115 2289 1229 2343 qua:
1264 2282 1382 2327 sunt
1418 2273 1625 2340 mundi,
1656 2275 1908 2344 quomodo

324 2365 520 2434 placeat
542 2363 666 2417 viro.
702 2362 849 2418 Unde
875 2364 1004 2418 mibi
1031 2363 1241 2419 videtur
1263 2364 1364 2419 hoc
1388 2373 1626 2434 tempore
1647 2365 1790 2420 solos
1813 2380 1908 2422 eos

324 2455 409 2525 qui
443 2470 505 2509 se
531 2471 638 2508 non
667 2455 975 2518 continent,
1011 2455 1283 2524 conjugari
1315 2464 1582 2524 oportere,
1611 2456 1907 2513 secundum

325 2547 464 2601 illam
495 2546 734 2616 ejusdem
770 2546 996 2616 apostoli
1037 2546 1356 2602 sententiam
1393 2565 1405 2598 :
1441 2546 1590 2614 Quod
1627 2549 1670 2604 si
1711 2565 1762 2603 se
1806 2565 1909 2605 non

325 2638 597 2702 continent,
625 2637 812 2691 nubant
833 2655 850 2701 ;
875 2639 1049 2692 melius
1063 2647 1137 2692 est
1167 2639 1297 2692 enim
1327 2637 1511 2694 nubere
1529 2656 1678 2709 quam
1705 2640 1806 2693 uri.

389 2729 477 2783 ii.
519 2728 628 2784 Nec
658 2729 787 2797 ipsis
814 2740 986 2783 tamen
1020 2738 1293 2798 peccatum
1317 2739 1440 2787 sunt
1470 2733 1686 2800 nuptiae,
1711 2747 1829 2801 qua:
1857 2732 1906 2789 si

320 2820 372 2875 in
394 2821 794 2889 comparatione
822 2819 1186 2876 fornicationis
1211 2821 1554 2894 eligerentur,
1587 2823 1762 2879 minus
1785 2839 1905 2893 pec-

321 2923 494 2968 catum
523 2922 705 2968 essent
749 2929 904 2983 quam
943 2913 1249 2978 fornicatio,
1279 2914 1374 2970 sed
1419 2925 1590 2970 tanten
1630 2926 1902 2985 peccatum

320 3014 517 3060 essent.
547 3003 697 3060 Nunc
719 3015 895 3060 autem
919 3003 1044 3074 quid
1071 3005 1262 3062 dicturi
1289 3020 1474 3064 sumus
1506 3006 1763 3062 adversus
1788 3008 1902 3064 evi-

321 3092 687 3150 dentissimam
717 3110 901 3152 vocem
929 3097 1170 3166 Apostoli
1209 3097 1433 3154 dicentis
1461 3115 1475 3150 :
1509 3097 1656 3164 Quod
1692 3099 1795 3153 vult
1825 3101 1904 3170 fa-

321 3186 456 3249 ciat;
485 3202 588 3242 non
611 3195 801 3256 peccat,
823 3187 868 3240 si
880 3187 1031 3242 nubat
1055 3203 1074 3251 ;
1099 3197 1172 3251 et,
1198 3187 1521 3257 Siacceperis
1543 3205 1769 3254 uxorem,
1802 3207 1905 3248 non

321 3277 582 3345 peccasti;
614 3284 659 3329 et
681 3276 725 3331 si
744 3279 968 3346 nupserit
997 3278 1157 3348 virgo,
1186 3295 1287 3334 non
1316 3288 1487 3350 peccat
1513 3278 1553 3349 (l
1587 3279 1703 3334 Cor.
1727 3296 1818 3347 vn,
1847 3282 1900 3346 7,

319 3363 529 3437 28.56).
562 3366 697 3422 Hinc
725 3376 870 3422 certe
891 3368 999 3437 jam
1041 3369 1286 3425 dubitare
1329 3371 1407 3428 l'as
1447 3388 1553 3430 non
1583 3382 1666 3428 est
1693 3375 1904 3444 nuptias

318 3473 425 3514 non
444 3473 566 3514 esse
592 3468 888 3528 peccatum.
914 3459 1027 3516 Non
1057 3461 1235 3530 itaque
1263 3463 1474 3530 nuptias
1497 3464 1786 3520 secundum
1813 3480 1904 3521 ve-

319 3551 460 3606 niam
489 3549 737 3606 concedit
767 3551 1050 3621 Apostolus
1081 3569 1095 3607 :
1129 3567 1249 3608 nam
1279 3554 1397 3623 quis
1438 3554 1672 3624 ambigat
1711 3556 1902 3614 absur-

319 3641 537 3710 dissime
578 3642 683 3697 dici
733 3657 838 3697 non
876 3658 970 3698 eos
1009 3659 1259 3713 peccasse
1299 3645 1495 3715 quibus
1522 3647 1673 3702 venia
1703 3648 1906 3706 datur?-

317 3733 422 3790 Sed
450 3734 601 3790 illum
648 3735 984 3794 concubitum
1034 3738 1326 3794 secundum
1370 3741 1576 3796 veniam
1622 3742 1900 3809 concedit,

321 3825 406 3894 qui
430 3825 486 3879 lit
514 3840 611 3896 per
634 3825 1088 3894 incontinentiam,
1119 3843 1224 3882 non
1244 3829 1355 3884 sola
1381 3846 1538 3885 causa
1565 3833 1901 3901 procreandi,

321 3925 373 3972 et
413 3915 700 3985 aliquando
743 3917 883 3970 nulla
913 3933 1068 3972 causa
1112 3919 1462 3988 procreandi;
1507 3936 1664 3990 quem
1707 3923 1904 3993 nuptiae

320 4023 427 4061 non
478 4007 590 4061 ﬁeri
635 4017 856 4079 cogunt,
891 4010 985 4065 sed
1035 4011 1229 4080 ignosci
1281 4012 1600 4080 impetrant:
1634 4013 1680 4066 si
1727 4022 1905 4074 tamen

321 4113 433 4152 non
458 4097 530 4149 ita
561 4098 627 4151 sit
655 4100 869 4164 nimius,
896 4111 956 4156 ut
991 4101 1242 4171 impediat
1262 4119 1379 4172 qua:
1407 4104 1638 4172 seposita
1662 4119 1782 4160 esse
1806 4105 1903 4162 de-

320 4190 450 4246 bent
475 4201 708 4259 tempora
731 4195 934 4259 orandi,
964 4210 1061 4248 nec
1087 4197 1394 4251 immutetur
1421 4197 1468 4250 iu
1495 4211 1616 4252 eum
1639 4213 1794 4256 usum
1814 4199 1905 4270 qui

324 4293 402 4336 est
420 4291 606 4338 contra
638 4291 903 4350 naturam,
935 4285 1001 4339 de
1026 4303 1131 4356 quo
1158 4288 1442 4356 Apostolus
1472 4297 1649 4345 tacere
1679 4305 1785 4344 non

325 4375 451 4438 tuit,
495 4389 616 4428 cum
656 4375 725 4430 de
751 4379 1065 4446 corruptelis
1095 4380 1269 4434 nimiis
1299 4382 1694 4438 immundorum
1715 4393 1771 4440 et
1799 4384 1902 4442 im-

324 4465 525 4534 piorum
557 4467 835 4522 hominum
865 4470 1171 4540 loqueretur
1199 4471 1382 4540 (Rom.
1419 4490 1456 4536 ι,
1487 4474 1576 4541 26,
1605 4474 1738 4546 27).
1767 4475 1907 4534 Con-

325 4557 530 4613 cubitus
556 4560 700 4614 enim
732 4563 1063 4624 necessarius
1088 4579 1245 4617 causa
1271 4565 1580 4633 generandi,
1609 4567 1905 4637 inculpabi-

321 4648 387 4704 lis
427 4658 483 4704 et
519 4651 667 4705 solus
710 4653 820 4720 ipse
867 4655 1116 4724 nuptialis
1146 4665 1245 4710 est.
1290 4657 1382 4712 lllc
1426 4668 1600 4715 autem
1639 4660 1728 4730 qui
1765 4661 1902 4718 ultra

324 4739 472 4794 istam
505 4744 877 4798 necessitatem
911 4747 1264 4817 progreditur,
1291 4748 1401 4816 jam
1434 4765 1535 4804 non
1568 4751 1780 4817 rationi,
1807 4751 1904 4808 sed

323 4829 524 4887 libidini
554 4835 885 4905 obsequitur.
932 4837 999 4893 Et
1031 4840 1170 4893 hunc
1197 4849 1374 4898 tamen
1404 4858 1507 4896 non
1539 4843 1773 4914 exigere,
1806 4845 1905 4906 sed

323 4925 544 4981 reddere
585 4929 819 4998 conjngi,
863 4947 928 4985 ne
961 4931 1268 4986 fornicando
1300 4932 1671 4992 damnabiliter
1697 4945 1901 5006 peccet,

321 5016 382 5070 ad
404 5033 688 5086 personam
711 5037 744 5091 p
767 5023 938 5078 -rtinet
959 5023 1311 5091 conjngalcm.
1337 5023 1391 5078 Si
1423 5035 1598 5080 autem
1624 5027 1784 5082 ambo
1807 5028 1902 5084 tali

320 5111 767 5180 concupiscentia:
817 5114 1149 5183 subiguntur,
1196 5128 1306 5166 rem
1364 5113 1563 5170 faciunt
1604 5131 1708 5169 non
1747 5118 1905 5186 plane

321 5203 645 5271 nuptiarum.
681 5204 1052 5260 Verumtamen
1081 5207 1124 5260 si
1148 5205 1313 5274 magis
1340 5206 1389 5258 in
1416 5221 1508 5262 sna
1531 5207 1906 5276 conjunctione

382 5336 399 5364 ³
426 5335 588 5401 Lectio
611 5335 715 5401 hac
738 5343 814 5386 est
834 5338 1045 5401 omnium
1073 5337 1178 5386 fere
1203 5345 1426 5386 veterum
1450 5347 1562 5401 uss.
1581 5339 1820 5401 explicata
1841 5344 1906 5394 ab

318 5398 656 5462 A‘ugustinoin
680 5396 804 5448 libro
821 5399 883 5449 de
906 5408 1070 5462 Sancta
1097 5401 1397 5462 Virginitate,
1413 5414 1516 5460 eain
1542 5399 1619 5460 2:2,
1641 5396 1692 5452 et
1715 5404 1764 5451 itt
1783 5403 1906 5456 libro

317 5445 528 5525 de‘iiono
559 5445 1070 5525 ausaausa}is?
1080 5445 1525 5525 meumﬂantis
1544 5445 1906 5525 inussit;

319 5516 449 5586 male
474 5522 731 5569 emendata
758 5516 1062 5586 lucrat'lmnc
1100 5516 1148 5572 in
1176 5516 1365 5572 molium
1393 5539 1403 5572 :
1437 5533 1486 5573 I-gt
1520 5522 1674 5574 dit-im
1707 5533 1775 5575 est
1797 5516 1903 5575 mu;

320 5575 410 5650 tier
435 5587 602 5650 nupta,
637 5590 682 5632 et
725 5581 855 5650 tirgo
883 5585 1113 5650 quasina:
1133 5593 1213 5650 pta
1252 5593 1336 5638 est.
1383 5598 1428 5638 tu
1453 5589 1545 5636 isto
1569 5587 1674 5637 loco
1696 5589 1904 5650 Apostoli

317 5635 664 5716 §i§§qnantiam
688 5635 906 5715 codicum
928 5635 1186 5698 latinoru'm
1209 5635 1396 5701 notavit
1405 5635 1900 5711 llierOuymus'riﬁ’ﬁ'ﬁ:

317 5698 344 5763 5
372 5709 539 5755 cntra
559 5705 875 5757 Jovinianum.
907 5721 910 5724 ’

1736 225 1936 283 LIBER
1976 225 2178 284 UNUS.

3507 233 3619 314 386

2031 341 2257 412 diligunt
2287 340 2428 412 quod
2459 342 2762 412 honestum,
2788 360 2947 425 quam
2969 346 3113 419 quod
3140 349 3477 418 inhonestum
3505 365 3608 429 est.

2024 433 2076 488 id
2101 442 2206 499 est,
2234 433 2373 504 quod
2399 444 2485 492 est
2505 437 2828 506 nuptiarum,
2853 456 3011 509 quam
3040 441 3091 498 id
3113 443 3253 512 quod
3282 461 3386 502 non
3415 454 3498 510 est
3516 462 3613 502 nu-

2023 525 2282 594 ptiarum,
2313 525 2415 582 hoc
2439 527 2518 584 eis
2544 537 2762 588 auctore
2792 532 3051 602 Apostolo
3078 535 3371 592 secundum
3401 538 3611 594 veniant

2021 617 2332 674 conceditur
2359 634 2371 668 :
2407 617 2562 688 cujus
2586 620 2764 678 delicti
2802 636 2908 676 non
2933 621 3132 678 habent
3163 626 3482 682 ltortatrices
3507 645 3610 684 nu-

2021 709 2179 779 ptias,
2208 709 2301 766 sed
2328 709 2753 782 deprecatrices,
2791 713 2837 768 si
2870 713 2961 769 Dei
2993 715 3410 772 misericordiam
3442 734 3546 774 non
3575 734 3609 776 a

2020 815 2078 856 se
2111 810 2376 866 avertant,
2407 803 2494 864 vel
2519 819 2625 868 non
2655 803 2972 864 abstinendo
2996 806 3312 876 quibusdam
3338 807 3526 865 diebus
3548 819 3610 866 ut

2019 891 2350 950 orationibus
2369 902 2577 961 vacent,
2595 903 2651 952 et
2676 909 2772 964 per
2796 894 2932 954 hanc
2953 896 3328 962 abstinentiam
3353 899 3489 962 sicut
3512 914 3608 972 per

2014 981 2214 1052 jejunia
2239 985 2617 1044 commendent
2646 1001 2833 1056 preces
2858 1000 3004 1054 suas,
3034 987 3117 1042 vel
3149 988 3480 1044 immutando
3505 1005 3605 1046 na-

2019 1076 2246 1134 turalem
2272 1093 2426 1134 usum
2457 1079 2509 1142 in
2536 1093 2659 1134 eum
2682 1094 2838 1136 usum
2864 1078 2956 1149 qui
2992 1087 3077 1136 est
3114 1087 3300 1136 contra
3324 1088 3566 1146 naturam
3585 1121 3603 1158 ,

2017 1167 2159 1236 quod
2180 1167 2537 1226 damnabilius
2563 1170 2619 1226 lit
2638 1168 2691 1224 in
2717 1168 2962 1240 conjuge.

2086 1259 2312 1317 CAPUT
2352 1260 2442 1318 XI.
2471 1291 2542 1302 -—
2571 1260 2659 1317 i2.
2707 1259 2843 1316 Usus
2879 1269 3055 1318 contra
3095 1269 3330 1322 naturam
3367 1276 3602 1330 metra-.-

2018 1351 2166 1408 bilior
2187 1353 2239 1408 in
2264 1369 2442 1419 uxore,
2465 1370 2618 1422 quam
2642 1354 2696 1408 in
2720 1353 2999 1410 meretrice.
3021 1351 3364 1423 Innuptarum
3387 1354 3607 1424 amplior.

2016 1443 2258 1502 sanctitas
2287 1444 2657 1508 commendata,
2688 1459 2790 1500 non
2819 1451 2999 1516 negata
3033 1445 3276 1500 sanctitas
3306 1453 3598 1518 nuptarum,

2016 1533 2148 1592 Nam
2173 1549 2294 1595 cum
2323 1535 2411 1591 ille
2437 1534 2698 1600 naturalis
2726 1549 2874 1603 usus,
2905 1535 3118 1607 quando
3145 1535 3440 1605 prolabitur
3465 1535 3610 1610 ultra

2017 1634 2168 1694 pacta
2201 1626 2474 1696 nuptialia,
2518 1625 2572 1693 id
2612 1635 2712 1692 est,
2754 1627 2892 1686 ultra
2934 1627 3260 1698 propagandi
3303 1630 3601 1692 necessita-

2016 1726 2149 1784 tem,
2177 1718 2400 1776 venialis
2425 1719 2494 1774 sit
2532 1718 2584 1773 in
2625 1733 2810 1786 uxore,
2844 1721 2898 1776 in
2928 1720 3207 1776 meretrice
3231 1719 3550 1790 damnabilis
3578 1737 3596 1788 ;

2016 1809 2118 1864 iste
2141 1809 2230 1879 qui
2258 1819 2342 1873 est
2369 1819 2556 1876 contra
2587 1819 2851 1878 naturam,
2880 1811 3281 1868 exsecrabiliter
3313 1813 3370 1866 tit
3398 1813 3449 1866 in
3481 1828 3604 1877 me:

2017 1899 2228 1963 retrice,
2281 1899 2376 1962 sed
2422 1899 2808 1967 exsecrabilius
2856 1899 2910 1954 in
2960 1917 3146 1960 uxore.
3192 1900 3420 1957 Tantum
3463 1903 3604 1962 valet

2016 1989 2280 2048 ordinatio
2307 1989 2584 2056 Creatoris
2608 2001 2663 2050 et
2701 1991 2835 2061 ordo
2865 2002 3146 2060 creaturae,
3176 2001 3234 2048 ut
3265 1993 3316 2052 in
3345 1994 3506 2052 rebus
3535 1994 3603 2050 ad

2016 2079 2274 2144 utendum
2323 2083 2632 2149 concessis,
2677 2083 2839 2139 etiam
2891 2099 3013 2150 cum
3065 2083 3254 2152 modus
3305 2085 3600 2163 exceditur,

2016 2171 2174 2242 longe
2217 2174 2286 2236 sit
2331 2173 2682 2244 tolerabilius,
2728 2189 2889 2245 quam
2932 2176 2985 2230 in
3028 2175 3108 2234 eis
3138 2178 3152 2206 ¹
3185 2190 3305 2246 qua:
3345 2190 3598 2234 concessa

2014 2279 2120 2326 non
2150 2272 2295 2334 sunt,
2326 2265 2414 2324 vel
2439 2281 2583 2340 unus
2609 2267 2698 2323 vel
2725 2282 2880 2326 rarus
2907 2282 3178 2326 excessus.
3212 2267 3281 2326 Et
3310 2267 3427 2322 ideo
3458 2269 3509 2324 in
3539 2283 3601 2325 re

2013 2373 2270 2418 concessa
2300 2360 2674 2426 immoderatio
2700 2359 2969 2434 conjugis,
3000 2376 3070 2416 ne
3095 2360 3150 2415 in
3189 2374 3302 2416 rem
3328 2376 3437 2416 non
3463 2374 3598 2430 con-

2013 2465 2223 2508 cessam
2267 2450 2432 2508 libido
2475 2459 2822 2524 prorumpat,
2862 2451 3139 2522 toleranda
3183 2459 3287 2510 est.
3337 2450 3472 2510 [line
3515 2459 3602 2520 est

2013 2543 2172 2597 etiam
2203 2541 2344 2612 quod
2391 2542 2554 2614 longe,
2578 2542 2757 2600 minus
2800 2551 2986 2614 peccat
3029 2543 3324 2614 quamlibet
3351 2544 3600 2612 assiduus

2012 2634 2081 2690 ad
2107 2649 2346 2702 uxorem,
2390 2650 2551 2705 quam
2587 2635 2671 2698 vel
2712 2634 3021 2702 rarissimus
3057 2635 3126 2691 ad
3165 2634 3597 2710 fornicationem,

2011 2725 2144 2784 Cum
2172 2741 2301 2786 vero
2323 2726 2403 2790 vir
2426 2727 2672 2802 membro
2701 2727 2942 2794 mulieris
2966 2743 3078 2784 non
3105 2728 3172 2784 ad
3211 2729 3314 2786 hoc
3339 2744 3598 2799 concesso

2011 2817 2090 2872 uti
2116 2818 2366 2884 voluerit,
2412 2820 2618 2892 turpior
2658 2827 2744 2886 est
2779 2833 2915 2886 uxor
2956 2818 3003 2878 si
3046 2818 3099 2873 in
3141 2833 3233 2886 se,
3262 2835 3421 2890 quam
3457 2821 3502 2876 si
3545 2821 3600 2892 in

2011 2909 2112 2978 alia
2147 2909 2263 2965 ﬁeri
2294 2909 2615 2980 permiserit.
2649 2910 2822 2970 Decus
2849 2925 2979 2982 ergo
3023 2910 3300 2982 conjugale
3329 2920 3410 2968 est
3439 2903 3602 2982 casti-

2011 3010 2094 3066 tas
2142 3001 2476 3080 procreandi,
2524 3011 2580 3069 et
2626 3002 2884 3062 reddendi
2932 3003 3162 3070 carnalis
3208 3002 3377 3070 debiti
3426 3002 3596 3059 lides:

2012 3098 2116 3152 hoc
2141 3105 2223 3152 est
2249 3111 2384 3166 opus
2413 3096 2737 3166 nuptiarum,
2765 3094 2869 3160 hoc
2891 3096 2960 3151 ab
2985 3095 3134 3152 omni
3159 3094 3382 3164 crimine
3408 3093 3599 3160 deleti:

2009 3187 2089 3246 dit
2112 3188 2400 3258 Apostolus
2428 3186 2692 3255 dicendo,
2720 3185 2789 3242 Et
2825 3187 2872 3244 si
2911 3187 3164 3258 acceperis
3205 3204 3450 3254 uxorem,
3495 3203 3598 3259 non

2011 3280 2270 3350 peccasti:
2297 3289 2346 3334 et
2384 3281 2430 3340 si
2470 3279 2698 3350 euaserit
2739 3279 2878 3350 virgo
2903 3318 2920 3346 ,
2948 3295 3051 3342 nan
3089 3288 3298 3350 peccat;
3326 3287 3415 3347 et.
3447 3277 3598 3354 Quod

2009 3370 2117 3431 vult
2163 3371 2361 3443 faciat;
2409 3387 2513 3430 non
2560 3379 2753 3441 peccat,
2797 3370 2843 3424 si
2889 3369 3064 3434 nubat.
3117 3369 3375 3441 Exigendi
3415 3378 3599 3438 autem

2011 3463 2180 3524 debiti
2222 3463 2289 3523 ab
2336 3463 2596 3533 alterutro
2641 3477 2776 3522 sexu
2822 3463 3223 3532 immoderatior
3270 3465 3594 3538 progressio,

2010 3564 2230 3624 propter
2272 3554 2361 3610 illa
2389 3570 2512 3626 qua:
2553 3569 2716 3630 supra
2754 3554 2908 3623 dixit,
2940 3554 3258 3626 conjugibus
3302 3555 3598 3628 secundum

2011 3646 2220 3704 veniam
2267 3645 2600 3713 conceditur.
2630 3635 2634 3641 ’

2083 3740 2172 3800 15.
2204 3738 2357 3806 Quod
2385 3754 2514 3808 ergo
2541 3739 2637 3804 ait,
2671 3737 2798 3806 Qua:
2820 3737 3037 3810 innupta
3066 3745 3158 3804 est,
3189 3737 3376 3808 cogitat
3401 3754 3460 3791 ea
3483 3751 3598 3806 qua;

2009 3841 2127 3890 sunt
2155 3830 2384 3897 Domini,
2415 3839 2470 3886 ut
2512 3831 2580 3885 sit
2618 3839 2794 3896 sancta
2832 3839 2879 3895 et
2912 3845 3121 3899 corpore
3159 3837 3206 3888 et
3247 3830 3449 3898 spiritu,
3489 3844 3598 3894 non

2010 3925 2090 3980 sic
2114 3919 2482 3992 accipiendum
2525 3928 2630 3988 est,
2671 3927 2732 3974 ut
2772 3927 3020 3990 putemus
3057 3934 3160 3984 non
3193 3933 3313 3984 esse
3358 3928 3596 3990 sanctam

2010 4029 2240 4085 corpore
2296 4011 2646 4074 cbristianam
2707 4010 2990 4082 coniugem
3051 4018 3274 4074 castam.
3336 4008 3598 4076 Cantibus

2010 4107 2208 4179 quippe
2255 4104 2502 4164 fidelibus
2543 4104 2746 4162 dictum
2789 4112 2904 4170 est,
2955 4102 3178 4158 Nescitis
3220 4103 3342 4174 quia
3379 4119 3615 4172 corpora,

2010 4206 2175 4258 vestra
2203 4197 2446 4268 templum
2474 4197 2530 4256 in
2557 4195 2693 4253 vobis
2719 4207 2792 4258 est
2833 4194 3060 4266 Spiritus
3101 4196 3296 4262 sancti,
3327 4212 3472 4266 quem
3507 4195 3600 4256 Ita-3

2011 4287 2138 4346 betis
2159 4305 2194 4342 a
2229 4286 2340 4343 Deo
2367 4285 2419 4362 (l
2450 4287 2566 4344 Cor.
2593 4303 2675 4356 γι,
2705 4286 2818 4359 i9).
2862 4287 3056 4360 Sancta
3094 4295 3219 4344 sunt
3261 4302 3387 4358 ergo
3433 4287 3598 4358 etiam

2013 4395 2239 4452 corpora
2265 4380 2692 4453 conjugatorum,
2726 4379 2886 4436 ﬁdem
2915 4379 3016 4438 sibi
3044 4386 3098 4434 et
3129 4379 3352 4446 Domino
3379 4393 3598 4446 serrane

2014 4474 2167 4534 tium.
2194 4475 2292 4530 Cui
2329 4474 2598 4548 sanctitati
2622 4472 2907 4542 cujuslibet
2945 4485 3130 4538 eorum
3151 4511 3166 4535 ,
3199 4486 3296 4524 nec
3327 4468 3598 4548 inﬁdelem

2012 4565 2296 4636 conjugetn
2337 4564 2620 4628 obsistere,
2669 4561 2766 4632 sed
2808 4562 2984 4632 potius
3031 4560 3368 4628 sanctitatem
3414 4557 3598 4616 uxoris

2013 4655 2271 4726 prodesse
2310 4653 2510 4722 inﬁdeli
2539 4653 2675 4726 viro,
2715 4660 2808 4714 aut
2833 4651 3167 4718 sanctitatem
3203 4649 3300 4704 viri
3342 4647 3597 4722 prodesse

2013 4744 2212 4802 inﬁdeli
2259 4745 2443 4809 uxori,
2489 4745 2628 4800 idem
2686 4743 2961 4814 apostolus
3021 4744 3172 4796 testis
3218 4749 3336 4816 est,
3383 4740 3592 4816 dicens,

2014 4833 2378 4908 Sanctiﬁcatus
2421 4843 2492 4908 est
2533 4835 2666 4898 enim
2698 4834 2773 4890 vir
2811 4821 3033 4903 inﬁdelis
3063 4833 3113 4886 in
3140 4849 3296 4902 uxore
3321 4833 3362 4895 ἓ,
3395 4841 3443 4885 et
3476 4847 3596 4888 san-

2011 4928 2236 4999 ctiﬁcata
2282 4935 2353 5000 est
2398 4927 2579 4994 mulier
2626 4925 2845 4994 inﬁdelis
2894 4925 2947 4998 in
2991 4927 3150 4994 fratre
3194 4920 3311 4992 (Id.
3343 4938 3446 4987 vn,
3480 4920 3594 4998 l4).

2012 5019 2244 5076 Proinde
2273 5017 2400 5090 illud
2428 5017 2629 5086 dicnnn
2663 5025 2749 5072 est
2785 5013 3078 5086 secundum
3119 5014 3430 5083 ampliorem
3468 5027 3602 5092 song

2012 5115 2247 5184 ctitatem
2296 5112 2635 5182 innuptarum
2685 5123 2843 5179 quam
2893 5115 3210 5177 nuptarum,
3255 5106 3344 5184 cui
3388 5120 3598 5184 merces

2013 5207 2173 5262 etiam
2219 5202 2441 5268 debetur
2488 5201 2716 5272 amplior
2756 5199 3050 5266 secundum
3101 5199 3239 5271 quod
3297 5199 3401 5270 isto
3451 5198 3594 5252 bono

2012 5295 2142 5350 illud
2170 5302 2252 5350 est
2296 5293 2484 5366 melius
2517 5311 2531 5348 :
2562 5293 2686 5364 quia
2715 5299 2770 5346 ct
2812 5291 2914 5358 hoc
2961 5291 3134 5346 solum
3164 5289 3424 5360 cogitat",
3457 5303 3592 5356 quo-

2075 5403 2416 5473 fuse-pit!”
3015 5466 3084 5473 ,η
3183 5463 3193 5473 .

2074 5469 2094 5498 ι
2120 5455 2520 5526 Ειιὶίῑῖζὶηίηέιόνε
2556 5463 2724 5526 fideli;
2758 5474 2810 5516 et
2832 5467 2978 5516 iidem
3012 5466 3150 5522 infra,
3176 5463 3224 5511 in
3245 5462 3397 5525 fratre
3435 5455 3590 5522 ﬁdeli.

2011 5537 2131 5593 Vos,
2155 5527 2308 5593 ﬁdeli,
2333 5536 2542 5590 utroque
2556 5527 2667 5593 loco
2689 5531 2828 5593 abest
2847 5543 2872 5578 a
2891 5537 2996 5577 Mss.
3027 5535 3076 5575 et
3099 5535 3307 5593 ahgrteoq
3320 5529 3463 5574 textu
3476 5529 3588 5585 Apo-

2011 5585 2140 5642 stoli.
2155 5585 2384 5653 soletque
2405 5604 2416 5651 ι
2435 5585 2648 5654 rieteriri
2659 5592 2721 5654 ab
2745 5593 3024 5654 augustino,
3046 5596 3098 5638 ut
3122 5585 3207 5636 lib.
3227 5586 3250 5634 1
3278 5585 3343 5635 de
3364 5595 3597 5636 sermone

2012 5654 2198 5724 Domini
2221 5654 2271 5700 in
2294 5652 2601 5724 menteacap.
2631 5652 2707 5724 l6.

2077 5711 3451 5799 'mv.,coguat/emiua.tbeu,mta,anar.etun.
