4122 6212
433 279 542 340 883

434 398 596 457 modo
638 397 847 470 placeat
871 395 1118 452 Domino.
1163 391 1347 462 Neque
1391 389 1533 445 enim
1579 389 1775 443 femina
1821 386 2010 452 fidelis,

434 505 656 548 servans
685 488 988 561 pudicitiam
1015 483 1366 555 coniugalem,
1394 496 1498 537 non
1525 479 1724 551 cogitat
1749 477 2016 548 quomodo

435 585 640 655 placeat
684 581 945 646 Domino,
989 577 1082 633 sed
1141 576 1321 647 utique
1379 575 1595 640 minus;
1659 572 1781 644 quia
1823 570 2018 641 cogitat

433 677 592 731 etiam
633 687 751 745 qua:
789 679 914 727 sunt
955 668 1158 733 mundi,
1200 666 1468 738 quomodo
1494 666 1701 737 placeat
1730 664 1864 718 viro.
1907 662 2016 717 Hoc

432 766 576 822 enim
621 763 687 820 de
734 763 838 818 illis
884 761 1060 817 dicere
1085 760 1274 825 voluit,
1307 757 1448 829 quod
1479 759 1494 790 ¹
1551 765 1772 828 possunt
1816 753 2015 810 habere

434 858 665 930 quodam
712 856 872 912 modo
903 855 969 911 de
1013 854 1330 909 necessitate
1375 851 1648 918 connubii,
1681 859 1739 905 ut
1782 849 2017 918 cogitent

431 966 551 1022 qua:
581 957 704 1006 sunt
732 947 935 1013 mundi,
969 945 1236 1018 quomodo
1267 945 1514 1016 placeant
1541 943 1669 998 viris
1693 942 1826 998 suis.

503 1041 729 1102 CAPUT
769 1039 882 1095 XII.
929 1069 998 1080 —
1046 1039 1132 1094 M.
1185 1036 1390 1108 Nuptas
1446 1053 1546 1090 non
1597 1034 1869 1106 cogitantes
1919 1031 2018 1085 nisi

430 1133 684 1208 quomodo
715 1134 944 1206 placeant
973 1131 1080 1186 Deo
1111 1147 1344 1202 perraras
1383 1145 1505 1184 esse.
1547 1127 1699 1196 Quod
1740 1134 1917 1182 utrum
1947 1123 2017 1179 de

431 1227 682 1283 omnibus
712 1225 891 1296 nuptis
919 1224 1132 1289 dixerit,
1162 1239 1230 1277 an
1258 1222 1324 1278 de
1350 1221 1542 1276 talibus
1571 1221 1754 1290 quales
1781 1220 1852 1274 ita
1879 1220 2019 1274 mul-

430 1327 499 1374 tat
525 1326 668 1384 sunt,
695 1326 756 1372 ut
782 1332 919 1388 pene
943 1330 1130 1371 omnes
1161 1315 1332 1385 putari
1364 1314 1589 1384 possint,
1619 1326 1726 1368 non
1753 1311 2018 1367 immerito

430 1407 722 1463 dubitatur.
759 1406 943 1478 Neque
983 1406 1122 1460 enim
1154 1413 1208 1460 et
1235 1404 1364 1459 illud
1392 1403 1535 1474 quod
1562 1402 1630 1458 de
1659 1402 1894 1472 innuptis
1920 1403 2014 1466 ait,

434 1498 561 1565 Quae
595 1499 808 1568 innupta
836 1507 940 1564 est,
973 1498 1157 1568 cogitat
1194 1513 1253 1550 ea
1293 1512 1406 1564 qua:
1441 1503 1557 1548 sunt
1585 1492 1824 1559 Domini,
1867 1503 1921 1546 ut
1953 1495 2018 1547 sit

429 1601 605 1646 sancta
634 1603 678 1645 et
709 1606 922 1660 corpore
967 1599 1012 1644 et
1058 1589 1259 1659 spiritu,
1290 1586 1357 1642 ad
1387 1601 1574 1641 omnes
1613 1586 1864 1655 innuptas
1894 1599 2015 1654 per-

431 1683 607 1748 tinet;
660 1697 781 1737 cum
833 1683 939 1737 sint
993 1680 1232 1752 quaedam
1279 1679 1453 1733 vidua:
1501 1685 1745 1743 mortuae,
1795 1691 1914 1747 qua:
1962 1677 2016 1730 in

431 1768 640 1832 deliciis
660 1777 848 1831 vivunt
879 1774 937 1849 (Ι
962 1774 1098 1829 Tim.
1126 1791 1180 1839 v,
1205 1773 1285 1844 6).
1317 1772 1692 1827 Verumtamen
1720 1768 1861 1838 quod
1895 1768 2019 1823 atti-

431 1876 525 1924 net
553 1868 618 1923 ad
646 1867 932 1938 quamdam
959 1867 1352 1921 distinctionem
1381 1872 1436 1921 et
1459 1863 1610 1934 quasi
1638 1861 2017 1933 preprielatem

431 1959 769 2028 innuptarum
819 1966 978 2028 atque
1030 1965 1356 2026 nuptarum;
1404 1955 1542 2010 sicut
1591 1953 1810 2008 nimium
1863 1951 2015 2007 dete-

432 2048 622 2104 standa
649 2057 730 2104 est
750 2089 765 2115 ,
797 2063 916 2120 quae
941 2049 1222 2103 continens
1249 2062 1279 2101 a
1305 2045 1524 2116 nuptiis,
1556 2044 1608 2099 id
1636 2052 1718 2100 est
1746 2058 1776 2098 a
1801 2058 1861 2099 re
1883 2057 2016 2098 con-

433 2154 583 2195 cessa
611 2180 626 2205 ,
675 2152 781 2193 non
829 2138 1070 2193 continuet
1116 2153 1143 2191 a
1193 2135 1441 2203 delictis,
1488 2135 1573 2190 vel
1629 2134 1890 2201 luxuriae,
1931 2134 2016 2189 vel

433 2229 724 2300 superbiae,
766 2228 850 2284 vel
890 2228 1214 2285 curiositatis
1258 2236 1312 2283 et
1348 2227 1688 2283 verbositatis
1729 2244 1742 2281 :
1788 2227 1859 2281 ita
1897 2241 2016 2280 rara

434 2331 596 2392 nupta
637 2329 740 2388 est,
785 2336 904 2393 quae
951 2320 1004 2376 in
1045 2320 1162 2391 ipso
1203 2334 1415 2391 quoque
1456 2318 1713 2389 obsequio
1751 2317 2018 2388 coniugali

432 2427 540 2469 non
577 2413 776 2484 cogitat
813 2413 914 2467 nisi
953 2411 1222 2483 quomodo
1256 2412 1460 2483 placeat
1487 2411 1598 2466 Deo
1619 2453 1634 2478 ,
1666 2409 1910 2465 ornando
1935 2425 2015 2476 se,

436 2521 540 2560 non
569 2504 782 2560 intortis
806 2502 1067 2572 crinibus,
1093 2511 1185 2559 aut
1221 2518 1352 2559 auro
1379 2512 1434 2558 et
1463 2503 1762 2573 margaritis
1790 2511 1845 2556 et
1869 2510 2018 2557 veste

433 2599 688 2671 pretiosa,
723 2597 822 2654 sed
862 2597 1006 2670 quod
1035 2598 1191 2654 decet
1229 2598 1481 2654 mulieres
1506 2597 1874 2668 promittentes
1899 2597 2016 2667 pie-

433 2699 600 2748 tatem
651 2707 746 2763 per
786 2691 982 2746 bonam
1026 2690 1485 2746 conversationem
1518 2688 1638 2762 (Id.
1668 2704 1734 2754 ιι,
1779 2689 1869 2743 9st
1892 2687 2014 2758 10).

437 2781 585 2837 Talia
614 2782 810 2853 quippe
839 2780 1083 2852 coniugia
1121 2781 1312 2836 Petrus
1339 2794 1552 2850 quoque
1578 2778 1850 2848 apostolus
1882 2793 2017 2848 prte-

432 2873 678 2944 cipiendo
717 2873 970 2929 describit
1000 2891 1013 2927 :
1043 2871 1324 2938 Similiter,
1355 2871 1564 2943 inquit,
1591 2868 1826 2925 mulieres
1855 2871 2015 2925 obau-

433 2965 622 3021 dientes
662 2965 858 3020 maritis
898 2965 1040 3030 suis;
1084 2974 1140 3019 ut
1182 2975 1229 3019 et
1268 2964 1312 3020 si
1352 2965 1438 3034 qui
1467 2980 1568 3018 non
1596 2963 1804 3018 credunt
1845 2963 2012 3029 uerbo,

434 3074 527 3128 per
578 3058 847 3112 mulierum
899 3058 1323 3113 conversationem
1370 3057 1478 3111 sine
1528 3056 1726 3126 loquela
1778 3056 2019 3126 lucriﬁeri

433 3150 664 3220 possint,
709 3149 933 3204 uidentes
980 3136 1209 3204 timorem
1258 3157 1306 3202 et
1352 3157 1544 3204 castant
1590 3148 2019 3202 conuersationem

434 3250 649 3296 vestram
680 3256 698 3296 :
725 3250 781 3296 ut
817 3242 918 3296 sint
948 3258 1048 3296 non
1076 3257 1189 3313 qua:
1226 3257 1258 3294 a
1287 3240 1413 3310 foris
1442 3248 1688 3294 ornantur
1715 3239 2019 3309 capillorum

431 3332 907 3403 incrispationibus,
939 3341 1027 3385 aut
1064 3331 1390 3385 circumdatae
1435 3347 1582 3398 auro,
1628 3339 1714 3384 aut
1757 3340 1888 3385 veste
1927 3331 2019 3384 de-

432 3440 590 3490 cora;
630 3423 719 3478 sed
758 3423 845 3477 ille
885 3421 1205 3476 absconditus
1233 3422 1400 3475 cordis
1437 3424 1586 3476 uestri
1613 3423 1634 3452 ²
1663 3423 1814 3476 homo
1841 3423 1896 3476 in
1923 3421 2018 3475 illa

435 3515 770 3588 perpetuitate
814 3516 968 3586 quieti
1014 3525 1062 3569 et
1107 3501 1320 3569 modesti
1370 3515 1608 3586 spiritus,
1653 3516 1741 3586 qui
1788 3525 1833 3570 et
1879 3514 2020 3586 apud

435 3608 714 3664 Dominum
753 3607 976 3681 locuples
1005 3618 1097 3664 est.
1129 3609 1269 3663 Nunt
1313 3610 1386 3663 sic
1412 3610 1644 3681 quaedam
1683 3618 1872 3663 sanctae
1906 3625 2020 3662 mu-

434 3701 582 3758 lieres
608 3716 722 3773 qute
757 3701 811 3756 in
839 3699 1118 3757 Dominum
1153 3701 1451 3772 sperabant,
1481 3703 1728 3757 ornabant
1755 3717 1828 3768 se,
1871 3701 2016 3755 obse-

433 3803 638 3865 quentes
663 3793 782 3849 uiris
814 3793 962 3860 suis;
1004 3793 1253 3864 quomodo
1281 3792 1416 3848 Sara
1458 3791 1755 3848 obaudiebat
1780 3791 2016 3858 Abrahae,

435 3884 696 3940 dominum
719 3885 867 3940 illum
901 3901 1122 3952 uocans;
1153 3887 1298 3957 cujus
1335 3885 1483 3956 factm
1518 3885 1636 3939 estis
1666 3883 1788 3952 ﬁlia:
1811 3883 2016 3955 benefa-

435 3975 640 4043 cientes,
686 3987 736 4032 et
774 3993 877 4032 non
920 3977 1148 4033 timentes
1191 3977 1352 4031 ullum
1391 3993 1576 4032 vanum
1621 3977 1867 4031 timorem.
1911 3975 2020 4029 Viri

436 4067 593 4123 simili
632 4070 825 4123 ratione
863 4071 1135 4124 concordes
1160 4079 1206 4124 et
1231 4081 1364 4124 caste
1401 4072 1615 4125 viventes
1641 4087 1753 4124 cum
1778 4070 2020 4125 uxoribus

435 4161 645 4225 uestris,
678 4170 726 4215 et
755 4171 994 4230 tanquam
1022 4163 1130 4215 vasi
1167 4163 1438 4230 inﬁrmiori
1477 4173 1523 4216 et
1568 4147 1790 4233 subjecto
1819 4165 2022 4218 tribuite

438 4251 700 4317 honorem,
728 4251 876 4320 quasi
901 4252 1242 4306 cohceredibus
1270 4253 1475 4322 gratiae,
1504 4261 1549 4306 et
1585 4254 1746 4307 videte
1774 4271 1836 4308 ne
1857 4256 2020 4325 impe-

437 4343 642 4397 diantur
655 4343 994 4415 (a)orationes
1011 4353 1182 4398 vestra:
1210 4343 1259 4414 (l
1275 4343 1416 4398 Petr.
1440 4360 1524 4409 ιιι,
1554 4345 1698 4415 1-7).
1725 4346 1869 4401 Itane
1893 4362 2022 4401 vero

437 4433 682 4505 coniugia
738 4433 862 4490 talia
911 4449 1017 4488 non
1069 4434 1304 4504 cogitant
1342 4449 1404 4490 ea
1455 4449 1574 4504 quae
1621 4442 1744 4488 sunt
1786 4435 2014 4501 Domini,

436 4527 708 4598 quomodo
733 4529 974 4599 placeant
1006 4527 1270 4583 Domino?
1313 4527 1416 4584 Sed
1453 4542 1668 4598 perrara
1703 4537 1847 4584 sunt.
1890 4529 2022 4597 Quis

438 4621 634 4691 negat?
673 4629 726 4676 et
749 4620 802 4676 in
829 4620 942 4692 ipsa
968 4620 1184 4675 raritate
1213 4635 1349 4691 pene
1377 4635 1563 4675 omnes
1599 4621 1688 4692 qui
1717 4621 1848 4677 tales
1874 4630 2017 4689 sunt,

438 4727 545 4768 non
575 4720 634 4767 ut
659 4712 790 4769 tales
819 4720 1001 4768 essent
1030 4711 1301 4783 conjuncti
1328 4720 1473 4780 sunt,
1497 4712 1592 4768 sed
1613 4712 1724 4783 jam
1749 4713 2020 4785 conjuncti

437 4805 571 4862 tales
597 4805 718 4862 facti
746 4816 889 4862 sunt.

508 4898 736 4958 CAPUT
777 4899 916 4956 Xlll.
943 4930 1013 4940 —
1043 4899 1128 4956 l5.
1164 4897 1386 4971 Nuptias
1414 4915 1547 4953 nunc
1575 4900 1697 4954 solis
1737 4916 1838 4954 non
1863 4903 2022 4955 conti-

439 4992 700 5055 nentibus,
731 4993 854 5047 olim
894 5008 1009 5047 vero
1053 4991 1204 5046 etiant
1246 4991 1608 5045 continentibus
1648 4992 2022 5061 amplectendas

439 5085 614 5156 fuisse.
652 5082 738 5138 Uti
781 5083 1018 5155 conjugio
1062 5083 1174 5137 sola
1220 5083 1379 5152 prolis
1421 5099 1596 5148 causa,
1636 5099 1784 5154 quam
1825 5100 2016 5137 rarum.

441 5173 544 5241 Qui
575 5173 717 5229 enim
746 5174 917 5229 nostri
946 5175 1202 5244 temporis
1231 5174 1473 5229 homines
1493 5171 1784 5228 Christiani
1815 5175 2022 5245 nuptia-

441 5283 558 5324 rum
590 5267 802 5324 vinculo
851 5267 1003 5323 liberi
1041 5268 1284 5324 valentes
1328 5267 1396 5323 ab
1441 5267 1587 5323 omni
1634 5267 1917 5324 concubitu
1965 5283 2024 5324 se

441 5363 738 5428 continere,
778 5376 899 5417 cum
939 5361 1047 5431 jam
1094 5371 1288 5432 tempus
1329 5376 1449 5417 esse
1479 5360 1861 5432 perspicerent,
1889 5362 2024 5416 sicut

440 5455 702 5526 scriptun.
729 5463 830 5521 est,
862 5469 963 5506 non
1003 5452 1364 5523 amplectendi,
1397 5452 1486 5506 sed
1514 5453 1796 5508 abstinendi
1823 5456 1884 5508 ab
1911 5469 2025 5507 ant-

506 5568 524 5636 ξ
547 5568 621 5636 sic
770 5565 888 5636 ξ’Λὶιὶ
912 5577 1047 5625 vero,
1067 5576 1192 5636 quat.

504 5630 526 5660 ι
543 5627 651 5678 Sola
675 5628 824 5678 editio
846 5635 977 5688 Lov.,
1000 5627 1194 5677 mstri..

506 5689 597 5753 (a)_
611 5697 710 5739 Non
731 5691 802 5753 sic
817 5687 1015 5753 Vulgata
1040 5691 1086 5737 in
1105 5689 1259 5753 sacris
1282 5687 1460 5753 Bibliis,
1487 5688 1593 5753 sed
1608 5689 1776 5750 habet,

445 5753 494 5804 et
520 5749 853 5806 conmeatus
873 5749 1047 5816 gratia
1069 5750 1195 5815 vitw,
1216 5755 1268 5806 ut
1298 5762 1392 5804 non
1412 5749 1754 5816 impediantur.

1467 274 1552 328 DF.
1595 271 1770 328 ΒΟΝο
1791 269 2184 336 (JONJUGALI,
2228 274 2284 328 S.
2327 277 2691 336 AUGUSTINI

2127 390 2277 458 pteru
2305 391 2500 462 (Eccte.
2535 410 2611 462 ιιι,
2643 394 2732 466 5),
2780 409 2884 451 non
2923 397 3098 467 potius
3137 397 3393 469 eligerent
3417 401 3500 456 vel
3529 402 3692 475 virgi-

2126 485 2297 542 nalem
2328 489 2412 543 vel
2442 490 2703 548 vidualem
2734 494 3116 551 continentiam
3155 511 3474 555 conservare
3493 539 3508 567 ,
3540 515 3700 572 quam

2128 577 2518 638 tribulationem
2565 585 2775 650 carnis,
2825 586 2940 642 sine
2987 603 3089 658 qua
3137 588 3380 661 conjugia
3429 606 3548 647 esse
3595 607 3702 649 non

2125 683 2349 740 possunt
2387 674 2478 746 (ut
2517 675 2618 730 alia
2662 686 2939 733 taceantur
2975 694 3006 734 a
3045 679 3239 749 quibus
3280 682 3448 751 parcit
3473 685 3705 754 Aposto-

2125 763 2266 837 lus),
2317 768 2464 822 nullo
2501 769 2610 838 jam
2659 779 2880 841 cogente
2924 771 3170 827 humanas
3215 774 3486 830 societatis
3526 774 3708 832 ofﬁcio

2124 857 2432 912 sustinere?
2476 858 2581 914 Sed
2623 875 2742 915 cum
2786 861 3095 918 dominante
3122 865 3550 934 concupiscentia
3593 866 3708 921 fue-

2123 948 2233 1004 rint
2271 950 2522 1020 c0pulati,
2573 953 2615 1007 si
2661 969 2777 1008 eam
2825 965 3006 1024 postea
3034 955 3278 1024 vicerint,
3321 958 3443 1028 quia
3485 973 3590 1014 non
3634 959 3705 1014 ita

2124 1038 2248 1094 licet
2289 1039 2585 1098 dissolvere
2614 1044 2937 1115 conjugium,
2984 1047 3122 1102 sicut
3171 1047 3364 1104 licebat
3406 1064 3510 1104 non
3551 1050 3704 1105 colli-

2123 1145 2271 1200 gare,
2306 1132 2439 1187 fiunt
2469 1134 2598 1189 tales
2635 1137 2818 1205 quales
2849 1138 3124 1206 profitetur
3163 1139 3331 1194 forma
3361 1143 3700 1211 nuptiarum;

2124 1221 2196 1276 ita
2224 1230 2282 1276 ut
2311 1224 2394 1278 vel
2434 1225 2546 1293 pari
2575 1240 2837 1282 consensu
2867 1229 3160 1284 ascendant
3187 1231 3467 1287 celsiorem
3505 1232 3704 1287 sancti-

2126 1315 2249 1370 tatis
2275 1316 2516 1386 graduin,
2551 1329 2642 1373 aut
2686 1319 2864 1374 sinon
2907 1322 3081 1384 ambo,
3108 1331 3234 1377 sunt
3276 1323 3428 1389 tales,
3469 1324 3570 1378 erit
3615 1323 3706 1394 qui

2126 1406 2246 1460 talis
2289 1416 2370 1462 est
2417 1423 2524 1464 non
2572 1419 2803 1476 exactor,
2851 1412 2944 1466 sed
2987 1413 3223 1468 redditor
3265 1413 3451 1479 debiti,
3486 1429 3706 1470 servans

2125 1495 2179 1550 in
2211 1498 2461 1553 omnibus
2489 1509 2690 1554 castam
2739 1502 3146 1572 religiosamque
3186 1505 3546 1560 concordiam.
3598 1505 3704 1560 Illis

2124 1600 2252 1642 vero
2278 1589 2626 1658 temporibus,
2654 1605 2772 1646 cum
2802 1592 2974 1647 adhuc
3002 1593 3327 1664 propheticis
3354 1596 3705 1650 sacramentis

2124 1679 2310 1734 salutis
2339 1691 2534 1735 nostra:
2565 1682 2877 1752 mysterium
2911 1683 3212 1749 velabatur,
3243 1687 3404 1740 etiam
3449 1686 3539 1756 qui
3583 1695 3709 1742 ante

2125 1771 2336 1840 nuptias
2366 1771 2498 1827 tales
2525 1782 2696 1839 erant,
2729 1774 2906 1829 officio
2937 1777 3262 1846 propagandi
3300 1779 3512 1847 nuptias
3537 1792 3706 1848 copu-

2124 1862 2324 1929 labant,
2357 1879 2463 1918 non
2489 1865 2612 1940 victi
2651 1866 2888 1933 libidine,
2920 1868 3014 1923 sed
3059 1868 3203 1924 ducti
3244 1869 3440 1939 pietate
3467 1887 3481 1924 :
3513 1870 3708 1940 quibus

2124 1959 2168 2012 si
2197 1959 2342 2028 optio
2385 1960 2502 2014 talis
2539 1960 2777 2027 daretur,
2825 1962 2998 2031 qualis
3047 1963 3282 2017 revelato
3323 1963 3472 2018 Novo
3508 1964 3700 2018 Testa-

2124 2059 2306 2104 mento
2331 2050 2452 2104 data
2497 2061 2599 2118 est,
2631 2052 2844 2106 dicente
2877 2052 3124 2120 Domino,
3161 2054 3260 2120 Qui
3299 2064 3460 2124 potest
3503 2071 3703 2125 capere,

2124 2140 2292 2209 capiat
2325 2139 2535 2211 (Matth.
2571 2157 2683 2208 XIX,
2713 2142 2842 2212 1‘2);
2877 2157 2981 2197 non
3021 2159 3115 2198 eos
3153 2143 3360 2198 dubitat
3396 2144 3555 2200 etiam
3584 2161 3704 2200 cum

2122 2233 2319 2303 gaudio
2365 2245 2706 2304 suscepturos
2735 2235 2954 2306 (fuisse,
3006 2237 3094 2306 qui
3143 2235 3421 2307 diligenter
3468 2238 3702 2293 intentus

2125 2322 2255 2393 legit
2297 2325 2565 2394 quomodo
2591 2327 2904 2396 conjugibus
2948 2326 3250 2395 utebantur,
3283 2344 3403 2383 cum
3444 2338 3498 2384 et
3529 2330 3706 2399 plures

2124 2413 2324 2471 habere
2353 2417 2443 2471 uni
2470 2418 2584 2473 viro
2614 2417 2823 2483 licebat,
2857 2434 2989 2488 quas
3017 2420 3216 2474 castius
3242 2419 3470 2476 habebat
3500 2423 3515 2452 ‘
3543 2437 3702 2492 quam

2124 2522 2266 2562 nunc
2298 2523 2468 2565 tunam
2513 2508 2736 2577 quilibet
2779 2511 3025 2576 istorum,
3073 2512 3266 2580 quibus
3306 2513 3550 2569 videmus
3577 2514 3705 2584 quid

2123 2597 2417 2652 secundum
2449 2600 2658 2654 veniam
2686 2600 2946 2656 concedat
2971 2603 3258 2672 Apostolus
3285 2603 3328 2677 (l
3353 2604 3472 2659 Cor.
3505 2621 3596 2672 vn,
3625 2605 3704 2676 6).

2124 2686 2402 2743 llabehaut
2425 2690 2570 2744 enim
2597 2704 2690 2745 eas
2715 2691 2768 2746 in
2794 2707 2959 2762 opere
2980 2694 3290 2763 generandi,
3311 2709 3414 2749 non
3443 2696 3494 2749 in
3516 2695 3705 2751 morbo

2123 2779 2376 2836 desiderii
2406 2782 2543 2837 sicut
2585 2792 2770 2854 gentes
2814 2800 2932 2854 qua:
2970 2786 3215 2856 ignorant
3245 2787 3407 2842 Deum
3441 2786 3498 2859 (Ι
3523 2786 3703 2842 Thess.

2124 2891 2210 2944 ιν,
2239 2877 2324 2945 5).
2357 2877 2507 2945 Quod
2543 2886 2648 2932 tam
2681 2893 2928 2949 magnum
2961 2888 3073 2944 est,
3109 2889 3166 2934 ut
3193 2881 3344 2935 multi
3376 2881 3532 2935 hodie
3572 2879 3706 2936 faci-

2125 2966 2229 3021 lius
2255 2981 2313 3022 se
2341 2975 2454 3022 tota
2486 2969 2590 3023 vita
2618 2970 2685 3025 ab
2714 2970 2859 3025 omni
2887 2971 3170 3026 concubitu
3201 2971 3516 3038 abstineant,
3547 2986 3707 3041 quam

2125 3057 2342 3113 modum
2390 3067 2606 3115 teneant
2649 3075 2756 3116 non
2801 3063 3048 3128 coeundi,
3095 3063 3196 3118 nisi
3243 3063 3404 3133 prolis
3449 3077 3628 3129 causa,
3659 3063 3706 3119 si

2126 3151 2468 3207 matrimonio
2493 3153 2826 3222 copulentur.
2858 3153 3064 3224 Nempe
3093 3155 3289 3209 multos
3319 3155 3574 3210 habemus
3603 3154 3710 3211 fra-

2128 3249 2236 3297 tres
2280 3251 2335 3298 ct
2375 3244 2551 3298 socios
2580 3245 2816 3300 cmlestis
2865 3245 3188 3300 haereditatis
3233 3247 3509 3316 utriusque
3549 3261 3710 3302 sexus

2126 3331 2481 3398 continentes,
2514 3333 2626 3388 sive
2651 3343 2907 3402 expertos
2933 3336 3143 3404 nuptias
3162 3377 3176 3401 ,
3209 3335 3320 3390 sive
3347 3336 3414 3390 ab
3440 3338 3584 3392 omni
3615 3337 3709 3392 tali

2125 3426 2506 3483 commixtione
2537 3427 2809 3498 integros;
2861 3444 3054 3499 nempe
3095 3431 3506 3487 innumerabiles
3537 3440 3662 3488 sunt
3691 3451 3705 3488 :

2126 3532 2285 3586 quem
2330 3517 2543 3573 tandem
2587 3518 2890 3575 audivimus
2932 3521 3069 3576 inter
3109 3521 3390 3576 familiaria
3419 3525 3708 3595 colloquia,

2129 3609 2242 3663 sive
2289 3624 2474 3664 eorum
2525 3611 2615 3680 qui
2663 3613 2933 3683 conjugati
2977 3623 3120 3681 sunt,
3173 3617 3287 3671 sive
3334 3617 3422 3687 qui
3473 3615 3705 3684 fuerunt,

2127 3700 2449 3758 indicantem
2502 3703 2655 3758 nobis
2709 3720 2975 3774 nunquam
3027 3720 3084 3761 se
3131 3707 3343 3778 conjugi
3393 3723 3511 3764 esse
3556 3726 3709 3765 com-

2128 3797 2373 3863 mixtum,
2403 3796 2503 3851 nisi
2534 3797 2800 3867 sperando
2825 3800 3186 3870 conceptum?
3215 3799 3366 3868 Quod
3400 3817 3528 3873 ergo
3570 3819 3710 3873 prte-

2129 3888 2331 3959 cipiunt
2400 3890 2697 3961 conjugatis
2741 3891 3017 3961 Apostoli,
3076 3893 3176 3947 hoc
3225 3901 3308 3948 est
3360 3896 3707 3964 nuptiarum:

2129 3979 2273 4050 quod
2301 3989 2478 4036 autem
2511 3981 2792 4036 venialiter
2831 3981 3167 4050 concedunt,
3199 3992 3290 4038 aut
3318 3984 3459 4054 quod
3490 3985 3712 4056 impedit

2130 4071 2418 4136 orationes,
2453 4086 2556 4127 non
2585 4081 2781 4143 cogunt
2810 4074 3029 4145 nuptim,
3061 4074 3154 4130 sed
3193 4074 3390 4131 ferunt.

2201 4163 2427 4219 CAPUT
2469 4163 2607 4218 XIV.
2639 4195 2708 4204 —
2751 4165 2840 4220 16.
2877 4165 2964 4219 Uti
3006 4166 3282 4221 concubina
3327 4178 3532 4237 propter
3576 4169 3710 4236 ﬁlios

2131 4258 2300 4327 majus
2329 4265 2604 4325 peccatum,
2638 4273 2789 4327 quam
2831 4273 2988 4311 uxore
3033 4259 3106 4311 uti
3149 4269 3354 4330 propter
3392 4260 3708 4313 incontinen-

2131 4349 2269 4402 tiam.
2305 4347 2487 4417 ltaque
2516 4349 2560 4403 si
2592 4348 2747 4416 forte,
2776 4349 2918 4418 quod
2949 4358 3124 4404 utrum
3155 4350 3266 4404 fieri
3297 4351 3463 4420 possit
3500 4351 3707 4419 ignoro,

2131 4441 2406 4511 magisque
2452 4440 2563 4495 ﬁeri
2613 4457 2720 4495 non
2767 4455 2923 4510 posse
2967 4442 3253 4507 existimo;
3304 4442 3398 4497 sed
3444 4452 3620 4498 tamen
3664 4444 3711 4499 si

2131 4531 2270 4588 forte
2312 4532 2378 4587 ad
2423 4541 2633 4603 tempus
2681 4533 2914 4590 adhibita
2961 4534 3251 4588 concubina
3289 4534 3423 4588 filios
3463 4535 3605 4589 solos
3643 4551 3710 4590 ex

2132 4623 2319 4680 eadem
2361 4623 2742 4680 commixtione
2784 4625 3088 4696 quaesiverit
3125 4644 3137 4679 :
3175 4640 3274 4680 nec
3318 4626 3397 4680 sic
3443 4627 3537 4680 ista
3583 4642 3714 4682 con-

2128 4716 2336 4786 junctio
2361 4717 2443 4771 vel
2483 4731 2666 4771 earum
2708 4717 2905 4787 nuptiis
2937 4715 3290 4786 praeponenda
3319 4725 3429 4784 est,
3459 4733 3578 4787 qua:
3618 4734 3710 4773 ve-

2134 4809 2272 4863 niale
2337 4807 2466 4861 illud
2531 4817 2841 4878 operantur.
2899 4807 3034 4876 Quid
3083 4810 3223 4864 enim
3271 4810 3339 4864 sit
3387 4811 3708 4879 nuptiarum,

2132 4899 2576 4956 considerandum
2621 4907 2732 4965 est,
2763 4915 2867 4956 non
2911 4900 3036 4970 quid
3077 4901 3147 4954 sit
3190 4891 3502 4956 nubentium
3531 4910 3586 4956 et
3615 4902 3714 4954 im-

2133 4993 2458 5048 moderatius
2507 4993 2703 5062 nuptiis
2750 4994 3032 5048 utentium.
3082 4993 3264 5064 Neque
3303 4995 3445 5048 enim
3485 4994 3528 5048 si
3570 4994 3714 5063 agris

2133 5086 2312 5157 inique
2341 5099 2404 5140 ac
2433 5100 2711 5155 perperam
2755 5087 2951 5141 invasis
2980 5086 3049 5140 ita
3091 5088 3314 5157 quisque
3341 5096 3534 5152 utatur,
3567 5097 3623 5139 ut
3649 5103 3716 5142 ex

2133 5191 2318 5232 eorum
2349 5176 2604 5232 fructibus
2631 5177 2804 5248 largas
2830 5178 3201 5248 eleemosynas
3230 5177 3408 5242 faciat,
3435 5177 3556 5232 ideo
3581 5178 3718 5246 rapi-

2135 5285 2256 5324 nam
2284 5269 2537 5338 justilicat
2568 5287 2581 5323 :
2613 5284 2787 5340 neque
2823 5269 2865 5323 si
2902 5269 3040 5324 alius
3069 5269 3179 5322 ruri
3217 5277 3438 5338 paterno
3468 5272 3546 5323 vel
3575 5270 3718 5340 juste

2134 5363 2356 5432 quaesito
2404 5376 2594 5417 avarus
2645 5361 2935 5426 incumbat,
2984 5360 3104 5415 ideo
3151 5360 3412 5430 culpanda
3456 5371 3539 5416 est
3583 5362 3719 5431 juris

2133 5454 2302 5510 civilis
2352 5453 2554 5525 regula,
2608 5468 2706 5524 qua
2756 5466 3033 5522 possessor
3081 5451 3350 5522 legitimus
3398 5452 3566 5508 factus
3611 5462 3715 5508 est.

2135 5546 2245 5603 Nec
2290 5547 2581 5618 tyrannica:
2626 5544 2871 5600 factionis
2911 5544 3234 5615 perversitas
3277 5543 3552 5599 laudabilis
3591 5545 3714 5612 erit,

2134 5639 2178 5693 si
2220 5639 2362 5709 regia
2412 5636 2694 5693 clementia
2745 5644 3006 5706 tyrannus
3055 5634 3299 5691 subditos
3345 5641 3571 5700 tractet;
3616 5647 3718 5694 nec

2202 5753 2218 5783 ι
2246 5756 2376 5814 nov,
2400 5747 2649 5802 habebant.
2668 5754 2742 5800 Er.
2769 5753 2822 5800 et
2843 5755 2972 5813 Mss,
2996 5745 3211 5801 habebat.
