4122 6212
375 347 483 406 385

379 459 749 532 vituperabilis
777 457 912 515 ordo
936 457 1097 528 regiae
1125 455 1424 527 potestatis,
1455 455 1501 511 si
1524 468 1617 510 rex
1643 451 1958 509 crudelitate

379 551 652 625 tyrannica
681 550 885 604 saeviat.
916 547 1073 602 Aliud
1102 556 1184 602 est
1211 557 1440 616 namque
1471 545 1665 614 injusta
1691 551 1956 613 potestate

374 645 516 716 juste
557 643 697 697 velle
741 641 839 707 uti,
890 647 944 695 et
981 638 1124 694 aliud
1166 647 1248 693 est
1281 637 1425 706 justa
1467 644 1730 705 potestate
1764 634 1962 704 injuste

379 737 471 792 uti.
502 735 578 789 Ita
611 749 712 788 nec
750 729 1064 787 concubina:
1097 729 1163 783 ad
1194 737 1400 797 tempus
1426 725 1697 790 adhibitae,
1739 725 1784 779 si
1816 724 1961 778 filio-

377 843 491 882 rum
532 840 693 880 causa
736 823 1113 885 concumbant,
1149 821 1351 891 justum
1394 818 1594 873 faciunt
1633 815 1958 872 concubina-

375 930 486 972 tum
515 933 700 982 suum;
731 931 832 971 nec
859 915 1174 985 conjugatae,
1203 913 1248 966 si
1277 927 1397 966 cum
1428 911 1636 966 maritis
1661 909 1957 976 lasciviant,

377 1008 596 1077 nuptiali
626 1006 801 1062 ordini
827 1005 1032 1062 crimen
1063 1004 1362 1074 imponunt.

448 1098 534 1153 17.
570 1098 735 1152 Posse
778 1110 908 1151 sane
950 1095 1062 1150 ﬁeri
1098 1095 1312 1165 nuptias
1350 1110 1415 1149 ex
1456 1093 1597 1148 male
1636 1092 1955 1164 conjunctis,

375 1191 602 1247 honesto
631 1199 816 1259 postea
845 1188 1042 1258 placito
1068 1195 1453 1256 consequente,
1484 1184 1824 1240 manifestum
1851 1191 1954 1239 est.

446 1280 670 1336 CAPUT
711 1280 828 1334 XV.
872 1309 945 1319 —
979 1278 1298 1334 Connubium
1335 1294 1436 1332 non
1471 1293 1618 1348 posse
1655 1277 1859 1330 dissolvi
1896 1275 1956 1330 ob

377 1373 708 1428 sterilitatem.
743 1375 819 1424 An
859 1371 1006 1424 liceat
1047 1372 1221 1424 uxoris
1250 1369 1506 1423 voluntate
1533 1370 1690 1422 aliam
1720 1368 1958 1423 adhibere

375 1475 431 1518 ut
453 1479 742 1518 communes
767 1463 862 1531 ﬁlii
886 1471 1184 1528 nascantur,
1215 1478 1318 1516 non
1342 1461 1496 1515 audet
1521 1462 1751 1530 deﬁnire.
1778 1460 1956 1516 Semel

373 1565 551 1612 autem
580 1557 767 1611 initum
807 1555 1131 1610 connubium
1170 1557 1222 1608 in
1257 1554 1469 1610 civitate
1496 1554 1590 1608 Dei
1632 1554 1822 1620 nostri,
1864 1553 1956 1608 ubi

373 1647 532 1703 etiam
575 1663 641 1703 ex
685 1648 854 1716 prima
890 1646 1117 1701 duorum
1158 1644 1433 1700 hominum
1468 1643 1660 1714 copula
1688 1643 1954 1714 quoddam

372 1745 765 1793 sacramentum
803 1737 1002 1807 nuptiae
1034 1743 1254 1807 gerunt,
1290 1736 1436 1790 nullo
1466 1735 1624 1790 modo
1649 1745 1828 1806 potest
1852 1735 1955 1790 nisi

371 1829 598 1900 alicujus
623 1843 810 1885 eorum
835 1837 1010 1883 morte
1037 1827 1276 1883 dissolvi.
1309 1827 1485 1882 Manet
1509 1828 1650 1882 enim
1684 1827 1952 1899 vinculum

371 1920 699 1990 nuptiarum,
729 1918 938 1975 etiamsi
982 1919 1181 1990 proles,
1216 1919 1367 1988 cujus
1412 1933 1571 1974 causa
1613 1917 1800 1972 initum
1847 1927 1949 1985 est,

370 2010 652 2066 manifesta
695 2011 973 2065 sterilitate
1016 2025 1121 2064 non
1170 2009 1525 2079 subsequatur
1569 2026 1584 2064 :
1628 2009 1700 2063 ita
1743 2017 1803 2062 ut
1841 2007 1951 2078 jam

369 2103 658 2160 scientibus
691 2103 1004 2174 conjugibus
1033 2117 1140 2158 non
1181 2117 1240 2158 se
1279 2100 1413 2156 filios
1454 2100 1728 2156 habituros
1753 2143 1768 2167 ,
1797 2116 1954 2170 sepa-

370 2210 491 2251 rare
531 2209 595 2251 se
641 2202 816 2250 tamen
859 2194 947 2250 vel
996 2194 1108 2264 ipsa
1152 2205 1315 2248 causa
1361 2192 1587 2246 filiorum
1636 2201 1794 2262 atque
1835 2192 1954 2247 aliis

368 2289 620 2359 capulare
645 2302 754 2343 non
784 2287 959 2343 liceat.
987 2286 1138 2356 Quod
1160 2287 1207 2342 si
1237 2284 1478 2352 fecerint,
1506 2299 1626 2340 cum
1654 2285 1733 2340 eis
1760 2284 1952 2355 quibus

367 2395 428 2436 se
468 2379 854 2450 copulaverint,
885 2378 1203 2435 adulterium
1228 2377 1586 2442 committunt,
1632 2375 1732 2445 ipsi
1773 2383 1950 2430 autem

366 2472 624 2542 conjuges
668 2479 902 2527 manent.
958 2470 1121 2525 Plane
1165 2469 1346 2524 uxoris
1375 2467 1648 2522 voluntate
1696 2465 1952 2521 adhibere

366 2564 548 2629 aliam,
593 2563 733 2618 unde
779 2577 1090 2617 communes
1134 2560 1226 2615 ﬁlii
1273 2566 1562 2615 nascantur
1604 2559 1760 2614 unius
1803 2573 1952 2614 com-

367 2655 628 2711 mixtione
646 2671 710 2723 ac
734 2655 960 2723 semine,
981 2653 1203 2710 alterius
1230 2661 1407 2709 autem
1427 2653 1550 2724 jure
1577 2667 1641 2707 ac
1665 2660 1948 2722 potestate,

365 2748 506 2820 apud
549 2749 800 2819 antiquos
840 2757 1018 2817 patres
1066 2746 1146 2802 fas
1189 2753 1344 2802 erat:
1375 2754 1551 2801 utrum
1596 2754 1650 2800 et
1692 2759 1835 2799 nunc
1871 2742 1951 2800 fas

366 2842 456 2906 sit,
485 2856 594 2896 non
634 2850 836 2896 temere
859 2840 1104 2896 dixerim.
1151 2839 1266 2894 Non
1293 2848 1378 2895 est
1418 2839 1559 2895 enim
1593 2855 1732 2895 nunc
1762 2854 1952 2909 propa-

365 2931 526 3004 gandi
572 2931 884 2998 necessitas,
914 2947 1032 3002 quae
1062 2940 1186 2986 tunc
1230 2929 1348 2997 fuit,
1377 2929 1590 3000 quando
1619 2939 1674 2985 et
1699 2929 1950 3000 parienti-

365 3023 467 3080 bus
502 3024 821 3095 conjugibus
848 3023 979 3078 alias
1023 3031 1236 3094 propter
1275 3022 1629 3092 copiosiorem
1672 3022 1950 3092 posterita-

368 3125 476 3172 tem
501 3115 861 3187 superducere
894 3114 1104 3180 licebat,
1133 3115 1274 3185 quod
1311 3128 1450 3168 nunc
1486 3122 1632 3169 certe
1661 3128 1763 3167 non
1804 3113 1945 3168 licet.

365 3206 498 3262 Nam
547 3215 752 3262 tantum
796 3206 950 3261 aﬂ'crt
990 3205 1396 3276 opportunitatis
1445 3203 1510 3258 ad
1559 3203 1756 3274 aliquid
1805 3203 1951 3274 juste

365 3301 631 3373 agendum
660 3316 753 3358 seu
780 3316 886 3356 non
913 3301 1175 3370 agendum
1204 3309 1512 3370 temporum
1530 3305 1736 3355 secreta
1763 3297 1950 3353 distin-

366 3393 493 3458 ctio,
526 3402 585 3447 ut
626 3407 765 3448 nunc
807 3391 996 3447 melius
1025 3391 1202 3458 faciat,
1235 3391 1325 3461 qui
1368 3405 1467 3445 nec
1512 3405 1671 3444 unam
1713 3389 1945 3453 duxerit,

367 3485 468 3540 nisi
495 3499 554 3540 sc
572 3484 849 3539 continere
874 3498 978 3538 non
1004 3483 1186 3554 possit.
1213 3481 1364 3536 Tunc
1385 3489 1562 3537 autem
1588 3482 1746 3536 etiam
1771 3482 1949 3551 plures

368 3576 754 3648 inculpabiliter
779 3575 1062 3639 ducebant,
1091 3584 1144 3630 et
1171 3574 1259 3645 qui
1287 3589 1344 3629 se
1387 3574 1555 3629 multo
1582 3573 1786 3630 facilius
1816 3589 1948 3629 con-

367 3669 538 3724 tinere
565 3675 804 3738 possent,
833 3667 934 3722 nisi
965 3665 1105 3721 aliud
1146 3665 1316 3735 pietas
1360 3665 1451 3720 illo
1497 3675 1735 3735 tempore
1763 3675 1947 3735 postu-

365 3757 518 3814 laret.
565 3757 716 3813 Sicut
755 3758 896 3812 enim
944 3757 1158 3828 sapiens
1195 3765 1249 3811 et
1281 3756 1458 3826 justus
1481 3801 1495 3825 ,
1533 3757 1622 3827 (lui
1661 3757 1772 3827 jam
1815 3772 1947 3810 con-

365 3850 592 3922 cupiscit
627 3849 846 3906 dissolvi
883 3859 939 3906 et
975 3864 1094 3906 esse
1131 3864 1252 3904 cum
1276 3846 1509 3915 Christo,
1550 3857 1606 3905 et
1643 3849 1744 3904 hoc
1781 3849 1948 3918 magis

364 3943 568 4012 optimo
609 3941 903 3998 delectatur
939 3940 1209 4012 (Philipp.
1256 3957 1308 4007 ι,
1348 3941 1494 4011 25),
1548 3940 1661 4009 jam
1707 3955 1813 3994 non
1862 3939 1948 3994 hic

363 4033 577 4088 vivendi
601 4033 904 4104 cupiditate,
947 4031 1043 4088 sed
1082 4032 1394 4088 consulendi
1433 4031 1610 4087 ofﬁcio
1649 4032 1812 4086 sumit
1847 4032 1946 4085 ali-

362 4133 627 4191 mentum,
657 4133 714 4180 ut
747 4133 962 4183 maneat
985 4126 1040 4180 in
1078 4141 1260 4192 carne,
1299 4125 1442 4195 quod
1481 4125 1842 4179 necessarium
1868 4134 1949 4180 est

365 4225 589 4288 propter
627 4217 756 4274 alios
803 4234 817 4272 :
858 4217 937 4272 sic
975 4219 1189 4273 misceri
1238 4216 1452 4272 feminis
1485 4216 1605 4285 jnrc
1645 4210 1946 4286 nuptiarum

364 4311 660 4366 officiosum
691 4310 790 4366 fuit
817 4319 943 4366 tunc
970 4312 1169 4366 sanctis
1198 4310 1347 4376 viris,
1377 4323 1484 4364 non
1511 4309 1872 4364 libidinosum.

436 4400 660 4456 CAPUT
699 4399 914 4455 XVl.—-
935 4401 1021 4456 18.
1065 4401 1135 4454 In
1187 4399 1448 4454 concubitu
1497 4416 1558 4451 ac
1610 4401 1661 4452 in
1709 4400 1804 4452 cibi
1854 4417 1949 4454 usu

366 4491 544 4548 similis
571 4495 702 4548 ratio
714 4494 912 4548 virtutis
925 4501 972 4548 et
989 4492 1114 4547 vitii.
1132 4491 1284 4561 Quod
1302 4492 1446 4547 enim
1477 4500 1560 4546 est
1590 4491 1738 4546 cibus
1765 4493 1828 4546 ad
1856 4507 1944 4546 sa-

367 4586 525 4642 lutetn
556 4586 789 4642 hominis
807 4628 824 4655 ,
856 4586 958 4642 hoc
985 4595 1069 4642 est
1095 4585 1408 4641 concubitus
1437 4584 1501 4638 ad
1529 4585 1752 4640 salutem
1783 4600 1946 4656 gene-

366 4677 440 4734 ris
468 4695 483 4731 :
512 4686 567 4733 et
595 4687 880 4748 utrumque
921 4693 1028 4733 non
1054 4685 1137 4733 est
1163 4678 1280 4732 sine
1316 4677 1673 4732 delectatione
1710 4678 1944 4743 carnali;

363 4787 482 4843 quae
505 4781 685 4827 tamen
712 4770 1014 4826 modificata
1036 4813 1050 4837 ,
1099 4779 1152 4824 et
1184 4771 1534 4840 temperantia
1565 4769 1866 4824 refrenante
1895 4770 1947 4824 in

363 4878 518 4918 usum
549 4862 849 4918 naturalem
877 4861 1110 4927 redacta,
1151 4860 1316 4916 libido
1341 4876 1463 4916 esse
1502 4877 1609 4916 non
1641 4870 1816 4931 potest
1847 4863 1944 4931 (a).

361 4955 516 5024 Quod
559 4965 645 5010 est
685 4964 866 5010 autem
910 4955 963 5008 in
1009 4953 1353 5009 sustentanda
1383 4954 1490 5006 vita
1531 4953 1748 5008 illicitus
1773 4953 1944 5019 cibus,

363 5045 466 5101 hoc
493 5052 577 5101 est
601 5045 652 5098 iu
681 5043 962 5114 quaerenda
993 5044 1142 5112 prole
1166 5041 1479 5096 fornicarius
1507 5042 1591 5097 vel
1619 5043 1948 5097 adulterinus

361 5137 698 5193 concubitus.
728 5137 795 5191 Et
820 5135 960 5207 quod
981 5143 1065 5190 est
1091 5135 1145 5188 in
1171 5133 1378 5186 luxuria
1410 5134 1611 5186 ventris
1641 5141 1695 5187 et
1723 5134 1948 5202 gutturis

359 5229 580 5284 illicitas
606 5228 778 5294 cibus,
803 5227 906 5283 hoc
929 5236 1010 5282 est
1031 5227 1083 5281 in
1104 5224 1324 5280 libidine
1345 5223 1545 5277 nullam
1572 5225 1776 5294 prolem
1807 5241 1952 5293 quae-

359 5328 517 5377 rente
559 5319 778 5374 illicitus
815 5318 1148 5374 concubitus.
1192 5317 1259 5370 Et
1295 5315 1437 5385 quod
1465 5323 1547 5368 est
1576 5315 1626 5368 in
1655 5314 1774 5369 cibo
1806 5315 1949 5372 licito

359 5411 642 5466 nonnullis
678 5411 1080 5466 immoderatior
1103 5409 1394 5481 appetitus,
1429 5408 1530 5464 hoc
1565 5419 1646 5463 est
1677 5410 1727 5463 in
1760 5411 1946 5480 conju-

356 5503 520 5576 gibus
549 5503 772 5558 vcnialis
814 5504 902 5559 ille
948 5504 1279 5559 concubitus.
1325 5501 1472 5557 Sicut
1507 5516 1634 5570 ergo
1679 5502 1844 5557 satius
1870 5513 1952 5558 est

355 5593 539 5651 emori
559 5593 720 5660 fame,
749 5609 908 5663 quam
935 5593 1242 5664 idolothytis
1268 5593 1410 5648 vesci
1441 5592 1548 5664 (b);
1578 5591 1649 5645 ita
1679 5591 1845 5646 satius
1871 5601 1952 5648 est

424 5730 505 5854 in;
538 5737 572 5778 ιι
592 5735 796 5780 neti-act.
822 5742 928 5792 cap.
949 5728 1029 5790 22,
1055 5742 1102 5777 n.
1129 5729 1178 5778 2.
1760 5791 1767 5799 ί

453 5789 484 5839 b
535 5793 609 5842 sic
628 5791 691 5842 ad
727 5790 980 5841 Publicolae
1013 5793 1327 5854 quaestionem
1349 5792 1413 5842 de
1451 5792 1632 5842 viatore
1670 5791 1767 5840 clm

453 5789 505 5854 b)
535 5793 609 5842 sic
628 5791 691 5842 ad
727 5789 980 5841 Publicolae
1013 5793 1327 5854 quaestionem
1349 5792 1413 5842 de
1451 5792 1632 5842 viatore
1670 5790 1946 5850 christiano,

1808 333 2010 392 LIBER
2053 333 2251 393 UNUS.

2071 447 2282 521 defungi
2325 449 2442 507 sine
2477 445 2680 522 liberis,
2709 467 2864 525 quam
2901 469 2965 512 ex
3010 457 3194 516 illicito
3239 459 3383 517 coitu
3424 463 3648 536 stirpem

2067 557 2325 612 quaerere.
2370 543 2751 618 Undecumque
2784 558 2962 604 autem
2989 561 3275 608 nascantur
3301 553 3566 622 homines,
3603 557 3652 614 si

2068 646 2348 702 parentum
2373 637 2498 692 vitia
2529 652 2632 694 non
2657 649 2931 696 sectentur
2950 682 2967 710 ,
2999 651 3054 699 et
3082 645 3246 700 Deum
3275 654 3421 702 recte
3449 649 3649 718 colant,

2067 726 2275 783 honesti
2302 737 2356 784 et
2379 731 2509 786 salvi
2530 739 2705 788 erunt.
2737 732 2928 789 Semen
2955 736 3096 790 enim
3125 737 3358 793 hominis
3385 753 3451 795 ex
3477 741 3651 811 quali-

2065 833 2294 890 cumque
2322 819 2556 888 homine,
2590 823 2684 878 Dei
2711 833 2954 880 creatura
2980 835 3083 894 est,
3109 836 3165 883 et
3193 842 3259 883 eo
3285 829 3424 885 male
3455 832 3624 887 utenti

2066 908 2164 965 bus
2188 911 2328 966 male
2357 913 2478 980 erit,
2508 927 2615 968 non
2635 914 2808 984 ipsum
2837 915 3119 986 aliquando
3153 918 3352 973 malum
3382 921 3505 975 erit.
3535 920 3652 978 Sic-

2067 1008 2124 1056 ut
2157 1011 2335 1058 autem
2380 1001 2474 1058 ﬂlii
2509 1004 2636 1059 boni
2675 1005 3061 1072 adulterorum,
3106 1009 3247 1064 nulla
3293 1009 3535 1067 defensio
3561 1021 3646 1068 est

2067 1093 2479 1161 adulteriorum;
2509 1096 2587 1152 sic
2608 1096 2733 1152 mali
2762 1099 3187 1170 conjugatorum,
3214 1101 3415 1156 nullum
3445 1103 3650 1160 crimen

2065 1195 2149 1242 est
2191 1187 2514 1257 nuptiarum.
2547 1189 2780 1246 Proinde
2821 1190 2959 1246 sicut
2993 1200 3173 1262 patres
3213 1194 3468 1266 temporis
3516 1194 3649 1252 Novi

2067 1278 2396 1334 'l‘estamenti
2421 1295 2486 1336 ex
2524 1281 2702 1337 ofﬁcio
2727 1283 3037 1339 consulendi
3067 1285 3318 1341 alimenta
3347 1296 3645 1357 sumentes,

2065 1371 2308 1440 quamvis
2337 1386 2398 1426 ea
2427 1386 2547 1427 cum
2589 1371 2944 1432 delectatione
2970 1376 3201 1432 naturali
3228 1377 3404 1433 carnis
3427 1378 3644 1448 accipe-

2064 1469 2224 1528 rent,
2254 1462 2401 1517 nullo
2431 1462 2590 1518 modo
2619 1471 2796 1519 tamen
2840 1466 3284 1537 comparabantur
3306 1467 3647 1526 delectationi

2063 1567 2249 1607 eorum
2297 1553 2386 1623 qui
2434 1553 2772 1611 immolatitio
2816 1557 3168 1613 vescebantur
3193 1557 3240 1629 (Ι
3259 1559 3376 1613 Cor.
3417 1574 3530 1625 vni,
3563 1558 3644 1632 7),

2063 1654 2152 1697 aut
2180 1659 2364 1699 eorum
2393 1646 2482 1715 qui
2527 1647 2768 1717 quamvis
2805 1647 2978 1704 licitas
3017 1663 3190 1718 escas,
3223 1658 3402 1707 tamen
3445 1651 3643 1708 immo-

2063 1735 2298 1791 deratius
2321 1739 2694 1805 assumebant;
2720 1740 2797 1794 sic
2823 1748 3000 1810 patres
3027 1742 3280 1812 temporis
3308 1742 3516 1799 Veteris
3541 1743 3646 1802 Te-

2061 1828 2310 1882 stamenti
2335 1869 2348 1892 ,
2381 1829 2694 1885 consulendi
2725 1830 2906 1888 officio
2934 1833 3380 1902 concumbebant,
3414 1850 3642 1906 quorum

2063 1918 2347 1973 delectatio
2383 1919 2470 1972 illa
2501 1920 2757 1977 naturalis
2782 1937 3113 1994 nequaquam
3140 1938 3307 1994 usque
3331 1923 3399 1980 ad
3427 1925 3644 1982 irratio-

2061 2012 2236 2066 nalem
2257 2021 2349 2067 aut
2367 2011 2624 2067 nefariam
2642 2014 2912 2070 libidinem
2931 2016 3187 2082 relaxata,
3211 2031 3311 2072 nec
3329 2017 3645 2088 turpitudini

2059 2111 2364 2173 stuprorum
2411 2119 2510 2160 nec
2553 2105 2954 2176 conjugatorum
2996 2107 3419 2179 intemperantia:
3460 2109 3646 2167 confe-

2060 2196 2222 2251 renda
2246 2205 2346 2251 est.
2379 2195 2575 2252 Eadem
2604 2198 2800 2268 quippe
2825 2212 2961 2253 vena
2994 2198 3287 2266 charitatis,
3316 2215 3458 2256 nunc
3481 2201 3644 2271 spiri-

2061 2288 2294 2355 tualiter,
2327 2297 2452 2342 tunc
2478 2289 2761 2344 carnaliter
2802 2299 3021 2361 propter
3055 2291 3198 2346 illam
3228 2300 3453 2347 matrem
3480 2292 3642 2348 Jeru-

2058 2382 2222 2437 salem
2285 2384 2608 2454 propagandi
2659 2392 2811 2440 erant
2863 2384 2956 2440 filii
3012 2403 3025 2438 :
3067 2386 3162 2441 sed
3213 2385 3426 2442 diversa
3477 2401 3641 2459 opera

2059 2481 2268 2542 patrum
2317 2488 2422 2528 non
2475 2473 2700 2529 faciebat
2741 2473 2846 2528 nisi
2881 2474 3161 2530 diversitas
3193 2484 3513 2546 temporum.
3552 2477 3645 2535 Sic

2058 2571 2235 2619 autem
2263 2579 2484 2620 necesse
2512 2575 2628 2619 erat
2664 2572 2724 2619 ut
2761 2565 3048 2621 carnaliter
3074 2564 3301 2633 coirent,
3328 2566 3488 2621 etiam
3532 2583 3642 2624 non

2061 2655 2304 2710 carnales
2343 2654 2656 2725 Propheta;
2686 2655 2823 2711 sicut
2849 2670 3074 2712 necesse
3117 2665 3232 2712 erat
3272 2665 3330 2711 ut
3356 2657 3644 2714 carnaliter

2061 2755 2429 2814 vescerentur,
2459 2747 2620 2802 etiam
2648 2761 2754 2802 non
2782 2747 3026 2804 carnales
3051 2746 3315 2818 Apostoli.

2127 2838 2352 2895 CAPUT
2370 2837 2967 2895 XVll.-—i9.Nubentes
2983 2839 3135 2910 hujus
3151 2840 3389 2910 temporis
3405 2856 3507 2896 non
3522 2857 3645 2897 con-

2057 2931 2254 3001 ferendi
2283 2931 2581 2986 nubentibus
2607 2931 2792 2986 sanctis
2820 2931 2971 3003 primi
2993 2932 3251 3002 temporis.
3274 2929 3377 2987 Uni
3397 2933 3502 2988 viro
3527 2933 3646 3005 plu-

2055 3041 2136 3079 res
2163 3040 2340 3079 uxores
2369 3024 2550 3078 Itabere
2576 3023 2854 3096 aliquando
2883 3024 3044 3092 licuit,
3076 3042 3332 3096 nunquam
3363 3027 3453 3081 uni
3489 3027 3642 3096 [emi-

2057 3130 2137 3169 me
2161 3116 2329 3184 plures
2355 3116 2509 3168 viros.
2540 3114 2814 3184 Quotquot
2841 3129 2968 3185 ergo
2994 3131 3135 3170 nunc
3171 3126 3296 3171 sunt
3343 3116 3537 3186 quibus
3561 3117 3642 3174 di-

2056 3206 2215 3272 citur,
2236 3204 2297 3260 Si
2311 3220 2365 3258 se
2383 3221 2483 3259 non
2500 3205 2773 3274 continent,
2797 3204 2986 3259 nubant
3009 3204 3117 3277 (Id.
3135 3222 3229 3274 vn,
3249 3207 3344 3279 9);
3367 3222 3472 3264 non
3494 3224 3644 3265 com-

2055 3293 2307 3365 parandae
2336 3303 2459 3350 sunt
2505 3303 2632 3351 tunc
2674 3297 2835 3352 etiam
2883 3295 3205 3354 nubentibus
3242 3299 3460 3356 sanctis.
3509 3300 3642 3372 Ipsa:

2057 3389 2271 3460 quidem
2303 3389 2504 3460 nuptiae
2538 3388 2593 3444 in
2633 3389 2883 3446 omnibus
2917 3391 3165 3462 gentibus
3205 3392 3393 3448 eadem
3421 3404 3546 3449 sunt
3573 3393 3641 3450 ti-

2056 3482 2248 3536 liorum
2279 3481 2731 3552 procreandorum
2769 3496 2963 3550 causa,
2989 3483 3081 3554 qui
3109 3484 3427 3555 qualeslibet
3455 3493 3640 3558 postea

2056 3574 2289 3640 fuerint,
2323 3573 2390 3628 ad
2419 3573 2522 3629 hoc
2547 3582 2724 3630 tamen
2752 3573 3009 3630 institutae
3033 3584 3159 3631 sunt
3184 3577 3384 3648 nuptiae
3403 3618 3418 3644 ,
3453 3586 3514 3633 ut
3548 3593 3640 3634 or-

2055 3668 2235 3723 dinate
2260 3666 2592 3738 honesteque
2618 3676 2923 3726 nascantur.
2947 3667 3053 3724 Sed
3075 3669 3318 3726 homines
3337 3671 3426 3741 qui
3452 3685 3512 3727 se
3532 3687 3639 3727 non

2055 3759 2348 3823 continent,
2380 3766 2630 3828 tanquam
2649 3757 2945 3813 ascendunt
2969 3759 3022 3813 in
3047 3759 3258 3828 nuptias
3283 3760 3447 3829 gradu
3473 3761 3641 3817 hone-

2056 3849 2209 3903 statis
2240 3867 2252 3901 :
2279 3848 2369 3918 qui
2408 3857 2585 3902 autem
2613 3861 2672 3902 se
2712 3849 2829 3904 sine
2870 3847 3034 3903 dubio
3075 3835 3430 3916 continerent,
3459 3851 3505 3904 si
3536 3851 3641 3907 hoc

2057 3941 2196 3994 illius
2223 3939 2480 4005 temporis
2516 3938 2654 3992 ratio
2682 3938 3043 4006 permisisset,
3085 3938 3315 4014 quodam
3359 3940 3520 3996 modo
3544 3941 3640 3997 de-

2056 4028 2379 4084 scenderunt
2419 4027 2474 4080 in
2525 4027 2736 4096 nuptias
2783 4026 2951 4098 gradu
2999 4029 3229 4099 pietatis.
3276 4029 3355 4085 Ac
3397 4045 3494 4101 per
3536 4031 3640 4088 hoc

2055 4118 2296 4190 quamvis
2322 4125 2669 4188 utrorumque
2694 4119 2894 4189 nuptiae
2914 4119 2966 4173 in
2993 4128 3248 4191 quantum
3269 4121 3466 4192 nuptiae
3491 4130 3636 4191 sunt,

2056 4213 2175 4282 quia
2206 4193 2525 4281 procreandi
2555 4224 2715 4265 causa
2747 4219 2901 4277 sunt,
2931 4212 3207 4284 aequaliter
3235 4213 3390 4269 bonae
3429 4214 3556 4282 sint,
3583 4214 3640 4272 hi

2057 4314 2231 4360 tamen
2275 4305 2522 4361 homines
2561 4304 2828 4377 conjugati
2861 4305 2964 4362 illis
3003 4305 3308 4364 hominibus
3344 4309 3640 4382 coniugatis

2058 4413 2162 4451 non
2191 4406 2316 4453 sunt
2334 4398 2700 4468 comparandi.
2729 4398 2937 4454 Habent
2959 4400 3100 4455 enim
3123 4400 3207 4456 isti
3227 4401 3369 4470 quod
3391 4402 3497 4457 illis
3524 4418 3641 4473 pro-

2058 4498 2178 4559 pter
2224 4489 2560 4545 honestatem
2617 4489 2922 4559 nuptiarum
2948 4531 2962 4556 ,
3013 4490 3255 4560 quamvis
3307 4491 3372 4546 ad
3428 4493 3639 4561 nuptias

2056 4595 2162 4635 non
2185 4581 2467 4650 pertineat,
2495 4579 2789 4635 secundum
2814 4580 3023 4634 veniam
3051 4579 3412 4643 concedatur;
3451 4580 3504 4634 id
3533 4590 3636 4648 est,

2061 4685 2396 4740 progressum
2443 4670 2590 4723 illum
2627 4669 2716 4739 qui
2764 4667 2974 4724 excedit
3014 4667 3302 4739 generandi
3346 4671 3639 4726 necessita-

2059 4771 2163 4815 tem
2190 4762 2229 4824 ¹,
2261 4759 2402 4830 quod
2432 4759 2507 4814 illi
2535 4774 2639 4814 non
2668 4758 2953 4815 habebant.
2981 4759 3089 4815 Sed
3116 4774 3291 4829 neque
3335 4760 3388 4815 hi
3413 4803 3428 4828 ,
3467 4763 3510 4816 si
3551 4764 3641 4834 qui

2059 4853 2195 4909 forte
2215 4868 2355 4908 nunc
2379 4853 2736 4919 inveniuntur,
2768 4852 2860 4923 qui
2883 4867 2992 4908 non
3016 4862 3262 4923 quaerunt
3289 4852 3343 4907 in
3374 4857 3642 4911 connubio

2059 4963 2157 5003 nec
2173 4955 2448 5019 appetunt,
2469 4948 2568 5002 nisi
2589 4956 2806 5017 propter
2819 4945 2960 5017 quod
2983 4947 3240 5002 instituta:
3269 4955 3393 5002 sunt
3419 4949 3639 5019 nuptiae,

2058 5039 2323 5109 eoa-quari
2349 5047 2567 5109 possunt
2606 5039 2715 5093 illis
2743 5037 3066 5095 hominibus.
3099 5036 3157 5091 In
3199 5036 3313 5092 istis
3339 5039 3480 5093 enim
3518 5055 3638 5097 car-

2061 5155 2186 5201 victo
2209 5151 2344 5200 famis
2356 5152 2671 5211 necessitate,
2682 5151 2723 5199 si
2737 5150 2857 5212 nihil
2881 5152 3069 5212 uspiam
3086 5151 3349 5212 invenerit,
3369 5153 3460 5202 nisi
3478 5154 3641 5203 cibum

2060 5216 2105 5261 in
2131 5211 2275 5261 idolio
2311 5215 2516 5272 positum
2534 5247 2548 5270 ,
2572 5213 2656 5260 ubi
2681 5210 2987 5274 nullusialius
3011 5219 3088 5274 est
3108 5210 3352 5262 hominum
3371 5249 3384 5274 ,
3409 5222 3568 5264 utrum
3594 5217 3641 5266 ei

2059 5275 2208 5337 satius
2229 5274 2293 5323 sit
2314 5274 2439 5322 fame
2463 5275 2631 5337 emori,
2656 5285 2799 5337 quam
2824 5272 2940 5337 illud
2959 5274 3008 5322 in
3025 5273 3307 5337 alimentum
3329 5272 3544 5337 sumere,
3560 5290 3641 5327 re-

2059 5335 2263 5398 siondct
2289 5335 2577 5396 Augustinus
2593 5337 2642 5398 in
2666 5333 2870 5398 epistola
2894 5348 3020 5385 nunc
3039 5336 3211 5386 ordine
3228 5336 3307 5395 47,
3332 5350 3380 5384 n.
3405 5335 3438 5384 6
3462 5351 3474 5385 :
3510 5333 3641 5389 (Aut

2067 5395 2297 5460 «'certum
2331 5395 2408 5445 est
2440 5407 2553 5446 esse
2587 5395 2929 5458 idolothytum,
2954 5404 3036 5447 aut
3055 5405 3244 5448 certum
3269 5404 3346 5460 est
3377 5410 3471 5460 non
3504 5412 3636 5460 esse,

2067 5478 2087 5505 ιι
2111 5465 2194 5506 aut
2216 5459 2462 5520 ignoratur
2486 5471 2498 5505 :
2523 5460 2564 5506 si
2589 5470 2708 5520 ergo
2729 5457 2919 5508 certum
2943 5467 3020 5509 est
3043 5471 3174 5519 esse,
3190 5457 3366 5508 melius
3385 5457 3644 5520 christiana

2067 5540 2088 5565 «ι
2114 5522 2291 5569 virtute
2310 5520 2585 5584 respuitur;
2610 5519 2830 5584 siautem
2853 5521 2934 5570 vel
2958 5534 3056 5584 non
3088 5534 3200 5571 esse
3216 5521 3382 5580 scitur,
3407 5519 3485 5570 vel
3508 5523 3645 5584 igno-

2067 5601 2088 5628 α
2112 5589 2260 5642 ratur,
2277 5582 2388 5653 sine
2399 5577 2504 5630 'ullo
2521 5577 2830 5632 conscientiae
2851 5579 3076 5645 scrupulo
3099 5584 3148 5631 in
3177 5593 3320 5631 usum
3337 5577 3645 5636 necessilatis

2068 5661 2089 5690 ι(
2111 5651 2385 5693 assumitur.
2407 5658 2428 5686 ι

2125 5729 2139 5757 ί
2168 5733 2296 5785 ων..
2320 5725 2583 5788 generandi
2612 5739 2807 5788 causam
2829 5724 2902 5778 vel
2915 5724 3260 5780 necessitatem.
3285 5733 3342 5779 Αι
3354 5733 3430 5778 Er.
3457 5734 3510 5780 et
3534 5715 3638 5778 Mss:

2063 5803 2155 5839 non
2182 5787 2378 5847 habent,
2409 5801 2603 5838 raitsam
2625 5787 2712 5838 vel.
