4122 6212
473 343 578 403 887

434 503 436 505 μ
476 458 599 516 nale
636 464 721 516 est
755 457 931 530 Ipsum
971 450 1296 511 desiderium
1335 448 1602 514 ﬁliorum;
1644 447 1698 502 in
1737 446 1841 501 illis
1881 453 2058 500 autem

477 549 753 622 spirituaie
782 558 918 614 erat,
954 545 1077 616 quia
1107 549 1448 599 sacramento
1476 539 1616 594 illius
1647 536 1905 607 temporis
1933 551 2067 590 con-

476 643 721 716 gruebat.
767 639 916 694 Nunc
957 637 1155 709 quippe
1196 634 1374 689 nullus
1415 632 1609 702 pietate
1636 629 1902 700 perfectus
1933 627 2069 681 filios

482 736 681 790 habere
728 731 833 789 nisi
877 728 1227 800 spiritualiter
1273 724 1509 796 quaerit:
1560 732 1686 778 tunc
1731 735 1860 775 vero
1904 719 2068 789 ipsius

482 823 692 894 pietatis
721 831 834 876 erat
856 818 1116 890 operatio,
1145 817 1307 872 etiam
1328 814 1619 871 carnaliter
1647 813 1782 866 filios
1808 825 2070 883 propaga-

482 931 576 979 re;
623 913 747 984 quia
797 911 940 966 illius
981 909 1165 981 p0puli
1213 908 1493 980 generatio
1542 905 1725 960 nuntia
1771 906 2070 959 futurorum

481 1017 615 1070 erat,
645 1015 702 1061 et
729 1004 796 1060 ad
823 1003 1274 1074 dispensationem
1307 998 1675 1070 propheticam
1709 995 2030 1067 pertinebat.

553 1099 641 1154 20.
685 1097 912 1167 Ideoque
964 1111 1072 1150 non
1117 1094 1256 1149 sicut
1297 1092 1387 1146 uni
1433 1091 1549 1145 viro
1577 1089 1740 1144 etiam
1769 1088 1946 1158 plures
1975 1086 2071 1139 ha-

487 1194 612 1248 bere
661 1192 853 1247 licebat
902 1202 1122 1250 uxores.
1172 1187 1243 1242 ita
1289 1185 1379 1240 uni
1425 1183 1636 1238 femina:
1685 1181 1864 1251 plures
1907 1179 2070 1244 viros,

486 1298 586 1338 nec
613 1281 776 1352 prolis
821 1280 989 1351 ipsius
1031 1292 1222 1342 causa,
1262 1275 1308 1332 si
1347 1275 1483 1330 forte
1515 1274 1602 1328 illa
1640 1286 1830 1342 parere
1872 1278 2072 1340 posset,

488 1374 577 1428 ille
618 1387 880 1443 generare
919 1387 1028 1426 non
1069 1381 1269 1438 posset.
1313 1365 1530 1422 Occulta
1556 1365 1697 1420 enim
1727 1363 1844 1433 lege
1871 1371 2075 1417 natura:

489 1473 673 1521 amant
719 1463 1142 1534 singularitatem
1188 1476 1306 1531 quae
1350 1459 1717 1530 principantur
1767 1473 1781 1508 :
1836 1453 2074 1522 subjecta

492 1573 620 1612 vero
645 1572 752 1612 non
778 1557 952 1610 solum
975 1555 1180 1625 singula
1207 1553 1449 1623 singulis,
1469 1551 1564 1606 sed
1589 1551 1634 1605 si
1662 1549 1796 1604 ratio
1824 1547 2075 1602 naturalis

490 1650 578 1706 vel
604 1649 819 1705 socialis
843 1648 1095 1711 admittit,
1123 1648 1280 1703 etiam
1310 1646 1460 1715 plura
1487 1644 1576 1699 uni
1606 1655 1713 1698 non
1741 1643 1855 1696 sine
1881 1639 2076 1696 decore

489 1740 807 1797 subdantur.
835 1739 1019 1810 Neque
1062 1739 1203 1793 enim
1231 1737 1310 1791 sic
1335 1735 1495 1790 habet
1521 1749 1657 1789 unus
1681 1746 1869 1787 servus
1897 1730 2077 1800 plures

490 1833 772 1900 dominos,
805 1829 1074 1901 quomodo
1105 1831 1282 1899 plures
1308 1828 1449 1882 serri
1479 1839 1639 1880 unum
1672 1823 1970 1878 dominum.
2001 1821 2075 1875 Ita

490 1923 701 1979 duobus
745 1937 839 1978 seu
886 1920 1128 1992 pluribus
1172 1918 1379 1974 maritis
1425 1917 1563 1970 vivis
1610 1915 1809 1970 nullam
1851 1912 2077 1982 legimus

493 2013 725 2068 servisse
753 2021 1093 2075 sanctarum;
1126 2009 1306 2080 plures
1347 2016 1524 2062 autem
1566 2005 1791 2061 feminas
1835 2003 1924 2058 uni
1962 2001 2077 2056 viro

498 2104 723 2176 legimus
755 2102 853 2175 (a),
869 2117 991 2158 cum
1017 2101 1190 2172 gentis
1214 2100 1354 2154 illius
1375 2099 1602 2153 societas
1626 2096 1922 2164 sinebat,et
1945 2103 2081 2148 tem-

493 2195 789 2268 porisratio
805 2195 1066 2252 suadebat
1096 2212 1108 2249 :
1137 2208 1316 2263 neque
1342 2192 1484 2246 enim
1503 2200 1688 2246 contra
1718 2202 1956 2244 naturam
1983 2202 2080 2240 nu-

493 2289 724 2359 ptiarum
764 2296 865 2343 est.
906 2286 1092 2341 Plures
1131 2285 1274 2340 enim
1317 2283 1527 2338 feminae
1555 2281 1623 2336 ab
1652 2295 1759 2334 uno
1788 2280 1902 2333 viro
1928 2276 2079 2331 fetari

493 2387 746 2450 possunt;
779 2393 881 2432 una
909 2391 1036 2432 vero
1079 2392 1108 2430 a
1156 2375 1398 2447 pluribus
1443 2390 1547 2428 non
1599 2382 1774 2443 potest
1819 2370 1957 2441 (haec
1998 2377 2081 2424 est

493 2472 876 2543 principiorum
903 2472 982 2525 vis
999 2466 1042 2544 ¹)
1066 2487 1081 2525 :
1104 2468 1244 2525 sicut
1266 2469 1447 2523 multa:
1466 2467 1659 2521 animai
1685 2464 1774 2520 uni
1801 2464 1908 2521 Deo
1935 2471 2080 2518 recte

491 2567 810 2626 subdantur.
850 2565 1082 2634 ideoque
1122 2577 1228 2618 non
1271 2571 1353 2619 est
1396 2575 1556 2616 verus
1602 2559 1745 2614 Deus
1783 2557 2079 2613 animarum

493 2657 594 2712 nisi
626 2672 760 2711 unus
781 2695 796 2721 ,
829 2671 931 2709 una
961 2668 1089 2708 vero
1114 2655 1288 2707 anima
1335 2665 1428 2720 per
1470 2649 1668 2704 multos
1693 2650 1712 2680 ³
1756 2648 1918 2702 falsos
1949 2645 2079 2700 deos

493 2747 742 2801 fornicari
768 2754 962 2814 potest,
994 2758 1098 2797 non
1129 2740 1422 2798 fecundari.

563 2835 789 2893 CAPUT
842 2833 1028 2890 XVIII.
1074 2863 1144 2874 —
1196 2832 1287 2886 Si:
1343 2831 1728 2886 Sacramentum
1784 2826 2078 2896 nuptiarum

493 2947 624 2986 nunc
653 2928 720 2983 ad
762 2942 917 2981 unum
952 2927 1116 2981 virum
1151 2933 1197 2979 et
1236 2924 1303 2976 ad
1343 2938 1496 2976 unum
1541 2934 1751 2974 uxorem
1789 2917 2074 2971 redactum.

492 3023 804 3092 EpiscOpum
855 3018 952 3072 nisi
1006 3017 1154 3070 unius
1217 3014 1391 3069 uxoris
1445 3013 1610 3066 virum
1674 3009 1921 3064 ordinare
1975 3023 2078 3061 non

457 3117 627 3171 .Iicet.
675 3113 781 3168 Sed
833 3111 1085 3181 quoniam
1144 3123 1211 3163 ex
1258 3106 1440 3161 multis
1495 3103 1687 3158 animis
1740 3117 1843 3156 una
1893 3100 2078 3154 civitas

492 3207 668 3263 futura
716 3214 799 3259 est
852 3202 1156 3259 habentium
1187 3199 1417 3254 animam
1462 3212 1624 3252 uuam
1674 3203 1728 3249 et
1771 3209 1863 3248 cor
1912 3207 2077 3246 unum

493 3300 548 3352 in
588 3298 753 3352 Deum
794 3293 946 3368 (Act.
997 3308 1068 3358 tv,
1117 3290 1257 3360 52);
1299 3304 1418 3359 qum
1459 3286 1674 3342 unitatis
1720 3294 1915 3340 nostrae
1955 3298 2077 3352 per-

495 3391 654 3449 fectio
704 3397 824 3460 post
872 3388 1008 3441 hanc
1057 3383 1535 3454 peregrinationem
1583 3378 1758 3432 futura
1813 3385 1936 3441 est,
1989 3373 2078 3428 ubi

495 3483 732 3540 omnium
763 3479 1111 3551 cogitationes
1142 3491 1240 3531 nec
1267 3473 1503 3528 latebunt
1533 3471 1780 3534 invicem,
1813 3483 1911 3523 nec
1941 3468 2079 3521 inter

496 3590 555 3631 se
596 3575 650 3635 iu
688 3573 866 3643 aliquo
909 3567 1314 3640 repugnabunt:
1357 3573 1636 3634 propterea
1677 3561 2078 3613 Sacramentum

498 3667 804 3738 nuptiarum
849 3661 1107 3732 temporis
1157 3658 1324 3713 nostri
1369 3657 1445 3710 sic
1489 3654 1554 3708 ad
1602 3669 1764 3707 unum
1810 3651 1980 3706 virum
2027 3658 2083 3704 et

497 3777 658 3818 unam
685 3773 908 3816 uxorem
937 3754 1210 3811 redactum
1242 3759 1344 3814 est,
1377 3759 1433 3802 ut
1465 3747 1719 3803 Ecclesia:
1743 3745 2082 3813 dispensato-

498 3847 610 3910 reiu
655 3865 758 3905 nou
805 3849 966 3903 liceat
1007 3845 1286 3908 ordinare,
1336 3841 1434 3895 nisi
1481 3839 1636 3892 unius
1681 3836 1861 3890 uxoris
1911 3836 2080 3889 virum

499 3945 543 4017 (Ι
591 3943 721 3998 Tim.
768 3957 845 4004 ιιι,
877 3938 915 3993 2
937 3979 952 4004 ,
984 3947 1031 3990 et
1064 3934 1164 3990 Tit.
1197 3949 1234 3997 ι,
1277 3933 1354 4003 6).
1388 3929 1540 3999 Quod
1572 3928 1777 3983 acutius
1808 3927 2086 3982 intellexe-

498 4043 643 4097 runt,
674 4033 762 4103 qui
809 4022 908 4084 nec
953 4043 1074 4083 eum
1117 4025 1205 4096 qui
1253 4023 1666 4080 catechumenos
1716 4019 1798 4073 vel
1851 4033 2084 4088 paganus

501 4123 746 4178 habuerit
771 4121 1014 4181 alteram,
1051 4113 1402 4170 ordinandum
1449 4126 1568 4164 esse
1614 4117 1940 4163 censuerunt
1981 4107 2082 4178 (b).

506 4215 578 4268 De
603 4214 948 4267 Sacramento
973 4207 1115 4261 enim
1145 4206 1340 4272 agitur,
1379 4217 1480 4255 non
1510 4201 1576 4254 de
1601 4194 1842 4268 peceato.
1871 4197 2002 4252 Nam
2032 4199 2086 4250 in

503 4304 773 4373 Baptismo
803 4308 1018 4370 peccata
1047 4297 1225 4352 omnia
1252 4294 1612 4349 dimittuntur.
1654 4290 1760 4346 Sed
1801 4291 1890 4361 qui
1930 4289 2084 4355 dixit,

504 4397 565 4451 Si
594 4395 842 4465 acceperis
869 4408 1096 4456 uxorem,
1127 4406 1226 4443 non
1254 4389 1501 4459 peccasti;
1533 4395 1578 4439 et
1603 4387 1646 4440 si
1676 4388 1898 4455 nupserit
1925 4386 2083 4455 virgo,

503 4505 602 4541 non
633 4495 838 4556 peccat;
865 4492 940 4548 et,
973 4481 1118 4548 Quod
1148 4479 1250 4534 vult
1279 4479 1453 4550 faciat,
1483 4493 1581 4530 non
1613 4485 1800 4546 peccat,
1853 4477 1895 4530 si
1937 4475 2090 4529 nubat

502 4573 992 4649 (lCor.vn,28,36)
1014 4591 1027 4627 :
1048 4572 1177 4626 satis
1200 4568 1494 4625 declaravit
1510 4568 1717 4637 nuptias
1740 4567 1938 4620 nullmn
1970 4581 2089 4620 esse

504 4680 796 4741 peccatum.
813 4669 1034 4736 Propter
1050 4663 1376 4720 Sacramenti
1393 4671 1568 4716 autem
1583 4663 1938 4725 sanctitatem,
1954 4659 2091 4712 sicut

504 4762 694 4817 femina
722 4758 930 4816 etiamsi
960 4756 1339 4812 catechumena
1361 4753 1518 4809 fuerit
1537 4753 1747 4817 vitiata,
1782 4765 1887 4807 non
1916 4759 2091 4820 potest

503 4866 623 4926 post
654 4854 979 4925 Baptismqu
1010 4851 1147 4905 inter
1173 4848 1267 4902 Dei
1290 4846 1522 4917 virgines
1541 4845 1878 4908 consecrari;
1899 4845 1968 4897 ita
1983 4859 2089 4898 non

505 4947 732 5004 absurde
761 4945 930 5000 visum
957 4950 1040 4996 est
1067 4955 1190 4996 eum
1219 4938 1308 5009 qui
1352 4940 1588 4994 excessit
1628 4951 1853 4990 uxorum
1898 4950 2089 4990 nume-

506 5055 621 5092 rum
658 5036 1010 5106 singularem,
1039 5046 1147 5087 non
1178 5038 1450 5102 peccatum
1477 5027 1693 5098 aliquod
1723 5025 2086 5092 commisisse,

568 5277 585 5309 ί
604 5276 688 5325 Hic
709 5271 829 5323 editi
844 5269 1044 5335 addunt,
1075 5275 1128 5335 ut
1149 5265 1314 5335 plures
1345 5265 1540 5332 fenum
1571 5265 1658 5319 uni
1692 5266 1796 5320 viro
1815 5265 1909 5320 sint
1933 5279 1951 5318 :
1979 5280 2090 5331 quae

505 5338 657 5389 verba
678 5337 855 5386 absunt
877 5326 940 5382 ab
961 5326 1186 5382 omnibus
1204 5338 1315 5382 Mss.

570 5402 589 5432 ⁸
616 5407 744 5458 Lov.,
769 5401 872 5460 post
893 5393 1082 5445 multos.
1108 5400 1182 5443 Fr.
1209 5401 1262 5443 et
1279 5399 1410 5452 Ilss.,
1433 5403 1520 5455 per
1541 5388 1733 5442 multos.

587 5483 639 5538 a)
671 5478 895 5538 Subaudi,
919 5475 1137 5538 servisse.

589 5533 638 5598 bi
665 5551 762 5593 Hoc
796 5533 1046 5590 intellexit
1076 5537 1220 5587 modo
1242 5537 1514 5586 Ambrosius
1547 5536 1596 5584 in
1627 5535 1772 5598 epist.
1801 5535 1859 5583 ad
1891 5533 2088 5598 Vercel-

505 5596 696 5655 lerisem
717 5601 993 5660 Ecclesium,
1020 5606 1194 5662 eaque
1217 5598 1330 5647 olim
1350 5599 1426 5647 hic
1447 5609 1624 5662 sensus
1642 5596 1842 5662 recepto
1866 5596 2088 5646 Ecclesiae

507 5681 642 5716 more
665 5667 908 5728 probatus.
943 5660 1160 5728 Attamen
1198 5662 1512 5728 Hieronymus
1550 5660 1697 5728 epist._
1718 5660 1776 5728 ad
1802 5665 2083 5728 _0ceanum,

507 5720 682 5796 acriter
703 5727 926 5796 tiu-reque
951 5726 1053 5796 egit
1073 5720 1390 5796 centesimae
1419 5733 1617 5796 sensum
1642 5720 1698 5796 [id
1723 5721 1814 5768 sibi
1844 5721 2087 5782 objectum

517 5799 544 5835 a
561 5783 739 5836 ttuliin
759 5777 964 5836 testatur
984 5777 1038 5834 tu
1071 5780 1166 5834 line
1201 5781 1309 5831 libri
1338 5777 1358 5831 I
1385 5789 1551 5832 contra
1576 5782 1821 5831 Bullinum.

1498 333 1587 390 DE
1624 331 1802 390 ΒΟΝο
1837 327 2232 395 ροαιυιιω,
2257 328 2317 385 S.
2357 325 2727 382 AUGUSTINI

2178 443 2272 498 sed
2303 457 2544 498 normam
2573 443 2854 513 quamdam
2885 443 3216 501 Sacramenti
3246 447 3521 515 amisisse;
3551 465 3661 506 non
3690 453 3760 508 ad

2176 537 2300 590 vita:
2325 537 2478 590 bona:
2503 537 2773 600 meritum,
2798 536 2889 591 sed
2915 538 2978 589 ad
3011 538 3362 594 ordinationis
3381 542 3760 601 ecclesiastica

2177 629 2506 696 signaculum
2521 629 2892 683 necessariam.
2913 630 2988 682 Ac
3006 643 3098 699 per
3109 629 3210 684 hoc
3223 631 3356 685 sicut
3373 632 3551 701 plures
3569 651 3766 691 olores

2178 721 2514 788 antiquorum
2538 731 2744 790 patrum
2772 722 3202 790 significaveruut
3222 721 3428 778 futuras
3456 737 3666 780 nosuas
3697 743 3763 781 ex

2181 811 2426 867 omnibus
2449 813 2690 882 gentibus
2714 814 2981 870 Ecclesias
3007 816 3096 868 uni
3117 815 3232 870 viro
3258 817 3494 872 subditas
3515 819 3762 873 Christo:

2180 904 2253 958 ita
2278 914 2460 960 noster
2479 906 2701 961 antistes
2722 907 2877 961 unius
2900 908 3080 962 uxoris
3106 909 3186 962 vir
3214 909 3478 978 significat
3504 927 3568 965 ex
3595 912 3767 965 omni-

2181 994 2282 1050 bus
2328 997 2574 1066 gentibus
2623 997 2877 1052 unitatem
2916 999 3006 1052 uni
3041 1000 3156 1053 viro
3201 1001 3466 1056 subditam
3516 1000 3762 1064 Christo;

2181 1101 2302 1156 quae
2333 1097 2458 1142 tunc
2500 1079 2839 1157 perficietur,
2868 1105 2987 1143 cum
3032 1091 3346 1146 revelavcrit
3373 1093 3579 1146 occulta
3613 1102 3764 1148 tene-

2183 1176 2439 1244 brarum,
2487 1189 2540 1234 et
2587 1181 3005 1235 manifestaverit
3047 1183 3397 1252 cogitationes
3449 1184 3652 1250 cordis,
3704 1194 3763 1240 ut

2185 1281 2309 1328 tunc
2353 1273 2467 1327 laus
2517 1273 2584 1328 sit
2637 1275 2920 1344 unicuique
2946 1291 2976 1328 a
3026 1275 3136 1330 Deo
3194 1276 3237 1348 (l
3263 1275 3380 1330 Cor.
3411 1292 3481 1341 tv,
3513 1275 3590 1350 5).
3617 1277 3769 1333 Nunc

2183 1373 2361 1418 autem
2405 1372 2527 1419 sunt
2571 1364 2883 1431 manifestae,
2927 1376 3050 1419 sunt
3081 1366 3309 1422 latentes
3338 1368 3699 1424 dissensiones
3721 1369 3763 1433 ί,

2183 1456 2343 1511 etiam
2375 1457 2518 1510 salVa
2548 1455 2826 1522 charitate,
2871 1457 3012 1512 inter
3053 1473 3147 1512 eos
3176 1459 3264 1527 qui
3293 1474 3457 1513 unum
3496 1469 3550 1514 et
3579 1462 3630 1514 in
3663 1475 3769 1514 uno

2184 1546 2345 1601 futuri
2375 1556 2498 1600 sunt
2526 1564 2540 1600 :
2571 1563 2690 1616 quae
2719 1557 2842 1602 tunc
2872 1548 3054 1617 utique
3079 1549 3236 1603 nullae
3262 1558 3439 1604 erunt.
3464 1551 3613 1606 Sicut
3640 1566 3770 1620 ergo

2183 1637 2587 1693 Sacramentum
2631 1638 2910 1707 pluralium
2957 1640 3259 1708 nuptiarum
3309 1641 3450 1696 illius
3513 1644 3772 1712 temporis

2184 1729 2497 1800 significavit
2533 1730 2758 1785 futuram
2808 1731 3201 1786 multitudinem
3235 1733 3343 1786 Deo
3370 1734 3666 1804 subjectum
3716 1737 3773 1791 in

2187 1821 2412 1875 terrenis
2439 1822 2684 1876 oumibus
2707 1822 2988 1890 gentibus;
3021 1825 3097 1876 sic
3127 1822 3529 1878 Sacramentum
3562 1827 3774 1895 nuptia-

2185 1928 2301 1966 rum
2329 1912 2654 1982 singularum
2698 1915 2868 1967 nostri
2914 1915 3170 1984 temporis
3213 1915 3481 1984 significat
3508 1918 3772 1974 unitatem

2185 2005 2423 2058 omnium
2448 2014 2688 2058 nostrum
2718 2005 3011 2072 subjectum
3043 2006 3152 2060 Deo
3180 2005 3410 2062 litturam
3439 2007 3492 2061 lu
3519 2019 3624 2063 una
3653 2023 3769 2066 caa-

2187 2096 2307 2151 lesti
2332 2097 2562 2151 civitate.
2598 2097 2780 2166 Itaque
2811 2097 2947 2150 sicut
2973 2097 3184 2152 duobus
3211 2099 3516 2166 pluribusve
3545 2103 3767 2168 servire,

2185 2186 2264 2242 sic
2305 2201 2335 2240 a
2380 2188 2496 2241 viro
2543 2187 2661 2240 vivo
2691 2189 2745 2240 in
2775 2188 2995 2243 alterius
3025 2189 3252 2242 transire
3277 2190 3599 2245 connubium
3627 2233 3639 2256 ,
3672 2205 3772 2248 nec

2186 2287 2313 2334 tunc
2340 2279 2504 2343 licuit,
2535 2295 2634 2334 nec
2663 2296 2800 2334 nunc
2826 2281 2970 2345 licet,
3003 2295 3101 2334 nec
3131 2293 3364 2351 unquam
3397 2282 3595 2338 licebit.
3627 2285 3771 2353 Apo-

2187 2380 2385 2427 statare
2408 2373 2604 2442 quippe
2629 2371 2695 2426 ab
2726 2388 2830 2426 uno
2862 2373 2990 2438 Deo,
3023 2381 3077 2427 et
3106 2374 3182 2428 ire
3209 2373 3261 2428 in
3305 2375 3527 2430 alterius
3560 2375 3768 2431 adulte-

2189 2462 2359 2517 rinam
2401 2463 2856 2532 superstitionem,
2887 2477 3102 2532 semper
3125 2473 3208 2518 est
3233 2465 3451 2520 malum.
3477 2465 3585 2520 Nec
3610 2481 3772 2522 causa

2185 2569 2314 2626 ergo
2338 2555 2721 2610 uumerosioris
2761 2557 2923 2626 prolis
2950 2557 3191 2612 fecerunt
3213 2558 3383 2613 sancti
3412 2559 3600 2625 nostri,
3629 2559 3771 2629 quod

2184 2646 2316 2704 Cato
2345 2647 2540 2702 dicitur
2582 2647 2774 2703 fecisse
2803 2649 3074 2702 Romanus
3102 2648 3210 2723 (a),
3244 2659 3301 2704 ut
3343 2649 3574 2705 traderet
3618 2651 3772 2705 virus

2187 2757 2408 2796 uxorem
2440 2742 2600 2796 etiam
2627 2741 2848 2796 alterius
2875 2741 3091 2795 domum
3139 2742 3259 2795 llliis
3306 2743 3662 2811 impleturum.
3709 2742 3770 2798 in

2187 2841 2491 2888 nostrarum
2521 2833 2714 2903 quippe
2757 2833 2957 2902 nuptiis
2984 2833 3102 2902 plus
3131 2833 3274 2888 valet
3296 2833 3548 2887 sanctitas
3573 2833 3772 2887 Sacra-

2186 2927 2374 2993 menti,
2397 2939 2554 2996 quam
2583 2926 2881 2982 fecunditas
2909 2927 3070 2981 uteri.

2256 3017 2347 3072 22.
2388 3016 2444 3074 Si
2468 3033 2597 3088 ergo
2625 3027 2680 3072 et
2705 3019 2780 3074 illi
2803 3019 2893 3087 qui
2918 3027 3134 3087 propter
3151 3018 3321 3073 solum
3346 3020 3766 3090 generationem,

2187 3115 2406 3180 propter
2435 3123 2592 3179 quam
2630 3118 2754 3164 sunt
2797 3109 3052 3164 institutae
3091 3112 3287 3179 nuptiae
3313 3151 3326 3172 ,
3355 3110 3768 3180 conjungunttir,

2187 3218 2292 3257 non
2326 3213 2701 3273 comparantur
2746 3205 3002 3272 patrihus,
3037 3203 3203 3256 multo
3249 3205 3404 3258 aliter
3453 3206 3595 3274 ipsos
3631 3205 3769 3261 filios

2186 3309 2344 3365 quam
2375 3295 2460 3350 isti
2488 3295 2881 3365 quaerentibus;
2914 3294 3339 3365 quandoquidem
3370 3296 3533 3351 filium
3577 3297 3770 3354 immo-

2189 3387 2300 3440 lare
2319 3386 2501 3456 jussus
2530 3386 2819 3451 Abraham,
2851 3386 3141 3455 intrepidus
3168 3401 3228 3441 ac
3251 3386 3494 3451 devotus,
3524 3400 3680 3458 quem
3701 3389 3771 3446 de

2188 3487 2334 3532 tanta
2362 3477 2735 3548 deSperatione
2771 3487 3118 3548 susceperat,
3150 3480 3307 3533 unico
3350 3493 3455 3534 non
3498 3485 3770 3552 pepercit.

2188 3570 2290 3625 nisi
2314 3585 2379 3625 eo
2406 3570 2718 3640 prohibente
2762 3585 2978 3624 manum
3029 3569 3355 3640 deponeret,
3405 3583 3510 3640 quo
3551 3572 3774 3642 jubentc

2190 3662 2458 3717 levaverat
2477 3660 2630 3734 (Gen.
2660 3675 2788 3726 χιιι,
2824 3660 2937 3731 Β).

2261 3754 2486 3811 CAPUT
2513 3753 2656 3808 XIX.
2687 3783 2756 3794 -—
2795 3755 2872 3807 Αη
2900 3753 3080 3808 saltem
3108 3755 3412 3808 continentes
3449 3755 3609 3809 nostri
3637 3759 3775 3810 com-

2192 3846 2407 3916 parandi
2433 3847 2531 3899 sint
2556 3845 2772 3914 antiquis
2796 3845 2982 3898 sanctis
3021 3845 3324 3914 coniugatis.
3367 3845 3554 3900 Restat
3591 3842 3650 3898 ut
3694 3845 3776 3899 vi-

2191 3937 2414 3991 deamus
2453 3948 2628 3991 utrum
2659 3935 2849 3991 saltem
2893 3936 3228 3991 continentes
3269 3937 3436 3990 nostri
3477 3933 3774 4007 conﬂigat-is

2193 4029 2299 4084 illis
2345 4029 2581 4098 patribus
2629 4027 2972 4097 comparandi
3017 4027 3158 4092 sint;
3205 4027 3304 4081 nisi
3349 4026 3486 4082 ferte
3525 4027 3634 4096 jam
3685 4027 3771 4081 lati

2195 4121 2512 4192 prmferendi
2532 4131 2656 4175 sunt
2675 4122 2773 4187 eis,
2798 4121 2989 4190 quibus
3016 4120 3250 4175 nondum
3277 4131 3411 4189 quos
3434 4119 3775 4176 conferamus

2195 4214 2511 4267 invenimus.
2545 4212 2711 4280 Majus
2741 4212 2884 4267 enim
2914 4212 3112 4266 bonum
3155 4220 3270 4267 erat
3318 4213 3369 4264 in
3417 4211 3624 4265 illorum
3675 4225 3775 4264 nu-

2195 4309 2337 4377 ptiis,
2362 4322 2518 4375 quam
2547 4316 2626 4361 est
2656 4307 2850 4360 bonum
2879 4307 3150 4375 proprium
3177 4307 3498 4374 nuptiarum,
3527 4302 3609 4357 cui
3645 4313 3771 4370 pro-

2194 4400 2278 4454 cul
2305 4400 2466 4454 dubio
2492 4401 2686 4454 bonum
2719 4400 3059 4453 continentiae
3087 4396 3471 4468 prmferendum
3509 4405 3616 4460 eat;
3649 4396 3776 4465 quia

2196 4507 2303 4546 non
2332 4491 2420 4546 tali
2449 4489 2626 4544 officio
2668 4490 2978 4560 qumr‘ebant
3019 4489 3091 4543 illi
3125 4489 3260 4543 filios
3290 4501 3352 4542 ex
3385 4487 3598 4554 nuptiis,
3630 4487 3772 4556 quali

2196 4584 2459 4638 ducuntur
2482 4581 2593 4648 isti,
2625 4598 2690 4636 ex
2720 4582 2948 4651 quodam
2975 4595 3133 4635 sensu
3156 4579 3355 4632 natura:
3383 4579 3626 4632 mortalis
3655 4587 3770 4630 sine-

2196 4675 2490 4728 cessionem
2541 4672 2837 4725 decessioni
2888 4670 3206 4740 requirentis
3233 4679 3274 4719 θ.
3331 4667 3482 4735 Quod
3536 4668 3773 4736 ηιιὶεςμιὶμ

2195 4765 2394 4819 bonum
2423 4773 2598 4832 negat,
2629 4763 2836 4832 ignorat
2865 4763 3029 4817 Deum
3057 4762 3294 4814 omnium
3323 4761 3580 4812 honorum
3610 4774 3638 4810 τι
3667 4775 3748 4809 (τιιε

2196 4857 2412 4911 lestibus
2443 4871 2608 4924 usque
2634 4856 2698 4908 ad
2734 4867 2974 4918 terrena,
3003 4853 3070 4906 ab
3103 4851 3488 4906 immortalibus
3516 4866 3677 4916 usqu
3709 4857 3772 4900 :tti

2196 4949 2439 5003 mortalia
2466 4955 2784 5000 creatorem.
2814 4947 2924 4999 Hoc
2956 4954 3129 4998 autem
3160 4960 3318 4997 sensu
3357 4941 3642 5012 generandi
3676 4955 3776 4993 nec

2195 5041 2379 5095 bestia:
2416 5039 2625 5108 penitus
2651 5048 2869 5102 carent,
2897 5047 2950 5090 et
2981 5038 3209 5090 maxime
3249 5037 3417 5098 alites,
3456 5047 3679 5103 quarum
3721 5030 3774 5084 in

2197 5141 2443 5202 promptu
2468 5139 2549 5184 est
2568 5145 2696 5184 cura
2717 5128 3039 5191 nidificandi,
3066 5138 3121 5181 et
3145 5125 3384 5196 qumdam
3409 5123 3776 5192 conjugiorum

2195 5224 2486 5280 similitudo
2512 5222 2579 5278 ad
2608 5222 2764 5277 simul
2798 5219 3181 5290 procreandum
3225 5227 3383 5284 atque
3409 5214 3771 5269 nutriendum.

2193 5319 2297 5377 Sed
2326 5319 2398 5373 illi
2427 5317 2668 5372 homines
2697 5316 2854 5368 istum
2887 5321 3087 5364 natura:
3113 5310 3353 5364 mortalis
3377 5308 3642 5368 allectum,
3677 5320 3774 5359 eu-

2189 5412 2279 5481 jus
2305 5411 2356 5465 in
2399 5424 2496 5464 suo
2537 5423 2733 5479 genere
2762 5406 2979 5459 castitas
3009 5401 3296 5456 accedente
3325 5400 3414 5455 Dei
3444 5401 3608 5461 cultu,
3637 5398 3776 5451 sicut

2259 5594 2364 5663 1sic
2387 5600 2490 5642 uss.
2509 5598 2564 5641 At
2587 5590 2705 5640 editi
2728 5601 2743 5638 :
2767 5597 2898 5640 Nunc
2907 5586 3325 5648 autemmam'feste
3347 5590 3454 5636 sunt
3470 5583 3778 5638 iamdu-

2193 5667 2450 5708 εεηδιοηεδ.

2256 5721 2274 5748 ²
2303 5716 2488 5778 Aliquot
2519 5713 2844 5778 manuscripti,
2861 5713 3173 5778 requirentes.

2256 5780 2327 5839 (a)
2359 5773 2472 5827 Cato
2495 5778 2654 5834 Minor,
2680 5776 2802 5837 apud
2830 5773 3065 5826 Plutarch.

3808 5779 3829 5821 ί
