4122 6212
329 499 551 571 quidam
581 498 984 562 intellexerunt,
1012 499 1068 554 in
1091 499 1373 557 tricenario
1394 499 1568 555 fructu
1596 499 1808 569 ponitur
1830 500 1925 572 (a),

330 592 493 665 longe
517 593 785 649 sanctiore
810 598 989 648 mente
1019 594 1366 662 superabant,
1389 595 1476 664 qui
1502 590 1570 649 de
1596 593 1705 647 suis
1727 595 1929 663 nuptiis

331 684 471 738 ﬁlios
502 693 724 756 propter
747 680 1019 739 Christum
1043 685 1372 754 qumrebant,
1402 685 1469 738 ad
1503 701 1671 756 genus
1700 684 1815 755 ejus
1841 700 1927 740 se-

327 774 566 830 cundum
596 791 813 830 carnem
836 774 1268 846 distinguemlum
1293 775 1359 831 ab
1380 778 1628 832 omnibus
1653 778 1925 847 gentibus:

329 866 473 920 Sicut
502 863 611 920 Deo
638 865 929 935 ’diSponere
961 865 1178 935 placuit,
1227 875 1284 921 ut
1330 869 1428 921 hoc
1471 880 1582 939 prae
1627 868 1835 923 caeteris
1860 869 1926 923 ad

328 968 456 1011 eum
498 954 922 1027 prophetantlum
957 959 1174 1022 valeret,
1210 956 1348 1028 quod
1382 958 1836 1030 praenuntiabatur
1860 978 1926 1017 ex

331 1062 440 1117 quo
464 1048 626 1103 etiatn
656 1062 853 1118 genere
879 1057 933 1104 et
958 1064 1021 1103 ex
1053 1064 1154 1119 qua
1184 1060 1342 1121 gente
1367 1060 1510 1107 esset
1536 1051 1586 1105 in
1615 1068 1774 1107 carne
1798 1069 1926 1106 vcn-

331 1148 502 1194 turus.
540 1140 702 1195 Valde
741 1154 870 1211 ergo
896 1152 1201 1196 nostrorum
1244 1142 1479 1198 iidelimn
1520 1142 1681 1199 castis
1728 1146 1924 1216 nuptiis

330 1233 561 1302 amplius
593 1233 789 1287 bonum
816 1242 953 1300 erat,
979 1228 1120 1305 quod
1153 1245 1301 1305 pater
1330 1236 1595 1292 Abraham
1636 1239 1688 1293 in
1715 1254 1813 1295 suo
1843 1240 1921 1296 fe-

330 1341 479 1380 more
506 1336 753 1393 noverat,
780 1328 864 1383 cui
890 1342 1103 1383 manum
1135 1329 1363 1386 subdere
1390 1322 1642 1387 famulum
1666 1328 1843 1402 jussit,
1869 1344 1924 1389 ut

327 1415 396 1471 de
416 1428 586 1472 uxore
607 1433 727 1487 qua:
748 1433 775 1470 a
803 1418 912 1473 ﬁlio
937 1429 1080 1474 esset
1100 1420 1338 1475 ducenda
1359 1423 1562 1491 juraret
1593 1421 1745 1495 (Gen.
1774 1441 1919 1494 xxxv,

326 1505 470 1575 2.4).
502 1507 717 1563 Poneus
755 1510 898 1564 enim
944 1526 1159 1565 manum
1198 1508 1298 1567 sub
1345 1512 1547 1568 femore
1578 1508 1841 1583 hominis,
1869 1528 1924 1573 et

324 1600 513 1669 iurans
544 1615 640 1670 per
671 1600 836 1656 Deum
887 1603 1006 1659 (mli
1034 1644 1047 1668 ,
1082 1604 1207 1673 quid
1241 1602 1381 1659 aliud
1415 1604 1770 1675 signiﬁcabat,
1820 1608 1921 1663 nisi

330 1692 382 1746 in
414 1706 475 1748 ea
505 1707 701 1757 carne,
728 1708 847 1763 quae
882 1711 947 1749 ex
993 1695 1084 1751 illo
1129 1695 1329 1751 femore
1376 1697 1633 1767 originem
1680 1698 1919 1764 duceret,

326 1783 493 1839 Deum
518 1786 642 1841 caeli
672 1800 792 1840 esse
818 1786 1139 1841 venturum?
1171 1786 1372 1842 Bonum
1395 1803 1522 1859 ergo
1543 1798 1668 1844 sunt
1699 1790 1914 1859 nuptiae,

326 1875 381 1930 in
412 1877 605 1946 quibus
634 1885 786 1932 tanto
830 1879 1079 1935 meliores
1121 1889 1247 1936 sunt
1286 1882 1573 1953 conjngati,
1604 1894 1803 1953 quanto
1831 1899 1921 1940 ca-

323 1969 523 2024 stiores
564 1984 629 2024 ac
670 1969 940 2027 ﬁdeliores
988 1971 1155 2027 Deum
1192 1974 1416 2041 timent,
1452 1976 1680 2032 maxime
1706 1978 1750 2031 si
1782 1978 1921 2034 ﬁlios

322 2064 461 2130 quos
502 2063 788 2118 carnaliter
824 2063 1168 2133 desiderant,
1220 2068 1379 2122 etiam
1426 2069 1773 2139 spiritualiter
1816 2088 1916 2128 nu-

246 2148 249 2155 '
323 2152 509 2207 triant.

396 2244 627 2301 CAPUT
644 2246 929 2302 XX.—23.
943 2246 1028 2304 Ea:
1047 2249 1153 2322 lege
1176 2251 1291 2319 puri
1293 2251 1542 2320 ﬁcationis
1558 2258 1671 2325 post
1685 2255 1919 2310 concubi-

323 2344 451 2401 tum,
473 2350 574 2391 non
586 2340 779 2393 ostendi
793 2337 937 2393 illum
951 2358 1056 2395 esse
1070 2353 1351 2412 peccatum.
1371 2334 1447 2397 An
1464 2346 1771 2401 continentes
1787 2364 1921 2402 nunc

324 2428 485 2498 aliqui
529 2430 751 2497 conferri
806 2433 997 2502 possint
1048 2432 1265 2504 antiquis
1311 2429 1551 2489 Patribus
1602 2438 1913 2509 conjugatis.

321 2517 436 2576 Nec
483 2522 627 2592 Quod
679 2523 940 2592 puriﬁcari
987 2523 1096 2579 Lex
1139 2522 1407 2581 hominem
1457 2534 1510 2583 et
1558 2537 1679 2599 post
1728 2530 1919 2600 conju-

322 2612 501 2683 galem
543 2616 880 2670 concubitum
923 2616 1112 2685 jubet,
1162 2627 1436 2687 peccatmn
1476 2634 1597 2676 esse
1637 2618 1914 2689 declarat;

322 2703 374 2759 si
403 2718 511 2759 non
541 2715 624 2760 est
652 2706 742 2761 ille
770 2707 859 2777 qni
889 2706 1183 2763 secundum
1211 2711 1421 2765 veniam
1449 2708 1762 2769 conceditur
1781 2757 1795 2781 ,
1827 2717 1917 2786 qui

322 2795 491 2850 etiam
520 2796 717 2851 nimius
746 2797 965 2868 impedit
998 2801 1286 2856 orationes.
1319 2801 1425 2857 Sed
1452 2803 1588 2859 sicut
1616 2805 1778 2860 multa
1806 2800 1917 2862 Lex

325 2889 483 2957 ponit
512 2890 564 2943 in
612 2894 963 2945 sacramentis
988 2896 1042 2947 et
1072 2890 1276 2948 umbris
1315 2895 1642 2963 futurorum;
1675 2897 1918 2968 quasdam

327 2977 384 3032 in
408 2980 620 3034 semine
663 2981 813 3050 quasi
844 2982 1135 3039 materialis
1178 2984 1478 3041 informitas
1498 3030 1513 3055 ,
1547 3004 1665 3057 qua:
1692 2987 1919 3043 formata

322 3082 525 3140 corpus
546 3062 782 3127 hominis
808 3073 1079 3130 redditura
1102 3085 1184 3131 est
1207 3118 1222 3145 ,
1262 3077 1314 3132 in
1340 3079 1724 3149 signiﬁcatione
1750 3080 1918 3151 posita

325 3172 415 3218 est
458 3164 584 3219 vita:
632 3164 873 3220 informis
921 3177 975 3222 et
1021 3162 1301 3225 inerudito:
1330 3187 1343 3224 :
1372 3187 1401 3225 a
1451 3184 1551 3242 qua
1597 3172 1921 3229 informitate

323 3256 583 3327 quoniam
610 3256 823 3326 oportet
850 3252 1116 3314 hominem
1147 3261 1403 3317 doctrinm
1432 3260 1601 3318 forma
1649 3274 1703 3319 et
1742 3264 1921 3319 crudi-

326 3348 480 3403 tione
511 3348 778 3415 mundari,
808 3350 860 3403 in
892 3351 1049 3421 hujus
1095 3352 1172 3407 rei
1222 3355 1434 3422 signum
1484 3355 1569 3409 illa
1624 3357 1920 3424 puriﬁcatio
1952 3370 1963 3375 '

324 3450 598 3511 prmcepta
638 3446 720 3496 est
764 3448 882 3511 post
920 3442 1142 3499 seminis
1173 3446 1534 3499 emissionem.
1564 3445 1747 3517 Neque
1776 3448 1919 3502 enim

326 3531 468 3585 etin
494 3532 702 3603 somnis
726 3540 942 3603 peccato
965 3534 1021 3588 ﬁt
1046 3534 1101 3600 ις
1141 3544 1189 3589 et
1220 3546 1396 3590 tamen
1424 3538 1581 3591 etiam
1616 3538 1683 3591 ibi
1715 3555 1919 3609 pra-ce-

327 3631 419 3692 pta
443 3632 527 3678 est
554 3623 872 3693 puriﬁcatio.
907 3626 1011 3679 Aut
1035 3627 1080 3680 si
1119 3635 1172 3680 et
1199 3624 1299 3681 hoc
1323 3639 1597 3697 peccatum
1640 3632 1919 3701 quisquam

328 3724 501 3784 potat,
527 3724 636 3768 non
654 3716 922 3769 arbitrans
941 3716 1185 3771 accidere
1210 3718 1309 3771 nisi
1338 3732 1399 3772 ex
1421 3719 1597 3788 aliquo
1621 3718 1921 3789 hujUsmodi

328 3805 622 3871 desiderio,
657 3806 798 3875 quod
831 3808 1016 3876 procul
1042 3809 1202 3863 dubio
1224 3809 1411 3864 falsum
1440 3821 1556 3873 est;
1588 3812 1840 3881 numquid
1868 3822 1923 3867 et

328 3898 486 3952 solita
514 3907 790 3953 menstrua
810 3901 832 3931 ²
878 3909 1091 3968 peccata
1136 3910 1261 3954 sunt
1288 3900 1643 3957 feminarum?
1671 3920 1699 3956 a
1730 3904 1922 3973 quibus

330 3997 512 4043 tamen
560 4002 656 4044 eas
699 3990 884 4045 eadem
934 3991 1090 4062 Legis
1135 4000 1373 4048 vetustas
1421 3996 1673 4064 pmecepit
1722 3996 1921 4064 expiari

330 4078 521 4147 (Leuit.
555 4082 683 4150 xv);
717 4096 821 4135 non
869 4083 966 4135 nisi
1015 4090 1233 4153 propter
1276 4085 1445 4154 ipsam
1478 4085 1808 4140 materialem
1843 4087 1924 4139 in-

329 4168 658 4223 formitatcm
687 4213 701 4236 ,
742 4178 861 4241 quae
898 4171 1039 4226 facto
1059 4184 1322 4244 conceptu
1343 4180 1590 4244 tanquam
1619 4176 1669 4228 in
1692 4176 1925 4230 aediﬁca-

332 4260 540 4314 ti0nent
569 4263 807 4330 corporis
837 4263 1049 4317 additur
1083 4284 1096 4319 :
1139 4278 1202 4321 ac
1231 4280 1324 4335 per
1350 4265 1449 4319 hoc
1477 4281 1596 4319 cum
1627 4266 1924 4323 inibrmiter

337 4351 475 4414 ﬂuit.
505 4352 793 4422 signiﬁcari
827 4368 923 4423 per
952 4356 1095 4409 illam
1120 4358 1201 4411 lex
1227 4356 1391 4410 voluit
1430 4357 1661 4411 animum
1700 4358 1815 4412 sine
1844 4358 1925 4413 di-

331 4444 575 4512 sciplina:
625 4443 793 4497 forma
841 4445 1151 4501 indecenter
1188 4447 1410 4501 liuidum
1457 4456 1521 4501 ac
1568 4447 1921 4516 disSnltltum;

334 4547 494 4603 quem
540 4533 760 4589 formari
791 4547 1042 4605 oportere
1068 4538 1349 4607 significat,
1379 4550 1500 4593 cum
1532 4539 1689 4593 talem
1720 4540 1922 4595 fluxum

331 4626 580 4694 corporis
602 4626 757 4695 jubet
794 4628 1083 4696 purilicari.
1118 4630 1391 4684 Postremo
1417 4629 1673 4701 numquid
1710 4640 1764 4686 et
1788 4633 1925 4687 mori

334 4727 615 4785 peccatum
642 4726 744 4779 est,
768 4726 861 4772 aut
880 4729 1145 4773 mortuum
1169 4721 1399 4790 sepelire
1419 4736 1523 4776 non
1548 4723 1707 4775 etiam
1728 4722 1925 4777 bonum

331 4821 472 4875 opus
496 4807 846 4862 humanitatis
870 4810 986 4864 est?
1015 4819 1071 4864 et
1097 4823 1269 4864 tatnen
1300 4812 1597 4880 puriﬁcatio
1617 4814 1776 4867 etiam
1803 4813 1927 4868 inde

329 4900 587 4955 mandata
616 4910 700 4956 est
725 4900 914 4975 (Nam.
936 4919 1047 4965 xu,
1076 4906 1166 4973 ll)
1189 4921 1203 4968 ;
1229 4907 1350 4973 quia
1373 4914 1426 4960 et
1447 4914 1713 4961 mortuum
1735 4918 1927 4977 corpus

329 4990 440 5044 vita
464 4989 771 5059 deserente,
800 5004 1072 5063 peccatum
1091 5010 1196 5065 nou
1223 5002 1322 5060 est,
1348 4996 1443 5051 sed
1466 5008 1738 5067 peccatum
1766 4998 1929 5069 signi-

330 5085 462 5138 ﬁcat
481 5083 678 5139 anima
704 5085 931 5141 deserta!
955 5103 984 5141 a
1009 5088 1232 5157 justitia.

404 5175 497 5231 24.
542 5177 772 5245 Bonum,
803 5182 1042 5251 inquam,
1067 5191 1191 5235 sunt
1221 5182 1438 5251 nuptiae,
1464 5184 1517 5237 et
1536 5192 1718 5237 contra
1741 5198 1930 5238 omnes

322 5270 632 5327 calumnias
679 5287 898 5345 possunt
929 5292 1055 5331 sana
1086 5278 1292 5332 ratione
1333 5276 1566 5332 defendi.
1609 5276 1817 5348 Nuptiis
1850 5268 1931 5332 ta-

327 5380 462 5423 men
491 5374 798 5422 sanctorum
829 5379 1057 5435 patrum,
1089 5382 1194 5423 non
1222 5384 1353 5439 quas
1384 5370 1615 5439 nuptias,
1649 5368 1741 5425 sed
1772 5386 1930 5441 quam

398 5564 421 5636 ξ
446 5563 523 5636 sic
544 5566 886 5636 potioresgnss.
911 5566 1130 5636 Atediti,
1149 5572 1399 5636 peccatum
1419 5564 1495 5632 ﬁt.

395 5628 422 5659 ³
448 5631 580 5683 llas,
601 5633 650 5677 et
670 5625 812 5677 solita
838 5627 1072 5680 ntatsium
1091 5625 1238 5689 {sive
1271 5633 1394 5681 utin
1419 5625 1763 5681 vetustissimis
1788 5632 1936 5682 scribi

322 5688 610 5745 consuevit,
638 5701 904 5739 mensuum.
934 5692 1048 5741 Hinc
1070 5688 1194 5742 forte
1214 5694 1391 5742 factum
1412 5699 1467 5745 ut
1492 5694 1541 5743 in
1566 5692 1785 5743 editione
1826 5700 1936 5745 Era-

322 5751 428 5803 smi
459 5747 804 5813 tegeretur,.et
827 5750 967 5803 solita
988 5760 1302 5804 menstruum.

400 5806 486 5872 (α)
511 5806 622 5860 'vtd.
646 5806 731 5862 lib.
748 5813 814 5864 de
832 5813 1131 5877 Virginitate,
1155 5818 1263 5878 cap.
1294 5810 1375 5867 48.

1763 380 1968 438 LIBER
2004 380 2208 439 UNUS.

3519 386 3629 447 590

2040 498 2419 553 continentiam
2448 514 2750 570 comparem
2778 514 2961 569 quer
2985 519 2999 556 :
3026 498 3134 555 imo
3162 517 3267 556 non
3292 501 3504 571 nuptias
3526 519 3626 558 nu-

2039 593 2194 661 ptiis;
2231 607 2350 644 nam
2383 608 2474 659 par
2503 593 2551 643 in
2584 591 2829 645 omnibus
2857 608 3048 646 numus
3073 603 3154 646 cst
3194 593 3405 648 mortali
3448 594 3622 650 homi-

2037 701 2161 737 num
2195 696 2395 738 uatura~
2420 684 2597 738 datmn
2620 702 2634 750 ;
2667 686 2755 737 sed
2786 685 3028 740 homines
3048 687 3135 757 qui
3158 688 3353 755 nuptiis
3377 698 3616 755 utuntur,

2034 774 2151 828 aliis
2183 773 2487 828 hominibus
2512 775 2600 845 qui
2634 776 2787 846 longe
2816 777 2969 830 aliter
2999 777 3196 846 nuptiis
3227 778 3303 831 nsi
3336 788 3456 833 sunt
3485 794 3620 849 quos

2033 865 2305 920 conferam
2330 868 2580 936 quoniam
2610 883 2711 920 non
2744 869 2976 934 invenio,
3004 868 3217 938 quinam
3240 869 3576 924 continentes
3598 870 3616 903 ί

2034 954 2140 1011 illis
2165 956 2462 1028 conjugatis
2492 958 2801 1012 confercndi
2832 958 2939 1013 sint
2970 956 3346 1030 requirendum
3373 970 3473 1015 est.
3507 960 3617 1016 Nisi

2032 1049 2170 1106 forte
2195 1049 2465 1105 Abraham
2494 1050 2771 1105 Continere
2798 1068 2856 1105 se
2884 1069 2989 1106 non
3014 1062 3184 1121 posset
3214 1070 3241 1104 a
3270 1054 3466 1122 nuptiis
3495 1068 3615 1122 pro-

2032 1150 2147 1212 pter
2195 1156 2415 1211 regnum
2462 1143 2718 1196 caelorum
2748 1183 2762 1208 ,
2819 1143 2905 1213 qui
2952 1147 3161 1197 unicum
3213 1142 3375 1212 prolis
3404 1144 3614 1214 pignus,

2030 1242 2249 1305 propter
2273 1231 2415 1303 quod
2462 1232 2659 1302 llUpiiiB
2702 1233 2876 1287 charm
2915 1245 3057 1296 sunt,
3107 1235 3275 1304 potuit
3321 1233 3616 1306 intrepidus

2030 1320 2309 1379 immolare
2338 1332 2555 1395 propter
2582 1342 2800 1396 regnum
2830 1327 3105 1380 cwlorum.

2077 1410 2302 1471 CAPUT
2319 1412 2627 1473 XXl.—25.
2649 1417 3017 1487 Distinguenda
3039 1416 3345 1471 continentia
3362 1428 3413 1470 ut
3432 1427 3478 1472 et
3499 1412 3615 1473 alia:

2028 1507 2250 1569 virtutes,
2267 1508 2321 1562 in
2338 1509 2506 1561 habitu
2523 1521 2568 1562 et
2597 1509 2648 1561 in
2674 1527 2840 1577 opere.
2872 1508 3111 1562 Virtutem
3125 1510 3176 1563 in
3191 1510 3362 1563 habitu
3378 1528 3483 1564 esse
3498 1527 3617 1579 pos-

2026 1614 2080 1652 se
2099 1599 2291 1654 etiamsi
2310 1614 2405 1652 non
2423 1601 2483 1653 sit
2502 1599 2552 1653 in
2573 1617 2741 1669 opere,
2762 1601 2964 1655 docetur
2984 1594 3213 1669 exéinpto
3242 1598 3448 1655 Christi.
3476 1599 3616 1656 Con-

2029 1691 2249 1745 tinentia
2264 1691 2478 1760 quippe,
2497 1709 2601 1744 non
2620 1692 2879 1759 corporis,
2900 1690 2993 1747 scd
3015 1692 3176 1746 animi
3196 1694 3359 1746 virtus
3372 1702 3472 1747 est.
3492 1691 3614 1748 Vir-

2028 1780 2165 1836 tutes
2188 1783 2543 1836 autcmanimi
2585 1782 2867 1853 aliquando
2902 1784 2952 1837 in
2988 1800 3153 1855 opere
3187 1784 3611 1850 manifestantur,

2025 1872 2310 1943 aliquando
2336 1875 2385 1927 in
2412 1874 2588 1927 habitu
2611 1874 2943 1937 latent,sicut
2961 1873 3197 1943 martyrii
3218 1872 3381 1928 virtus
3398 1873 3615 1929 emicuit

2026 1966 2374 2036 apparuitque
2405 1966 2681 2020 tolerando
2710 1966 3121 2038 passioncszsed
3141 1983 3296 2037 quam
3319 1965 3468 2021 multi
3493 1974 3617 2022 sunt

2026 2056 2079 2113 in
2108 2058 2294 2114 eadem
2326 2060 2516 2113 virtute
2547 2059 2733 2127 animi,
2753 2060 2943 2130 quibus
2973 2061 3193 2113 teutatio
3221 2058 3513 2130 deest,qua
3545 2058 3615 2123 ,id

2025 2150 2165 2222 quod
2196 2152 2339 2205 intus
2362 2146 2443 2205 est
2468 2154 2518 2205 in
2547 2161 2834 2220 conSpcctu
2865 2151 2992 2219 Dei,
3022 2151 3184 2206 etiam
3229 2150 3280 2206 in
3337 2150 3612 2208 hominum

2024 2242 2309 2313 procedat,
2339 2260 2437 2297 nec
2462 2253 2585 2298 tunc
2605 2259 2725 2298 esse
2753 2240 2988 2311 incipiat,
3012 2242 3104 2296 sed
3137 2254 3259 2298 tunc
3280 2242 3615 2298 innotescat?

2024 2330 2140 2389 Jam
2172 2334 2315 2388 enim
2346 2344 2465 2389 erat
2493 2334 2544 2387 iu
2571 2333 2672 2389 Job
2700 2334 2971 2403 patientia,
3016 2351 3174 2405 quam
3204 2343 3425 2390 noverat
3450 2332 3609 2402 Deus,

2025 2428 2080 2481 et
2103 2423 2189 2479 cui
2219 2424 2581 2479 testimonium
2627 2423 2977 2495 perhibebat;
3008 2425 3100 2479 sed
3130 2424 3434 2481 hominibus
3462 2425 3614 2480 inno—

2026 2514 2128 2571 luit
2152 2516 2456 2569 tcntatiouis
2491 2516 2768 2578 examine;
2797 2525 2850 2569 et
2875 2514 3016 2586 quod
3045 2508 3241 2571 latebat
3267 2516 3608 2583 intrinsecus,

2026 2623 2121 2678 per
2146 2623 2204 2661 ea
2235 2623 2352 2676 qua:
2375 2608 2666 2661 forinsecus
2689 2606 2827 2660 illata
2855 2618 2996 2673 sunt,
3026 2623 3129 2662 non
3158 2616 3359 2671 natum,
3383 2604 3478 2663 sed
3500 2624 3613 2663 ma-

2025 2697 2330 2753 nifestatum
2348 2708 2428 2751 est
2450 2694 2572 2767 (Job
2611 2694 2919 2770 t).tlabebat
2932 2698 3109 2768 utique
3125 2707 3177 2752 et
3192 2696 3502 2753 Timotheus
3516 2698 3617 2754 vir-

2025 2800 2195 2847 tutem
2228 2790 2532 2846 continendi
2563 2807 2593 2845 a
2627 2791 2769 2856 vino,
2793 2807 2949 2861 quam
2969 2807 3072 2845 non
3090 2791 3137 2846 ei
3155 2790 3373 2846 abstulit
3394 2791 3611 2858 Paulus,

2026 2880 2293 2936 monendo
2317 2888 2374 2935 ut
2398 2880 2522 2934 vino
2545 2879 2757 2935 modico
2781 2889 3019 2935 uteretur
3041 2890 3257 2951 prOpter
3278 2878 3613 2938 stomachutn

2026 2980 2075 3029 et
2096 2976 2400 3043 frequentes
2422 2988 2544 3026 suas
2562 2968 2898 3028 inﬁrmitates
2921 2971 2961 3043 (Ι
2988 2970 3125 3026 Tim.
3143 2990 3198 3041 v,
3223 2973 3321 3042 23)
3343 2991 3357 3038 ;
3381 2974 3613 3045 alioquin

2027 3063 2327 3134 perniciose
2355 3062 2600 3126 docebat,
2626 3072 2683 3115 ut
2707 3078 2920 3132 propter
2944 3064 3168 3118 salutem
3193 3064 3434 3133 corporis
3463 3052 3615 3120 iieret

2025 3152 2080 3208 in
2106 3154 2285 3207 animo
2328 3152 2581 3205 damnum
2616 3150 2863 3205 virtutis:
2893 3152 2986 3206 sed
3030 3153 3151 3221 quia
3179 3161 3384 3221 poterat
3410 3162 3468 3206 ea
3509 3151 3615 3207 vir-

2026 3246 2138 3298 tute
2166 3243 2312 3297 salva
2360 3242 2471 3296 ﬁeri
2502 3241 2643 3311 quod
2672 3242 2920 3295 monebat
2942 3282 2957 3308 ,
3003 3241 3075 3295 ita
3106 3241 3342 3296 relaxata
3373 3255 3455 3297 est
3494 3260 3614 3299 cor-

2026 3333 2143 3405 peri
2172 3331 2369 3388 utilitas
2395 3330 2607 3388 bibendi
2634 3375 2649 3399 ,
2695 3342 2752 3387 ut
2795 3343 3035 3389 maneret
3084 3334 3136 3389 in
3182 3335 3359 3389 animo
3404 3328 3615 3393 habitus

2026 3424 2357 3481 continendi.
2403 3422 2519 3495 ipse
2565 3428 2647 3480 est
2692 3426 2836 3480 enim
2881 3416 3110 3491 habitus,
3138 3443 3243 3497 quo
3271 3426 3468 3498 aliquid
3496 3429 3613 3500 agi-

2030 3528 2134 3585 tur,
2157 3535 2279 3573 cum
2300 3535 2433 3588 opus
2460 3528 2569 3587 est;
2594 3534 2715 3572 cum
2746 3525 2921 3573 autem
2954 3535 3059 3573 non
3086 3520 3276 3589 agitur,
3311 3531 3483 3591 potest
3508 3523 3611 3593 agi,

2027 3612 2122 3666 sed
2154 3626 2257 3665 non
2292 3620 2425 3679 upus
2468 3612 2568 3665 est.
2598 3608 2747 3663 llunc
2789 3609 3025 3665 habitum
3064 3611 3204 3666 circa
3231 3613 3615 3672 continentiam

2025 3719 2145 3773 quze
2164 3702 2554 3757 fitaconcubitn
2583 3717 2686 3756 non
2721 3702 2918 3757 habent
2943 3703 3223 3773 illiquibus
3246 3706 3457 3771 dicitur,
3476 3709 3536 3765 Si
3562 3726 3617 3765 se

2026 3810 2127 3848 non
2152 3795 2402 3847 continent
2420 3835 2433 3857 ,
2451 3793 2636 3846 nubant
2669 3792 2713 3861 (l
2736 3792 2854 3847 Cor.
2874 3809 2961 3857 vn,
2989 3788 3065 3865 9).
3085 3794 3237 3850 Hunc
3265 3813 3389 3864 vero
3412 3798 3614 3855 habent

2027 3884 2218 3952 'qulbus
2243 3880 2436 3936 dicitur
2463 3923 2478 3949 ,
2511 3881 2610 3946 Qui
2651 3891 2807 3948 potest
2833 3899 3030 3950 capere,
3062 3886 3229 3953 capiat
3256 3884 3466 3955 (Matt/1.
3499 3904 3615 3956 XIX,

2029 3968 2138 4044 12).
2163 3973 2249 4028 Sic
2276 3975 2354 4027 tisi
2378 3979 2503 4026 sunt
2526 3971 2748 4041 perfecti
2770 3973 2931 4026 animi
2950 3972 3105 4027 bonis
3128 3976 3353 4032 terrenis
3381 3977 3446 4032 ad
3472 3979 3615 4037 aliud

2027 4063 2344 4118 he‘cchariis
2392 4078 2485 4131 per
2529 4062 2669 4116 hunc
2712 4061 2945 4117 habtum
2995 4065 3371 4137 continentiae,
3403 4086 3508 4141 quo
3538 4056 3618 4129 eis
3662 4128 3671 4137 ,

2028 4164 2134 4210 non
2165 4154 2546 4224 obligarentur,
2575 4163 2627 4210 et
2654 4171 2759 4226 quo
2787 4167 3004 4226 possent
3048 4159 3128 4214 eis
3173 4162 3334 4215 etiam
3384 4142 3486 4217 non
3517 4164 3612 4233 uti,

2028 4249 2075 4304 si
2108 4256 2212 4302 non
2241 4260 2374 4317 opus
2398 4257 2562 4304 esset.
2592 4246 2702 4303 Nec
2729 4250 3007 4322 quisquam
3038 4252 3116 4308 eis
3143 4253 3277 4310 bene
3305 4258 3487 4325 utitur,
3516 4256 3617 4315 nisi

2029 4341 2119 4410 qui
2147 4348 2329 4395 etnon
2358 4342 2433 4395 uti
2466 4349 2659 4411 potest.
2694 4340 2838 4397 Multi
2871 4345 3085 4415 quidem
3120 4346 3323 4406 facilius
3352 4367 3411 4406 se
3450 4340 3618 4409 absti-

2031 4442 2159 4489 tteut
2215 4438 2270 4488 ut
2320 4448 2425 4489 non
2493 4442 2747 4499 utantur,
2800 4450 2957 4505 quam
3009 4446 3310 4509 temperent
3366 4454 3422 4499 nt
3481 4438 3617 4503 bene

2032 4534 2245 4580 utantur
2279 4544 2292 4581 :
2325 4541 2483 4580 nemo
2511 4534 2683 4579 tamen
2727 4526 2806 4581 eis
2845 4538 3022 4599 potest
3063 4534 3334 4601 sapienter
3379 4538 3450 4590 uti
3473 4579 3486 4600 ,
3519 4540 3618 4594 nisi

2030 4616 2119 4686 qui
2176 4623 2345 4684 potest
2386 4624 2440 4669 et
2482 4617 2823 4670 continenter
2873 4633 2977 4671 non
3034 4619 3127 4672 uti.
3178 4620 3257 4675 Ex
3303 4623 3403 4678 hoc
3434 4624 3615 4683 habitu

2031 4716 2085 4759 et
2117 4703 2311 4759 Paulus
2347 4700 2575 4767 dicebat,
2606 4704 2725 4758 Scio
2771 4717 2816 4757 et
2860 4696 3118 4762 abundare
3147 4720 3190 4763 et
3217 4715 3482 4781 penuriam
3507 4724 3616 4785 pati

2032 4794 2292 4867 (Philipp.
2318 4810 2387 4859 tv,
2424 4793 2527 4864 l2).
2558 4794 2840 4849 Penuriam
2865 4798 3062 4867 quippe
3084 4801 3212 4868 pati,
3235 4819 3618 4873 quorumcum-

2032 4902 2137 4957 que
2166 4884 2442 4939 hominum
2472 4894 2588 4951 est;
2618 4886 2711 4941 sed
2737 4889 2874 4942 scire
2904 4891 3176 4958 penuriam
3223 4896 3348 4963 pati,
3398 4914 3617 4970 magno-

2035 4996 2152 5036 rum
2179 4990 2280 5033 cst.
2309 4978 2397 5034 Sic
2423 4989 2476 5034 et
2516 4980 2789 5035 abundare
2822 4982 2940 5050 quis
2967 4998 3071 5036 non
3103 4987 3318 5053 potest?
3346 4990 3485 5045 scire
3523 5009 3621 5049 au-

2037 5081 2143 5126 tem
2166 5081 2222 5126 et
2245 5069 2541 5137 abundare,
2570 5084 2674 5124 non
2699 5071 2800 5126 nisi
2822 5084 3006 5125 eorum
3032 5079 3116 5127 est
3143 5089 3276 5145 quos
3302 5077 3622 5140 abundantia

2036 5177 2143 5216 non
2170 5161 2481 5228 corrumpit.

2106 5252 2196 5307 26.
2242 5244 2435 5307 Verum
2482 5261 2541 5306 ut
2590 5254 2826 5323 apertius
2871 5252 3196 5326 intelligatur
3241 5260 3510 5331 quomodo
3556 5264 3627 5322 sit

2040 5344 2205 5398 virtus
2237 5344 2288 5397 in
2322 5342 2525 5407 habitu,
2560 5345 2769 5397 etiamsi
2801 5360 2904 5398 non
2941 5348 3007 5397 sit
3047 5346 3099 5402 in
3128 5364 3309 5419 Opere.
3342 5346 3529 5424 loquor
3556 5356 3626 5414 de

2038 5436 2284 5505 etetnplo
2324 5436 2390 5491 de
2439 5450 2543 5505 quo
2590 5436 2764 5489 nullus
2794 5436 3003 5492 dubitat
3042 5441 3428 5500 catholicoran
3467 5447 3627 5504 Chri-

2040 5528 2364 5584 stianorum.
2387 5528 2639 5583 Dominus
2661 5529 2804 5584 enim
2824 5531 3175 5589 nostchesus
3195 5533 3457 5605 Christus,
3481 5542 3627 5610 quod

2043 5624 2097 5679 in
2123 5624 2344 5678 veritate
2371 5623 2548 5678 carnis
2575 5624 2824 5678 esurierit
2864 5639 2928 5677 ac
2972 5625 3184 5693 sitierit,
3230 5628 3625 5699 manducaveri,

2044 5721 2099 5771 et
2125 5714 2337 5781 biberit,
2363 5713 2537 5769 nullus
2574 5715 2793 5787 ambigit
2818 5730 3002 5770 eorum
3033 5717 3124 5786 qui
3150 5733 3218 5774 ex
3242 5704 3357 5792 ejus
3386 5712 3603 5799 Evange

2113 5834 2132 5862 ⁸
2152 5830 2226 5883 sic
2245 5835 2351 5881 Iss.
2377 5836 2432 5883 At
2452 5831 2586 5893 editi,
2608 5830 2842 5895 quonde
2863 5827 3171 5886 continentes.
