4142 6212
526 325 625 388 39!

529 443 604 497 lio
633 439 817 496 ﬁdeles
839 445 980 494 sunt.
1010 435 1147 494 Num
1175 435 1334 508 igitur
1361 450 1467 490 non
1495 445 1608 490 erat
1639 437 1688 488 iu
1718 435 1808 489 illo
1835 435 2114 488 continen-

537 536 625 590 tize
652 535 821 589 virtus
849 548 878 586 a
907 530 1026 586 cibo
1055 539 1108 584 et
1137 537 1262 598 potu
1283 569 1297 593 ,
1327 539 1525 598 quanta
1553 536 1668 582 erat
1698 527 1750 581 in
1782 527 1987 581 Joanne
2022 527 2120 579 Ba-

533 626 724 698 ptista?
765 625 906 678 Venit
945 623 1077 677 enim
1105 620 1330 675 Joannes
1374 638 1477 674 non
1508 621 1820 673 manducans
1857 635 2014 689 neque
2043 619 2119 670 bi-

533 720 649 773 bens
666 735 684 782 ;
713 727 759 770 ct
784 716 1048 778 dixerunt,
1079 713 1394 766 Dtemonium
1426 712 1571 766 habet
1602 729 1619 766 :
1649 714 1778 765 venit
1830 710 1992 764 Filius
2024 711 2122 764 Ito-

533 811 680 864 minis
707 819 753 861 et
779 807 1088 861 ntanducans
1112 814 1157 860 et
1186 806 1391 869 bibens;
1422 815 1466 858 et
1496 804 1754 871 dixerunt,
1797 802 1930 857 Ecce
1964 818 2122 856 vorax

537 911 581 953 et
610 909 810 970 potator
843 899 944 952 vini
970 899 984 929 ⁸
1009 941 1024 964 ,
1057 899 1247 952 amicus
1277 896 1660 967 publicanorum
1705 907 1751 949 et
1782 904 2118 965 peccatorum.

533 988 795 1060 Numquid
813 1003 918 1043 non
944 988 1064 1043 talia
1086 988 1334 1042 dicuntur
1361 989 1411 1042 in
1444 987 1767 1042 domesticos
1787 987 1921 1056 ejus,
1947 997 2125 1057 patres

535 1093 768 1149 nostros,
801 1097 866 1138 ex
893 1081 998 1136 alio
1037 1097 1235 1152 genere
1266 1081 1449 1136 utendi
1497 1081 1724 1136 terrenis
1752 1089 2010 1150 quantum
2055 1078 2123 1133 ad

535 1174 876 1230 concubitum
903 1173 1134 1244 pertinet
1159 1192 1170 1227 :
1198 1175 1336 1229 Ecce
1364 1173 1607 1228 homines
1637 1172 1908 1228 libidinosi
1938 1181 1990 1226 et
2019 1171 2121 1226 im-

536 1265 749 1329 mundi,
780 1272 1050 1321 amatores
1095 1265 1413 1321 feminarum
1444 1273 1498 1320 et
1523 1264 1901 1319 lasciviarum?
1947 1263 2015 1318 Et
2043 1272 2126 1317 ta-

536 1373 664 1414 men
687 1358 825 1414 sicut
851 1356 907 1412 in
932 1357 1023 1412 illo
1063 1357 1194 1413 illud
1223 1374 1333 1412 non
1361 1367 1477 1413 erat
1511 1372 1734 1421 verum;
1765 1356 2009 1426 quamvis
2036 1371 2128 1410 vc-

537 1466 659 1507 rum
709 1458 893 1519 esset,
949 1451 1092 1522 quod
1141 1467 1250 1506 non
1305 1451 1442 1506 sicut
1483 1450 1718 1506 Joannes
1765 1451 2055 1505 abstineret
2097 1465 2128 1504 a

538 1541 912 1598 manducando
942 1549 997 1597 et
1024 1541 1293 1607 bibendo;
1339 1543 1453 1611 ipse
1497 1541 1640 1596 enim
1679 1541 2014 1610 apertissime
2036 1555 2131 1595 ve-

541 1635 858 1706 rissimequc
895 1634 991 1699 ait,
1029 1633 1174 1688 Venit
1212 1633 1439 1689 Joannes
1469 1650 1571 1688 non
1611 1633 1942 1700 manducone,
1972 1650 2132 1703 neque

541 1728 745 1791 bibens;
777 1727 908 1781 venit
938 1724 989 1780 F
990 1726 1110 1780 ilius
1145 1725 1360 1780 hominis
1385 1724 1699 1779 manducans
1728 1733 1772 1778 et
1802 1724 1972 1778 bibens
1999 1740 2018 1777 :
2054 1724 2132 1779 sic

541 1833 642 1874 nec
671 1817 773 1872 hoc
810 1817 862 1871 in
892 1817 996 1871 illis
1021 1817 1264 1886 patribus
1294 1831 1478 1870 verum
1515 1825 1629 1882 cst;
1659 1815 1901 1885 quamvis
1926 1815 2133 1870 venerit

545 1909 708 1964 modo
736 1908 1022 1976 Apostolus
1044 1907 1241 1962 Christi
1267 1922 1371 1961 non
1393 1907 1705 1976 conjugatus
1726 1921 1824 1961 nec
1845 1919 2130 1977 generans,

544 2016 702 2070 quem
729 1999 906 2056 dicant
933 2000 1154 2070 Pagaui,
1182 1999 1362 2070 Magus
1390 2008 1539 2064 erat;
1570 1999 1774 2054 venerit
1802 2007 1978 2053 autem
2008 2008 2134 2055 tunc

544 2089 812 2159 Propheta
840 2089 1039 2144 Christi
1069 2090 1279 2159 nuptias
1324 2088 1524 2143 faciens
1559 2098 1612 2143 et
1652 2088 1789 2142 filios
1821 2103 2130 2158 procreatis,

543 2196 702 2251 quem
728 2180 908 2235 dicant
933 2180 1228 2245 Manichaei,
1253 2179 1567 2234 Mulierosus
1587 2188 1706 2234 erat
1731 2197 1743 2232 :
1772 2177 1838 2231 Et
1847 2180 2135 2250 justi/icata

544 2284 637 2341 est,
675 2272 868 2344 inquit,
896 2274 1142 2344 sapientia
1171 2290 1201 2325 a
1227 2273 1348 2341 [iliis
1388 2273 1493 2326 suis
1523 2269 1735 2344 (Matth.
1769 2289 1819 2326 xl
1842 2315 1856 2338 ,
1885 2273 1952 2328 18
1973 2315 1986 2337 ,
2019 2273 2131 2343 l9).

544 2361 697 2429 Quod
731 2362 986 2417 Dominus
1029 2363 1101 2416 ibi
1129 2362 1354 2432 subjecit
1379 2405 1392 2429 ,
1420 2378 1541 2417 cum
1571 2362 1639 2418 de
1663 2363 1870 2418 Joanne
1895 2379 1958 2418 ac
1982 2365 2048 2419 de
2075 2380 2135 2420 se

543 2455 632 2510 illa
659 2455 880 2510 dixisset
910 2473 922 2508 :
955 2455 1246 2525 Justiﬁcata
1271 2463 1341 2508 est
1361 2497 1376 2519 ,
1418 2455 1623 2525 inquit,
1652 2457 1900 2525 sapientia
1937 2473 1968 2509 a
2011 2457 2135 2526 ﬁliis

541 2547 666 2602 suis.
696 2548 796 2617 Qui
823 2547 1005 2603 vident
1026 2547 1372 2602 continentize
1400 2547 1652 2601 virtutem
1679 2547 1732 2601 in
1765 2547 1946 2602 habitu
1968 2547 2134 2602 animi

542 2655 756 2712 semper
778 2655 898 2696 esse
923 2640 1138 2707 debere,
1189 2641 1243 2693 in
1282 2654 1445 2709 opere
1479 2647 1658 2694 autem
1708 2654 1804 2708 pro
1847 2655 2024 2694 rerum
2071 2654 2134 2694 ac

544 2740 849 2801 temporum
903 2732 1302 2802 opportunitate
1346 2731 1674 2785 manifestari
1721 2747 1734 2782 :
1782 2730 1918 2784 sicut
1967 2731 2133 2785 virtus

546 2826 811 2896 patientia:
860 2835 1166 2880 sanctorum
1217 2833 1512 2896 martyrum
1558 2824 1610 2878 in
1658 2837 1822 2893 opere
1865 2825 2129 2894 apparuit,

542 2925 859 2972 caeterorum
890 2930 1018 2971 vero
1047 2929 1198 2985 teque
1227 2923 1534 2969 sanctorum
1559 2914 1611 2968 in
1627 2912 1818 2968 habitu
1847 2913 1962 2968 fuit.
1988 2915 2134 2980 Quo-

542 3008 682 3063 circa
709 3007 849 3062 sicut
867 3001 973 3062 non
1003 3015 1088 3062 est
1116 3007 1286 3075 impar
1311 3007 1559 3060 meritum
1593 3004 1862 3076 patientiae
1893 3006 1945 3059 in
1973 3005 2134 3061 Petro

541 3097 630 3169 qui
671 3112 858 3168 passus
886 3104 1001 3164 est,
1033 3102 1090 3152 et
1117 3096 1170 3150 in
1198 3091 1404 3150 Joanne
1429 3095 1519 3164 qui
1549 3109 1737 3165 passus
1767 3110 1872 3150 non
1895 3106 1978 3151 est
2009 3116 2021 3151 :
2054 3098 2134 3152 sic

543 3205 650 3246 non
679 3198 762 3245 est
789 3189 958 3259 impar
1004 3188 1254 3243 meritum
1297 3187 1640 3243 continentia:
1685 3187 1737 3242 in
1784 3187 1990 3244 Joanne
2041 3190 2132 3259 qui

541 3281 712 3338 nullas
736 3289 988 3352 expertus
1026 3289 1109 3336 est
1154 3280 1367 3350 nuptias
1394 3278 1498 3351 (a),
1526 3288 1580 3334 et
1624 3280 1676 3333 in
1723 3279 1993 3335 Abraham
2041 3283 2131 3351 qui

543 3374 680 3431 ﬁlios
706 3374 999 3446 generavit.
1024 3372 1092 3428 Et
1113 3372 1256 3428 illius
1277 3373 1420 3428 enim
1447 3372 1722 3428 caelibatus
1737 3413 1754 3439 ,
1776 3382 1830 3428 et
1849 3373 1990 3428 illius
2010 3389 2133 3428 con-

541 3466 763 3521 nubium
809 3480 907 3535 pro
937 3473 1236 3534 temporum
1281 3463 1654 3520 distributione
1697 3463 1910 3519 Christo
1936 3465 2130 3520 milita-

540 3567 666 3614 runt
691 3576 704 3612 :
727 3558 820 3613 sed
844 3556 1224 3613 continentiam
1247 3556 1481 3612 Joannes
1499 3564 1553 3612 et
1573 3555 1626 3611 in
1648 3570 1829 3626 opere,
1861 3555 2130 3612 Abraham

541 3666 669 3708 vero
694 3652 745 3706 in
769 3651 885 3706 solo
909 3650 1096 3705 habitu
1126 3649 1373 3706 habebat.

609 3742 835 3801 CAPUT
874 3741 1221 3798 XXll.—27.
1254 3742 1575 3796 Continentia
1593 3741 1647 3794 in
1669 3740 1889 3811 antiquis
1915 3741 2088 3795 habitu
2112 3783 2126 3806 ,

539 3852 673 3891 nunc
701 3843 866 3889 autem
888 3850 1036 3905 Opere
1073 3833 1306 3888 tenenda.
1336 3833 1790 3887 Jovinianistarum
1821 3834 2128 3902 percontatio

539 3925 848 3998 exploditur.
882 3924 977 3979 lllo
1017 3924 1194 3995 itaque
1225 3934 1464 3994 tempore
1490 3938 1612 3979 cum
1639 3931 1694 3978 et
1737 3923 1843 3989 lex,
1871 3924 1985 3978 dies
2025 3924 2128 3978 Pa-

541 4018 894 4072 triarcharum
935 4018 1298 4088 subsequens,
1343 4015 1684 4071 maledictum
1726 4015 1877 4083 dixit,
1906 4017 1996 4086 qui
2021 4032 2130 4073 non

538 4111 798 4166 excitaret
839 4125 1023 4165 semen
1067 4110 1120 4164 in
1163 4110 1325 4165 Israel
1356 4108 1532 4181 (Deut.
1563 4126 1674 4164 xxv
1703 4152 1716 4175 ,
1747 4111 1927 4182 5-10),
1959 4121 2012 4167 et
2039 4112 2128 4182 qui

538 4208 748 4270 poterat
787 4213 892 4253 non
934 4199 1250 4268 promebat,
1280 4199 1375 4254 sed
1405 4207 1583 4255 tamen
1625 4201 1872 4258 habebat.
1911 4204 1994 4258 Ex
2022 4218 2128 4274 quo

539 4299 718 4346 autem
761 4291 904 4344 venit
935 4290 1210 4358 plenitudo
1238 4291 1495 4358 temporis
1523 4290 1719 4362 (Galat.
1750 4310 1821 4361 Iv,
1851 4296 1928 4364 4),
1957 4304 2015 4350 ut
2039 4297 2125 4352 di-

537 4389 770 4449 ceretur,
802 4378 901 4446 Qui
925 4389 1085 4452 potest
1109 4397 1310 4451 capere,
1337 4381 1544 4450 capiat;
1573 4398 1639 4437 ex
1677 4383 1768 4437 illo
1811 4401 1982 4456 usque
2029 4386 2126 4443 ad-

538 4472 662 4540 huc,
691 4481 746 4529 et
771 4471 1022 4542 deinceps
1048 4487 1216 4543 usque
1239 4473 1290 4526 in
1324 4471 1505 4537 ﬁnem,
1537 4473 1628 4544 qui
1661 4473 1822 4529 habet
1842 4485 2123 4545 operatur;

537 4566 628 4637 qul
656 4564 864 4635 operari
893 4562 1146 4631 noluerit,
1182 4579 1290 4618 non
1339 4579 1398 4619 se
1444 4563 1642 4620 habere
1689 4568 1994 4622 mentiatur.
2047 4570 2124 4624 Ac

535 4671 633 4727 per
658 4655 760 4711 hoc
788 4655 856 4710 ab
903 4654 982 4710 eis
1020 4655 1112 4724 qui
1157 4663 1505 4725 corrumpunt
1532 4657 1700 4710 honos
1745 4673 1924 4712 mores
1954 4658 2125 4713 collo-

535 4749 674 4821 quiis
699 4749 854 4804 malis
895 4747 955 4819 (1
983 4747 1102 4803 Cor.
1135 4765 1234 4814 xv,
1268 4749 1374 4818 55)
1405 4789 1419 4813 ,
1464 4749 1606 4804 inani
1647 4760 1699 4804 et
1727 4767 1857 4805 vana
1890 4753 2124 4808 versutia

533 4840 729 4896 dicitur
773 4839 974 4895 homini
1020 4838 1313 4894 christiano
1342 4841 1636 4896 continenti
1685 4850 1738 4896 et
1781 4843 1990 4912 nuptias
2033 4859 2122 4898 re-

599 5057 614 5087 ι
636 5054 1002 5118 antiquissimus
1021 5053 1508 5118 Corbeiensis__codex
1533 5066 1644 5102 cum
1672 5055 1924 5118 _Bigo_tiano
1947 5064 2050 5118 Ms.,
2074 5062 2124 5109 et

532 5113 737 5167 uinaria.
760 5113 911 5165 'Editio
935 5122 1007 5164 Er.
1024 5128 1135 5165 cum
1158 5113 1401 5164 nomiullis
1422 5122 1550 5173 313%.,
1569 5121 1614 5163 et
1640 5113 1850 5167 rindrius
1874 5130 1890 5166 :
1915 5119 1972 5166 ad
1992 5113 2122 5169 mar-

565 5180 700 5250 inem
723 5189 842 5227 vero
862 5177 1030 5238 habet,
1069 5195 1092 5224 ι
1123 5177 1269 5236 Alias,
1307 5176 1553 5227 vinaurius
1569 5190 1587 5237 ;
1625 5194 1647 5221 ιο
1692 5178 1817 5227 forte
1871 5193 1976 5242 pro,
2015 5181 2119 5232 vin-

599 5253 734 5290 unus
741 5277 750 5286 .

592 5301 666 5364 (τι)
699 5300 1302 5364 sequiturjlierouymum,
1321 5302 1402 5363 qui
1433 5303 1483 5350 in
1510 5300 1635 5351 libro
1658 5302 1894 5353 adversus
1915 5307 2120 5356 Jovinia-

528 5362 645 5427 num
667 5362 823 5427 primo
842 5362 1012 5427 scribit
1032 5362 1265 5409 Joannem
1301 5362 1544 5424 perpetuo
1561 5366 1802 5426 virginem
1823 5365 2001 5427 fuisse,
2029 5382 2122 5419 nec

527 5423 941 5492 aliam—exstitisse
952 5434 1150 5492 causam
1166 5435 1253 5492 cur
1270 5437 1299 5492 a
1321 5423 1519 5474 Domino
1545 5423 1738 5475 caeteris
1760 5423 1996 5489 Apostolis
2013 5430 2122 5492 plus

527 5493 714 5552 amatus
731 5486 812 5534 sit.
839 5483 1084 5552 virginem
1105 5484 1233 5532 enim
1255 5485 1317 5552 ab
1341 5498 1400 5533 eo
1416 5494 1666 5552 repertum
1691 5501 1745 5536 ac
1764 5483 1891 5550 pene
1916 5483 2121 5552 puerum

524 5545 1139 5612 Hieronymuscontendit,
1168 5547 1437 5612 probatque
1453 5545 1602 5611 {quia
1621 5585 1634 5608 ,
1655 5545 1811 5612 inquit
1826 5585 1840 5609 ,
1872 5569 1894 5596 (ι
1916 5545 2119 5603 inanife-

533 5626 557 5656 ι
581 5607 793 5676 sussilite
821 5608 1009 5676 docent
1039 5607 1384 5676 ecclesiasticae
1430 5607 1641 5659 historire
1659 5647 1672 5670 ,
1693 5607 1833 5673 quod
1866 5626 2023 5676 usque
2059 5616 2121 5666 ad

531 5687 558 5716 α
579 5671 765 5733 'I‘rajani
788 5671 967 5734 vixerit
996 5671 1279 5734 imperium,
1292 5670 1340 5718 id
1363 5679 1469 5729 est,
1493 5680 1598 5733 post
1623 5670 1897 5734 paséionem
1937 5670 2119 5727 homini

533 5749 557 5799 ᾳ
579 5732 890 5794 sexagesimo
911 5739 1230 5799 octavoanno
1252 5732 1521 5799 dormierit.
1542 5751 1562 5778 »
1594 5732 1763 5785 Confer
1798 5740 2043 5799 Augustini
2069 5741 2118 5789 in

525 5792 760 5848 Joannem
782 5799 1054 5842 Tractatum
1082 5792 1184 5853 124,
1211 5806 1259 5840 ιι.
1285 5794 1332 5843 7.

1533 320 1618 374 DE
1660 317 1836 374 ΒΟΝΟ
1876 314 2268 382 CONJUGALI,
2314 318 2370 374 S.
2418 321 2787 381 AUGUSTINI

3707 326 3832 388 593

2234 438 2437 492 cusanti
2460 480 2473 505 ,
2516 439 2593 494 Tu
2621 455 2748 511 ergo
2775 441 2965 496 melior
2989 455 3148 512 quam
3178 442 3486 499 Abraham?
3529 443 3684 513 Quod
3731 446 3834 506 ille

2229 543 2348 583 cum
2378 531 2640 607 audierit,
2671 548 2776 588 non
2807 535 3185 603 perturbetur;
3220 552 3318 591 nec
3355 537 3552 594 audeat
3593 539 3779 598 dicere
3807 584 3832 612 ,

2230 621 2437 688 Melior,
2466 639 2564 678 nec
2590 641 2618 678 a
2651 626 2924 695 proposito
2951 626 3230 684 delabatur
3275 647 3287 682 :
3335 629 3466 686 illud
3515 636 3658 687 enim
3713 650 3832 691 non

2231 729 2358 768 vere
2383 713 2532 780 dicit,
2565 716 2665 771 hoc
2697 732 2799 772 non
2832 727 2975 772 recte
3005 717 3152 772 facit.
3196 719 3304 774 Sed
3348 720 3530 786 dicat,
3561 723 3676 794 Ego
3706 727 3838 796 qui-

2231 803 2351 858 dem
2384 820 2490 859 non
2517 823 2634 861 sum
2662 808 2856 863 melior
2881 824 3037 879 quam
3066 810 3360 874 Abraham.
3391 813 3486 868 sed
3513 816 3706 870 melior
3733 825 3826 872 est

2231 899 2447 952 castitas
2473 899 2716 955 caelibum
2755 916 2914 970 quam
2956 906 3174 958 castitas
3215 906 3518 976 nuptiarum
3551 927 3564 962 :
3595 925 3832 979 quarum

2232 989 2500 1046 Abraham
2547 1007 2707 1046 unam
2750 993 2976 1048 habebat
3021 995 3073 1049 in
3105 1012 3238 1061 usu,
3287 999 3471 1054 ambas
3513 1000 3566 1055 in
3616 1001 3831 1060 habitu.

2231 1085 2390 1142 Caste
2427 1088 2624 1158 quippe
2662 1091 3013 1158 conjugaliter
3037 1092 3166 1146 vixit
3215 1108 3230 1147 :
3271 1109 3389 1149 esse
3426 1104 3603 1151 autem
3643 1111 3834 1156 castus

2233 1182 2349 1236 sine
2374 1183 2622 1253 conjugio
2645 1184 2831 1253 potuit,
2861 1185 2955 1240 sed
2985 1193 3110 1240 tunc
3137 1202 3244 1241 non
3273 1191 3527 1258 oportuit.
3555 1191 3669 1262 Ego
3695 1209 3833 1250 vero

2233 1273 2439 1332 facilius
2467 1292 2572 1332 non
2603 1286 2724 1332 utor
2753 1279 2949 1348 nuptiis
2989 1279 3183 1349 quibus
3231 1291 3317 1337 est
3355 1297 3484 1338 usus
3527 1285 3830 1353 Abraham,

2232 1382 2392 1438 quam
2429 1367 2508 1422 sic
2537 1376 2656 1422 utar
2684 1369 2881 1438 nuptiis
2906 1370 3358 1440 quemadmodum
3388 1383 3472 1429 est
3499 1391 3628 1431 usus
3657 1370 3836 1432 ΑΙ)ωέ

2234 1458 2360 1515 ham
2391 1479 2404 1515 :
2433 1471 2489 1516 et
2514 1461 2634 1516 ideo
2665 1463 2853 1518 melior
2881 1479 3001 1519 sum
3033 1465 3139 1520 illis
3163 1466 3256 1536 qui
3286 1483 3378 1537 per
3405 1470 3567 1525 animi
3596 1472 3832 1527 inconti-

2237 1554 2474 1609 nentiam
2517 1570 2626 1609 non
2656 1565 2880 1625 possunt
2907 1558 3047 1627 quod
3078 1575 3198 1629 ego,
3231 1577 3336 1615 non
3364 1561 3468 1616 illis
3493 1563 3585 1635 qui
3610 1576 3834 1636 propter

2237 1645 2493 1715 temporis
2534 1645 2887 1702 differentiam
2935 1665 3041 1703 non
3073 1651 3312 1707 fecerunt
3350 1654 3493 1724 quod
3523 1671 3642 1726 ego.
3671 1658 3832 1726 Quod

2237 1738 2379 1792 enim
2408 1752 2508 1808 ego
2534 1754 2676 1794 nunc
2700 1754 2820 1808 ago,
2847 1741 3041 1797 melius
3061 1743 3136 1797 illi
3163 1744 3419 1814 egissent,
3444 1748 3487 1801 si
3511 1757 3636 1803 tunc
3664 1765 3834 1821 agen-

2237 1827 2363 1882 dum
2393 1837 2579 1884 esset:
2628 1831 2772 1900 quod
2813 1841 2992 1887 autem
3046 1833 3121 1888 illi
3164 1845 3426 1905 egerunt,
3460 1839 3536 1893 sic
3574 1855 3673 1910 ego
3718 1857 3833 1900 non

2237 1932 2472 1990 agerem,
2504 1928 2558 1974 et
2599 1921 2644 1974 si
2687 1937 2828 1977 nunc
2854 1923 3117 1993 agendum
3161 1934 3324 1982 esset.
3358 1928 3464 1982 Aut
3490 1930 3537 1985 si
3579 1932 3737 1986 talem
3768 1947 3833 1990 se

2238 2009 2339 2064 iste
2391 2011 2552 2065 sentit
2597 2019 2651 2066 et
2701 2013 2880 2078 novit,
2911 2022 2970 2067 ut
2995 2014 3142 2070 salva
3171 2025 3226 2072 et
3253 2029 3601 2088 permanente
3645 2022 3699 2078 in
3728 2022 3830 2079 ha-

2238 2100 2350 2154 bitu
2376 2101 2539 2155 animi
2568 2102 2653 2156 sui
2677 2103 2873 2157 virtute
2897 2105 3260 2174 continentiae,
3285 2111 3330 2164 si
3349 2110 3413 2165 ad
3438 2126 3590 2167 usum
3619 2116 3833 2186 nuptia-

2240 2209 2358 2247 rum
2397 2210 2462 2249 ex
2510 2195 2686 2266 aliquo
2729 2196 3004 2266 religionis
3034 2199 3213 2256 ofﬁcio
3255 2202 3657 2272 descendisset,
3705 2209 3832 2266 talis

2239 2287 2463 2342 maritus
2505 2297 2558 2343 et
2603 2289 2723 2345 talis
2768 2299 2918 2360 pater
2945 2301 3123 2361 esset,
3162 2296 3336 2365 qualis
3380 2296 3480 2353 fuit
3516 2300 3828 2368 Abraham;

2239 2378 2432 2432 audeat
2465 2382 2618 2449 plane
2646 2382 2974 2452 respondere
3022 2385 3100 2440 illi
3145 2388 3384 2458 captioso
3427 2391 3827 2464 interrogatori,

2239 2477 2293 2523 et
2312 2468 2509 2534 dicere,
2528 2469 2642 2526 Non
2671 2486 2789 2526 sum
2819 2473 3033 2544 quidem
3059 2477 3252 2534 melior
3269 2495 3428 2550 quam
3450 2481 3741 2552 Abraham,
3773 2486 3828 2542 in

2241 2561 2342 2615 hoc
2372 2560 2630 2616 duntaxat
2656 2579 2853 2633 genere
2876 2568 3220 2624 continentiae
3245 2610 3260 2635 ,
3287 2587 3393 2642 qua
3422 2573 3512 2630 ille
3536 2590 3642 2630 non
3668 2591 3827 2633 care-

2242 2649 2347 2715 bat,
2378 2651 2477 2706 etsi
2507 2667 2614 2706 nou
2649 2655 2974 2725 apparebat;
3024 2658 3120 2714 sed
3163 2675 3282 2716 sum
3331 2663 3486 2729 talis,
3536 2681 3643 2720 non
3681 2667 3828 2725 aliud

2240 2738 2443 2796 habens
2467 2784 2481 2808 ,
2511 2743 2606 2798 sed
2633 2745 2774 2800 aliud
2803 2761 2986 2818 agens.
3020 2749 3171 2806 Dicat
3197 2752 3353 2822 plane
3378 2754 3476 2810 ista
3507 2773 3521 2810 :
3554 2757 3672 2826 quia
3699 2767 3752 2814 et
3779 2760 3827 2815 si

2239 2833 2465 2887 voluerit
2491 2834 2740 2904 gloriari,
2770 2852 2873 2891 non
2909 2839 3012 2895 erit
3055 2841 3347 2913 insipiens;
3377 2847 3650 2904 veritatem
3681 2852 3827 2907 enim

2239 2924 2386 2980 dicit.
2415 2924 2469 2980 Si
2492 2937 2668 2982 autem
2695 2931 2883 2997 parcit,
2913 2947 2980 2986 ne
3005 2933 3124 3002 quis
3149 2949 3272 2990 eum
3300 2937 3569 2994 existimet
3593 2957 3753 3012 super
3772 2943 3827 3000 id

2239 3015 2378 3084 quod
2425 3031 2545 3070 eum
2582 3017 2746 3085 videt,
2775 3028 2865 3074 aut
2890 3022 3036 3077 audit
3061 3023 3260 3095 aliquid
3286 3043 3351 3082 ex
3376 3028 3466 3084 illo
3499 3029 3567 3101 (ll
3587 3030 3704 3088 Cor.
3727 3050 3821 3099 xu,

2239 3107 2294 3176 6)
2318 3125 2330 3172 ;
2360 3110 2563 3164 auferat
2582 3127 2610 3165 a
2637 3127 2861 3182 persona
2883 3131 2976 3169 sua
2995 3117 3194 3173 nodum
3207 3122 3542 3190 quaestionis,
3559 3134 3615 3180 et
3636 3141 3738 3181 non
3756 3127 3825 3185 de

2240 3200 2456 3256 homine
2474 3243 2489 3268 ,
2523 3203 2618 3258 sed
2645 3204 2712 3259 de
2735 3221 2792 3260 re
2814 3207 2927 3276 ipsa
2952 3210 3293 3280 respondeat,
3322 3222 3377 3268 et
3400 3213 3560 3282 dicat,
3589 3219 3678 3288 qui
3705 3227 3823 3273 tan-

2240 3302 2347 3347 tum
2375 3303 2566 3362 potest,
2589 3296 2710 3351 talis
2727 3306 2806 3352 est
2828 3300 3000 3368 qualis
3022 3299 3117 3356 fuit
3140 3303 3429 3360 Abraham.
3447 3307 3628 3364 Potest
3645 3323 3822 3368 autem

2238 3387 2351 3442 ﬁeri
2395 3397 2450 3443 ut
2479 3391 2656 3445 minor
2691 3392 2760 3445 sit
2805 3394 3148 3452 continentia:
3177 3396 3344 3454 virtus
3387 3401 3440 3455 in
3490 3402 3669 3457 animo
3709 3405 3824 3475 ejus

2235 3481 2324 3551 qui
2345 3498 2448 3536 non
2477 3483 2644 3538 utitur
2663 3485 2881 3554 nuptiis,
2907 3486 3106 3555 quibus
3133 3497 3216 3544 est
3245 3505 3373 3546 usus
3400 3493 3665 3550 Abraham
3692 3513 3704 3549 :
3728 3496 3822 3552 sed

2237 3580 2413 3627 tamen
2444 3575 2613 3644 major
2641 3585 2723 3631 est
2742 3577 2782 3643 ί,
2813 3593 2971 3646 quam
2997 3579 3048 3634 in
3075 3581 3255 3638 animo
3282 3584 3398 3654 ejus
3422 3587 3512 3656 qui
3543 3598 3822 3658 propterea

2237 3665 2407 3719 tenuit
2453 3666 2683 3737 conjugii
2725 3669 3047 3738 castitatem,
3075 3673 3198 3742 quia
3231 3689 3336 3729 non
3385 3677 3558 3746 potuit
3593 3681 3820 3750 amplio-

2235 3773 2369 3812 rem.
2399 3758 2487 3813 Sic
2512 3767 2565 3812 et
2592 3758 2787 3814 femina
2816 3761 3055 3832 innupta,
3078 3779 3198 3834 qua:
3222 3767 3422 3836 cogitat
3457 3784 3518 3824 ea
3553 3787 3672 3841 qum
3699 3782 3822 3828 sunt

2235 3851 2466 3918 Domini,
2508 3860 2572 3908 ut.
2589 3853 2658 3907 sit
2684 3865 2868 3909 sancta
2889 3863 2945 3910 et
2963 3870 3188 3927 corpore
3211 3868 3266 3914 et
3290 3861 3478 3931 spiritu
3505 3863 3546 3933 (Ι
3577 3863 3694 3920 Cor.
3726 3882 3816 3935 vn,

2236 3943 2327 4013 54)
2350 3985 2364 4009 ,
2396 3958 2517 3998 cum
2557 3944 2788 4000 audierit
2828 3946 3189 4017 impudentem
3219 3950 3364 4006 illum
3393 3965 3818 4023 percontatorem

2234 4037 2537 4105 dicentem,
2565 4038 2647 4093 Tu
2676 4054 2803 4110 ergo
2841 4041 3032 4096 melior
3059 4058 3219 4112 quam
3263 4045 3431 4101 Sara?
3473 4051 3815 4119 respondeat,

2236 4129 2347 4198 Ego
2376 4130 2564 4185 melior
2593 4147 2732 4198 sum,
2767 4131 2863 4187 sed
2893 4133 2958 4187 iis
2986 4149 3106 4204 qua:
3135 4136 3330 4192 virtute
3357 4137 3514 4209 hujus
3539 4143 3812 4198 continen-

2236 4225 2322 4278 tiae
2346 4234 2550 4293 carent,
2582 4225 2723 4296 quod
2753 4226 2821 4282 de
2861 4226 2991 4282 Sara
3037 4243 3142 4284 non
3185 4230 3346 4286 credo
3375 4250 3387 4286 :
3419 4232 3542 4289 fecit
3567 4250 3698 4306 ergo
3722 4236 3813 4292 illa

2233 4330 2353 4370 cum
2383 4318 2480 4371 ista
2507 4317 2703 4374 virtute
2723 4319 2866 4388 quod
2907 4320 2982 4375 illi
3025 4325 3253 4392 tempori
3279 4327 3622 4395 congruebat,
3645 4343 3676 4381 a
3708 4344 3815 4399 quo

2233 4421 2332 4476 ego
2357 4423 2475 4462 sum
2508 4409 2781 4477 immunis,
2813 4419 2872 4465 ut
2903 4412 2953 4466 in
2985 4428 3107 4468 meo
3131 4414 3290 4470 etiam
3317 4431 3538 4486 corpore
3562 4429 3818 4490 appareat

2232 4499 2371 4568 quod
2404 4501 2495 4554 illa
2527 4501 2576 4554 in
2605 4503 2786 4556 animo
2805 4506 3175 4561 conservabat.

2303 4590 2385 4643 CA
2395 4590 2430 4644 P
2440 4589 2477 4645 U
2487 4590 2528 4644 '1‘
2545 4591 2899 4651 XXlll.—28.
2919 4594 3240 4653 Continentia
3259 4601 3433 4655 metior
3447 4602 3679 4658 castitate
3695 4620 3814 4661 con-

2222 4681 2391 4750 jugati
2414 4698 2432 4734 :
2452 4682 2539 4734 sed
2584 4695 2791 4752 possunt
2830 4689 3087 4758 conjugati
3115 4705 3221 4744 esse
3249 4691 3615 4749 continentibus
3639 4695 3812 4750 melio-

2230 4788 2327 4824 res.
2366 4770 2675 4826 Obcdientite
2711 4774 2895 4828 bonunt
2929 4779 3095 4847 majus
3129 4795 3280 4848 quam
3316 4782 3650 4837 continentite.
3683 4784 3813 4840 Obe-

2230 4866 2447 4921 dientior
2483 4868 2754 4938 conjugata
2785 4870 2950 4924 minus
2977 4871 3226 4927 obedienli
3251 4874 3430 4945 uirgini
3455 4879 3810 4948 praeponenda.

2234 4956 2527 5010 ()bedientia
2558 4968 2717 5012 mater
2742 4961 2965 5014 omnium
2992 4963 3244 5017 virtutum.
3274 4965 3384 5021 Res
3425 4983 3554 5038 ergo
3591 4968 3731 5038 ipsas
3769 4969 3814 5025 si

2228 5062 2598 5118 comparemus
2622 5091 2637 5116 ,
2675 5052 2822 5107 nullo
2851 5051 3012 5108 modo
3037 5053 3384 5112 dubitandum
3415 5067 3499 5113 est
3540 5060 3813 5116 meliorem

2229 5156 2348 5196 esse
2375 5143 2671 5198 castitatem
2698 5145 3040 5202 continentia:
3071 5163 3230 5217 quam
3257 5149 3554 5207 castitatem
3604 5153 3814 5224 nuptia-

2228 5233 2353 5300 lem,
2387 5249 2508 5288 cum
2536 5242 2714 5290 tamen
2740 5245 3021 5308 utrumque
3049 5239 3120 5293 sit
3150 5239 3346 5296 bonum
3378 5260 3391 5296 :
3425 5243 3669 5300 homines
3693 5261 3815 5302 vero

2227 5341 2348 5380 cum
2374 5341 2746 5397 comparamus
2770 5372 2784 5397 ,
2819 5331 2906 5386 ille
2928 5341 3010 5386 est
3034 5333 3224 5388 melior
3246 5335 3334 5405 qui
3357 5335 3557 5392 bonum
3587 5339 3815 5410 amplius

2226 5435 2382 5489 quam
2410 5419 2544 5474 alius
2572 5419 2751 5475 habet.
2793 5421 2963 5478 Porro
2989 5424 3079 5494 qui
3105 5425 3334 5496 amplius
3369 5427 3609 5498 ejusdem
3653 5445 3815 5500 gene-

2226 5512 2301 5566 ris
2346 5511 2543 5580 habet,
2589 5523 2642 5568 et
2672 5514 2724 5570 id
2769 5515 2912 5586 quod
2942 5517 3118 5573 minus
3145 5527 3228 5574 est
3266 5519 3424 5575 habet
3454 5538 3468 5574 :
3499 5522 3588 5592 qui
3638 5529 3814 5579 autem

2229 5603 2596 5660 tantummodo
2635 5606 2777 5677 quod
2802 5608 2978 5663 minus
3002 5617 3085 5664 est
3109 5607 3304 5679 habet,
3337 5611 3388 5666 id
3419 5611 3560 5683 quod
3587 5621 3667 5668 est
3696 5627 3811 5667 am-

2227 5743 2560 5855 nssuaiisgsli‘fd
2589 5749 2699 5796 ω’
2733 5743 3008 5809 ³⁶ί¹ίωτνίπ
3041 5758 3185 5810 θνθνε
3221 5747 3356 5812 eius;
3397 5749 3528 5814 quod
3560 5749 3622 5800 ab
3652 5755 3729 5800 Er.
3761 5755 3813 5802 et
