4122 6212
298 329 413 397 895

308 445 444 517 ptius
470 452 581 498 non
614 435 801 509 utique
824 433 1003 493 habet.
1028 431 1086 491 lu
1112 431 1386 504 sexaginta
1410 430 1553 489 enim
1576 436 1777 486 suntet
1801 430 1895 485 tri-

307 535 450 607 ginta
471 571 487 599 ,
513 546 623 591 non
648 528 704 585 in
736 527 948 597 triginta
986 533 1109 581 sunt
1133 533 1188 580 et
1212 518 1509 595 sexaginta.
1536 521 1652 577 Non
1681 520 1893 592 operari

277 651 280 655 ν
309 635 484 683 autem
519 639 589 681 ex
616 637 686 680 eo
712 620 855 692 quod
882 619 1074 685 habet,
1115 617 1166 671 in
1194 615 1568 672 distributione
1595 612 1892 670 officiorum

311 717 536 787 positum
562 724 668 777 est.
693 726 800 767 non
830 709 883 766 in
913 715 1149 780 egestate
1171 708 1422 762 virtutum
1456 705 1610 776 :quia
1631 720 1729 759 nec
1754 703 1894 760 bono

310 804 688 863 misericordia:
724 811 901 865 caret,
931 800 1019 870 qui
1049 814 1155 853 non
1193 798 1396 853 invenit
1435 796 1660 851 miseros
1702 794 1894 865 quibus

309 898 473 968 possit
502 892 918 952 misericorditer
948 889 1249 948 subvenire.

376 985 467 1042 29.
500 984 615 1041 lluc
636 981 843 1039 accedit
860 982 983 1052 quia
1011 996 1115 1035 non
1141 988 1285 1035 recte
1313 987 1691 1048 comparantur
1717 976 1893 1032 berni-

312 1091 403 1134 nes
423 1075 734 1136 hominibus
757 1089 824 1131 ex
852 1088 958 1128 uno
986 1072 1164 1142 aliquo
1195 1070 1355 1126 bono.
1384 1069 1524 1124 Fieri
1547 1070 1690 1126 enim
1722 1077 1896 1139 potest

314 1180 368 1226 ut
400 1170 540 1226 alius
579 1182 692 1225 non
734 1165 927 1221 babeat
965 1162 1165 1233 aliquid
1205 1160 1347 1232 quod
1384 1161 1521 1216 alius
1566 1161 1758 1225 habet,
1800 1159 1892 1215 sed

308 1260 449 1318 aliud
477 1259 675 1317 habeat
698 1256 840 1330 quod
860 1255 1026 1327 pluris
1046 1253 1416 1310 instimandum
1443 1262 1544 1307 est.
1564 1252 1730 1323 Majas
1751 1252 1891 1306 enim

309 1352 509 1409 bonum
530 1359 615 1408 est
630 1348 948 1406 obedientia:
967 1361 1124 1417 quam
1147 1344 1510 1400 continentiae.
1530 1343 1659 1397 Nam
1686 1356 1891 1398 connu-

311 1443 452 1501 bium
496 1456 758 1513 nusquam
803 1448 1107 1494 nostrarum
1145 1436 1539 1506 Scripturarum
1577 1435 1893 1490 auctoritate

310 1535 594 1592 damnatur
613 1575 629 1602 ,
656 1530 1013 1588 inobedicntia
1045 1543 1171 1584 vero
1201 1541 1461 1598 nusquam
1492 1526 1802 1581 absolvitur.
1835 1524 1890 1580 Si

312 1644 435 1701 ergo
473 1635 801 1700 proponatur
827 1624 974 1696 virgo
1025 1634 1404 1694 permansura,
1446 1618 1540 1675 sed
1584 1627 1758 1673 tamen
1814 1618 1892 1671 in-

312 1719 564 1778 obediens
584 1759 601 1787 ,
628 1728 684 1774 et
700 1716 946 1773 maritata
970 1729 1088 1785 qua:
1118 1712 1264 1782 virgo
1291 1723 1610 1782 permanere
1633 1725 1738 1764 non
1771 1722 1894 1779 pos-

311 1821 425 1881 set,
453 1810 551 1868 sed
579 1819 759 1865 tamen
785 1806 1040 1863 obediens
1058 1846 1073 1871 ,
1103 1818 1261 1875 quam
1290 1802 1566 1858 meliorem
1612 1799 1893 1856 dicamus?

314 1904 483 1961 mnus
509 1901 831 1958 laudabilem
855 1915 1015 1972 quam
1057 1898 1103 1953 si
1140 1897 1289 1967 virgo
1314 1904 1492 1962 esset,
1525 1910 1592 1949 an
1618 1894 1897 1949 damnabi-

312 1996 411 2053 lem
432 1997 574 2052 sicut
601 1995 750 2065 virgo
769 1992 891 2049 est?
916 1992 990 2046 Ita
1013 1989 1059 2046 si
1078 1989 1326 2045 conferas
1345 1986 1613 2043 ebriosam
1635 1986 1890 2056 virginem

312 2087 502 2144 sobria:
529 2085 843 2155 cenjugataa,
875 2082 994 2153 quis
1018 2080 1227 2135 dubitet
1249 2077 1491 2133 eamdem
1515 2076 1656 2131 ferre
1674 2084 1893 2130 sentcn-

312 2179 474 2237 tiatu?
514 2177 721 2249 Nuptiae
751 2178 946 2253 quippe
984 2182 1038 2228 et
1078 2172 1348 2243 virginitas
1389 2168 1497 2225 duo
1545 2168 1683 2224 bona
1727 2176 1891 2235 sunt,

311 2286 536 2343 quorum
577 2269 807 2325 alterum
832 2266 1001 2335 majus
1031 2284 1044 2320 ;
1076 2264 1336 2320 sobrietas
1372 2270 1549 2317 autem
1576 2267 1631 2315 et
1668 2259 1891 2315 ebriosi-

312 2375 388 2424 tas
407 2407 424 2433 ,
451 2365 590 2421 sicut
612 2360 910 2418 obedientia
940 2368 996 2414 et
1019 2356 1351 2413 contumacia
1370 2395 1389 2421 ,
1418 2354 1513 2410 illa
1545 2353 1686 2409 bona
1726 2359 1890 2418 sunt,

314 2458 426 2515 haec
455 2456 617 2512 mala.
661 2453 845 2509 Melius
875 2463 955 2508 est
984 2458 1160 2505 autem
1199 2447 1397 2503 habere
1424 2446 1601 2501 omnia
1642 2445 1779 2500 bona
1807 2443 1895 2499 vel

312 2549 554 2614 minora,
596 2559 753 2616 quam
794 2556 1043 2614 magnum
1079 2540 1278 2596 bonum
1321 2553 1443 2594 eum
1483 2551 1679 2608 magno
1706 2535 1891 2590 malo:

310 2642 435 2713 quia
476 2647 534 2695 et
575 2638 627 2693 in
670 2637 911 2707 corporis
950 2634 1102 2689 battis
1130 2632 1324 2688 melius
1345 2640 1430 2688 est
1456 2629 1655 2686 habere
1682 2625 1894 2683 Zachtci

311 2742 571 2791 staturam
597 2746 717 2787 cum
744 2729 992 2795 sanitate,
1022 2741 1182 2798 quam
1212 2724 1380 2781 Goliae
1405 2736 1528 2778 cum
1548 2720 1716 2777 febre.

380 2825 473 2882 50.
501 2824 667 2881 Recte
693 2821 848 2892 plane
871 2819 1126 2890 quairitur
1145 2857 1162 2886 ,
1207 2830 1317 2872 non
1360 2823 1536 2871 utrum
1574 2810 1896 2868 omnimodis

312 2915 627 2975 inubediens
652 2914 801 2984 virgo
819 2910 1114 2982 conjugattc
1138 2906 1429 2971 obedienti,
1457 2902 1553 2961 sed
1572 2902 1751 2959 minus
1769 2901 1894 2957 obe—

313 3010 466 3066 diens
493 3004 843 3063 obedientiori
868 2999 1224 3072 comparanda
1248 3000 1337 3065 sit;
1363 2998 1487 3069 quia
1506 3004 1560 3052 et
1576 2995 1665 3051 illa
1688 2993 1896 3064 nuptia-

314 3088 378 3157 lis
407 3098 624 3154 castitas
651 3104 767 3161 cst,
795 3103 850 3151 et
876 3094 999 3150 ideo
1022 3093 1221 3148 bonum
1244 3099 1361 3158 est,
1391 3087 1487 3144 sed
1526 3087 1702 3141 minor
1738 3100 1895 3157 quam

318 3191 613 3264 virginalis.
651 3189 823 3244 Tanto
859 3200 990 3258 ergo
1035 3186 1212 3241 minor
1250 3183 1303 3238 in
1350 3182 1499 3237 bono
1538 3179 1892 3247 obedientite,

314 3296 513 3359 quanto
533 3283 704 3355 major
729 3283 783 3337 in
806 3281 948 3338 bono
974 3279 1232 3336 castitatis
1247 3316 1266 3346 ,
1301 3277 1347 3331 si
1373 3276 1539 3332 altera
1564 3273 1721 3329 alteri
1744 3287 1895 3329 com-

318 3388 532 3452 paretur
554 3420 571 3447 ,
621 3389 739 3450 quae
795 3373 1146 3447 prmponenda
1187 3372 1259 3429 sit
1296 3369 1534 3440 iudicat,
1583 3367 1673 3439 qui
1727 3369 1906 3438 primo.

316 3477 484 3545 ipsam
526 3471 826 3527 castitatem
870 3476 924 3524 et
965 3465 1322 3523 obedientiam
1362 3476 1716 3533 comparans,
1754 3459 1898 3516 videt

315 3570 554 3625 omnium
582 3565 839 3622 virtutum
865 3563 1094 3635 quodam
1140 3559 1302 3616 modo
1344 3569 1568 3615 matrem
1607 3572 1728 3615 esse
1763 3554 1895 3611 obe-

316 3664 592 3722 dientiam.
624 3661 702 3716 Ac
727 3673 823 3730 per
844 3659 947 3713 hoc
965 3656 1086 3712 ideo
1116 3662 1290 3727 potest
1304 3667 1427 3709 esse
1449 3651 1751 3709 obcdientia
1780 3650 1896 3705 sine

316 3754 621 3827 virginitate
645 3793 659 3817 ,
690 3751 814 3822 quia
843 3747 1118 3821 virginitas
1144 3761 1210 3802 ex
1253 3744 1479 3801 consilio
1516 3751 1600 3800 est
1622 3785 1639 3811 ,
1681 3757 1786 3797 non
1831 3757 1898 3797 ex

321 3852 610 3917 pracepto.
638 3840 1007 3899 Obedientiam
1037 3851 1163 3893 vero
1192 3836 1336 3890 illam
1376 3835 1496 3890 dico
1515 3875 1529 3901 ,
1559 3847 1664 3904 qua
1696 3845 1901 3903 praece-

314 3938 425 4011 ptis
459 3935 877 4006 obtemperatur.
917 3931 1147 4000 Ideoque
1186 3927 1484 3984 obedientia
1514 3932 1899 3995 praeceptorum

320 4031 436 4086 sine
455 4027 758 4100 virginitate
784 4024 996 4096 quidem
1026 4031 1222 4095 potest,
1246 4019 1340 4076 sed
1370 4019 1485 4075 sine
1509 4015 1752 4073 castitate
1779 4031 1899 4072 esse

320 4136 431 4177 non
453 4125 646 4190 potest.
668 4116 750 4174 Ad
780 4115 1077 4173 castitatem
1102 4128 1332 4184 namque
1355 4109 1585 4182 pertinet
1607 4124 1712 4163 non
1734 4106 1898 4164 fornio

319 4212 452 4279 cari,
488 4224 595 4265 non
623 4207 897 4281 machari,
920 4206 1066 4262 nullo
1096 4205 1278 4260 illicito
1297 4200 1581 4257 concubitu
1601 4198 1855 4255 maculari
1884 4217 1897 4253 :

322 4320 440 4376 qum
465 4302 555 4375 qui
581 4317 685 4358 non
711 4299 1027 4364 observant,
1049 4306 1232 4353 contra
1257 4302 1523 4368 praecepta
1553 4292 1643 4347 Dei
1674 4289 1895 4356 faciunt,

321 4406 380 4452 et
412 4394 482 4451 ob
509 4393 615 4450 hoc
641 4401 882 4451 extorres
909 4398 1034 4445 sunt
1060 4404 1089 4442 a
1132 4389 1328 4443 virtute
1366 4384 1701 4441 obedientiae.
1729 4382 1896 4453 Virgi-

325 4488 461 4543 nitas
498 4495 676 4543 autem
721 4491 998 4554 propterea
1040 4488 1213 4551 potest
1254 4491 1374 4534 csse
1412 4476 1528 4532 sine
1556 4474 1858 4532 obedientia
1885 4514 1898 4540 ,

323 4582 443 4653 quia
468 4587 648 4652 potest
689 4575 885 4632 femina
929 4574 1153 4630 consilio
1186 4568 1502 4641 virginitatis
1539 4577 1759 4639 accepto
1781 4607 1798 4635 ,
1849 4574 1903 4621 et

322 4669 584 4726 custodita
620 4666 954 4737 virginitate,
1005 4669 1269 4733 praecepta
1314 4669 1657 4715 contemnere
1704 4673 1719 4710 :
1766 4656 1906 4711 sicut

322 4761 517 4817 multas
544 4772 726 4815 sacras
764 4756 997 4828 virgines
1021 4754 1269 4810 novimus
1304 4752 1591 4818 verbosas,
1627 4749 1902 4817 curiosas,

323 4855 597 4918 ebriosas,
634 4851 925 4922 litigiosas,
965 4862 1184 4913 avaras,
1228 4844 1518 4914 superbas;
1566 4856 1685 4911 qua:
1727 4839 1903 4896 omnia

323 4956 511 5003 contra
536 4952 800 5015 praecepta
828 4948 983 5008 sunt,
1028 4948 1083 4995 ct
1124 4939 1263 4993 sicut
1303 4936 1471 5005 ipsam
1512 4933 1679 4988 Evam
1716 4932 1905 4988 inobe-

322 5038 539 5095 dientitc
587 5034 813 5090 crimine
858 5031 1127 5088 occidunt.
1183 5028 1520 5097 QuaprOpter
1570 5038 1675 5078 non
1733 5022 1906 5078 solum

324 5127 583 5185 obediens
611 5123 955 5190 inobedienti,
999 5120 1095 5178 sed
1121 5116 1454 5173 obedientior
1492 5113 1771 5183 eonjugata
1808 5110 1911 5165 mi-

326 5235 430 5277 nus
449 5216 721 5276 obedienti
747 5214 937 5288 virgini
962 5208 1317 5284 praeponenda
1346 5213 1448 5261 est.

399 5312 492 5369 3|.
520 5310 602 5366 Ex
626 5308 727 5364 hac
752 5306 1054 5363 obedientia
1075 5315 1225 5375 pater
1247 5299 1336 5355 ille
1362 5297 1452 5369 qui
1473 5296 1587 5351 sine
1612 5309 1779 5352 uxore
1802 5306 1909 5350 non

329 5407 444 5470 fuit,
463 5418 583 5462 esse
601 5404 717 5458 sine
741 5402 901 5457 unico
923 5390 1031 5454 lilio
1055 5405 1109 5453 et
1131 5412 1163 5451 a
1186 5408 1246 5451 se
1268 5392 1446 5449 occiso
1462 5397 1674 5461 paratus
1696 5386 1793 5443 fuit
1807 5384 1908 5458 (α).

331 5499 558 5557 Unicum
577 5496 722 5551 enim
760 5508 868 5548 non
896 5490 1164 5546 immerito
1188 5485 1414 5542 dixerim
1434 5524 1449 5549 ,
1489 5482 1556 5537 de
1583 5496 1688 5552 quo
1713 5478 1914 5534 audivit

333 5607 364 5649 a
383 5589 636 5655 Domino,
655 5584 724 5642 In
741 5583 893 5641 Isaac
909 5582 1167 5639 vocabitur
1188 5579 1276 5634 tibi
1298 5592 1464 5633 semen
1484 5574 1636 5647 (Gen.
1662 5589 1770 5639 nt,
1795 5568 1909 5642 l2).

334 5684 544 5754 Quanto
569 5693 698 5751 ergo
718 5678 876 5734 citius
897 5716 914 5742 ,
942 5682 1000 5729 ut
1025 5674 1188 5729 etiam
1212 5673 1329 5729 sine
1354 5685 1517 5727 uxore
1542 5676 1719 5727 esset.
1746 5666 1791 5722 si
1811 5664 1914 5722 hoc

396 5773 470 5840 (τι)
502 5779 538 5823 ιι
560 5776 767 5822 Retract.
792 5761 990 5829 cap.22,
1014 5776 1065 5813 n.
1089 5761 1136 5814 2.

578 5858 805 5918 SANCT.
842 5854 1118 5913 Ausus'r.
1162 5849 1266 5910 Vl.

1735 316 1941 380 LIBER
1973 317 2174 378 UNUS.

3483 326 3593 388 ω

1954 478 1959 481 .
1997 428 2273 499 juberetur
2297 470 2310 494 ,
2340 429 2581 486 audiret?
2611 429 2760 488 Unde
2785 446 2889 488 non
2918 431 3114 490 frustra
3145 447 3290 506 saepe
3329 436 3587 497 miramur

2003 522 2285 577 nonnullos
2315 522 2590 593 utriusque
2615 539 2772 579 sexus
2799 526 2865 580 ab
2906 527 3052 582 omni
3091 529 3377 586 concubitu
3404 524 3582 588 centi-

2004 621 2189 667 nentcs
2210 653 2224 678 ,
2256 613 2580 684 negligenter
2605 614 2822 671 obedire
2849 618 3129 688 prmeeptis
3151 660 3167 686 ,
3196 635 3316 675 eum
3347 630 3450 677 tam
3492 638 3586 679 ar-

2002 705 2187 761 denter
2212 706 2533 775 arripuerint
2556 723 2658 763 non
2691 708 2765 763 uti
2789 710 3077 766 concessis.
3109 710 3261 768 Unde
3286 714 3406 784 quis
3431 714 3591 772 dubi-

2004 804 2079 851 tat
2120 805 2174 852 et
2221 798 2550 854 excellentia:
2593 808 2895 856 sanctorum
2927 800 3137 857 illorum
3178 812 3383 873 patrum
3429 815 3592 879 atque

2001 899 2230 979 matrum
2258 890 2395 945 filios
2409 893 2771 961 generantium
2795 909 2899 949 non
2925 904 3068 951 recte
3093 899 3390 967 comparari
3412 915 3590 957 mares

2000 987 2054 1035 et
2079 980 2300 1035 feminas
2329 983 2498 1037 nostri
2526 984 2811 1054 temporis,
2838 988 3082 1056 quamvis
3122 987 3190 1043 ab
3217 990 3361 1045 omni
3391 1007 3589 1048 concu-

1999 1068 2110 1124 bitu
2136 1070 2419 1138 immunes,
2444 1073 2496 1128 in
2523 1072 2718 1130 virtute
2743 1076 3057 1133 obedientitc
3078 1080 3344 1147 minores;
3374 1083 3586 1144 etiamsi

1999 1160 2103 1216 illis
2156 1162 2456 1219 hominibus
2505 1174 2560 1220 et
2595 1166 2650 1220 in
2697 1167 2880 1223 habitu
2923 1170 3084 1225 animi
3121 1171 3410 1240 defuisset,
3440 1175 3585 1245 quod

2001 1252 2053 1306 in
2086 1252 2306 1309 istorum
2358 1270 2522 1326 opere
2559 1258 2897 1314 manifestum
2949 1260 3068 1315 est?
3114 1260 3415 1333 Sequuntur
3453 1280 3589 1336 ergo

1999 1345 2206 1416 Agnum
2243 1349 2392 1417 pueri
2432 1358 2706 1406 cantantes
2754 1352 3019 1408 canticum
3070 1370 3305 1422 novum,
3347 1356 3486 1412 sicut
3532 1359 3589 1414 in

1999 1440 2316 1510 Apocalypsi
2359 1444 2614 1512 scriptum
2643 1452 2760 1511 est,
2790 1444 2875 1515 qui
2916 1462 3031 1499 cum
3059 1446 3353 1502 mulieribus
3393 1465 3447 1503 se
3485 1466 3590 1504 non

1997 1535 2461 1634 contaminaverunt
2492 1537 2672 1609 (Apoc.
2698 1555 2809 1606 xw,
2836 1540 2915 1611 4);
2942 1557 3046 1596 non
3072 1542 3140 1598 ob
3164 1543 3307 1598 aliud
3335 1544 3435 1599 nisi
3461 1546 3587 1617 quia

1998 1626 2225 1695 virgines
2257 1641 2680 1697 permanserunt.
2720 1630 2832 1688 Nec
2873 1633 2992 1689 ideo
3019 1649 3080 1689 se
3111 1634 3437 1692 arbitrentur
3465 1651 3584 1693 tne-

1997 1716 2157 1773 liores
2184 1734 2304 1774 esse
2330 1721 2515 1790 primis
2542 1723 2779 1792 patribus
2805 1727 3024 1794 sanctis,
3048 1725 3140 1796 qui
3160 1728 3385 1798 nuptiis,
3428 1738 3485 1784 ut
3512 1729 3584 1786 ita

1997 1811 2203 1879 dicam,
2236 1816 2538 1884 nuptialiter
2574 1817 2653 1871 usi
2678 1827 2801 1872 sunt
2822 1819 2863 1871 ί.
2890 1819 3086 1874 Earum
3117 1821 3310 1890 quippe
3339 1836 3466 1877 usus
3508 1822 3584 1881 ita

1997 1917 2056 1957 se
2079 1902 2266 1971 habet,
2300 1915 2357 1958 ut
2380 1905 2424 1959 si
2450 1906 2577 1975 quid
2604 1907 2656 1961 in
2678 1908 2756 1963 eis
2782 1923 2879 1979 per
2905 1909 3081 1965 carnis
3107 1911 3543 1969 connnixtionem
3564 1951 3579 1977 ,

1996 1997 2138 2065 quod
2166 1997 2388 2052 excedat
2429 1998 2721 2068 generandi
2770 2001 3173 2068 necessitatem,
3216 2002 3457 2073 quamvis
3494 2004 3584 2058 vc-

1998 2087 2209 2142 nialiter
2234 2087 2428 2143 factum
2450 2090 2628 2155 fuerit,
2658 2093 3038 2147 eontaminatio
3065 2092 3154 2148 sit.
3186 2093 3319 2149 Nam
3343 2094 3467 2164 quid
3489 2110 3585 2149 ex-

1998 2176 2107 2246 piat
2127 2178 2308 2246 venia,
2342 2180 2387 2234 si
2415 2181 2630 2235 omnino
2653 2197 2761 2236 non
2786 2185 3112 2240 contaminat
3138 2185 3227 2239 illa
3256 2186 3582 2256 progressio?

1998 2272 2040 2323 A
2062 2285 2163 2340 qua
2179 2273 2629 2329 eontaminatione
2651 2276 2843 2329 tnirum
2872 2277 2918 2329 si
2946 2268 3207 2332 immunes
3225 2285 3404 2333 essent
3431 2278 3582 2348 pueri

1997 2370 2280 2431 sequentes
2302 2365 2531 2433 Agnum,
2560 2366 2661 2420 nisi
2687 2366 2917 2436 virgines
2946 2376 3341 2436 permanerent.

2066 2450 2290 2511 CAPUT
2311 2454 2499 2511 XXIV.
2526 2485 2599 2497 -
2621 2457 2708 2512 52.
2734 2456 3046 2528 Nuptiarum
3065 2459 3248 2514 bonum
3269 2458 3410 2531 apud
3434 2457 3583 2517 Chri-

1997 2544 2188 2598 stianos
2216 2546 2418 2615 triplex.
2447 2544 2715 2619 Conjugati
2743 2547 2935 2619 antiqui
2954 2549 3288 2605 obedientiam
3315 2551 3369 2603 in
3393 2566 3581 2621 opere,

1998 2636 2354 2691 continentiam
2399 2637 2453 2691 in
2503 2638 2676 2692 habitu
2722 2650 3003 2696 tenuerunt.
3039 2642 3242 2697 Bonum
3287 2639 3447 2712 igitur
3483 2642 3584 2697 nu-

1999 2726 2227 2796 ptiarum
2258 2742 2353 2798 per
2382 2741 2570 2784 omnes
2591 2737 2776 2800 gentes
2818 2741 2978 2801 atque
3019 2747 3205 2787 omnes
3246 2733 3491 2790 homines
3526 2735 3583 2790 in

1998 2832 2155 2875 causa
2183 2821 2472 2891 generandi
2511 2829 2594 2878 est
2613 2863 2628 2889 ,
2658 2830 2713 2877 et
2753 2823 2808 2878 in
2851 2824 2953 2878 title
2982 2825 3239 2880 castitatis
3270 2844 3284 2881 :
3313 2827 3455 2897 quod
3488 2822 3587 2884 au-

2001 2916 2106 2965 tem
2130 2910 2196 2965 ad
2219 2913 2471 2982 populum
2499 2912 2591 2967 Dei
2616 2912 2881 2982 pertinet,
2906 2918 3066 2969 etiam
3107 2916 3160 2970 in
3187 2918 3466 2974 sanctitate
3486 2917 3585 2976 Sa-

1998 3002 2255 3057 cramenti
2279 3044 2293 3066 ,
2322 3016 2420 3073 per
2442 3018 2601 3073 quam
2642 3002 2790 3058 nefas
2825 3012 2909 3059 est
2947 3007 3107 3060 etiam
3146 3009 3367 3076 repudio
3404 3006 3583 3065 disce-

1997 3091 2214 3149 dentem
2232 3094 2386 3148 alteri
2417 3094 2620 3149 nubere
2637 3135 2652 3161 ,
2678 3093 2807 3149 dum
2832 3096 2914 3150 vir
2938 3096 3054 3167 ejus
3080 3097 3243 3166 vivit,
3274 3114 3373 3155 nec
3394 3102 3583 3157 saltem

1999 3183 2114 3254 ipsa
2155 3198 2315 3240 causa
2365 3183 2635 3255 pariendi;
2689 3201 2808 3257 quae
2835 3201 2953 3242 cum
2980 3188 3093 3242 sola
3133 3189 3204 3244 sit
3242 3205 3347 3261 qua
3386 3190 3585 3263 nuptiae

2000 3274 2168 3344 ﬁunt,
2194 3289 2293 3331 nec
2316 3289 2381 3331 ea
2405 3290 2466 3331 re
2488 3290 2595 3332 non
2616 3277 2978 3349 subsequente
2996 3290 3215 3350 propter
3233 3297 3391 3352 quam
3412 3282 3547 3340 fiunt

2000 3373 2222 3430 solvitur
2237 3374 2503 3431 vinculum
2528 3374 2765 3448 nuptiale
2783 3374 2888 3430 nisi
2907 3362 3147 3447 conjugis
3168 3385 3361 3434 morte.
3385 3370 3584 3448 Quem.-

1999 3463 2284 3520 admodum
2304 3465 2348 3520 si
2374 3465 2469 3520 llat
2491 3464 2756 3522 ordinatio
2783 3465 2909 3523 cleri
2928 3467 2995 3521 ad
3021 3467 3228 3537 plebem
3259 3484 3586 3541 congregan-

2001 3555 2156 3623 dam,
2199 3556 2406 3612 etiamsi
2434 3556 2609 3627 plebis
2646 3557 2985 3629 congregatio
3031 3572 3139 3613 non
3182 3560 3540 3631 subsequatur
3563 3603 3581 3631 ,

2001 3655 2180 3702 manet
2217 3654 2395 3702 tamen
2424 3646 2476 3700 in
2506 3646 2609 3701 illis
2648 3647 2908 3702 ordinatis
2931 3646 3332 3705 Sacramentum
3361 3653 3582 3708 ordina-

2004 3737 2200 3804 tionis;
2239 3747 2294 3794 et
2318 3737 2365 3792 si
2405 3737 2581 3806 aliqua
2606 3737 2761 3806 culpa
2786 3738 3065 3808 quisquam
3093 3739 3163 3794 ab
3187 3741 3364 3795 ofﬁcio
3401 3756 3582 3797 reme-

2003 3835 2209 3893 veatur,
2235 3825 2581 3881 Sacramento
2612 3826 2823 3881 Domini
2843 3828 3010 3882 semel
3029 3827 3279 3898 imposito
3303 3845 3408 3886 non
3430 3844 3584 3889 care-

1999 3919 2109 3987 bit,
2139 3918 2378 3989 quamvis
2406 3917 2472 3973 ad
2506 3918 2765 3989 judicium
2810 3892 3175 3989 permanente.
3212 3921 3584 3981 Generationis
3658 3914 3691 3975 ἰ.
3744 3892 3747 3897 ί

2003 4010 2179 4079 itaque
2212 4023 2373 4065 causa
2402 4008 2514 4065 fieri
2542 4010 2787 4081 nuptias,
2821 4011 3106 4082 Apostolus
3149 4015 3222 4071 ita
3264 4017 3410 4073 testis
3453 4028 3581 4075 est:

2017 4099 2138 4155 Volo
2161 4140 2178 4168 ,
2207 4098 2413 4171 inquit,
2449 4099 2683 4172 juniores
2720 4100 2923 4158 nubere.
2947 4104 3016 4159 Et
3039 4106 3193 4175 quasi
3215 4107 3267 4163 ei
3293 4106 3582 4176 diceretur,

2004 4191 2239 4262 thuid?
2262 4193 2529 4251 continuo
2552 4193 2807 4263 subjecit,
2835 4195 2972 4266 ﬁlios
3001 4214 3284 4268 procreare,
3313 4206 3587 4275 matres/tt~

2004 4287 2170 4341 milia;
2198 4302 2303 4342 esse
2336 4285 2377 4359 (1
2403 4285 2533 4342 Tim.
2573 4302 2641 4354 v,
2670 4287 2782 4360 14).
2821 4288 2904 4344 Ad
2929 4289 3087 4346 ﬁdem
3124 4301 3301 4349 autem
3328 4296 3589 4351 castitatis

2004 4380 2135 4438 illud
2163 4381 2391 4453 pertinet
2422 4400 2436 4436 :
2472 4379 2614 4437 Uxor
2632 4397 2735 4436 non
2752 4380 2897 4438 habet
2924 4392 3215 4453 potestatem
3235 4389 3461 4457 corporis
3482 4404 3583 4456 sui,

2005 4474 2093 4529 sed
2112 4475 2187 4529 vir
2221 4489 2240 4528 :
2267 4474 2497 4529 similiter
2534 4482 2581 4528 et
2611 4472 2689 4527 vir
2723 4489 2826 4527 non
2860 4472 3008 4528 habet
3045 4485 3337 4545 potestatem
3360 4480 3588 4547 corporis

2005 4566 2085 4621 sui
2110 4606 2126 4633 ,
2173 4565 2262 4620 sed
2304 4564 2502 4618 mulier.
2548 4562 2629 4617 Ad
2658 4560 2988 4618 Saeramenti
3033 4567 3366 4623 sanctitatem
3392 4567 3520 4625 illud
3565 4588 3582 4624 :

2012 4659 2234 4717 Uxorem
2271 4676 2305 4712 a
2330 4659 2436 4713 viro
2464 4675 2564 4712 non
2589 4657 2884 4724 discedere;
2908 4658 3042 4730 quod
3064 4659 3108 4715 si
3141 4659 3452 4730 discesserit,
3477 4679 3588 4718 ma.

2006 4767 2125 4807 nere
2147 4751 2447 4821 innuptam,
2475 4755 2565 4803 aut
2583 4750 2689 4802 viro
2708 4764 2800 4802 suo
2823 4750 3137 4805 reconciliari
3160 4765 3180 4803 :
3204 4759 3250 4805 et
3277 4753 3353 4805 vir
3379 4769 3589 4808 uxorein

2010 4860 2111 4898 non
2130 4843 2364 4897 dimittat.
2393 4842 2518 4897 litae
2544 4840 2720 4895 omnia
2740 4839 2878 4896 bona
2907 4851 3063 4909 sunt,
3092 4852 3311 4913 propter
3341 4860 3459 4913 qua:
3487 4861 3590 4901 nu-

2008 4937 2134 5010 ptim
2154 4937 2306 4993 bonae
2329 4944 2454 4991 sunt
2480 4934 2535 5001 ’ς
2561 4932 2740 5005 proles
2757 4974 2772 4999 ,
2817 4932 2950 4988 ﬁdes
2967 4973 2984 5000 ,
3018 4932 3448 4991 Sacramentum.
3477 4935 3590 4994 Nec

2011 5031 2217 5103 prolem
2245 5036 2420 5084 autem
2446 5027 2713 5084 carnalem
2739 5026 2846 5096 jam
2890 5024 2993 5081 boc
3036 5034 3273 5097 tempore
3310 5044 3589 5101 quaerere,

2010 5138 2075 5180 ac
2093 5138 2188 5194 per
2206 5121 2306 5177 hoc
2324 5121 2391 5176 ab
2417 5123 2565 5176 omni
2592 5120 2684 5175 tali
2711 5134 2873 5189 opere
2895 5119 3279 5178 immunitatem
3304 5125 3591 5195 quamdam

2015 5224 2321 5286 perpetuam
2347 5214 2579 5270 retinere
2597 5253 2614 5277 ,
2642 5221 2800 5282 atque
2825 5212 2916 5268 uni
2941 5211 3057 5269 viro
3074 5212 3286 5272 Christo
3305 5218 3594 5288 spirituali-

2015 5317 2097 5365 ter
2119 5304 2271 5363 subdi
2287 5345 2305 5373 ,
2335 5304 2528 5362 melius
2553 5313 2637 5359 est
2662 5304 2846 5374 utique
2869 5313 2926 5361 et
2948 5305 3183 5361 sanctius
3210 5324 3226 5360 :
3256 5308 3303 5363 si
3329 5317 3504 5364 tamen
3527 5324 3592 5366 ea

2015 5404 2289 5459 vacatione
2334 5403 2413 5457 sic
2463 5410 2677 5457 utantur
2706 5388 2985 5463 homines.
3026 5400 3293 5472 quomodo
3332 5402 3589 5472 scriptum
3670 5408 3675 5409 ’

2015 5504 2124 5564 est,
2155 5503 2215 5549 ut
2244 5492 2477 5565 cogitent
2498 5507 2617 5563 quae
2641 5501 2765 5547 sunt
2784 5491 2993 5547 Domini
3012 5531 3028 5559 ,
3055 5490 3322 5562 quomodo
3347 5492 3591 5562 placeant

2082 5624 3287 5694 *vid.,nonnuptiaiiterusirunt:reluctantibus
3317 5624 3593 5684 editisaltis

2019 5703 2072 5749 et
2084 5703 2191 5746 Mss.
3579 5699 3594 5709 ν

2082 5761 2101 5791 ²
2126 5765 2174 5808 tn
2188 5760 2317 5816 Mss,
2342 5750 2513 5805 bonum
2528 5756 2653 5804 stult.

2920 5830 3242 5914 (Τί-οἰκον

3604 5747 3617 5783 ἰ
