4122 6212
567 492 686 549 Deo
711 488 754 563 (l
779 487 897 546 Cor.
917 501 1011 554 vn,
1040 489 1093 555 ι,
1119 484 1204 550 10,
1233 487 1321 553 ll,
1353 478 1465 556 52);
1497 483 1548 538 id
1575 492 1673 547 est,
1698 492 1755 538 ut
1781 487 2034 553 perpetuo
2057 493 2150 534 co-

566 586 702 656 gitet
737 583 1060 639 continentia
1078 622 1093 646 ,
1131 595 1200 635 ne
1227 579 1353 651 quid
1382 579 1556 633 minus
1585 577 1775 632 habeat
1805 573 2105 629 obedientia
2133 591 2145 626 :

566 688 728 748 quam
756 676 1005 729 virtutem
1034 680 1281 743 tanquam
1314 669 1595 725 radicalem
1618 710 1631 735 ,
1659 676 1818 737 atque
1842 674 1900 721 ut
1935 663 2039 719 dici
2061 678 2149 719 so-

563 768 659 831 let,
688 767 982 829 matricem,
1012 771 1069 819 et
1094 763 1252 833 plane
1273 760 1603 833 generalem,
1634 758 1799 813 sancti
1826 755 2027 826 antiqui
2052 769 2145 824 pa-

562 868 673 914 tres
709 859 759 912 in
798 868 963 927 Opere
997 861 1388 917 exercuerunt;
1429 853 1570 907 illam
1601 864 1730 906 vero
1765 847 2144 905 continentiam

560 951 616 1005 in
641 948 803 1003 animi
831 948 1008 1002 habitu
1049 953 1351 1001 tenuerunt.
1382 944 1483 1011 Qui
1509 941 1749 1012 profecto
1772 953 1869 1009 per
1891 938 2146 993 obedien-

559 1040 688 1094 tiam
715 1053 816 1109 qna
837 1037 963 1108 justi
994 1044 1048 1092 et
1082 1036 1249 1091 sancti
1279 1043 1434 1091 erant
1456 1074 1471 1100 ,
1511 1042 1566 1088 et
1590 1032 1657 1086 ad
1702 1045 1862 1086 omne
1885 1044 2019 1099 opus
2051 1029 2145 1084 bo-

558 1145 688 1187 num
709 1144 921 1199 semper
942 1129 1140 1198 parati,
1171 1128 1378 1183 etiamsi
1407 1126 1475 1181 ab
1496 1125 1640 1181 omni
1667 1123 1945 1179 concubitu
1974 1122 2141 1177 absti-

557 1238 689 1277 nere
712 1221 1045 1289 iuberentur,
1070 1220 1360 1275 el‘llcerent.
1389 1218 1597 1284 Quanto
1623 1216 1762 1271 enim
1786 1213 1991 1269 facilius
2023 1227 2143 1283 pos-

553 1320 676 1369 sent
703 1313 783 1367 vel
805 1312 1078 1382 iussione,
1109 1312 1192 1367 vel
1230 1311 1603 1366 exhortatione
1631 1308 1722 1364 Dei
1753 1322 1859 1363 non
1888 1321 2141 1362 concum-

552 1401 718 1469 bere,
758 1404 845 1474 qui
877 1403 1081 1473 prolem
1119 1402 1202 1458 cui
1231 1402 1323 1456 uni
1353 1401 1706 1472 propagandae
1733 1398 2139 1455 concumbendo

550 1494 890 1557 serviebant,
914 1492 1214 1549 obediendo
1239 1501 1484 1562 poterant
1522 1491 1818 1546 immolare.

623 1583 848 1641 CAPUT
885 1583 1052 1640 XXV.
1095 1613 1167 1624 —
1213 1584 1301 1638 55.
1345 1582 1743 1637 Manichreorum
1790 1582 1853 1635 de
1898 1579 2135 1634 Palribus

557 1674 752 1731 Veteris
794 1675 1097 1732 Testamenti
1136 1675 1401 1730 calumniis
1434 1677 1685 1746 rerutque.
1728 1673 1858 1741 Qua:
1899 1688 2018 1727 eum
2064 1673 2136 1729 ita
2196 1738 2199 1743 η

544 1766 659 1824 sint
676 1807 690 1831 ,
726 1768 990 1822 haereticis
1017 1766 1232 1836 quidem
1256 1769 1368 1821 sive
1389 1765 1719 1831 Manicbmis,
1748 1765 1863 1819 sive
1889 1765 2133 1834 quicum-

548 1873 659 1927 que
692 1858 779 1912 alii
808 1858 1045 1927 patribus
1067 1856 1275 1913 Veteris
1301 1856 1624 1912 Testamenti
1664 1856 1731 1910 de
1772 1855 2009 1924 pluribus
2047 1868 2132 1908 ca-

544 1946 876 2004 lumniantur
905 1948 1155 2004 uxoribus
1175 1987 1190 2012 ,
1224 1947 1323 2003 hoc
1342 1962 1461 2003 esse
1482 1956 1849 2016 argumentum
1870 1945 2099 2015 dcputan
2113 1974 2130 1984 -

543 2045 631 2094 tes
647 2077 665 2105 ,
689 2054 795 2108 quo
817 2053 1001 2094 eorum
1029 2038 1345 2094 convincant
1385 2038 1820 2093 incontinentiam
1845 2079 1860 2103 ,
1890 2038 2021 2091 satis
2042 2052 2130 2090 su-

540 2140 748 2201 perque
790 2143 1105 2199 responsum
1147 2138 1270 2185 est:
1302 2129 1348 2183 si
1396 2138 1568 2184 tamen
1616 2129 1831 2197 capiunt
1877 2143 1980 2181 non
2011 2142 2129 2181 esse

539 2227 853 2289 peccatum,
881 2218 1023 2288 quod
1051 2234 1223 2289 neque
1261 2226 1445 2273 contra
1473 2228 1717 2272 naturam
1744 2218 2090 2271 committitur
2110 2258 2123 2281 ,

539 2310 666 2380 quia
696 2325 802 2364 non
822 2308 1125 2365 lasciviendi
1152 2351 1166 2375 ,
1190 2311 1285 2366 sed
1312 2310 1560 2379 gignendi
1593 2325 1751 2364 causa
1783 2310 1888 2363 illis
1922 2309 2128 2363 feminis

538 2400 867 2465 utebantur;
901 2415 1072 2470 neque
1100 2409 1284 2456 contra
1322 2415 1524 2455 morem
1544 2442 1560 2467 ,
1593 2402 1714 2469 quia
1742 2400 1846 2454 illis
1878 2399 2127 2467 tempori-

535 2487 642 2548 bus
674 2505 738 2547 ea
760 2488 1171 2556 iaculabantur;
1198 2505 1371 2562 neque
1400 2500 1582 2547 contra
1615 2498 1936 2560 praeceptum
1959 2532 1972 2555 ,
2004 2490 2125 2558 quia

534 2582 682 2639 nulla
711 2582 829 2653 lege
856 2582 1292 2653 prohibebantur.
1324 2583 1445 2637 illos
1477 2598 1604 2638 vero
1628 2584 1716 2652 qui
1744 2583 1926 2638 illicite
1970 2583 2123 2637 femi-

531 2671 626 2730 nis
652 2672 732 2727 usi
756 2679 917 2739 sunt,
946 2672 1030 2729 vel
1055 2674 1227 2744 arguit
1262 2674 1315 2728 in
1341 2673 1630 2742 Scripturis
1657 2674 1761 2728 illis
1787 2672 1967 2727 divina
1995 2689 2122 2728 sen-

533 2761 705 2818 tentia
730 2802 747 2828 ,
775 2762 861 2819 vel
905 2762 1058 2821 nobis
1102 2763 1259 2821 lectio
1281 2763 1597 2834 iudicandus
1634 2773 1794 2833 atque
1839 2762 2083 2819 vitandos
2104 2804 2119 2830 ,

532 2865 650 2910 non
671 2854 1046 2926 approbandos
1064 2856 1420 2912 imitandosve
1442 2858 1712 2926 proponit.

607 2943 833 3004 CAPUT
872 2945 1061 3003 XXVI.
1097 2977 1171 2989 -
1215 2949 1303 3006 54.
1331 2947 1651 3006 Continenles
1687 2951 1840 3020 hujus
1885 2951 2121 3021 temporis

534 3050 642 3091 non
686 3036 877 3108 abjects
918 3038 1136 3093 sentiant
1183 3038 1246 3094 de
1288 3039 1475 3094 sanctis
1516 3038 1755 3095 Pati-ibus
1817 3042 2117 3112 conjugatis.

540 3126 822 3201 Virginius
844 3130 1123 3187 handlitatc
1141 3132 1348 3188 timida.
1378 3132 1599 3189 Nostros
1621 3142 1799 3189 autem
1824 3136 1914 3204 qui
1938 3135 2121 3205 coniu-

532 3233 633 3293 ges
669 3218 905 3287 habent,
947 3230 1205 3293 quantum
1244 3238 1564 3293 possumus,
1612 3226 2000 3296 admonemus,
2053 3244 2121 3285 ne

533 3309 834 3368 secundum
857 3328 1009 3369 suam
1033 3314 1399 3371 inﬁrmitatem
1420 3315 1487 3371 de
1510 3316 1619 3373 illis
1656 3319 1858 3373 sanctis
1881 3320 2119 3389 patribus

535 3400 770 3459 audeant
791 3402 1064 3476 iudicare;
1091 3415 1482 3476 comparantes,
1514 3415 1571 3463 ut
1598 3407 1675 3462 ait
1693 3410 1999 3478 Apostolus,
2028 3426 2118 3467 se-

531 3493 795 3565 metipsos
838 3495 1183 3567 sibimetipsis
1219 3495 1290 3566 (ll
1326 3495 1444 3552 Cor.
1478 3512 1545 3561 χ,
1582 3498 1711 3570 12);
1756 3508 1811 3554 et
1850 3501 1970 3556 idco
2014 3518 2118 3557 non

534 3581 896 3657 intelligch
938 3597 1165 3659 quantas
1207 3590 1349 3646 vires
1398 3590 1589 3647 habeat
1634 3593 1844 3648 animus
1894 3595 2114 3663 iustitia:

534 3686 723 3736 contra
746 3679 996 3738 libidines
1019 3681 1280 3748 serviens,
1308 3695 1378 3739 ne
1404 3684 1711 3740 carnalibus
1749 3686 2117 3756 hujuscemodi

532 3771 767 3827 motibus
809 3772 1145 3843 acquiescat.
1187 3787 1387 3846 eosque
1414 3775 1465 3830 in
1494 3777 1831 3833 concubitum
1874 3781 2005 3836 ultra
2029 3798 2120 3852 ge-

533 3862 760 3919 nerandi
812 3865 1185 3922 necessitatem
1236 3865 1439 3936 prolabi
1488 3876 1578 3923 aut
1629 3868 1876 3939 progredi
1941 3873 2114 3941 sinat,

535 3965 792 4025 quantum
819 3957 952 4012 ordo
973 3967 1198 4024 naturze,
1239 3971 1494 4029 quantum
1526 3977 1735 4016 morum
1763 3965 2114 4033 consuetudo,

533 4059 792 4116 quantum
825 4048 1001 4119 legum
1044 4050 1178 4106 scita
1206 4052 1571 4121 praescribunt.
1624 4055 1734 4109 lloc
1769 4057 1964 4127 quippe
1989 4057 2107 4112 ideo

1540 372 1625 425 DE
1653 366 1916 426 SANCTA
1960 357 2415 430 VlliGlNlTATE,
2457 366 2510 420 S.
2541 366 2903 422 AUGUSTINI

3722 361 3830 423 896

2256 478 2324 534 de
2367 480 2469 534 illis
2500 481 2735 550 patribus
2779 480 3022 536 homines
3048 478 3415 549 suspicantur,
3455 477 3577 549 quia
3606 474 3707 547 ipsi
3730 488 3828 550 per

2254 573 2690 629 incontinentiam
2715 574 2797 628 vel
2823 573 3031 643 nuptias
3057 572 3332 643 elegerunt
3351 612 3367 639 ,
3409 569 3492 626 vel
3517 566 3834 641 coniugibus

2253 664 2671 733 intemperanter
2700 673 2939 720 utuntur.
2987 666 3057 719 At
3083 676 3210 719 vero
3237 662 3571 719 continentes
3598 662 3682 718 vel
3716 654 3835 718 ma:

2251 767 2337 809 res
2361 756 2452 825 qui
2479 754 2740 809 defunctis
2760 755 3012 811 uxoribus
3028 796 3043 820 ,
3076 754 3160 809 vel
3180 753 3392 809 femina
3418 762 3540 824 qua:
3566 750 3831 808 defunctis

2251 845 2379 900 viris
2395 886 2409 910 ,
2441 845 2523 900 vel
2547 849 2757 916 utrique
2775 847 2862 917 qui
2888 846 3003 917 pari
3020 856 3287 901 consensu
3311 842 3692 900 continentiam
3722 843 3831 899 Deo

2248 948 2540 1002 voverunt,
2587 937 2759 993 sciant
2800 936 2900 992 sibi
2945 936 3159 1008 quidem
3187 934 3454 993 mercedis
3480 932 3710 1004 amplius
3732 933 3826 990 de-

2248 1028 2381 1097 beri,
2417 1043 2573 1099 quam
2598 1028 2893 1101 coniugalis
2918 1030 3136 1087 castitas
3164 1029 3334 1100 poscit
3362 1040 3376 1083 :
3401 1027 3495 1085 sed
3518 1036 3827 1085 sanctorum

2247 1131 2455 1193 patrum
2491 1124 2701 1193 nuptias
2723 1164 2736 1189 ,
2780 1123 2869 1195 qui
2896 1122 3206 1193 prophetica
3230 1121 3705 1194 coniungebantur,
3735 1121 3825 1191 qui

2246 1232 2415 1288 neque
2440 1218 2492 1272 in
2520 1217 2802 1273 concubitu
2828 1216 2929 1271 nisi
2954 1215 3158 1287 prolem
3184 1257 3198 1283 ,
3227 1226 3402 1285 neque
3441 1214 3493 1269 in
3522 1214 3634 1284 ipsa
3672 1212 3825 1283 prole

2244 1308 2344 1363 nisi
2371 1308 2513 1379 quod
2555 1309 2605 1363 in
2648 1319 2808 1363 carne
2844 1317 3071 1363 venturo
3093 1304 3307 1362 Christo
3332 1304 3613 1377 proliceret
3638 1304 3823 1373 requi-

2243 1403 2431 1457 rebant
2456 1444 2470 1466 ,
2523 1416 2628 1456 non
2667 1402 2838 1456 solum
2882 1414 2992 1471 pra:
3034 1413 3133 1456 suo
3172 1399 3446 1470 proposito
3490 1408 3595 1453 non
3639 1399 3825 1451 conlc-

2242 1502 2460 1555 mnant,
2507 1507 2689 1547 verum
2718 1491 2879 1547 etiam
2909 1505 3008 1546 suo
3038 1490 3311 1561 proposito
3351 1488 3468 1545 sine
3491 1485 3824 1544 dubitatione

2240 1593 2571 1655 prmponant.
3766 1596 3771 1603 ·

2309 1677 2396 1731 35.
2430 1675 2629 1730 Pueros
2654 1689 2866 1746 quoque
2896 1689 2959 1729 ac
3001 1673 3234 1744 virgines
3262 1672 3619 1743 integritatem
3649 1670 3819 1741 ipsum

2238 1767 2348 1822 Deo
2376 1767 2613 1821 dicanles
2639 1808 2652 1829 ,
2697 1766 2864 1820 multo
2890 1764 3121 1820 maxime
3159 1772 3564 1819 commonemus
3587 1768 3646 1817 ut
3673 1766 3818 1817 tanta

2237 1854 2414 1912 norint
2443 1856 2736 1912 humilitate
2764 1854 3017 1912 tuendum
3044 1866 3163 1910 esse
3189 1853 3330 1925 quod
3355 1854 3409 1908 in
3439 1862 3580 1908 terra
3606 1851 3819 1907 interim

2235 1949 2438 2014 vivunt,
2470 1957 2667 2017 quanto
2696 1948 2863 2016 magis
2889 1946 3011 2002 coeli
3039 1955 3121 2001 est
3146 1944 3287 2015 quod
3311 1952 3588 1999 voverunt.
3616 1943 3820 2013 Nempe

2234 2042 2488 2107 scriptum
2519 2049 2599 2092 est
2631 2056 2643 2091 :
2675 2037 2878 2104 Quanto
2914 2053 3129 2108 magnus
3149 2052 3200 2090 es
3219 2079 3234 2104 ,
3280 2044 3419 2090 tanto
3453 2034 3666 2089 humilia
3692 2044 3740 2088 te
3762 2033 3818 2089 in

2233 2129 2461 2183 omnibus
2486 2128 2670 2198 (Eccli.
2702 2143 2759 2182 ιιι
2784 2170 2797 2195 ,
2826 2127 2942 2195 20).
2972 2126 3222 2182 Nostrum
3248 2140 3378 2197 ergo
3404 2125 3575 2182 estde
3603 2126 3814 2196 magni-

2237 2222 2418 2277 tudine
2447 2236 2630 2276 eorum
2661 2220 2858 2291 aliquid
2883 2220 3063 2276 dicere
3084 2261 3100 2286 ,
3147 2220 3357 2275 illorum
3387 2219 3459 2274 tle
3486 2232 3679 2289 magna
3712 2219 3815 2274 ltu-

2232 2314 2453 2369 militatc
2475 2314 2727 2384 cogitare.
2758 2311 3004 2383 Exceptis
3030 2312 3188 2383 igitur
3211 2309 3527 2381 quibusdam
3552 2309 3655 2365 illis
3683 2323 3814 2365 con-

2225 2405 2421 2475 iugatis
2450 2405 2686 2474 patribus
2713 2412 2768 2459 et
2794 2403 3051 2458 matribus
3081 2401 3277 2457 sanctis
3295 2443 3309 2469 ,
3352 2399 3546 2473 quibus
3572 2400 3693 2457 ideo
3724 2400 3813 2456 isti

2230 2497 2477 2551 meliores
2510 2510 2617 2550 non
2646 2505 2801 2563 sunt,
2833 2495 3077 2566 quamvis
3100 2494 3364 2566 coniugati
3390 2508 3498 2550 non
3526 2494 3653 2560 sint,
3684 2490 3810 2564 quia

2229 2586 2273 2641 si
2294 2587 2559 2657 coniugati
2577 2594 2776 2653 essent,
2804 2600 2957 2656 pares
2975 2600 3083 2641 non
3097 2592 3278 2642 essent
3301 2601 3314 2649 ;
3344 2591 3570 2641 caeteros
3591 2584 3811 2640 omnino

2227 2677 2384 2748 huius
2431 2679 2685 2748 temporis
2728 2678 3072 2749 coniugatus,
3115 2678 3198 2733 vel
3226 2684 3345 2748 post
3368 2684 3646 2747 expertum
3672 2686 3807 2731 cou-

2225 2770 2460 2825 cubitum
2487 2771 2844 2838 continentes,
2870 2785 2903 2827 a
2917 2784 2977 2826 se
2997 2768 3239 2841 superari
3263 2782 3369 2824 non
3386 2767 3627 2824 dubitent
3657 2782 3672 2821 :
3701 2776 3808 2824 non

2224 2870 2479 2933 quantum
2507 2863 2575 2917 ab
2604 2863 2753 2918 Anna
2778 2905 2793 2930 ,
2833 2862 3109 2928 Susanna;
3155 2860 3255 2917 sed
3283 2867 3539 2931 quantum
3578 2855 3752 2913 amba:
3776 2872 3810 2913 a

2223 2953 2386 3009 Maria
2422 2964 2761 3025 superantur.
2816 2952 2969 3021 Quod
2998 2953 3065 3008 ad
3103 2953 3273 3023 ipsam
3306 2953 3538 3023 pertinet
3567 2958 3809 3005 sanctam

2224 3048 2400 3105 carnis
2423 3048 2801 3119 integritatem,
2825 3046 3016 3118 loquor
3049 3063 3063 3100 :
3092 3059 3217 3101 nam
3241 3058 3361 3115 quae
3376 3043 3477 3099 alia
3498 3043 3606 3099 sint
3629 3036 3812 3097 Maris

2223 3140 2413 3196 merita
2437 3181 2451 3205 ,
2497 3140 2615 3210 quis
2664 3137 2910 3211 ignorat?
2949 3137 3124 3193 Mores
3160 3137 3340 3207 itaque
3376 3146 3642 3205 congruos
3684 3126 3811 3188 huic

2226 3238 2375 3284 tanto
2403 3229 2675 3301 proposito
2701 3229 3021 3299 adiungant,
3052 3235 3111 3281 ut
3137 3226 3206 3281 de
3228 3223 3562 3296 praepollenti
3588 3221 3812 3294 praemio

2222 3330 2422 3377 certain
2448 3322 2789 3376 securitatem
2816 3327 3005 3389 gerant
3035 3334 3049 3371 :
3080 3317 3313 3373 scientes
3351 3329 3482 3373 sane
3508 3313 3611 3371 sibi
3638 3323 3802 3384 atque

2222 3414 2470 3469 omnibus
2510 3413 2758 3469 ﬁdelibus
2792 3411 3003 3467 dilectis
3028 3418 3084 3465 et
3109 3410 3297 3467 electis
3320 3407 3517 3464 Christi
3546 3405 3807 3463 membris

2223 3506 2402 3561 multis
2424 3505 2493 3559 ab
2517 3506 2725 3561 oriente
2750 3513 2803 3560 et
2829 3502 3107 3559 occidente
3128 3499 3496 3567 venientibus,
3527 3498 3629 3554 etsi
3667 3496 3812 3553 inter

2223 3612 2282 3652 se
2308 3596 2541 3653 distante
2578 3611 2680 3667 pro
2706 3597 2913 3653 meritis
2950 3595 3135 3667 gloria
3172 3594 3293 3650 luce
3321 3592 3679 3663 fulgentibus,
3704 3588 3812 3645 hoc

2225 3698 2400 3743 tamen
2430 3703 2680 3759 magnum
2712 3690 2766 3743 in
2791 3700 3079 3743 commune
3106 3685 3372 3757 praestari,
3402 3688 3465 3739 ut
3485 3697 3605 3739 cum
3634 3680 3811 3736 Abra-

2222 3779 2347 3836 liam
2368 3788 2422 3836 et
2447 3781 2593 3836 lsaac
2613 3789 2669 3835 et
2689 3779 2856 3836 Jacob
2884 3777 3193 3835 recumbam
3210 3777 3262 3831 in
3290 3790 3453 3846 regno
3477 3774 3567 3829 Dei
3592 3770 3810 3836 (Matth.

2223 3888 2311 3927 vm
2332 3915 2345 3939 ,
2379 3873 2502 3941 ll),
2560 3874 2649 3943 qui
2691 3887 2797 3926 non
2833 3879 3058 3942 propter
3086 3870 3192 3924 hoc
3223 3868 3474 3923 malum
3496 3906 3511 3933 ,
3559 3863 3656 3922 sed
3682 3877 3812 3933 pro-

2228 3974 2342 4033 pter
2382 3963 2651 4020 Christum
2703 3963 2995 4033 coniuges,
3046 3971 3265 4032 propter
3307 3959 3583 4016 Christum
3631 3961 3813 4027 patres

2227 4060 2458 4113 fuerunt.

2212 4164 3782 4224 WW

2932 4218 2941 4221 -
3328 4213 3363 4221 _.

3240 4213 3464 4221 ___.-.-————

3468 4210 3777 4221 ...νη-...ια-

2944 4214 3231 4223 m—

2354 4225 2455 4231 _.——.
2490 4226 2520 4231 ο-
2546 4225 2640 4232 οθ--ο

615 4265 696 4359 In
716 4262 1174 4359 fugﬁqucntem
1199 4265 1435 4359 finiunt
1462 4269 1537 4330 de
1572 4269 1803 4336 Sancta
1835 4275 2240 4359 Yirginitate,
2295 4278 2432 4359 uide
2462 4278 2571 4359 ζει).
2592 4277 2653 4359 2
2675 4323 2689 4352 ,
2725 4296 2858 4357 cap.
2892 4276 3011 4359 23“,
3044 4276 3613 4359 Retractalionum,
3659 4279 3811 4333 10m-

536 4343 599 4415 1,
635 4341 754 4404 col.
779 4339 924 4414 διιος
973 4362 1013 4403 α
1038 4342 1261 4414 verbis,
1294 4347 1720 4426 Posteaquam
1749 4339 2001 4433 scripsi,
2029 4339 2326 4438 usquead
2344 4339 2558 4432 uerba,
2589 4339 2812 4437 Nupert
2837 4339 3172 4419 edidimus.
3257 4354 3341 4415 M.

608 4442 780 4570 gilius
804 4442 925 4498 libri
949 4444 1191 4528 muniuit
1218 4456 1475 4572 puterea
1521 4458 1735 4506 sanctus
1774 4455 2099 4538 Augustinus
2143 4458 2197 4512 in
2228 4458 2470 4540 proxime
2511 4465 2764 4514 secuturo
2788 4459 2924 4514 libro
2949 4457 3017 4515 de
3040 4458 3188 4514 Bono
3219 4454 3523 4521 Viduitatis,
3552 4469 3707 4526 capp.
3746 4454 3814 4509 ιδ

703 4555 719 4572 ς
743 4528 952 4571 necnon
976 4530 1032 4571 ω
1063 4514 1198 4572 libro
1284 4517 1351 4572 de
1379 4528 1716 4572 peccatorum
1747 4523 1948 4572 Herius
1975 4534 2028 4572 et
2056 4526 2402 4572 Remismnnn,
2428 4543 2547 4572 mn-
2575 4527 2664 4572 29.

535 4523 592 4570 et
613 4513 719 4580 23;
743 4528 952 4571 necnon
976 4513 1032 4571 in
1063 4514 1198 4572 libro

1555 4654 1781 4664 νξ-
1642 4654 1992 4661 "————
1784 4662 1803 4664 _
1810 4662 1992 4664 Ἣ

716 4912 737 4919 η
1030 4754 1037 4763 ’
1151 4772 1294 4897 s.
1380 4784 2130 4897 annum

2220 4786 3200 4918 AUGUSTINI
3270 4916 3278 4927 β

1321 4532 1351 4572 e
1379 4528 1717 4589 peccatorum
1747 4523 1948 4581 Meritis
1975 4534 2029 4581 et
2056 4523 2408 4595 Remissione,
2428 4543 2547 4600 cap.
2575 4527 2666 4584 29.

1997 4653 3760 4668 m

3278 4644 3807 4700 ﬂ

1723 4952 2241 5018 HIPPONENSIS
2270 4900 2657 5019 iuuenior:w
2704 4900 2773 4904 Ὗ
2822 4900 2929 4902 ἡ
2998 4900 3191 4903 ﬁt
3275 4900 3303 5014 ’ξ

830 5072 919 5327 ἲ
1078 5072 3539 5417 δΑΝδῗὲτηῖῗῗέἓὲἕ,ῑΤΑΤ

1621 5378 2097 5490 LIBER
2183 5378 2299 5487 [Γ
2280 5381 2429 5488 Ν
2441 5383 2611 5490 US
2640 5383 2750 5493 (α).

1958 5548 2379 5609 Μ

594 5623 715 5695 9‘0.“
732 5618 942 5695 prima!!!
957 5618 1023 5695 δὲ
1340 5633 1488 5695 φατε
1504 5635 1560 5695 ac
1576 5629 1676 5695 99°
1697 5623 1874 5695 άίβθιὲξε.
1889 5626 2192 5695 νίτείίιίὲἑηίδν
2216 5625 2292 5695 uti
2320 5624 2666 5695 fecunditatem
2687 5625 2994 5695 coniugalem
3013 5627 3113 5695 iam
3135 5638 3236 5677 που
3259 5634 3409 5695 P0999
3436 5620 3585 5695 mm.“

1201 5682 1409 5756 summie
1429 5687 1637 5756 cem-rit
1654 5682 2200 5756 contrariis-ﬁmum”;
2227 5686 2369 5756 alteri
2388 5690 2681 5756 culpantium
2700 5682 2909 5756 nuptiis,
2928 5682 3180 5756 altericas
3194 5682 3495 5756 :equagtinni
3516 5682 3810 5756 virginitati:

534 5740 726 5795 illorum
748 5745 931 5797 adlinet
951 5747 1219 5809 putantium
1241 5746 1433 5807 nuptias
1452 5759 1516 5795 cx
1539 5744 1736 5809 obliquo
1760 5753 1809 5797 ct
1832 5748 1977 5797 tacite
1994 5740 2242 5799 damnatas
2274 5750 2334 5800 ab
2359 5740 2577 5814 quam;
2599 5740 2793 5802 dicente
2817 5740 2879 5801 ad
2894 5740 3180 5807 'Curintbios
3196 5740 3227 5814 ,ί
3257 5740 3815 5800 ’Τῐίὺκιαωοηοῖιέῑάϋνκ

466 5878 495 5899 θ
596 5825 670 5891 (a)
692 5823 1430 5890 Scriptulclrdterannumm.

3248 5904 3295 5934 ι..
