4122 6212
368 362 503 426 591,

1808 365 2011 424 LIBER
2050 366 2248 425 UNUS.

3564 381 3676 442 308

366 476 550 535 carnis
566 474 809 554 habebunt
828 479 1105 554 huiusmodi
1124 493 1143 541 ;
1164 488 1252 554 ego
1273 484 1434 554 autem
1456 478 1581 554 tubis
1601 493 1782 554 pareo;
1819 483 2023 554 istorum
2046 493 2192 538 vero.
2216 484 2331 554 quia
2365 482 2424 554 ad
2449 480 2667 554 eosdem
2690 484 2884 546 scribit,
3180 487 3348 554 itaque
3382 488 3475 543 hoc
3494 494 3671 549 om"

336 568 341 575 -
366 552 483 618 esse
519 549 717 610 propter
735 541 1369 618 prasentetninecessitatem
1384 541 2499 618 ,1contendentium‘perpetuamcotitinen'tiam
2534 552 2732 608 propter
2763 541 2928 618 saeculi
2966 549 3111 611 hujus
3131 541 3312 618 “lani,
3344 541 3672 618 noniprb-p's-éi:

367 601 1156 683 Eewﬁe.®eesesi§ri;-?9aes
1174 601 2093 683 Wijiiséass_h9.miliﬂéEI-..99§
2112 601 2506 683 £9-33???“
2533 601 2846 659 δουῖεειτναιιιι·
2868 601 3045 660 earum'
3076 622 3275 676 munus.
3291 601 3675 683 manus;

369 676 534 734 atque
555 669 619 720 ad
639 680 750 719 eam
770 678 916 732 quam
936 666 1149 717 maxime
1170 665 1620 718 sectandam'multa
1638 674 1694 719 et
1708 667 1850 731 gravi
1868 665 2094 717 oratione
2111 666 2414 717 adhortatur.

352 781 359 857 ι
450 796 685 854 CAPUT
725 794 1010 852 PRIMUM.
1042 822 1116 836 -
1143 792 1192 850 l.
1230 793 1465 867 Virgines
1506 797 1803 867 conjugatos
1851 808 1973 850 δαη-

373 899 491 944 ctos
523 899 692 961 patres
718 905 819 944 non
841 898 1179 944 contemnant.
1206 888 1424 944 Librum
1448 889 1514 945 de
1528 886 1679 944 Bono
1699 887 1979 960 Conjugali

374 994 559 1052 nuper
583 981 873 1050 edidimus,
902 980 957 1036 in
986 996 1094 1052 quo
1115 982 1276 1038 etiam
1302 980 1503 1038 Christi
1524 983 1759 1054 virgines
1788 982 1976 1038 adnio-

375 1072 604 1128 nuimus
641 1079 802 1142 atque
842 1084 1152 1137 monemus,
1210 1086 1278 1128 ne
1332 1083 1552 1146 propter
1603 1073 1973 1129 excellentiam

375 1163 628 1218 muneris
647 1162 920 1233 amplioris
936 1162 1078 1233 quod
1118 1162 1372 1220 divinitus
1420 1174 1759 1235 acceperunt,
1797 1171 1981 1220 conte-

377 1261 577 1308 mnant
626 1254 681 1309 in
710 1253 791 1309 sui
836 1253 1236 1324 commratione
1266 1264 1446 1325 patres
1473 1264 1531 1311 et
1556 1262 1755 1310 matres
1796 1254 1977 1325 pepuli

378 1342 521 1413 Dei;
546 1342 900 1416 hominesque
921 1344 1040 1400 illos
1061 1360 1195 1416 quos
1216 1353 1464 1416 tanquam
1486 1344 1679 1401 olivam
1702 1356 1978 1401 commen-

380 1438 482 1495 dat
506 1439 817 1511 Apostolus,
865 1455 935 1496 ne
958 1439 1233 1510 superbiat
1273 1438 1504 1496 insertus
1532 1439 1763 1495 oleaster
1794 1436 1971 1512 (Rom.

381 1542 465 1599 ιι,
497 1531 587 1600 l7,
622 1528 737 1603 18),
763 1531 855 1603 qui
882 1539 1109 1588 venturo
1132 1530 1345 1587 Christo
1388 1531 1548 1587 etiam
1578 1530 1808 1587 filiorum
1857 1542 1978 1601 pro-

380 1624 674 1696 pagatione
699 1624 1024 1694 serviebant,
1058 1623 1178 1680 ideo
1204 1624 1381 1681 meriti
1407 1623 1676 1681 inferioris
1696 1639 1815 1681 esse
1836 1624 1979 1681 arbi-

382 1724 626 1787 trentur,
657 1718 780 1789 quia
819 1717 943 1789 jure
994 1716 1173 1773 divino
1213 1718 1538 1774 continentia
1583 1717 1868 1784 connubio,
1924 1727 1979 1774 et

383 1809 588 1881 nuptiis
608 1810 692 1881 pia
730 1804 1003 1881 virginitas
1028 1811 1386 1881 anteponitur.
1419 1809 1479 1865 In
1520 1809 1623 1865 illis
1648 1810 1844 1882 quippe
1875 1823 1973 1881 pa-

378 1901 644 1957 rabantur
668 1908 722 1957 et
743 1899 1171 1972 parturiebantur
1199 1902 1395 1968 futura,
1441 1916 1559 1972 qua:
1587 1916 1731 1957 nunc
1767 1900 1978 1971 impleri

384 1992 704 2049 mirabiliter
724 2001 780 2048 et
802 1991 1091 2048 efﬁcaciter
1117 1993 1407 2059 cernimus,
1435 2005 1659 2063 quorum
1681 1993 1841 2048 etiam
1870 1991 1979 2048 vita

385 2084 683 2155 conjugalis
722 2084 1031 2156 prophetica
1074 2082 1373 2139 fuit:unde
1436 2099 1539 2140 non
1596 2082 1979 2140 consuetudine

387 2172 747 2232 humanorum
797 2184 1042 2231 votorum
1086 2185 1243 2246 atque
1292 2173 1641 2247 gaudiorum,
1691 2174 1787 2231 sed
1821 2174 1978 2232 valde

387 2267 657 2340 pmfundo
677 2268 902 2325 consilio
948 2266 1064 2334 Dei,
1095 2270 1145 2323 in
1179 2268 1495 2339 quibusdam
1524 2284 1707 2324 eorum
1738 2260 1978 2323 fecundi-

387 2367 473 2414 tas
502 2359 776 2427 honorari,
805 2360 855 2413 in
883 2359 1199 2430 quibusdam
1232 2359 1392 2414 etiam
1419 2358 1692 2414 fecundari
1720 2358 1975 2416 sterilitas

386 2454 607 2508 meruit.
639 2452 751 2508 Hoc
778 2466 907 2508 vero
956 2461 1199 2524 tempore
1253 2452 1444 2523 quibus
1468 2452 1668 2507 dictum
1703 2460 1809 2520 est,
1840 2449 1902 2507 Si
1926 2468 1980 2507 se

386 2556 492 2600 non
532 2546 822 2611 continent,
854 2546 1045 2598 nubant
1068 2543 1110 2618 (l
1137 2543 1253 2600 Cor.
1282 2558 1377 2609 vn,
1407 2541 1500 2617 9);
1533 2558 1641 2600 non
1676 2542 1977 2599 adhibenda

389 2646 474 2693 est
500 2636 823 2703 exhortatio,
856 2635 952 2693 sed
973 2638 1285 2692 consolatio.
1327 2636 1529 2706 Quibus
1567 2646 1743 2693 autem
1777 2638 1976 2694 dictum

386 2738 493 2798 est,
523 2729 627 2796 Qui
650 2738 809 2802 potest
836 2746 1014 2801 capere
1039 2732 1208 2803 capiat
1240 2728 1451 2805 (Matth.
1475 2747 1584 2799 nx,
1612 2730 1748 2807 12);
1778 2730 1975 2788 exhor-

388 2821 536 2877 tandi
561 2832 687 2878 sunt
714 2838 780 2879 nc
809 2830 1106 2878 terreantur
1126 2864 1139 2889 ,
1174 2832 1226 2877 et
1254 2823 1492 2879 terrendi
1538 2838 1605 2880 ne
1631 2824 1971 2881 extollantur.

388 2911 505 2968 Non
536 2914 710 2969 solum
732 2929 859 2985 ergo
882 2915 1214 2986 przedicanda
1231 2925 1312 2971 est
1335 2916 1628 2987 virginitas,
1650 2925 1710 2972 ut
1734 2926 1972 2985 ametur;

389 3014 575 3058 verum
596 3003 759 3058 etiam
787 3005 1073 3072 mouenda,
1096 2990 1162 3061 ne
1194 3006 1428 3061 inﬂetur.

456 3092 688 3150 CAPUT
724 3092 788 3149 ll.
808 3122 879 3136 ι·-
901 3094 955 3149 2.
990 3093 1213 3166 Virginis
1241 3096 1379 3165 ﬁlius
1410 3104 1457 3151 et
1485 3097 1735 3170 virginum
1763 3116 1976 3172 sponsus

380 3182 639 3243 Christus.
700 3182 932 3242 Ecclesia
966 3189 1092 3242 sicut
1121 3187 1311 3257 Maria,
1357 3198 1405 3244 et
1451 3202 1612 3245 mater
1634 3201 1678 3246 et
1707 3192 1846 3263 virgo
1881 3202 1973 3249 est.

388 3275 502 3333 Hoc
530 3278 638 3335 isto
666 3290 915 3334 sermone
938 3281 1270 3351 suscepimus
1301 3298 1313 3335 :
1347 3281 1559 3352 adjuvet
1578 3281 1824 3340 Christus
1854 3278 1977 3340 Vir-

376 3367 524 3438 ginis
547 3367 711 3435 illius,
733 3377 787 3424 et
814 3368 1077 3441 virginum
1102 3384 1354 3441 sponsus,
1387 3372 1627 3445 virginali
1666 3384 1817 3429 utero
1857 3390 1977 3432 cor-

380 3458 645 3531 poraliter
679 3468 857 3530 natus,
884 3462 1132 3534 virginali
1171 3466 1437 3520 connubio
1466 3464 1814 3536 spiritualiter
1842 3484 1975 3525 con-

385 3550 620 3622 iugatas.
654 3550 789 3607 Cum
815 3551 1109 3625 ipsaigitur
1158 3554 1401 3611 universa
1430 3555 1669 3611 Ecclesia
1714 3558 1863 3631 virgo
1908 3559 1977 3616 sit

389 3642 711 3714 desponsata
753 3642 847 3700 uni
900 3645 1016 3701 viro
1056 3645 1294 3715 Christo,
1343 3647 1479 3703 sicut
1531 3648 1660 3704 dicit
1692 3651 1977 3722 Apostolus

389 3734 461 3805 (ll
484 3734 603 3793 Cor.
634 3751 711 3805 ιι,
745 3734 840 3810 2);
882 3747 1082 3809 quanto
1108 3738 1265 3811 digna
1306 3750 1432 3795 sunt
1477 3740 1683 3797 honore
1735 3744 1976 3798 membra

378 3828 525 3898 ejus,
555 3843 678 3901 qam
725 3829 828 3886 hoc
855 3830 1163 3887 custodiunt
1198 3833 1356 3887 etiam
1395 3833 1447 3887 in
1480 3834 1593 3904 ipsa
1618 3851 1800 3902 carne,
1831 3837 1974 3906 quod

382 3927 499 3976 tota
522 3921 756 3978 cuswdit
789 3922 840 3977 in
864 3922 1004 3979 fide?
1033 3938 1151 3995 quae
1176 3924 1412 3980 imitatur
1442 3936 1664 3980 matrem
1696 3927 1793 3980 viri
1816 3926 1897 3982 sui
1925 3936 1979 3984 et

386 4013 589 4071 domini
606 4017 709 4073 sui.
726 4014 857 4072 Nam
876 4016 1111 4073 Ecclesia
1137 4034 1349 4089 quoque
1372 4026 1426 4074 et
1452 4028 1619 4073 mater
1639 4019 1851 4089 etvirgo
1871 4027 1973 4087 est,

386 4106 553 4178 Cujus
570 4109 712 4165 enim
736 4108 1023 4180 integritati
1038 4110 1383 4177 consulimus,
1407 4110 1450 4164 si
1472 4111 1618 4181 virgo
1635 4126 1740 4165 non
1759 4111 1872 4166 est?
1888 4121 1978 4166 aut

388 4198 543 4270 cujus
560 4199 761 4271 prolem
782 4202 1117 4273 alloquimur,
1146 4203 1190 4258 si
1216 4210 1385 4257 mater
1411 4218 1516 4256 non
1544 4202 1831 4257 estMlaria
1857 4217 1976 4258 cor-

388 4295 647 4366 poraliter
664 4303 824 4367 caput
852 4296 1008 4367 hujus
1033 4298 1271 4367 corporis
1304 4296 1507 4367 peperit
1528 4314 1539 4348 :
1560 4295 1796 4351 Ecclesia
1824 4296 1979 4366 spiri-

388 4386 853 4444 tualitermembra
869 4386 1011 4444 illius
1026 4388 1212 4462 capitis
1229 4389 1385 4460 parit.
1405 4386 1460 4441 In
1478 4397 1697 4458 utraque
1709 4389 1979 4461 virginitas

388 4477 769 4536 fecunditatem
794 4496 897 4537 non
930 4481 1148 4553 impedit
1174 4497 1189 4535 :
1221 4481 1272 4536 in
1303 4489 1525 4552 utraque
1551 4481 1843 4538 fecunditas
1869 4483 1979 4538 vir-

388 4572 666 4643 ginitatem
692 4586 797 4628 non
825 4571 1029 4628 adimit.
1059 4571 1289 4628 Proinde
1316 4587 1435 4627 cum
1465 4571 1704 4628 Ecclesia
1736 4572 1981 4628 universa

389 4664 464 4719 sit
486 4672 669 4720 sancta
694 4673 747 4719 et
765 4677 989 4734 corpore
1006 4670 1059 4719 et
1083 4663 1292 4735 spiritu,
1316 4679 1416 4720 nec
1444 4671 1621 4720 tamen
1645 4663 1889 4719 universa
1915 4663 1984 4718 sit

393 4771 620 4831 corpore
639 4758 809 4828 virgo,
841 4757 934 4813 sed
965 4757 1187 4829 spiritu;
1219 4766 1416 4829 quanto
1445 4758 1677 4814 sanctior
1710 4765 1794 4813 est
1826 4756 1879 4811 in
1900 4756 1985 4811 his

393 4850 674 4917 membris,
698 4849 785 4904 ubi
803 4850 950 4919 virgo
973 4858 1057 4906 est
1078 4855 1133 4905 et
1154 4864 1380 4921 corpore
1396 4860 1449 4906 et
1470 4850 1656 4922 spiritu
1676 4848 1698 4902 ?

466 4941 695 5000 CAPUT
734 4941 818 4997 Ill.
842 4970 911 4983 ——
937 4942 991 4999 5.
1036 4938 1279 5015 Cognatio
1318 4940 1600 5014 spiritualis
1643 4958 1755 4997 cum
1784 4939 1984 4999 Christo

395 5037 763 5109 prepinquitati
788 5038 896 5108 ejus
920 5035 1118 5090 carnali
1142 5037 1503 5107 prwponenda.
1529 5033 1798 5106 Scriptum
1830 5043 1913 5090 est
1932 5034 1987 5091 in

394 5131 710 5202 Evangelio,
737 5130 879 5202 quod
900 5138 1070 5188 mater
1087 5136 1142 5185 et
1161 5128 1351 5184 fratres
1374 5126 1591 5197 Christi,
1630 5128 1731 5184 hoc
1751 5135 1835 5184 est
1851 5141 1986 5185 con-

404 5224 679 5295 sanguinei
714 5224 892 5279 carnis
920 5222 1072 5295 ejus,
1112 5237 1234 5277 cum
1264 5219 1338 5276 illi
1373 5220 1597 5276 nuntiati
1635 5219 1889 5289 fuissent,
1930 5228 1985 5277 et

404 5315 533 5372 foris
552 5323 945 5388 eXSpectarent.
986 5315 1108 5387 quia
1138 5328 1245 5370 non
1288 5320 1508 5385 possent
1528 5326 1647 5367 eum
1686 5311 1836 5391 adire
1878 5327 1988 5382 pra:

404 5407 574 5476 turba,
600 5407 694 5464 ille
713 5406 1029 5479 respondit:
1060 5404 1185 5473 Qua:
1203 5412 1278 5459 est
1306 5411 1464 5458 mater
1484 5419 1614 5473 mea,
1640 5412 1725 5456 aut
1757 5403 1843 5474 qui
1870 5411 1989 5458 sunt

2085 791 2268 860 fratres
2330 794 2465 848 mei?
2508 793 2577 849 Et
2621 797 2890 855 extendens
2946 818 3153 856 manum
3195 820 3348 875 super
3395 807 3676 881 discipulos

2082 899 2220 950 suos,
2245 885 2315 937 ait
2345 900 2365 939 :
2404 884 2475 940 Hi
2517 896 2634 942 sunt
2684 890 2865 946 fratres
2895 894 3029 958 mei;
3058 903 3103 948 et
3150 895 3450 968 quicumque
3495 901 3674 974 fecerit

2083 973 2391 1051 voluntatem
2414 975 2588 1034 Putris
2615 981 2730 1046 mei,
2755 981 2863 1053 ipse
2889 984 3012 1037 mihi
3040 986 3215 1055 frater,
3251 998 3296 1042 et
3318 999 3497 1058 mater,
3530 1002 3576 1046 et
3595 1011 3680 1051 so-

2080 1078 2171 1118 ror
2188 1073 2260 1120 est
2285 1066 2497 1137 (Matth.
2519 1085 2613 1137 xu,
2644 1070 2857 1144 46-50).
2880 1072 3015 1141 Quid
3042 1075 3185 1131 aliud
3207 1093 3303 1133 nos
3325 1078 3543 1149 docens,
3570 1074 3675 1142 nisi

2083 1156 2283 1213 carnali
2312 1162 2613 1231 cognationi
2635 1178 2801 1231 genus
2823 1175 3064 1221 nostrum
3095 1168 3368 1238 spirituale
3392 1182 3673 1246 praepone-

2084 1260 2177 1315 re;
2209 1262 2308 1305 nec
2338 1249 2462 1306 inde
2484 1252 2671 1308 beatos
2706 1271 2824 1310 esse
2855 1255 3117 1326 homines,
3145 1261 3187 1314 si
3207 1261 3366 1331 juslis
3390 1275 3444 1319 et
3472 1258 3673 1325 sanctis

2082 1342 2258 1395 carnis
2286 1343 2678 1414 propinquitate
2708 1344 3023 1419 junguntur,
3056 1351 3148 1407 scd
3176 1353 3218 1407 si
3256 1370 3441 1410 eorum
3468 1356 3671 1414 doctri-

2082 1446 2167 1487 na:
2187 1448 2251 1488 ac
2270 1435 2507 1490 moribus
2524 1435 2821 1494 obcdiendo
2842 1450 2999 1510 atque
3012 1441 3266 1499 imitando
3280 1446 3672 1506 cohaerescunt?

2084 1520 2299 1581 Beatior
2341 1541 2467 1597 ergo
2509 1526 2670 1583 Maria
2715 1530 3057 1600 percipiendo
3082 1532 3239 1589 fidem
3267 1534 3484 1604 Christi,
3508 1555 3671 1610 quam

2083 1617 2435 1688 concipiendo
2456 1634 2668 1676 carnem
2699 1623 2914 1679 Christi.
2948 1624 3080 1681 Nam
3112 1640 3165 1683 et
3200 1628 3394 1686 dicenti
3432 1632 3665 1703 cuidam,

2081 1705 2268 1765 Beatus
2296 1721 2467 1766 venter
2490 1713 2577 1785 qui
2597 1724 2644 1769 te
2671 1719 2916 1785 portavit;
2938 1718 2951 1773 i
2958 1735 3051 1790 pse
3076 1724 3374 1795 respondit,
3395 1724 3510 1782 lmo
3532 1728 3665 1785 beati

2080 1802 2167 1892 qui
2185 1803 2399 1892 audiunt
2422 1808 2625 1861 verbum
2642 1806 2753 1874 Dei,
2784 1819 2830 1863 et
2846 1812 3133 1866 custodiunt
3160 1813 3309 1884 (Luc.
3332 1832 3404 1883 ιι,
3424 1819 3514 1888 27,
3539 1820 3656 1892 28).

2079 1886 2322 1965 Denique
2368 1892 2618 1953 fratribus
2685 1899 2831 1968 ejus,
2888 1899 2939 1955 id
2988 1912 3069 1958 cst
3118 1905 3406 1961 secundum
3453 1886 3671 1967 carnem

2081 1986 2322 2055 cognatis
2343 2028 2357 2052 ,
2390 1988 2480 2057 qui
2512 2002 2618 2043 non
2666 1990 2718 2044 in
2746 2000 2866 2045 enm
2915 1992 3290 2063 crediderunt,
3318 1998 3445 2069 quid
3473 2000 3674 2070 profuit

2080 2072 2169 2130 illa
2189 2077 2473 2148 cognatio?
2501 2078 2588 2134 Sic
2609 2088 2664 2135 et
2687 2092 2922 2137 materna
2948 2086 3315 2158 propinquitas
3337 2088 3465 2146 nihil
3488 2091 3672 2149 Maria

2082 2166 2397 2237 profuisset,
2442 2171 2546 2225 nisi
2585 2170 2793 2229 felicius
2819 2172 3088 2231 Christum
3119 2176 3282 2237 corde
3306 2196 3469 2250 quam
3506 2197 3672 2241 carne

2079 2265 2359 2326 gestasset.

2152 2346 2378 2405 CAPUT
2420 2349 2505 2406 IV.
2527 2382 2600 2392 —
2618 2352 2671 2408 4.
2706 2348 2986 2425 Virginitas
3008 2354 3192 2413 Maria:
3229 2369 3341 2415 voto
3368 2361 3537 2418 dicata
3557 2363 3669 2421 Deo

2080 2446 2349 2509 antequam
2373 2440 2437 2495 de
2454 2442 2787 2515 concipiendo
2823 2443 3023 2500 Christo
3051 2447 3291 2505 audisset.
3321 2449 3438 2522 Ipsa
3459 2469 3670 2527 quoque

2079 2528 2356 2601 virginitas
2384 2532 2500 2603 ejus
2525 2534 2644 2589 ideo
2675 2535 2875 2606 gratior
2892 2546 2946 2592 et
2966 2540 3252 2610 acceptior,
3276 2544 3397 2614 quia
3418 2560 3528 2601 non
3548 2562 3667 2605 eam

2079 2631 2367 2694 conceptus
2402 2623 2647 2681 Christus
2684 2627 2798 2681 viro
2840 2628 3103 2683 violaturo
3130 2647 3289 2702 quam
3323 2648 3671 2695 conservaret

2078 2712 2196 2783 ipse
2225 2714 2516 2785 prazripuit,
2547 2716 2641 2774 sed
2669 2719 2977 2790 priusquam
3011 2721 3383 2795 conciperetur
3412 2725 3523 2796 jam
3555 2727 3669 2785 Deo

2079 2802 2309 2862 dicatam
2338 2806 2406 2862 de
2424 2821 2526 2878 qua
2555 2816 2864 2864 nasceretur
2892 2810 3067 2882 elegit.
3104 2811 3216 2870 Hoc
3241 2815 3478 2872 indicant
3497 2818 3661 2876 verba

2080 2911 2199 2966 quae
2244 2897 2345 2953 sibi
2375 2896 2541 2953 fetum
2587 2898 2920 2955 annuntianti
2965 2903 3153 2974 angelo
3201 2904 3362 2960 Maria
3410 2908 3664 2965 reddidit.

2084 2988 2371 3057 Quomodo,
2424 2992 2615 3062 inquit,
2648 2994 2737 3062 ﬁet
2766 2994 2919 3061 istud,
2953 2995 3191 3065 quoniam
3220 2998 3380 3053 virum
3433 3016 3535 3055 non
3576 3016 3667 3057 co.

2079 3096 2267 3153 gnosco
2297 3081 2450 3154 (Luc.
2497 3094 2534 3150 ι,
2563 3083 2652 3155 54)
2670 3085 2695 3137 ?
2723 3087 2876 3151 Quod
2909 3089 3147 3156 profecto
3173 3107 3280 3146 non
3306 3091 3532 3162 diceret,
3560 3094 3666 3151 nisi

2081 3171 2193 3227 Deo
2217 3170 2475 3242 virginem
2495 3188 2553 3229 se
2575 3182 2699 3229 ante
2725 3176 2976 3231 vovisset.
3001 3178 3107 3234 Sed
3128 3180 3251 3250 quia
3279 3181 3381 3237 hoc
3405 3182 3670 3241 lsraelita-

2080 3280 2201 3320 rum
2252 3260 2431 3322 mores
2471 3264 2644 3321 adhuc
2680 3267 3033 3337 recusabant,
3082 3271 3399 3343 desponsata
3453 3284 3534 3331 est
3552 3277 3670 3334 viro

2076 3360 2242 3431 juSto,
2275 3375 2383 3415 non
2408 3361 2670 3418 violenter
2696 3362 2959 3429 ablaturo,
3008 3364 3101 3420 sed
3128 3366 3303 3439 potius
3331 3376 3514 3422 contra
3542 3368 3659 3427 vio-

2084 3452 2259 3509 lentos
2286 3454 2620 3510 custodituro
2658 3455 2802 3528 quod
2832 3454 2918 3512 illa
2954 3459 3065 3529 jam
3096 3468 3330 3515 voverat.
3354 3463 3668 3534 Quanquam

2081 3544 2292 3600 etiamsi
2317 3543 2419 3601 hoc
2459 3546 2632 3601 solum
2660 3546 2902 3615 dixisset,
2935 3549 3196 3615 Quomodo
3223 3552 3307 3621 ﬁet
3347 3552 3523 3609 istud?
3567 3569 3671 3613 nec

2081 3635 2390 3703 addidisset,
2422 3639 2661 3706 quoniam
2686 3640 2846 3693 virum
2868 3657 2968 3694 non
2994 3657 3276 3711 cognosco;
3307 3659 3414 3698 non
3442 3645 3668 3715 quaesis-

2081 3737 2165 3783 set
2192 3728 2391 3798 utique,
2424 3730 2743 3800 promissum
2765 3731 2863 3786 sibi
2887 3729 3051 3786 tilium
3075 3736 3342 3803 quomodo
3364 3735 3560 3793 femina
3575 3751 3671 3808 pa-

2082 3818 2249 3872 ritura
2299 3827 2460 3886 esset,
2517 3820 2562 3875 si
2615 3820 2958 3875 concubitum
3007 3824 3296 3892 nupsisset.
3348 3825 3565 3882 Poterat
3615 3837 3671 3887 et

2079 3908 2255 3977 jubcri
2294 3909 2441 3979 virgo
2489 3926 2827 3982 permanere,
2867 3912 2920 3965 in
2958 3927 3059 3982 qua
3088 3913 3183 3968 Dei
3229 3914 3395 3971 Filius
3440 3916 3667 3976 fortnam

2082 3998 2221 4054 servi
2273 4002 2587 4070 congruenti
2631 4002 2889 4057 miraculo
2931 4004 3200 4073 acciperet
3228 3990 3257 4058 :A
3286 4005 3381 4062 sed
3421 4011 3670 4081 exempto

2084 4093 2281 4148 sanctis
2307 4091 2483 4150 futura
2503 4094 2815 4165 virginibus,
2842 4111 2907 4151 ne
2934 4106 3211 4167 putaretur
3235 4099 3350 4155 sola
3380 4101 3528 4172 virgo
3545 4117 3669 4162 esse

2083 4186 2358 4256 debuisse,
2385 4205 2503 4259 qum
2532 4188 2734 4259 prolem
2762 4188 2920 4243 etiam
2943 4189 3059 4245 sine
3078 4190 3363 4247 concubitu
3387 4193 3671 4267 concipere

2085 4277 2392 4347 meruisset,
2422 4279 2778 4351 virginitatem
2824 4280 2932 4337 Deo
2956 4280 3171 4349 dicavit,
3200 4298 3322 4339 cum
3351 4284 3672 4356 adhucquid

2086 4378 2230 4426 esset
2271 4380 2594 4442 conceptum
2644 4372 2894 4441 nesciret,
2939 4383 2997 4429 ut
3032 4373 3086 4429 in
3111 4383 3322 4431 terreno
3355 4377 3672 4450 mortalique

2085 4475 2315 4533 corpore
2357 4464 2593 4521 caelestis
2626 4465 2745 4518 vitm
2793 4465 3018 4520 imitatio
3043 4475 3168 4521 voto
3199 4465 3375 4534 ﬂeret,
3402 4482 3511 4524 non
3531 4483 3671 4538 prte-

2086 4562 2273 4625 cepto;
2298 4571 2480 4611 amore
2522 4554 2773 4625 eligendi,
2808 4570 2912 4609 non
2944 4556 3261 4611 necessitate
3281 4558 3566 4614 serviendi.
3595 4558 3675 4616 Ita

2086 4644 2335 4702 Christus
2375 4643 2643 4701 nascendo
2671 4644 2738 4698 de
2773 4644 2998 4715 virgine,
3038 4660 3157 4715 quae
3193 4634 3477 4716 antequam
3514 4648 3677 4705 sciret

2088 4734 2212 4804 quis
2237 4735 2304 4790 de
2334 4736 2418 4788 illa
2447 4734 2617 4788 fuerat
2644 4734 2964 4800 nasciturus,
3001 4732 3149 4804 virgo
3187 4744 3443 4792 statuerat
3464 4752 3676 4807 perma-

2090 4839 2246 4894 nere,
2272 4824 2625 4895 virginitatcm
2658 4834 2898 4878 sanctam
2943 4824 3243 4895 approbare
3271 4826 3485 4892 maluit,
3514 4841 3674 4899 quam

2088 4919 2381 4992 imperare.
2414 4919 2492 4975 Ac
2518 4918 2593 4971 sic
2618 4917 2775 4971 etiam
2807 4917 2858 4971 in
2891 4919 3001 4988 ipsa
3026 4916 3221 4974 femina
3243 4920 3293 4974 in
3316 4936 3420 4992 qua
3448 4919 3675 4980 formam

2088 5012 2235 5071 Servi
2256 5010 2481 5083 accepit,
2506 5010 2857 5081 virginitatem
2880 5024 2996 5064 esse
3026 5009 3246 5065 liberam
3273 5013 3459 5069 voluit.

2094 5120 2097 5121 ⁷
2163 5125 2392 5187 CAPUT
2431 5124 2498 5179 ν.
2526 5155 2595 5165 --
2617 5125 2669 5178 5.
2712 5122 2971 5193 Virginum
2996 5124 3218 5177 omnium
3249 5124 3400 5181 decus
3429 5135 3501 5183 est
3525 5128 3676 5182 sirius

2103 5220 2328 5295 Virginis
2348 5229 2544 5292 partus.
2585 5217 2810 5288 Virgines
2839 5224 2885 5270 et
2912 5216 3039 5285 ipsa:
3063 5217 3241 5287 spiritu
3268 5230 3457 5274 matres
3469 5219 3677 5275 Clu-isti.

2092 5308 2216 5370 Non
2256 5320 2338 5369 est
2374 5324 2503 5380 ergo
2533 5324 2627 5363 cur
2672 5308 2763 5362 Dei
2804 5306 3032 5376 virgines
3074 5309 3489 5374 contristentur,
3536 5311 3680 5379 quod

2096 5405 2260 5475 etiam
2289 5403 2417 5473 ipsae
2444 5399 2743 5471 virginitate
2766 5406 2972 5453 servata
3002 5406 3201 5454 matres
3225 5400 3400 5454 carnis
3428 5410 3681 5458 meo:

1585 5532 1873 5576 ΔΒΙΟΜΤΙΟ
1907 5532 1991 5573 PP.
2032 5530 2512 5576 Βεηεοιοτωθιιωι.

468 5615 661 5663 Librum
682 5613 747 5663 de
951 5610 1249 5676 virginitate
1260 5607 1637 5676 emendavimus
1659 5606 1718 5658 ad
1735 5605 2286 5676 _colbertinosveteres
2307 5605 2500 5676 codices
2530 5602 2671 5676 duos,
2721 5601 2788 5676 ad.
2814 5600 3179 5676 corbeie'nsem.
3207 5602 3599 5676 venustissimum,
3625 5605 3683 5676 ad

407 5661 1096 5739 nightianum,’rratellense"m
1113 5708 1128 5731 ,
1149 5669 1508 5729 Michaelinum,
1550 5667 1947 5727 Cistercienscm,
1976 5668 2033 5718 ad
2056 5675 2140 5719 its.
2168 5668 2421 5739 nemensis
2442 5661 2665 5716 [scelestas
2731 5664 2791 5715 ad
2824 5662 2971 5714 alium
3004 5661 3605 5739 ecclesite‘landuuemis,
3627 5667 3686 5716 ad

408 5739 657 5777 unm
675 5743 912 5777 minim:
937 5735 996 5777 ad
1017 5733 1259 5777 lectiones
1279 5731 1523 5777 variantes
1542 5731 1906 5777 Lovaniensium
1932 5744 1995 5777 ex
2020 5731 2179 5777 tribus
2206 5729 2411 5777 Beiaicns
2432 5734 2560 5777 Mss.
2580 5733 2639 5777 .ct
2661 5700 2857 5776 domum
2878 5725 2941 5774 ad
2956 5724 3196 5774 editiones
3219 5730 3292 5771 ἤι’.
3321 5732 3369 5773 et
3389 5732 3495 5777 Lov.

408 5729 657 5790 itm
675 5729 912 5799 (institor;
937 5735 997 5784 ad
1017 5729 1259 5784 lectiones
1279 5731 1523 5783 variantes
1542 5731 1906 5783 Lovanicnsium
1932 5744 1995 5779 ex
2020 5731 2179 5778 tribus
2206 5729 2411 5791 Belgicis
2432 5734 2560 5787 Mss,
2576 5741 2617 5781 ,c

2729 5738 2857 5775 mum
2878 5725 2941 5774 ad
2956 5724 3196 5774 editiones
3219 5730 3292 5771 Er.
3321 5732 3369 5773 et
3389 5732 3495 5777 Lov.

491 5822 991 5904 Comparavimus
1021 5828 1313 5902 praterea
1348 5837 1446 5882 eas
1499 5835 1700 5898 omne;
1737 5815 2035 5883 editiones
2066 5814 2255 5886 initio
2288 5816 2457 5880 lictr.
2481 5822 2533 5876 et
2565 5811 2851 5875 Confess.
2888 5819 2930 5870 t.
2964 5811 3021 5885 1,
3049 5816 3433 5872 memoratas.
3523 5812 3605 5873 M.
