4122 6212
436 285 540 346 399

434 405 678 471 possunt.
706 396 855 453 Illum
881 395 1025 454 enim
1053 394 1221 451 solum
1249 392 1526 463 virginitas
1552 391 1807 447 decenter
1831 402 2019 460 parcre

439 500 638 561 posset,
661 488 752 560 qui
777 490 828 543 in
850 504 943 542 sua
972 486 1247 541 nativitate
1271 499 1449 554 parem
1473 482 1670 538 habere
1691 495 1796 536 non
1821 487 2019 551 posset.

436 579 816 637 Verumtamen
842 579 928 633 ille
946 578 1099 632 unius
1116 583 1315 630 sancta:
1334 573 1563 645 Virginis
1585 582 1768 645 partus
1784 571 2023 627 omnium

434 681 737 726 sanctarum
791 668 1051 739 virginum
1090 675 1173 722 est
1198 666 1383 722 decus.
1427 665 1495 721 Et
1522 665 1651 736 ipsa:
1691 678 1815 719 eum
1862 662 2023 717 Maria

436 770 634 817 matres
662 759 857 816 Christi
899 768 1051 823 sunt,
1092 758 1135 813 si
1168 755 1342 812 Patris
1378 756 1495 825 ejus
1541 755 1740 810 faciunt
1779 754 2024 808 volunta-

437 863 564 909 tem.
610 852 743 907 Hinc
778 850 920 906 enim
965 858 1018 905 et
1061 848 1224 904 Maria
1264 847 1576 903 laudabilius
1614 855 1774 917 atque
1818 844 2024 900 beatius

435 944 631 1000 Christi
662 953 831 1000 mater
866 954 976 1009 est,
1023 942 1312 998 secundum
1342 957 1505 1011 supra
1536 949 1881 996 memoratam
1907 939 2025 1009 ejus

434 1034 797 1093 sententiam:
849 1033 1163 1104 Quicumque
1199 1032 1322 1102 facit
1363 1031 1667 1085 voluntatem
1712 1028 1886 1083 Patris
1929 1028 2026 1082 mei

435 1127 598 1199 quiin
625 1126 762 1182 cali:
790 1134 885 1191 est,
916 1126 1025 1198 ipse
1050 1124 1175 1178 mihi
1203 1128 1383 1196 frater,
1412 1133 1458 1178 ct
1483 1140 1644 1188 soror,
1674 1132 1719 1177 et
1746 1132 1905 1177 ntater
1930 1130 2021 1176 est.

434 1219 543 1277 Bas
568 1220 667 1275 sibi
692 1233 881 1274 omnes
910 1217 1348 1288 propinquitates,
1380 1216 1433 1270 in
1464 1217 1661 1288 populo
1686 1230 1843 1286 quem
1870 1213 2027 1270 rede-

437 1313 564 1380 mit,
594 1311 941 1385 spiritualiter
979 1310 1237 1365 exhibet:
1284 1311 1473 1364 fratres
1512 1320 1565 1363 et
1606 1322 1824 1363 sorores
1868 1305 2028 1363 habet

436 1413 652 1462 sanctos
678 1405 825 1460 viros
855 1411 909 1458 et
934 1411 1143 1457 sanctas
1172 1402 1395 1457 feminas
1415 1442 1430 1467 ,
1451 1400 1701 1472 quoniam
1723 1408 1849 1454 sunt
1869 1398 1944 1453 illi
1972 1398 2024 1452 in

435 1496 639 1552 cmlesti
687 1493 998 1550 haereditate
1038 1492 1367 1548 cohaaredes.
1417 1492 1583 1547 Mater
1621 1490 1738 1561 ejus
1782 1502 1864 1546 est
1916 1497 2024 1545 tota

437 1588 676 1643 Ecclesia
694 1629 709 1654 ,
741 1586 863 1657 quia
892 1585 1131 1641 membra
1161 1584 1277 1654 ejus
1296 1624 1311 1647 ,
1345 1583 1395 1638 id
1421 1592 1539 1649 est,
1583 1583 1765 1636 ﬁdeles
1791 1582 1907 1651 ejus
1931 1596 2029 1652 per

438 1678 534 1735 Dei
564 1679 786 1750 gratiam
830 1677 945 1749 ipsa
994 1678 1176 1748 utique
1213 1676 1369 1746 parit.
1412 1676 1542 1731 ltem
1575 1683 1747 1730 mater
1783 1674 1900 1744 ejus
1946 1680 2030 1728 est

438 1770 615 1826 omnis
640 1770 815 1825 anima
846 1769 963 1841 pia,
994 1768 1193 1823 faciens
1222 1767 1546 1823 voluntatem
1592 1765 1762 1821 Patris
1789 1765 1906 1835 ejus
1947 1763 2028 1819 fe-

439 1863 766 1919 cundissima
810 1861 1070 1917 charitate
1091 1902 1105 1926 ,
1139 1860 1191 1914 in
1224 1860 1289 1913 iis
1328 1874 1460 1928 quos
1493 1858 1747 1928 parturit,
1778 1856 1949 1911 donec
1978 1854 2030 1908 in

440 1953 519 2009 eis
547 1952 663 2022 ipse
700 1950 959 2007 formetur
987 1948 1181 2025 (Galat.
1214 1963 1304 2015 tv,
1339 1947 1450 2021 l9).
1482 1947 1644 2003 Maria
1674 1962 1803 2017 ergo
1828 1944 2031 2001 faciens

439 2045 767 2100 voluntatem
793 2043 915 2111 Dei,
939 2042 1285 2112 corporaliter
1305 2039 1506 2096 Christi
1529 2037 1894 2095 tantummodo
1920 2053 2033 2092 ma-

438 2143 529 2192 ter
556 2142 673 2202 est,
705 2132 1053 2206 spiritualiter
1079 2141 1256 2186 autem
1282 2139 1336 2185 et
1358 2145 1511 2186 soror
1538 2140 1594 2186 et
1622 2138 1810 2185 mater.

512 2223 740 2283 CAPUT
772 2223 942 2280 γι...
955 2222 1007 2279 6.
1035 2222 1162 2279 Sola
1183 2220 1354 2275 Maria
1373 2237 1582 2293 corpore
1600 2237 1659 2273 ac
1680 2220 1861 2289 spiritu
1880 2220 2035 2275 simul

442 2318 584 2391 virga
607 2326 655 2373 et
674 2326 855 2372 mater.
886 2317 964 2371 Ac
992 2331 1091 2386 per
1117 2317 1218 2369 hoc
1246 2314 1333 2370 illa
1361 2331 1465 2371 una
1490 2313 1708 2379 femina,
1734 2330 1842 2370 non
1863 2316 2035 2369 solum

445 2408 634 2481 spiritu
651 2448 667 2474 ,
694 2423 884 2463 verum
914 2407 1074 2462 etiam
1104 2420 1363 2481 corpore,
1395 2414 1450 2460 et
1478 2414 1647 2461 mater
1671 2412 1754 2459 est
1780 2413 1831 2460 et
1862 2404 2032 2475 virgo.

448 2501 517 2558 Et
545 2509 717 2557 mater
739 2498 952 2572 quidem
980 2497 1190 2568 spiritu,
1223 2513 1328 2552 non
1353 2498 1540 2568 capitis
1568 2499 1758 2564 nostri,
1788 2496 1930 2567 quod
1957 2506 2040 2552 est

447 2590 564 2663 ipse
586 2589 849 2654 Salvator,
872 2604 937 2644 ex
963 2603 1071 2659 quo
1098 2588 1264 2659 magis
1295 2588 1381 2642 illa
1408 2588 1752 2658 spiritualiter
1772 2596 1894 2643 nata
1920 2596 2035 2652 est;

448 2682 574 2751 quia
602 2694 792 2736 omnes
818 2680 907 2750 qui
937 2679 990 2734 in
1017 2693 1143 2735 eum
1169 2678 1516 2743 crediderint,
1547 2679 1597 2733 in
1624 2679 1814 2749 quibus
1842 2688 1897 2734 et
1925 2680 2038 2749 ipsa

449 2780 553 2838 est,
577 2778 720 2825 recte
744 2770 836 2825 lilii
862 2769 1043 2840 sponsi
1068 2768 1402 2839 appellantur
1428 2767 1640 2838 (Matth.
1671 2785 1746 2836 ιι,
1781 2767 1869 2842 15)
1897 2786 1909 2823 :
1942 2768 2038 2826 sed

452 2860 611 2933 plane
638 2870 809 2917 mater
829 2858 1191 2915 membrorum
1216 2859 1353 2929 ejus,
1385 2858 1528 2931 quod
1556 2873 1654 2914 nos
1677 2875 1886 2925 sumus;
1918 2860 2039 2931 quia

449 2962 733 3025 cooperata
760 2960 841 3007 est
867 2951 1155 3019 charitate,
1187 2962 1244 3006 ut
1271 2951 1457 3007 ﬁdeles
1485 2953 1538 3006 in
1570 2950 1809 3008 Ecclesia
1848 2966 2038 3007 nasce-

450 3054 658 3112 rentur,
686 3060 805 3117 quae
829 3044 970 3101 illius
995 3044 1183 3115 capitis
1214 3046 1454 3101 membra
1479 3054 1637 3102 sunt:
1664 3061 1892 3116 corpore
1913 3062 2042 3103 vero

448 3138 619 3210 ipsrus
645 3137 834 3208 capitis
868 3144 1059 3193 mater.
1101 3134 1391 3207 Oportebat
1417 3136 1560 3193 enim
1598 3146 1758 3208 caput
1798 3148 2040 3194 nostrum

451 3238 671 3301 propter
690 3229 897 3300 insigne
919 3226 1233 3283 miraculum
1255 3226 1549 3283 secundum
1569 3242 1785 3284 carnem
1809 3227 1952 3283 nasci
1975 3226 2044 3283 de

450 3322 657 3394 virgine
676 3363 691 3386 ,
717 3335 825 3393 quo
849 3319 1177 3390 signiﬁcaret
1210 3318 1449 3375 membra
1477 3333 1572 3373 sua
1601 3319 1668 3375 de
1694 3320 1896 3389 virgine
1938 3318 2036 3373 Ec-

453 3417 616 3473 clesia
646 3412 939 3470 secundum
969 3412 1212 3483 spiritum
1239 3410 1531 3467 nascitura.
1573 3411 1695 3467 Sola
1722 3426 1850 3481 ergo
1880 3410 2041 3465 Maria

452 3516 508 3565 et
533 3506 721 3577 spiritu
740 3514 797 3562 et
818 3518 1043 3576 corpore
1063 3513 1236 3570 mater
1258 3510 1313 3559 et
1338 3505 1516 3575 virgo;
1548 3514 1605 3560 et
1626 3513 1800 3560 mater
1823 3504 2040 3569 Christi,

454 3604 510 3654 et
533 3596 683 3666 virgo
707 3591 905 3650 Christi
929 3612 941 3648 :
973 3593 1208 3650 Ecclesia
1236 3608 1364 3648 vero
1389 3593 1443 3647 in
1473 3592 1672 3649 sanctis
1697 3609 1919 3663 regnum
1950 3594 2043 3649 Dei

452 3685 805 3759 possessuris,
851 3683 1043 3755 spiritu
1085 3683 1299 3754 quidem
1337 3691 1444 3739 tota
1494 3693 1664 3739 mater
1704 3682 1902 3740 Christi
1938 3692 2041 3751 est,

453 3787 566 3837 tota
590 3779 740 3850 virgo
782 3776 1013 3843 Christi;
1041 3791 1267 3846 corpore
1305 3783 1484 3832 autem
1533 3791 1639 3830 non
1678 3783 1784 3831 tota
1807 3817 1821 3842 ,
1868 3776 1962 3836 sed
1990 3776 2042 3832 iu

453 3868 771 3942 quibusdam
811 3867 961 3939 virgo
999 3866 1226 3935 Christi,
1259 3866 1313 3922 in
1339 3865 1652 3937 quibusdam
1699 3876 1903 3933 mater,
1949 3868 2044 3923 sed

453 3974 559 4017 non
584 3959 805 4017 Christi.
845 3958 914 4015 Et
953 3958 1248 4031 conjugatae
1285 3957 1483 4030 quippe
1521 3957 1705 4014 ﬁdeles
1744 3958 1954 4014 femina:
1993 3968 2049 4016 et

452 4051 685 4124 virgines
730 4052 839 4108 Deo
867 4050 1085 4117 dicatae,
1117 4050 1317 4107 sanctis
1347 4049 1585 4105 moribus
1611 4059 1665 4106 et
1691 4049 1952 4106 charitate
1979 4050 2047 4107 de

454 4143 618 4199 corde
638 4157 770 4214 puro
789 4152 843 4198 et
862 4143 1186 4198 conscientia
1207 4143 1345 4198 bona
1367 4150 1421 4197 et
1442 4141 1546 4198 ﬁde
1566 4157 1673 4199 non
1696 4143 1815 4199 ﬁcta
1843 4143 1886 4216 (l
1912 4143 2043 4199 Tim.

455 4250 475 4291 1
498 4276 513 4301 ,
540 4235 617 4306 5),
641 4233 768 4305 quia
792 4233 1120 4289 voluntatem
1138 4233 1315 4290 Patris
1336 4231 1555 4300 faciunt,
1578 4234 1778 4291 Christi
1800 4237 2047 4307 Spiritua-

454 4324 581 4380 liter
605 4331 804 4379 matres
830 4331 977 4378 sunt.
1004 4323 1133 4391 Quae
1157 4331 1338 4379 autem
1364 4325 1628 4394 conjugali
1662 4325 1768 4381 vita
1792 4342 2047 4397 corpora-

453 4414 580 4471 liter
607 4411 845 4485 pariunt,
889 4428 994 4468 non
1038 4400 1342 4476 Christum,
1373 4413 1465 4468 sed
1496 4412 1663 4470 Adam
1699 4416 1946 4485 pariunt,
1994 4426 2047 4474 et

458 4504 581 4562 ideo
602 4511 823 4560 currunt
848 4503 865 4537 ¹
895 4512 953 4558 ιιι
976 4502 1338 4559 Sacramentis
1364 4503 1547 4558 imbuti
1573 4500 1771 4560 Christi
1807 4506 2047 4562 membra

456 4596 590 4653 ﬁant
612 4604 797 4669 partus
820 4610 1004 4653 earum
1023 4639 1038 4663 ,
1068 4594 1315 4667 quoniam
1342 4597 1466 4667 quid
1497 4598 1801 4668 pepererint
1829 4610 2044 4656 norunt.

528 4688 755 4746 CAPUT
792 4687 904 4744 VII.
935 4719 1008 4731 --
1032 4689 1084 4744 7.
1127 4688 1417 4761 Virginitati
1445 4690 1588 4746 nulla
1612 4694 1893 4766 fecunditas
1921 4709 2046 4748 con-

453 4779 649 4853 jugalis
677 4780 1039 4851 comparanda.
1070 4780 1184 4837 Hoc
1208 4780 1339 4851 dixi,
1372 4798 1441 4839 ne
1468 4782 1604 4841 forte
1634 4784 1828 4842 audeat
1861 4786 2043 4843 fecun-

460 4871 598 4927 ditas
625 4870 916 4941 conjugalis
944 4886 1068 4928 cum
1096 4871 1336 4943 virginali
1361 4873 1663 4944 integritate
1695 4876 2043 4944 contendere,

460 4975 619 5033 atque
646 4965 814 5036 ipsum
843 4963 1057 5019 Mariam
1086 4978 1405 5034 proponere,
1432 4978 1495 5021 ac
1524 4966 1814 5035 virginibus
1844 4967 1934 5022 Dei
1964 4968 2047 5021 di-

460 5068 624 5111 cere:
671 5053 759 5107 Illa
803 5054 857 5109 in
901 5068 1126 5125 corpore
1169 5053 1302 5110 duas
1334 5071 1419 5111 res
1462 5056 1644 5112 habuit
1683 5055 2044 5127 honorandae,

457 5143 814 5216 virginitatem
833 5154 889 5201 et
913 5145 1312 5209 fecunditatem,
1342 5146 1462 5218 quia
1489 5159 1542 5203 et
1565 5149 1767 5220 integra
1793 5164 2043 5220 perman-

458 5237 531 5291 sit
552 5242 613 5293 et
635 5236 842 5307 peperit
866 5255 880 5293 :
906 5236 1044 5294 hanc
1074 5238 1378 5295 felicitatem
1407 5241 1656 5310 quoniam
1685 5250 1847 5298 totam
1878 5253 2043 5300 utra:-

459 5345 564 5400 que
583 5329 781 5387 habere
804 5344 908 5386 non
940 5332 1223 5401 potuimus,
1256 5333 1462 5404 partite
1491 5349 1693 5402 sumus,
1728 5346 1785 5390 ut
1807 5351 1903 5393 vos
1928 5338 2043 5393 sitis

458 5421 711 5492 virgines,
755 5435 854 5477 nos
899 5421 1067 5477 simus
1104 5431 1334 5489 matres;
1378 5424 1531 5479 vobis
1574 5426 1713 5496 quod
1759 5424 1891 5484 deﬁt
1930 5430 1951 5461 '
1988 5429 2039 5484 in

460 5512 628 5582 prole,
654 5512 958 5569 consoletur
977 5523 1185 5569 servata
1211 5514 1504 5585 virginitas,
1528 5516 1684 5573 nobis
1714 5518 1877 5587 prolis
1896 5519 2042 5575 lucro

526 5625 541 5656 ⁸
567 5625 782 5676 Konnulli
806 5632 931 5685 Mss,
956 5631 1144 5677 curant.

457 5687 693 5812 rgum,
714 5684 854 5737 desit.
894 5683 945 5738 at
968 5695 1095 5751 Mss,
1132 5683 1249 5752 deﬁt
1278 5698 1411 5753 :quo
1436 5688 1588 5741 verbo
1619 5702 1751 5754 sape
1775 5693 1923 5746 utitur
1950 5701 2039 5743 Αιι-
2068 5728 2077 5735 .

573 5761 695 5798 tuus.

573 5761 695 5798 ιιιιιε.

1359 279 1445 336 DE
1481 273 1745 336 SANCTA
1788 268 2254 344 VIRGINITATE,
2294 274 2353 333 S.
2394 274 2758 336 AUGUSTINI

3615 274 3713 345 400

2127 390 2320 446 amiSSa
2345 403 2721 463 compensetur
2740 390 3032 462 integritas.
3062 390 3187 446 time
3206 406 3303 447 vox
3327 392 3564 450 ﬁdelium
3584 410 3717 452 con-

2124 480 2423 553 jugatarum
2444 483 2510 539 ad
2537 498 2716 539 sacras
2742 484 2971 555 virgines
2992 493 3277 556 utcumque
3306 484 3523 543 ferenda
3547 496 3713 558 esset,

2129 572 2176 629 si
2223 573 2544 631 christianos
2581 591 2806 646 corpore
2850 586 3133 646 parerent;
3180 587 3236 632 ut
3274 577 3375 633 hoc
3413 581 3531 635 solo
3575 588 3720 637 esset

2130 662 2308 719 Mariae
2338 664 2636 721 fecunditas
2668 667 2845 723 carnis
2878 678 3094 738 excepta
3129 668 3428 739 virginitate
3455 674 3719 741 przcstan-

2130 754 2255 819 tior,
2284 754 2425 825 quod
2458 756 2542 810 illa
2573 756 2744 827 ipsum
2772 766 2931 828 caput
2970 758 3158 814 horum
3202 760 3559 817 membrorum
3587 802 3603 827 ,
3634 761 3720 819 lue

2132 853 2308 899 autem
2344 847 2583 903 membra
2610 848 2750 903 illius
2770 849 2958 918 capitis
2989 861 3328 919 procrearent
3362 869 3375 905 :
3426 869 3563 907 nunc
3591 868 3719 909 vero

2131 936 2338 991 etiamsi
2367 938 2500 993 tales
2523 937 2624 994 hac
2646 954 2775 996 voce
2795 941 3136 1006 contendant,
3160 959 3278 1011 quae
3303 943 3371 997 ob
3390 942 3491 999 hoc
3514 952 3720 1000 tantum

2131 1029 2259 1084 viris
2283 1030 2579 1100 junguntur
2613 1040 2774 1102 atque
2812 1031 3136 1095 miscentur,
3185 1043 3241 1087 ut
3270 1034 3408 1090 ﬁlios
3452 1034 3719 1102 habeant,

2133 1118 2370 1190 nihilque
2413 1121 2557 1178 aliud
2583 1122 2651 1178 de
2690 1123 2810 1178 ﬁliis
2848 1124 3099 1195 cogitant,
3141 1125 3241 1180 nisi
3281 1134 3339 1180 ut
3377 1141 3470 1181 eos
3509 1126 3723 1183 Christo

2133 1210 2426 1276 lucrentur,
2467 1224 2626 1283 atque
2669 1213 2721 1268 id
2763 1228 2885 1268 mox
2932 1224 2987 1269 ut
3023 1217 3291 1284 potuerint
3331 1215 3570 1282 faciunt;
3614 1234 3723 1274 non

2134 1308 2309 1356 tamen
2331 1302 2603 1358 christiani
2622 1320 2686 1359 ex
2704 1319 2888 1359 earum
2911 1320 3073 1361 carne
3095 1316 3408 1373 nascuntur,
3427 1307 3520 1363 sed
3538 1318 3724 1380 postea

2134 1392 2286 1458 ﬁunt,
2337 1392 2574 1449 Ecclesia
2624 1393 2859 1463 pariente
2898 1410 2994 1466 per
3032 1396 3132 1451 hoc
3173 1399 3312 1469 quod
3364 1400 3724 1457 membrorum

2132 1482 2327 1539 Christi
2358 1484 2701 1554 spiritualiter
2725 1496 2897 1542 mater
2923 1496 3037 1556 est,
3069 1490 3219 1558 cujus
3245 1492 3404 1546 etiam
3431 1493 3726 1562 spirituali-

2135 1584 2216 1632 ter
2236 1577 2385 1647 virgo
2406 1585 2510 1632 est.
2536 1578 2629 1633 Cui
2655 1588 2842 1634 sancto
2863 1581 3034 1650 partui
3057 1591 3412 1651 cooperantur
3431 1593 3486 1639 et
3505 1593 3723 1651 matres,

2133 1681 2252 1736 qua:
2273 1680 2377 1721 non
2398 1666 2718 1723 christianos
2736 1683 2963 1738 corpore
2987 1679 3327 1741 pepererunt,
3356 1681 3413 1727 ut
3440 1672 3726 1745 ﬁantquod

2134 1772 2195 1813 se
2235 1773 2458 1829 corpore
2497 1775 2685 1830 parere
2724 1776 2830 1816 non
2872 1764 3106 1832 potuisse
3144 1774 3409 1820 noverunt
3438 1784 3452 1820 :
3486 1781 3581 1836 per
3627 1766 3729 1823 hoc

2137 1857 2316 1904 tamen
2342 1859 2697 1919 coeperantur
2718 1891 2733 1916 ,
2777 1850 2867 1906 ubi
2902 1860 2958 1906 et
2987 1852 3117 1922 ipsa:
3155 1851 3389 1924 virgines
3424 1863 3729 1926 matresque

2136 1936 2332 1995 Christi
2360 1948 2486 1995 sunt
2514 1937 2591 2011 (a)
2613 1981 2629 2006 ,
2671 1939 2724 1995 iu
2756 1940 2860 1996 ﬁde
2887 1941 3092 1998 scilicet
3117 1959 3236 2014 quae
3270 1959 3365 2014 per
3389 1944 3727 2003 dilectionem

2137 2039 2387 2099 operatur
2412 2028 2609 2099 (Colat.
2638 2045 2688 2095 v,
2725 2029 2804 2101 6).

2208 2119 2435 2177 CAPUT
2475 2118 2609 2175 VIII.
2637 2150 2709 2162 —
2734 2123 2788 2178 8.
2843 2122 3113 2195 Virg/initas
3145 2126 3263 2181 inde
3291 2127 3571 2194 honorata,
3610 2130 3733 2200 quia

2140 2208 2247 2265 Deo
2273 2210 2461 2267 dicata.
2488 2211 2643 2268 Nulla
2668 2228 2796 2284 ergo
2818 2215 2995 2269 carnis
3021 2215 3315 2273 fecunditas
3345 2228 3541 2275 sancta:
3570 2220 3734 2290 virgi-

2140 2300 2293 2357 nitati
2320 2302 2479 2359 etiam
2519 2304 2696 2359 carnis
2735 2307 3032 2375 comparari
3072 2316 3265 2375 potest.
3298 2308 3477 2380 Neque
3505 2311 3650 2367 enim
3677 2320 3734 2368 et

2141 2393 2255 2466 ipsa
2280 2394 2401 2465 quia
2431 2394 2705 2466 virginitas
2724 2405 2826 2464 est,
2850 2396 2942 2452 sed
2968 2397 3092 2467 quia
3121 2399 3229 2455 Deo
3251 2400 3423 2456 dicata
3449 2412 3533 2458 est
3555 2402 3730 2460 hono-

2142 2493 2309 2551 ratur,
2332 2502 2451 2557 qure
2482 2486 2602 2542 licet
2632 2486 2683 2542 in
2707 2503 2868 2542 carne
2894 2498 3155 2557 servetur,
3184 2491 3405 2560 spiritus
3437 2502 3612 2550 tamen
3640 2511 3732 2552 re-

2141 2575 2337 2646 ligione
2377 2592 2441 2632 ac
2468 2576 2752 2634 devotione
2793 2590 3054 2635 servatur.
3090 2582 3167 2637 Ac
3192 2598 3285 2652 per
3312 2582 3415 2638 hoc
3441 2586 3733 2655 spiritualis

2144 2675 2226 2720 est
2252 2665 2412 2721 etiam
2438 2668 2709 2737 virginitas
2735 2671 2976 2739 corporis
2995 2712 3010 2738 ,
3043 2687 3200 2741 quam
3230 2683 3385 2729 vovet
3416 2676 3432 2706 ¹
3463 2684 3516 2731 ει
3556 2687 3735 2735 servat

2143 2759 2467 2815 continentia
2496 2760 2726 2832 pietatis.
2757 2763 2906 2819 Sicut
2931 2765 3070 2819 enim
3095 2781 3251 2820 nemo
3274 2768 3537 2837 impudice
3566 2772 3735 2827 utitur

2144 2864 2386 2920 corpore,
2412 2852 2510 2907 nisi
2533 2854 2719 2924 spiritu
2742 2856 2886 2925 prius
2906 2865 3161 2928 concepta
3185 2861 3415 2929 nequitia
3441 2879 3455 2928 ;
3480 2862 3549 2916 ita
3572 2879 3733 2920 nemo

2144 2943 2450 3011 pudicitiam
2480 2954 2659 3000 servat
2685 2946 2738 3001 in
2775 2962 3032 3018 corpore.
3064 2950 3163 3004 nisi
3190 2951 3378 3020 spiritu
3407 2954 3555 3023 prius
3576 2954 3734 3011 insita

2144 3036 2408 3092 castitate.
2434 3037 2600 3093 Porro
2620 3047 2796 3094 autem
2819 3041 2863 3095 si
2885 3041 3135 3111 pudicitia
3156 3045 3467 3114 conjugalis,
3491 3046 3735 3116 quamvis

2145 3127 2478 3184 custodiatur
2501 3128 2554 3184 in
2586 3145 2766 3198 carne,
2798 3131 2978 3186 animo
3008 3141 3206 3200 tamen,
3237 3150 3341 3188 non
3366 3136 3516 3191 carni
3547 3137 3736 3193 tribui-

2149 3225 2251 3284 tur,
2276 3235 2380 3289 quo
2402 3219 2629 3289 praeside
2652 3230 2811 3292 atque
2836 3234 3063 3288 rectore,
3090 3224 3220 3279 nulli
3244 3234 3441 3294 praeter
3461 3228 3735 3297 prepriutn

2146 3310 2449 3381 conjugium
2475 3328 2601 3368 caro
2630 3314 2739 3383 ipsa
2768 3314 3054 3382 miscetur;
3083 3325 3282 3387 quanto
3306 3320 3475 3389 magis
3503 3329 3735 3390 quanto-

2147 3417 2250 3471 que
2278 3402 2584 3459 honoratius
2613 3404 2665 3458 in
2696 3406 2858 3460 animi
2885 3405 3039 3461 bonis
3066 3407 3156 3462 illa
3184 3410 3510 3465 continentia
3544 3427 3738 3468 nume-

2147 3494 2311 3550 randa
2346 3508 2460 3563 εει,
2488 3511 2591 3567 qua
2629 3496 2903 3569 integritas
2929 3500 3106 3555 carnis
3144 3501 3243 3571 ipsi
3271 3502 3512 3559 Creatori
3540 3506 3738 3563 animas

2148 3594 2201 3642 et
2225 3587 2402 3643 carnis
2429 3596 2670 3656 vovetur,
2702 3599 3070 3657 consecratur,
3099 3593 3380 3648 servatur?

2220 3675 2442 3734 CAPUT
2481 3677 2573 3733 1X.
2617 3709 2686 3720 —
2725 3679 2777 3734 9.
2830 3679 3104 3752 Virginitas
3147 3684 3336 3739 amissa
3383 3686 3527 3741 nulla
3567 3689 3737 3744 carnis

2148 3768 2452 3839 fecunditate
2485 3780 2860 3842 compensatur.
2907 3773 3019 3829 Nec
3047 3774 3254 3831 illarum
3285 3791 3412 3847 ergo
3441 3777 3738 3836 fecunditas

2150 3862 2344 3927 carnis,
2370 3878 2486 3933 qua:
2511 3861 2612 3918 hoc
2635 3872 2873 3935 tempore
2897 3864 3026 3920 nihil
3054 3865 3199 3921 aliud
3222 3866 3277 3922 in
3302 3869 3551 3940 eonjugio
3575 3885 3740 3941 quam

2150 3952 2355 4022 prolem
2407 3954 2717 4025 requirunt,
2773 3971 2930 4026 quam
2984 3958 3288 4027 mancipent
3330 3956 3583 4028 Christo,
3635 3976 3737 4032 pro

2150 4045 2344 4099 amissa
2390 4045 2691 4117 virginitate
2729 4048 3067 4118 compensari
3113 4064 3270 4120 posse
3316 4051 3585 4108 credenda
3630 4062 3733 4109 est.

2153 4135 2424 4192 Prioribus
2451 4138 2648 4209 quippe
2674 4141 3004 4212 temporibus
3042 4150 3266 4198 venturo
3296 4144 3590 4201 secundum
3618 4160 3740 4202 car-

2153 4243 2273 4283 nem
2302 4227 2513 4285 Christo
2541 4230 2712 4301 ipsum
2737 4247 2904 4304 genus
2935 4234 3113 4289 carnis
3141 4234 3197 4289 in
3224 4236 3399 4306 ampla
3426 4235 3651 4307 quadam
3679 4246 3738 4293 et

2153 4317 2460 4389 prophetica
2495 4333 2653 4391 gente
2684 4324 3042 4381 necessarium
3071 4324 3202 4381 fuit:
3232 4342 3371 4382 nunc
3395 4337 3570 4383 autem
3610 4342 3735 4384 cum

2152 4424 2213 4463 ex
2238 4410 2380 4465 omni
2409 4411 2681 4467 hominum
2707 4429 2924 4486 genere,
2954 4424 3111 4487 atque
3136 4417 3381 4472 omnibus
3401 4416 3646 4487 gentibus
3666 4417 3739 4476 ad

2153 4503 2403 4572 mpulum
2449 4504 2542 4560 Dei
2586 4514 2640 4562 et
2678 4508 2946 4565 civitatem
2994 4509 3142 4580 regni
3187 4509 3444 4567 calorum
3494 4511 3740 4569 membra

2151 4594 2347 4652 Christi
2374 4597 2546 4668 colligi
2576 4599 2797 4669 possint,
2828 4615 3034 4656 sacram
3060 4601 3416 4672 virginitatem
3445 4603 3535 4673 qui
3563 4612 3743 4673 potest

2152 4700 2342 4757 capere
2362 4730 2377 4755 ,
2405 4690 2577 4759 capiat
2607 4690 2819 4759 (Matth.
2851 4707 2961 4758 xxx,
2992 4691 3111 4760 12);
3138 4702 3193 4747 et
3215 4709 3277 4748 ea
3300 4701 3504 4750 tantum
3532 4713 3651 4767 qua:
3680 4714 3741 4754 se

2153 4794 2259 4833 non
2280 4780 2535 4845 continet,
2562 4782 2724 4837 nubat
2745 4783 2789 4855 (ι
2809 4782 2926 4839 Cor.
2952 4799 3023 4839 vu
3040 4826 3055 4852 ,
3078 4781 3158 4857 9).
3177 4783 3314 4853 Quid
3335 4787 3477 4841 enim
3499 4788 3543 4842 si
3565 4787 3729 4858 aliqua

2152 4874 2342 4929 mulier
2369 4874 2518 4930 dives
2548 4877 2767 4932 multam
2814 4877 3092 4948 pecuniam
3129 4878 3252 4933 huic
3291 4878 3434 4934 bono
3457 4881 3603 4949 operi
3641 4882 3731 4935 im.

2153 4964 2376 5033 pendat,
2419 4975 2476 5021 ut
2521 4978 2663 5023 emat
2700 4984 2763 5024 ex
2813 4970 3039 5027 diversis
3081 4971 3327 5042 gentibus
3378 4985 3560 5027 servos
3606 4988 3732 5041 quos

2152 5053 2309 5111 faciat
2342 5056 2695 5126 christianos;
2733 5075 2912 5117 nonne
2942 5062 3161 5117 uberius
3197 5071 3356 5131 atque
3403 5063 3736 5118 numeresius

2150 5163 2310 5218 quam
2341 5150 2474 5207 uteri
2500 5151 2826 5220 quantalibet
2854 5152 3129 5209 feracitate
3153 5150 3352 5207 Christi
3385 5152 3619 5208 membra
3654 5154 3737 5223 gi-

2148 5242 2356 5314 gnenda
2379 5245 2616 5299 curabit?
2637 5243 2744 5301 Nec
2767 5245 2887 5300 ideo
2912 5256 3087 5301 tamen
3111 5246 3389 5315 pecuniam
3414 5261 3565 5301 suam
3589 5261 3738 5300 eum-
3764 5304 3773 5324 ί

2151 5350 2338 5406 parare
2355 5337 2560 5392 numeri
2582 5352 2747 5392 sacrae
2768 5336 3086 5408 virginitatis
3108 5335 3340 5391 audebit.
3366 5338 3432 5391 At
3453 5337 3497 5393 si
3520 5347 3742 5411 propter

2149 5425 2422 5484 faciendos
2452 5430 2539 5500 qui
2573 5430 2679 5484 nati
2708 5428 2905 5483 fuerint
2929 5426 3269 5492 christianos,
3303 5426 3600 5483 fecunditas
3623 5444 3743 5484 car-

2149 5517 2229 5572 nis
2277 5533 2374 5587 pro
2419 5520 2612 5574 amissa
2666 5518 2970 5589 virginitate
3021 5517 3214 5573 merito
3262 5519 3741 5589 eompensabitur,

2211 5631 2224 5700 ξ
2250 5629 2352 5700 ξυιιι
2380 5630 2532 5700 editiq
2552 5627 2842 5700 1.ογ.,[υιἰζι.
2994 5687 3006 5700 '
3054 5686 3069 5700 .
3099 5688 3129 5700 Δ.

2148 5758 2182 5804 u
2206 5690 2277 5802 (nl)
2312 5690 2478 5741 Melius
2514 5687 2884 5749 furim'ittutrcs
2948 5687 3129 5742 Christi
3182 5698 3323 5755 smu;
3356 5699 3599 5756 expuucta
3630 5706 3744 5760 par-

2184 5767 2244 5803 cu
2264 5768 2309 5813 ει,
2334 5767 2439 5819 quc.
3710 5806 3715 5813 .
