4122 6212
361 331 457 389 401

294 456 303 463 ’
360 446 684 502 fructuosius
712 444 813 499 erit
858 443 957 497 hoc
998 442 1295 513 negotium,
1340 442 1383 497 si
1425 458 1614 513 magno
1647 445 1949 515 pecuniario

298 552 305 558 ‘
361 528 534 611 pretio
574 535 850 608 virginitas
880 534 1181 599 amittatur,
1223 550 1325 603 quo
1360 534 1508 604 pueri
1550 534 1771 589 faciendi
1808 533 1953 605 chri-

359 627 520 685 stiani
543 626 710 682 multo
737 626 917 695 plures
940 635 1202 691 emantur,
1233 639 1389 694 quam
1415 624 1567 680 unius
1590 634 1742 681 utero
1767 640 1952 696 quam-

358 718 490 775 libet
517 717 675 774 fertili
703 726 1074 772 nascerentur.

431 811 659 869 CAPUT
694 809 764 865 Χ.
795 841 861 851 -
895 809 1005 864 Nec
1049 809 1324 881 virginitati
1367 809 1727 882 conferendum
1764 811 1949 883 conju-

357 908 497 977 gium
537 907 656 977 quia
684 905 896 976 virgines
925 904 1077 974 parit.
1119 902 1269 972 Quod
1308 902 1351 957 si
1392 902 1705 959 stultissime
1731 901 1947 971 dicitur,

358 1000 592 1055 habeant
628 998 811 1053 ﬁdeles
854 1006 1030 1067 nupta:
1071 996 1266 1051 bonum
1298 1012 1474 1061 suum,
1512 994 1579 1051 de
1621 1009 1726 1066 quo
1751 995 1804 1055 in
1841 994 1949 1051 alio

318 1120 325 1123 -
358 1089 632 1144 volumine
670 1097 935 1159 quantum,
953 1086 1121 1140 visum
1160 1092 1243 1141 est
1266 1084 1653 1149 disseruimus;
1693 1091 1748 1139 et
1773 1084 1947 1140 bono-

360 1189 482 1235 rent
512 1178 741 1247 amplius
761 1178 895 1232 sicut
922 1175 1220 1231 rectissime
1250 1182 1666 1240 consueverunt,
1694 1174 1749 1228 in
1777 1174 1946 1231 sacris

316 1292 323 1297 ε
358 1270 656 1341 virginibus
683 1270 871 1324 melius
900 1283 1083 1324 earum
1107 1307 1122 1335 ,
1154 1267 1220 1324 de
1240 1282 1345 1339 quo
1373 1268 1474 1323 isto
1502 1280 1749 1322 sermone
1774 1265 1947 1322 disse-

358 1365 548 1419 rimus.

434 1452 521 1508 10.
561 1451 695 1507 Nam
720 1466 787 1506 ne
822 1450 911 1505 illo
938 1447 1150 1519 quidem
1187 1448 1383 1504 debent
1418 1447 1802 1504 continentium
1829 1462 1944 1504 me-

356 1546 477 1602 ritis
509 1560 568 1600 se
606 1544 849 1600 conferre
874 1542 1115 1613 conjugia
1137 1584 1151 1608 ,
1179 1542 1318 1612 quod
1350 1557 1415 1596 ex
1450 1542 1530 1597 eis
1559 1540 1790 1611 virgines
1812 1555 1945 1612 pro-

357 1646 647 1692 creantur:
692 1635 791 1689 hoc
836 1633 977 1689 enim
1026 1648 1131 1688 non
1174 1632 1404 1703 conjugii
1451 1632 1647 1688 bonum
1695 1641 1798 1699 est,
1850 1632 1945 1688 sed

358 1736 598 1793 natura);
622 1742 739 1796 quze
764 1726 839 1780 sic
867 1724 1116 1779 divinitus
1144 1723 1381 1778 instituta
1405 1732 1510 1788 est,
1539 1733 1595 1778 ut
1615 1739 1678 1779 ex
1709 1723 1947 1792 quolibet

328 1842 333 1845 -
359 1819 601 1873 humano
634 1818 909 1888 utriusque
944 1832 1103 1871 sexus
1131 1815 1414 1871 concubitu
1433 1854 1449 1882 ,
1481 1816 1593 1870 sive
1619 1814 1863 1870 ordinato
1891 1822 1946 1871 et

326 1934 331 1937 ·
358 1910 607 1974 honesto,
635 1909 747 1965 sive
775 1910 912 1978 turpi
944 1920 998 1963 et
1023 1908 1238 1974 illicito,
1272 1908 1413 1962 nulla
1441 1906 1634 1963 femina
1666 1907 1767 1963 nisi
1797 1908 1943 1979 virgo

332 2009 629 2067 nascatur,
664 2000 805 2055 nulla
838 2009 1012 2054 tamen
1044 2013 1193 2054 sacra
1226 1999 1375 2069 virgo
1401 1998 1673 2053 nascitur:
1705 1999 1776 2053 ita
1803 1998 1861 2052 lit
1890 2008 1946 2054 ut

354 2092 508 2162 virgo
528 2102 778 2149 nascatur
799 2092 959 2147 etiam
986 2090 1054 2147 de
1078 2099 1281 2162 stupro,
1307 2104 1458 2145 sacra
1480 2098 1655 2145 autem
1679 2089 1825 2160 virgo
1846 2104 1944 2146 nec

353 2186 429 2243 de
450 2186 718 2257 coniugio.

429 2274 654 2332 CAPUT
690 2273 785 2330 XI.
813 2304 883 2315 —-
907 2274 995 2330 ll.
1037 2271 1263 2346 Virgines
1288 2275 1398 2329 ideo
1422 2275 1661 2344 laudata,
1691 2277 1809 2349 quia
1835 2277 1943 2334 Deo

353 2368 553 2422 dicata.
585 2366 695 2422 Nec
722 2381 819 2422 nos
847 2366 949 2422 hoc
986 2367 1041 2423 in
1067 2366 1357 2439 virginibus
1384 2368 1735 2440 praedicamus
1754 2413 1769 2438 ,
1800 2372 1941 2443 quod

353 2458 587 2529 virgines
608 2466 759 2523 sunt;
781 2458 875 2513 sed
895 2457 1035 2529 quod
1060 2459 1166 2514 Deo
1186 2457 1371 2514 dicatae
1394 2459 1476 2530 pia
1498 2459 1817 2515 continentia
1840 2462 1943 2516 vir-

353 2552 526 2623 gines.
553 2550 688 2605 Nam
711 2592 725 2617 ,
756 2550 898 2621 quod
926 2565 1035 2605 non
1063 2559 1264 2606 temere
1292 2551 1547 2618 dixerim,
1582 2550 1784 2607 felicior
1812 2552 1939 2608 mihi

354 2642 573 2697 videtur
614 2651 776 2713 nupta
818 2643 1011 2698 mulier
1060 2658 1219 2714 quam
1269 2644 1415 2715 virgo
1468 2654 1736 2714 nuptura:
1785 2646 1943 2701 habet

352 2735 499 2790 enim
542 2734 655 2805 jam
683 2734 772 2789 illa
816 2734 955 2805 quod
986 2736 1084 2790 ista
1132 2736 1305 2791 adhuc
1352 2738 1516 2807 cupit,
1560 2740 1852 2807 praesertim
1896 2740 1939 2793 si

351 2825 591 2880 nondum
618 2825 700 2880 vel
726 2839 918 2895 Sponsa
945 2826 1254 2897 cujusquam
1284 2827 1370 2881 sit.
1400 2826 1487 2881 llla
1516 2828 1605 2882 uni
1627 2831 1802 2885 studet
1828 2830 1939 2898 pla-

350 2932 498 2984 cere,
526 2917 611 2972 cui
634 2916 755 2973 data
780 2926 863 2973 est
886 2934 899 2970 :
931 2917 1044 2972 haec
1067 2902 1264 2983 multis,
1290 2919 1485 2973 incerta
1516 2921 1599 2974 eui
1626 2920 1796 2975 danda
1819 2932 1900 2976 est
1923 2939 1936 2988 ;

354 3008 463 3063 hoc
506 3023 614 3063 uno
665 3007 969 3078 pudicitiam
1024 3009 1358 3079 cogitationis
1403 3009 1638 3064 defendit
1683 3028 1713 3066 a
1769 3011 1935 3078 turba,

354 3101 498 3173 quod
522 3116 629 3156 non
668 3101 1002 3171 adulterum,
1034 3104 1129 3159 sed
1168 3105 1415 3160 maritum
1463 3107 1652 3176 quatrit
1683 3107 1733 3161 in
1768 3108 1937 3162 turba.

355 3195 452 3252 Illa
481 3195 641 3265 igitur
668 3195 816 3266 virgo
844 3197 1141 3267 conjugalac
1185 3198 1378 3253 merito
1419 3199 1777 3269 praeponitur,
1821 3216 1940 3270 qua:

352 3299 458 3341 nec
484 3283 806 3340 multitudini
837 3300 897 3339 se
925 3286 1206 3341 amandam
1238 3288 1484 3358 preponit
1506 3329 1521 3355 ,
1552 3304 1672 3344 cum
1704 3305 1940 3364 altiorem

355 3379 511 3433 unius
536 3394 604 3434 ex
630 3377 968 3435 multitudine
991 3380 1234 3451 inquirit;
1269 3372 1449 3438 nec'se
1482 3382 1567 3437 uni
1592 3381 1703 3452 jam
1725 3399 1942 3454 compo-

352 3471 438 3525 nit
462 3471 699 3537 invento,
730 3471 968 3541 cogitans
995 3486 1113 3542 qua:
1144 3480 1271 3527 sunt
1299 3474 1503 3541 nmndi,
1536 3476 1800 3545 quomodo
1830 3478 1958 3547 pla-‘

354 3569 472 3615 eeat
486 3560 603 3615 viro
621 3559 662 3633 (l
680 3558 799 3617 Cor.
821 3576 911 3627 vn,
931 3562 1023 3634 '54)
1040 3579 1053 3628 ;
1073 3561 1167 3617 sed
1195 3564 1493 3633 speciosum
1512 3564 1680 3620 forma
1700 3584 1805 3637 prae
1824 3568 1941 3624 ﬁliis

355 3648 630 3705 hominum
663 3647 834 3723 (Psal.
872 3667 1029 3717 xuv,
1062 3650 1117 3723 5)
1164 3653 1242 3707 sic
1279 3654 1508 3719 amavit,
1553 3663 1609 3709 ut
1652 3659 1775 3726 quia
1817 3672 1940 3712 eum

354 3741 494 3797 sicut
518 3739 683 3796 Maria
706 3742 988 3813 concipere
1012 3758 1173 3799 carne
1194 3759 1298 3798 non
1326 3755 1526 3815 posset,
1553 3747 1600 3802 ei
1627 3747 1789 3804 corde
1813 3763 1943 3804 con-

354 3842 511 3903 cepto
532 3834 694 3889 etiam
720 3847 936 3889 carnem
966 3835 1222 3905 integram
1253 3839 1558 3893 custodiret.

422 3925 655 3983 CAPUT
683 3924 799 3980 XII.
827 3955 900 3969 -ι-
932 3924 1165 3997 Virgines
1192 3944 1352 3983 sacrm
1379 3946 1478 3984 non
1521 3932 1806 3999 corporali,
1855 3933 1943 3985 sed

355 4019 608 4090 spirituali
649 4020 954 4091 fecunditate
983 4020 1224 4076 Ecclesiae
1251 4031 1544 4077 nascuntur.
1581 4022 1782 4079 Bonum
1820 4039 1939 4078 con-

348 4112 485 4183 jugii
510 4127 661 4180 quam
681 4112 892 4183 inferius
917 4111 1046 4167 bona
1078 4123 1267 4169 sanch
1290 4114 1603 4184 virginitatis.
1636 4114 1745 4169 lloc
1774 4131 1942 4184 genus

358 4203 619 4273 virginum
641 4204 783 4257 nulla
808 4205 1100 4274 corporalis
1124 4205 1417 4262 fecunditas
1443 4208 1657 4277 protulit
1687 4225 1699 4261 :
1728 4223 1832 4262 non
1860 4217 1942 4263 est

358 4291 473 4347 hzec
510 4292 691 4361 proles
723 4294 898 4349 carnis
938 4303 991 4350 et
1030 4297 1319 4367 sanguinis.
1362 4296 1417 4352 Si
1458 4297 1642 4352 harum
1688 4300 1943 4368 quaeritur

357 4391 548 4447 mater,
595 4383 831 4438 Ecclesia
873 4394 973 4440 est.
1015 4385 1131 4440 Non
1174 4387 1309 4456 parit
1356 4386 1587 4457 virgines
1622 4403 1803 4444 sacras
1840 4390 1939 4443 nisi

357 4477 507 4547 virgo
546 4491 735 4544 sacra,
769 4476 855 4532 illa
883 4493 1002 4547 quae
1041 4477 1358 4550 desponsata
1389 4487 1471 4535 est
1512 4481 1599 4535 nni
1634 4482 1750 4537 viro
1795 4490 1939 4537 casta

356 4568 594 4624 exhiberi
625 4568 840 4624 Christo
867 4569 931 4643 (ll
957 4568 1075 4626 Cor.
1110 4587 1195 4637 χι,
1224 4571 1303 4641 2).
1329 4573 1405 4627 Ex
1432 4573 1517 4627 illa
1547 4589 1648 4629 non
1683 4584 1787 4629 tota
1816 4591 1939 4630 cor-

357 4673 509 4726 pore,
538 4658 634 4713 sed
674 4668 780 4714 tota
807 4660 1009 4731 virgine
1036 4662 1222 4732 spiritu
1241 4704 1254 4729 ,
1288 4673 1580 4720 nascuntur
1605 4674 1803 4720 sanctae
1831 4666 1939 4720 vir-

355 4747 506 4818 gines
529 4756 585 4803 et
612 4762 835 4819 corpore
861 4760 913 4805 et
939 4752 1147 4822 spiritu.

426 4835 517 4893 l2.
548 4837 789 4894 Habeant
814 4841 1061 4913 conjugia
1086 4840 1283 4898 bonum
1306 4860 1483 4913 suum,
1514 4861 1620 4903 non
1647 4848 1769 4918 quia
1800 4846 1938 4904 filios

356 4936 659 4999 procreant,
682 4930 779 4985 sed
802 4932 923 5001 quia
939 4933 1187 5002 honeste,
1220 4937 1341 5006 quia
1369 4938 1532 5003 licite,
1566 4939 1687 5008 quia
1709 4939 1897 5009 pudice
1919 4982 1934 5007 ,

354 5020 476 5088 quia
500 5020 792 5086 socialiter,
819 5033 1123 5092 procreant,
1157 5035 1212 5082 et
1254 5036 1559 5095 procreatos
1609 5030 1825 5098 pariter,
1855 5044 1939 5085 sa-

357 5108 603 5176 lubriter,
631 5111 894 5168 instanter
920 5113 1170 5183 educant,
1196 5117 1317 5187 quia
1348 5117 1485 5172 thori
1515 5117 1674 5173 fidem
1713 5120 1939 5175 invicem

355 5212 593 5271 servant,
622 5205 745 5274 quia
768 5215 1160 5262 sacramentum
1189 5209 1438 5265 connubii
1470 5225 1575 5265 non
1598 5210 1817 5266 violant.

423 5293 652 5350 CAPUT
682 5293 823 5350 XIII.
844 5326 914 5338 —-
941 5295 1008 5352 In
1046 5313 1130 5352 eos
1152 5300 1239 5370 qui
1260 5308 1438 5369 putant
1456 5300 1811 5356 continentiam
1840 5319 1939 5358 non

352 5384 595 5454 prodesse
618 5386 720 5441 nisi
740 5387 810 5441 ad
836 5396 1134 5459 praesentem
1168 5391 1341 5444 vitam.
1385 5391 1513 5447 Haec
1539 5399 1717 5449 tamen
1761 5395 1937 5450 omnia

341 5474 571 5533 διασηεηί
602 5475 768 5535 officii
791 5490 919 5537 sunt
944 5497 1204 5539 munera:
1234 5484 1509 5555 virginalis
1538 5495 1714 5542 autem
1734 5488 1943 5559 integri-

351 5576 455 5637 tas,
484 5577 540 5625 et
565 5585 660 5641 per
686 5571 827 5642 piam
846 5573 1235 5631 continentiam
1272 5576 1341 5632 ab
1365 5578 1510 5633 omni
1540 5580 1821 5635 concubitu
1843 5582 1941 5637 im-

350 5661 588 5718 munitas
612 5663 859 5734 angelica
883 5664 1060 5735 portio
1096 5675 1199 5733 est,
1230 5667 1367 5724 etin
1404 5683 1566 5725 carne
1611 5672 1940 5741 corruptibili
2018 5716 2021 5719 ς

346 5751 775 5826 incorruptiouis
797 5764 1075 5829 perpetuae
1099 5757 1395 5822 meditatio.
1422 5761 1587 5822 Cedat
1622 5761 1744 5824 huic
1770 5767 1945 5822 omnis

1779 330 1978 386 LIBER
2016 329 2212 389 UNUS.

3537 348 3642 407 409

2061 444 2356 503 fecunditas
2404 449 2616 519 carnis,
2667 452 2843 507 omnis
2888 451 3139 522 pudicitia
3185 455 3635 528 conjugalis:illa

2059 550 2163 590 non
2185 538 2332 592 estin
2364 548 2649 608 potestate,
2700 542 2787 597 illa
2835 555 2939 597 non
2979 552 3062 599 est
3098 545 3152 599 in
3196 546 3525 604 mternitate:
3560 548 3641 606 fe-

2057 626 2379 683 cunditatem
2408 631 2673 687 carnalem
2701 648 2805 688 non
2834 632 2993 689 habet
3035 634 3261 692 liberum
3311 638 3589 696 arbitrium
3618 680 3635 709 ,

2057 716 2363 786 pudicitiam
2392 721 2725 792 conjugalem
2756 738 2863 778 non
2910 724 3073 781 habet
3125 728 3338 784 caelum.
3392 729 3638 789 Profecto

2056 806 2327 865 habebunt
2391 828 2639 883 magnum
2692 815 2890 887 aliquid
2936 828 3133 887 praeter
3168 831 3392 877 exteros
3437 824 3490 878 in
3548 826 3637 882 illa

2055 902 2321 955 communi
2350 903 2746 960 immortalitate
2765 947 2780 972 ,
2804 908 2892 977 qui
2941 907 3138 964 habent
3164 911 3362 981 aliquid
3389 913 3499 983 jam
3524 930 3635 974 non

2055 1004 2230 1045 carnis
2257 1009 2307 1046 Ill
2331 1007 2513 1049 carne.

2133 1083 2216 1138 15.
2235 1083 2386 1140 Unde
2425 1087 2737 1144 mirabiliter
2773 1090 3059 1159 desipiunt,
3108 1096 3197 1164 qui
3240 1103 3430 1165 putant
3478 1098 3633 1167 hujus

2053 1174 2395 1231 continentia:
2442 1178 2638 1232 bonum
2682 1196 2786 1234 non
2842 1196 2964 1237 esse
3009 1187 3367 1240 necessarium
3418 1198 3635 1259 propter

2053 1278 2273 1334 regnum
2301 1267 2591 1333 ccelorum,
2641 1271 2735 1325 sed
2781 1283 2995 1342 propter
3042 1291 3276 1344 praesens
3330 1283 3629 1348 smculum;

2052 1355 2194 1425 quod
2224 1357 2428 1413 scilicet
2453 1361 2698 1430 conjugia
2720 1365 2953 1419 terrenis
2996 1366 3138 1419 curis
3188 1367 3424 1435 pluribus
3470 1378 3634 1440 atque

2051 1446 2367 1503 aretioribus
2414 1448 2809 1521 distenduntur,
2867 1471 2967 1524 qua
3019 1456 3261 1512 molestia
3308 1459 3539 1529 virgines
3577 1472 3633 1518 et

2053 1536 2390 1593 continentes
2417 1544 2809 1611 carent:quasi
2836 1544 2904 1598 ob
2943 1543 3045 1600 hoc
3086 1554 3289 1601 tantum
3339 1548 3530 1605 melius
3563 1552 3633 1607 sit

2054 1641 2158 1681 non
2181 1627 2474 1698 eonjugari,
2505 1639 2562 1684 ut
2604 1629 2763 1701 hujus
2811 1635 3064 1703 temporis
3111 1636 3417 1693 relaxentur
3460 1654 3630 1710 angu-

2051 1717 2188 1785 SlIiB,
2232 1735 2335 1774 non
2354 1720 2494 1788 quod
2542 1721 2859 1778 inlaturum
2900 1727 3152 1780 sarculum
3206 1728 3404 1798 aliquid
3439 1731 3628 1800 prosit.

2051 1806 2196 1862 lianc
2222 1824 2407 1864 vanam
2450 1813 2767 1867 sententiam
2794 1829 2862 1869 ne
2887 1815 3064 1871 cordis
3115 1819 3315 1888 proprii
3345 1821 3361 1851 ¹
3397 1822 3630 1878 vanitate

2052 1901 2337 1969 protulisse
2362 1901 2667 1968 videantur,
2701 1905 2957 1960 adhibent
2985 1922 3050 1961 ex
3087 1910 3342 1977 Apostolo
3394 1912 3635 1969 testimo-

2050 1994 2193 2047 nium
2222 1994 2309 2050 ubi
2340 1995 2415 2049 ait
2447 1994 2557 2051 :De
2581 1997 2860 2068 uirginibus
2891 2009 3059 2054 autem
3088 2012 3393 2072 prleceptum
3421 2003 3633 2060 Domini

2050 2101 2151 2139 non
2179 2085 2355 2153 habeo,
2386 2087 2651 2141 consilium
2705 2098 2873 2143 autem
2924 2090 3033 2156 do,
3073 2099 3314 2162 tanquam
3340 2094 3630 2150 misericor-

2050 2179 2185 2232 diam
2205 2189 2498 2235 consecutus
2518 2198 2549 2235 a
2578 2179 2704 2247 Deo,
2729 2193 2783 2237 ut
2804 2182 2972 2254 ﬁdelis
3001 2201 3177 2240 essent.
3230 2184 3480 2242 Existimo
3526 2188 3632 2243 ita-

2049 2288 2147 2343 que
2175 2274 2269 2326 lloc
2299 2273 2481 2328 bonum
2512 2291 2617 2329 esse
2666 2286 2870 2346 prapler
2904 2287 3202 2346 praesentem
3249 2279 3629 2348 necessitatem,

2046 2363 2167 2433 quia
2193 2361 2379 2415 bonum
2403 2373 2474 2416 est
2502 2362 2692 2417 homini
2716 2365 2788 2418 sic
2817 2382 2921 2419 esse
2973 2366 3027 2435 (l
3056 2365 3173 2421 Cor.
3198 2381 3269 2421 vn
3292 2407 3308 2433 ,
3354 2366 3443 2433 25,
3498 2365 3628 2442 26).

2048 2453 2206 2522 Ecce,
2227 2453 2487 2525 inquiunt,
2513 2455 2602 2509 ubi
2625 2456 2927 2512 manifestat
2954 2457 3243 2526 Apostolus
3287 2458 3390 2513 hoc
3408 2467 3631 2529 propter

2047 2556 2364 2615 prazsentem
2408 2548 2777 2602 necessitatem
2827 2548 3023 2603 bonum
3064 2564 3204 2615 esse,
3262 2566 3373 2605 non
3412 2559 3631 2622 propter

2047 2634 2275 2690 futuram
2306 2638 2679 2692 :eternitatem.
2702 2638 2863 2706 Quasi
2887 2642 3165 2710 praesentis
3198 2642 3529 2698 necessitatis
3547 2658 3636 2699 ra-

2049 2727 2246 2782 tionem
2274 2728 2492 2784 haberet
2510 2730 2817 2799 Apostolus,
2849 2732 2949 2786 nisi
2985 2732 3268 2803 providens
3290 2737 3308 2766 ²
3335 2743 3389 2791 et
3428 2749 3627 2792 consu-

2046 2823 2162 2877 lens
2189 2823 2239 2876 iu
2268 2821 2522 2891 futurum;
2552 2840 2673 2879 cum
2701 2826 2874 2880 omnis
2898 2826 3013 2896 ejus
3039 2826 3367 2898 dispensatio
3395 2842 3501 2884 non
3529 2829 3634 2888 nisi

2047 2914 2109 2969 ad
2134 2915 2291 2968 vitam
2310 2924 2564 2970 :cternam
2593 2927 2763 2972 vocet.

2116 3006 2341 3083 QAPUT
2360 3007 2660 3064 XlV.-—~ll.
2678 3007 2950 3080 Virginitas
2973 3028 3073 3065 non
3100 3021 3371 3083 praecepto,
3387 3013 3476 3068 sed
3503 3029 3630 3070 con-
3678 3082 3687 3085 _

2044 3098 2157 3153 silio
2206 3101 2549 3154 commendata
2584 3101 2651 3153 ad
2679 3104 3057 3172 promerendam
3081 3104 3391 3175 singularem
3414 3104 3630 3178 gloriam

2045 3191 2097 3245 in
2126 3193 2225 3245 vita
2263 3191 2453 3262 futura.
2505 3193 2748 3249 Praesens
2803 3210 2932 3263 ergo
2979 3204 3063 3249 est
3115 3196 3326 3251 vitanda
3384 3198 3629 3265 necessir

2048 3289 2148 3348 tas,
2180 3281 2273 3337 sed
2302 3293 2475 3338 tamen
2499 3299 2616 3353 qua:
2644 3284 2841 3356 aliquid
2869 3284 3129 3340 bonorum
3171 3287 3392 3357 impedit
3419 3288 3629 3344 futuro-

2047 3388 2163 3427 rum
2196 3392 2208 3428 :
2237 3390 2337 3444 qua
2370 3375 2687 3431 necessitate
2705 3377 2807 3431 vita
2833 3377 3041 3447 cogitur
3077 3378 3368 3448 eoujogalis
3393 3379 3631 3450 cogitare

2046 3479 2165 3535 qua:
2194 3466 2534 3532 mundisunt,
2556 3467 2824 3537 quomodo
2856 3470 3058 3538 placeat
3088 3470 3166 3524 vir
3181 3469 3356 3537 uxori,
3386 3470 3468 3524 vel
3497 3486 3634 3526 uxor

2047 3556 2179 3610 viro.
2214 3556 2325 3612 Non
2356 3556 2498 3628 quod
2528 3573 2588 3613 ea
2619 3569 2869 3630 separent
2894 3575 2924 3613 a
2957 3576 3121 3630 regno
3166 3562 3295 3628 Dei,
3326 3563 3466 3619 sicut
3509 3572 3635 3634 sunt

2049 3659 2285 3720 peccata,
2319 3667 2437 3721 quae
2455 3649 2574 3705 ideo
2613 3660 3022 3721 praeceptomon
3042 3654 3266 3707 consilio
3291 3653 3630 3720 cohibentur,

2048 3742 2168 3809 quia
2188 3741 2414 3796 Domino
2450 3741 2780 3811 praecipienti
2810 3758 2913 3797 non
2940 3741 3157 3797 obedire
3182 3743 3482 3797 damnabile
3501 3754 3583 3799 est
3614 3762 3631 3800 :

2048 3831 2139 3886 sed
2172 3830 2301 3886 illud
2328 3831 2470 3901 quod
2501 3830 2552 3885 in
2584 3831 2700 3900 ipso
2724 3831 2818 3885 Dei
2850 3846 3012 3903 regno
3036 3833 3263 3901 amplius
3282 3831 3469 3888 haberi
3501 3848 3632 3903 pos-

2047 3929 2126 3974 set
2152 3920 2195 3973 si
2218 3919 2446 3988 amplius
2466 3920 2788 3989 cogitaretur
2816 3920 3082 3991 quomodo
3131 3920 3441 3990 placendum
3489 3932 3639 3978 esset

2050 4011 2177 4070 Deo.
2210 4012 2385 4066 minus
2411 4012 2516 4067 erit
2545 4013 2725 4082 utique
2756 4028 2878 4067 cum
2912 4012 3013 4067 hoc
3041 4013 3211 4082 ipsum
3240 4014 3416 4069 minus
3442 4016 3633 4085 conju-

2046 4104 2114 4174 gii
2143 4102 2462 4158 necchitate
2490 4104 2769 4175 cogitatur.
2799 4102 2946 4173 Ideo,
2979 4103 3055 4160 De
3079 4106 3353 4177 virginibus
3377 4146 3391 4169 ,
3425 4107 3632 4178 inquit,

2047 4207 2352 4267 prwceptum
2391 4195 2595 4250 Domini
2641 4212 2741 4250 non
2786 4197 2962 4252 habeo.
2998 4197 3271 4269 Praecepto
3297 4198 3440 4255 enim
3483 4199 3638 4268 quis-

2045 4288 2163 4357 quis
2193 4303 2296 4341 non
2350 4287 2725 4358 obtemperat,
2784 4304 2907 4345 reus
2956 4297 3040 4345 est
3091 4298 3145 4344 et
3193 4289 3400 4346 debitor
3429 4304 3632 4361 paena.

2046 4379 2278 4436 Proinde
2302 4380 2421 4450 quia
2465 4396 2684 4435 uxorem
2736 4380 2935 4436 ducere
2975 4380 3061 4435 vel
3106 4382 3306 4436 nubere
3356 4390 3632 4452 peccatum

2047 4488 2151 4527 non
2179 4483 2281 4539 est,
2314 4474 2357 4526 si
2386 4480 2561 4527 autem
2592 4482 2863 4542 peccatum
2918 4483 3082 4537 esset,
3113 4485 3378 4543 praecepto
3426 4481 3634 4529 vetare-

2049 4575 2162 4631 tur;
2193 4573 2472 4634 propterea
2500 4573 2823 4633 prmceptum
2859 4562 3065 4617 Domini
3089 4564 3156 4617 de
3182 4563 3473 4633 virginibus
3509 4565 3631 4619 nul-

2047 4656 2155 4710 lum
2184 4662 2285 4708 est.
2317 4653 2423 4708 Sed
2448 4654 2694 4722 quoniam
2716 4651 2962 4708 devitatis
3005 4636 3310 4708 remissisve
3351 4654 3585 4724 peccatis
3612 4697 3629 4720 ,

2047 4746 2290 4803 adeunda
2320 4756 2401 4800 est
2424 4747 2527 4800 vita
2557 4755 2779 4813 mterna,
2808 4746 2858 4802 in
2889 4763 2990 4818 qua
3021 4757 3102 4803 est
3127 4748 3369 4818 quautam
3418 4751 3632 4820 egregia

2045 4839 2230 4911 gloria,
2261 4853 2363 4893 non
2391 4837 2638 4894 omnibus
2665 4838 2715 4893 in
2747 4839 3264 4901 aeternumvicturis.
3284 4839 3377 4894 sed
3402 4840 3631 4910 quibus-

2046 4931 2167 4987 dam
2198 4931 2267 4987 ibi
2299 4930 2593 4994 tribuenda,
2622 4931 2707 4985 cui
2754 4930 3140 5000 consequenda:
3171 4946 3356 5001 parum
3387 4938 3471 4987 est
3496 4930 3632 4988 libe-

2046 5033 2216 5078 ratum
2244 5038 2361 5079 esse
2384 5036 2414 5076 a
2442 5023 2690 5092 peccatis,
2721 5021 2818 5075 nisi
2845 5021 3041 5091 aliquid
3074 5020 3171 5090 ipsi
3206 5021 3478 5077 liberatori
3528 5038 3621 5077 vo-

2046 5127 2249 5183 veatur,
2276 5117 2415 5187 quod
2445 5131 2549 5170 non
2571 5117 2640 5170 sit
2658 5114 2893 5168 criminis
2925 5130 3029 5170 non
3055 5115 3286 5176 vovisse.
3302 5114 3397 5170 sed
3421 5115 3630 5170 vovisse

2047 5227 2109 5268 ac
2134 5209 2428 5266 reddidisse
2453 5211 2522 5264 sit
2550 5208 2719 5263 laudis
2752 5224 2764 5259 :
2795 5206 3070 5262 Consilium
3101 5250 3115 5273 ,
3142 5208 3328 5276 inquit,
3358 5207 3422 5260 do
3449 5246 3465 5273 ,
3514 5215 3629 5260 tan-

2046 5320 2195 5377 quam
2212 5302 2601 5358 misericordiam
2620 5309 2911 5355 consecutus
2938 5317 2968 5353 a
2997 5299 3123 5365 Deo,
3160 5311 3211 5353 ut
3243 5297 3409 5368 ﬁdelis
3442 5313 3628 5352 essem.

2046 5396 2226 5467 Neque
2252 5394 2391 5450 enim
2422 5393 2657 5448 invidere
2678 5392 2849 5448 debeo
2874 5391 3029 5447 fidele
3056 5390 3337 5446 consilium
3362 5430 3378 5454 ,
3409 5390 3497 5460 qui
3521 5404 3630 5447 non

2048 5490 2183 5544 meis
2208 5486 2428 5551 meritis,
2461 5484 2555 5540 sed
2594 5484 2684 5538 Dei
2727 5481 3089 5539 misericordia
3140 5497 3254 5539 sum
3283 5480 3472 5536 fidelis.
3504 5479 3634 5535 Exi-

2048 5580 2194 5635 stimo
2222 5580 2388 5648 itaque
2417 5577 2510 5631 hoc
2540 5575 2720 5631 bonum
2744 5590 2849 5629 esse
2867 5582 3073 5647 propter
3100 5570 3627 5643 prwseritetttrteceui-

2114 5716 2131 5749 ι
2156 5713 2231 5777 sic
2246 5709 2429 5777 aliquot
2448 5715 2560 5777 uss:
2576 5706 2696 5777 tuliti
2723 5719 2859 5767 vero,
2878 5703 3097 5777 propria.

2115 5777 2134 5811 ε
2158 5774 2290 5837 scen,
2308 5763 2403 5826 ἠοη
2423 5768 2696 5837 providens.
2714 5776 2768 5823 At
2792 5763 2920 5833 tesi,
3045 5763 3320 5832 providens.
