4122 6212
504 323 611 383 403

506 454 673 497 tatem.
706 443 834 509 Ilor,
864 441 1049 510 inquit,
1085 438 1221 492 unde
1257 445 1574 507 prmeeptum
1613 433 1823 488 Domini
1856 446 1960 485 non
1993 431 2086 483 ha-

508 536 627 598 han,
646 534 738 586 sed
767 532 1043 586 consilium
1071 528 1158 593 do,
1187 528 1286 582 hoc
1315 536 1396 582 est
1441 527 1507 580 de
1546 524 1868 594 virginibus,
1902 522 2086 577 existis

505 643 594 681 mo
643 627 837 680 bonum
883 639 1001 678 esse
1050 632 1266 692 propter
1321 628 1638 690 praesentem
1688 618 2082 673 necessitatem.

504 718 635 773 Navi
659 718 795 771 enim
828 716 950 786 quiti
981 715 1256 784 persentis
1284 712 1557 781 temporis,
1588 710 1672 763 cui
1703 707 1947 779 coniugia
1973 721 2089 761 scr-

502 808 667 869 viunt,
698 807 983 860 llL‘CCSsilliS
1013 813 1185 873 cogat,
1221 812 1275 856 ut
1322 818 1386 857 ea
1428 817 1545 871 qua}
1601 800 1693 855 Dei
1744 808 1867 853 sunt
1910 798 2085 852 minus

501 902 819 973 cogitentur,
843 915 998 969 quam
1024 898 1219 953 sufﬁcit
1239 895 1596 966 adipiscendm
1624 892 1699 949 illi
1722 892 1905 964 glorise
1923 934 1937 957 ,
1966 905 2085 961 quae

501 1006 606 1047 non
633 992 1018 1055 eritomninm,
1044 989 1284 1059 quamvis
1325 989 1374 1041 in
1421 995 1620 1041 aeterna
1661 984 1766 1039 vita
1807 997 1870 1038 ac
1914 981 2085 1038 salute

501 1084 847 1139 manentium.
879 1082 1043 1136 Stella
1067 1082 1197 1134 enim
1225 1080 1286 1133 ab
1312 1079 1456 1133 stella
1495 1075 1666 1143 di/fcrt
1712 1075 1767 1129 in
1810 1074 2080 1138 claritate;

496 1175 570 1229 sic
589 1184 634 1229 et
663 1174 957 1228 resurrectio
980 1180 1291 1226 mortuorum
1313 1171 1357 1241 (Ι
1375 1169 1492 1225 Cor.
1521 1184 1612 1235 xv,
1631 1168 1720 1235 41,
1749 1163 1860 1237 42).
1881 1163 2083 1219 Bonum

496 1276 570 1321 est
593 1280 721 1335 ergo
753 1265 942 1318 homini
972 1266 1043 1317 sic
1068 1280 1191 1318 esse.

568 1356 793 1412 CAPUT
822 1354 1397 1411 XV.—l5.(.‘onsilium
1423 1354 1571 1407 datur
1591 1369 1691 1407 non
1719 1351 1955 1419 nubendi,
1978 1365 2082 1406 non

496 1463 823 1524 praeceptum.
873 1450 1069 1505 Deinde
1126 1449 1364 1519 adjungit
1416 1447 1554 1501 idem
1602 1444 1873 1517 apostolus
1900 1453 1955 1500 et
1999 1443 2081 1499 di-

499 1546 573 1599 cit
601 1562 614 1597 :
647 1545 899 1614 Alligatus
928 1560 977 1597 es
1007 1544 1176 1609 uxori,
1211 1559 1271 1595 ne
1295 1541 1547 1612 quccsieris
1572 1540 1869 1593 solutionem
1893 1554 1910 1603 ;
1941 1538 2080 1591 solu-

495 1648 575 1691 tus
601 1652 653 1691 es
679 1636 739 1691 ab
771 1653 947 1703 uxore,
968 1653 1028 1688 ne
1058 1636 1314 1705 qua’sieris
1352 1649 1577 1688 uxorem.
1610 1632 1806 1686 llorum
1852 1629 2080 1687 duorum

493 1730 636 1800 quod
672 1730 816 1799 prius
843 1729 1038 1801 posuit,
1091 1729 1155 1782 ad
1215 1737 1538 1798 praeceptum
1584 1726 1849 1797 pertinet,
1894 1734 2079 1781 contra

493 1819 636 1889 quod
666 1835 769 1875 non
789 1819 912 1873 licet
938 1817 1267 1873 facere.Nou
1299 1818 1441 1872 enim
1464 1817 1587 1872 licet
1634 1817 1901 1871 dimittere
1945 1830 2077 1869 uxo-

493 1927 631 1980 rem,
662 1913 762 1967 nisi
789 1926 1029 1967 excausa
1059 1911 1425 1965 fornicationis
1450 1952 1463 1973 ,
1513 1911 1648 1964 sicut
1693 1911 1743 1964 in
1791 1908 2079 1979 Evangelia

492 2005 608 2079 ipse
638 2004 892 2059 Dominus
920 2002 1046 2057 dicit
1076 2003 1294 2074 (Matth.
1328 2018 1440 2067 χιχ,
1469 1999 1545 2073 9).
1577 2000 1710 2057 Illud
1736 2010 1912 2056 autem
1937 2000 2079 2072 quod

490 2095 715 2161 addidit,
746 2095 958 2151 Solutus
986 2110 1037 2149 es
1066 2094 1127 2148 ab
1148 2110 1324 2163 uxore,
1355 2110 1417 2147 ne
1434 2094 1689 2165 quazsieris
1706 2109 1930 2158 uxorem,
1950 2108 2079 2146 con-

491 2186 596 2244 silii
626 2186 888 2242 sententia
919 2194 1021 2250 est,
1054 2200 1158 2240 non
1187 2185 1438 2255 prmeepti
1460 2202 1472 2236 :
1493 2184 1619 2238 licet
1660 2183 1834 2254 itaque
1862 2182 2041 2239 facere
2060 2224 2075 2249 ,

489 2279 586 2337 sed
607 2280 800 2335 melius
830 2287 1029 2333 estnon
1062 2278 1254 2331 facere.
1282 2277 1520 2346 Denique
1546 2276 1799 2331 continuo
1829 2274 2074 2345 subjecit:

490 2370 625 2428 Etsi
652 2372 910 2440 acceperis
960 2385 1187 2435 uxorem,
1245 2384 1345 2421 non
1376 2367 1630 2439 peccasti;
1679 2376 1724 2420 et
1771 2367 1815 2420 si
1854 2365 2079 2436 nupserit

488 2465 650 2537 virgo,
681 2480 781 2517 non
800 2471 991 2534 peccat.
1017 2460 1151 2515 illud
1178 2468 1356 2514 autem
1382 2459 1530 2528 prius
1553 2473 1674 2513 cum
1701 2458 1956 2524 dixisset,
1983 2456 2078 2511 Al—

489 2555 676 2628 ligatus
695 2571 747 2609 es
770 2554 943 2617 uxori;
966 2570 1027 2607 ne
1053 2551 1309 2622 quwsieris
1332 2551 1669 2616 solutionem;
1703 2548 1959 2619 numquid
1986 2549 2079 2603 ad-

488 2646 642 2714 didit,
667 2647 733 2702 Et
760 2647 804 2701 si
828 2646 1072 2709 solveris,
1103 2660 1209 2699 non
1242 2644 1506 2713 peccasti?
1558 2643 1673 2698 Jam
1718 2642 1858 2697 enim
1916 2657 2077 2712 supra

488 2736 723 2801 dixerat,
758 2736 854 2790 llis
881 2747 1045 2789 autem
1072 2736 1157 2805 qui
1181 2745 1295 2789 sunt
1323 2735 1375 2788 in
1404 2734 1640 2807 conjugio
1668 2733 1905 2803 prtecipio
1930 2774 1945 2800 ,
1974 2749 2077 2786 non

489 2847 601 2902 ⁸9οι
625 2830 712 2885 δεά
732 2827 1000 2892 Donatius,
1029 2843 1237 2882 uxorem
1261 2843 1291 2879 a
1316 2827 1421 2879 viro
1466 2843 1565 2879 non
1595 2825 1848 2881 discedere
1875 2842 1895 2891 ,'
1941 2828 2076 2896 quod

487 2922 532 2978 si
562 2923 875 2987 discesserit,
907 2938 1107 2976 manere
1134 2923 1437 2991 innuptam,
1468 2930 1554 2974 aut
1580 2920 1685 2975 viro
1715 2937 1807 2974 suo
1845 2921 2073 2974 reconci-

488 3015 607 3069 liari
635 3030 652 3068 :
684 3014 795 3068 ﬁeri
827 3015 968 3068 enim
996 3021 1172 3084 potest
1192 3022 1372 3067 utnon
1416 3027 1511 3068 sua
1540 3013 1718 3083 culpa,
1750 3012 1845 3068 sed
1897 3014 2073 3068 mariti

486 3104 744 3161 discedat.
778 3104 977 3161 Deinde
1002 3106 1097 3171 ait,
1128 3105 1194 3158 Et
1220 3106 1295 3159 vir
1317 3122 1525 3160 uxorem
1550 3122 1611 3159 ne
1635 3106 1853 3159 dimittat
1885 3104 1927 3178 (Ι
1948 3104 2070 3161 Cor.

486 3212 580 3264 vn,
610 3196 813 3263 27,28,
848 3197 1043 3268 10,“)
1069 3215 1083 3262 ;
1113 3197 1254 3266 quod
1308 3197 1652 3251 nihilominus
1699 3214 1764 3252 ex
1805 3206 2073 3271 praacepto

486 3287 701 3343 Domini
724 3288 920 3357 posuit,
956 3302 1053 3340 nec
1082 3288 1150 3342 ibi
1182 3287 1402 3352 addidit,
1453 3287 1522 3341 Et
1570 3288 1614 3341 si
1657 3288 1936 3354 dimiserit,
1967 3304 2072 3345 non

484 3387 689 3448 peccat.
710 3379 1040 3446 Praeceptum
1067 3386 1150 3432 est
1188 3379 1328 3430 cnim
1372 3378 1473 3433 hoc
1501 3419 1516 3443 ,
1577 3379 1661 3433 cui
1710 3395 1815 3433 non
1857 3380 2072 3436 obedire

485 3478 760 3539 peccatum
788 3478 898 3534 est;
925 3484 1027 3523 non
1058 3468 1337 3523 consilium
1366 3511 1380 3534 ,
1427 3484 1532 3538 quo
1580 3471 1624 3525 si
1677 3471 1751 3526 uti
1793 3471 2028 3526 nolueris
2052 3514 2067 3539 ,

483 3560 663 3614 minus
691 3559 814 3614 boni
843 3559 1173 3630 adlpisceris,
1193 3576 1300 3614 non
1332 3561 1454 3614 mali
1491 3561 1687 3631 aliquid
1716 3564 2065 3633 perpetrabis.

485 3649 775 3721 Propterea
803 3668 923 3707 cum
941 3653 1182 3711 dixisset.
1216 3651 1428 3708 Solutus
1454 3669 1504 3707 es
1543 3654 1605 3707 ab
1630 3670 1808 3719 uxore,
1835 3672 1897 3707 ne
1925 3672 2067 3726 qua:-

485 3743 633 3799 sieris
652 3760 895 3811 uxorem;
925 3744 1044 3816 quia
1071 3759 1176 3799 non
1207 3743 1546 3815 prmcipicbat
1571 3760 1636 3799 ne
1667 3744 1864 3800 malum
1896 3746 2065 3814 ﬁeret,

486 3836 583 3893 sed
608 3837 917 3892 consulebat
943 3845 1001 3892 ut
1026 3836 1216 3893 melius
1238 3835 1408 3903 fieret;
1424 3837 1677 3893 continuo
1691 3836 1982 3908 subjunxit,
2002 3836 2069 3890 Et

469 3928 532 3983 ἐί
558 3928 812 3999 acceperis
841 3945 1084 3996 uxorem,
1116 3945 1217 3984 non
1243 3928 1458 4001 peccasti
1477 3945 1498 3993 ;
1528 3927 1627 3984 etsi
1652 3933 1875 4000 nupserit
1904 3930 2064 4001 uirgo,

470 4022 587 4076 non
617 4031 808 4092 peccat.

553 4111 779 4170 CAPUT
800 4113 918 4169 XVI
927 4114 1104 4170 .—16.
1118 4113 1164 4171 Τ
1166 4115 1402 4171 ribulatio
1417 4116 1584 4170 carnis
1600 4117 1651 4170 in
1673 4117 1933 4188 confugio,
1956 4133 2069 4188 qua:

404 4196 415 4209 ’
467 4201 568 4261 'sit.
595 4205 815 4260 Addidit
842 4214 1039 4271 tamen,
1087 4205 1482 4261 Tribulationem
1526 4216 1692 4277 autem
1717 4211 1883 4263 carnis
1912 4209 2067 4262 habe-

466 4288 607 4349 fbtmt
631 4295 926 4364 hujusmodi
953 4335 966 4357 ,
1016 4310 1107 4364 ego
1145 4303 1312 4347 autem
1362 4296 1497 4349 vobis
1528 4313 1680 4363 parco
1713 4315 1730 4350 :
1758 4298 1857 4353 hoc
1908 4298 2066 4355 modo

465 4381 773 4445 ‘exbortans
784 4385 850 4441 ad
867 4386 1221 4457 virginitatem
1236 4388 1721 4461 continentiamque
1734 4401 2063 4461 perpetuam,

466 4474 544 4537 ‘ut
566 4479 958 4551 aliquantulum
985 4495 1013 4534 a
1042 4480 1237 4550 nuptiis
1252 4482 1410 4536 etiam
1440 4481 1738 4538 deterreret
1763 4525 1777 4548 ,
1825 4484 2065 4541 modeste

481 4588 632 4642 sane,
652 4586 757 4629 non
780 4582 1030 4645 tanquam
1056 4589 1088 4633 a
1112 4589 1171 4631 re
1202 4574 1339 4629 mala
1361 4585 1414 4630 et
1440 4576 1637 4644 illicita,
1672 4576 1765 4631 sed
1815 4586 2060 4647 tanquam

481 4666 550 4721 ab
578 4679 804 4721 onerosa
832 4680 895 4720 ac
952 4666 1197 4721 molesta.
1250 4665 1406 4721 Aliud
1450 4677 1532 4721 est
1578 4668 1720 4723 enim
1780 4667 2061 4724 admittere

461 4758 656 4814 carnis
688 4759 1089 4830 turpitudinem,
1120 4758 1263 4814 aliud
1305 4759 1502 4815 habere
1549 4762 1726 4816 carnis
1759 4762 2061 4817 tribulatio-

480 4863 606 4907 nem
634 4850 797 4905 :illud
819 4860 900 4906 est
927 4850 1165 4907 criminis
1196 4851 1388 4917 facere,
1422 4850 1523 4906 hoc
1562 4850 1759 4907 laboris
1800 4862 1882 4908 est
1908 4854 2011 4922 pati
2043 4894 2057 4922 ,

475 4956 635 5012 quem
652 4941 967 5013 plerumque
992 4942 1232 4999 homines
1257 4943 1413 4997 etiam
1446 4958 1541 5014 pro
1569 4944 1760 4999 ofﬁciis
1792 4945 2058 5003 honestis-

475 5035 629 5090 simis
654 5051 758 5090 non
787 5045 1051 5093 recusant.
1090 5037 1193 5094 Sed
1244 5052 1340 5108 pro
1381 5036 1626 5094 habendo
1650 5039 1896 5111 conjugio
1948 5040 2055 5111 jam

458 5125 581 5184 ‘hoc
604 5134 861 5197 tempore,
892 5145 997 5199 quo
1023 5142 1129 5184 non
1149 5144 1242 5200 per
1263 5129 1440 5184 carnis
1459 5132 1802 5201 propaginem
1836 5143 2056 5192 venturo

471 5218 687 5277 Christo
715 5220 881 5290 ipsius
902 5221 1063 5288 prolis
1091 5224 1472 5293 propagatione
1498 5224 1745 5292 servitur,
1779 5225 1932 5281 istam
1960 5228 2054 5282 tri-

460 5312 799 5369 Ibulationem
832 5312 1028 5376 carnis,
1051 5327 1209 5382 quam
1228 5316 1470 5384 nupturis
1489 5318 1725 5389 praedicit
1746 5321 1781 5372 .-\
1794 5322 2050 5391 postolus,

471 5402 746 5473 Suscipere
773 5402 1097 5457 tolerandam
1129 5406 1445 5475 perstultum
1474 5420 1635 5479 esset,
1659 5409 1758 5467 nisi
1791 5426 2053 5473 metuere-

463 5500 560 5577 3tur
605 5493 1080 5559 incontinentibus,
1111 5510 1178 5549 ne
1211 5504 1446 5553 tentante
1497 5508 1680 5556 satana
1735 5505 1786 5558 in
1839 5516 2049 5576 peccata

458 5583 788 5669 Edamnabilla
807 5584 1127 5641 laberentur.
1156 5586 1309 5655 Quod
1340 5600 1515 5645 autem
1556 5607 1613 5650 se
1635 5594 1761 5649 dicit
1805 5599 1882 5655 eis
1930 5615 2052 5669 par-

457 5679 614 5748 ;cere,
643 5691 778 5745 quos
810 5677 884 5731 ait
907 5677 1303 5734 tribulationem
1332 5681 1507 5736 carnis
1556 5681 1829 5741 habituros
1851 5729 1865 5753 ,
1918 5690 2049 5744 nihil

467 5766 602 5837 mihi
646 5767 858 5825 interim
892 5772 1072 5830 sanius
1113 5774 1381 5844 occurrit,
1440 5791 1597 5849 quam
1641 5793 1760 5835 cum
1814 5784 2048 5842 noluisse

1372 276 1387 282 ’
1448 315 1535 372 ne
1571 312 1831 372 sanum
1878 307 2340 381 \‘lRGlNlTATE,
2382 316 2438 371 s.
2478 315 2846 377 AUGUSTINI

3684 337 3793 396 40l-

2206 433 2415 499 aperire
2445 443 2494 489 et
2523 436 2792 506 explicare
2818 440 2991 497 verbis
3017 444 3258 501 eamdem
3290 447 3456 518 ipsam
3486 453 3663 509 carnis
3684 457 3785 513 tri-

2203 522 2542 593 bulationem,
2593 545 2751 599 quam
2791 535 3163 602 prtenuntiavit
3200 538 3280 595 eis
3318 541 3407 612 qui
3435 543 3639 614 eligunt
3679 563 3787 605 nu-

2200 617 2358 707 ptias,
2390 619 2439 672 in
2459 621 2848 691 suSpiciouibus
2874 628 2972 683 zeli
2999 629 3310 701 conjngalis,
3354 634 3405 691 in
3432 640 3779 707 procreandis

2201 705 2323 761 (iliis
2349 718 2505 777 atque
2536 713 2849 783 nutriendis,
2882 717 2931 771 in
2964 720 3244 779 timoribus
3272 731 3327 779 et
3353 705 3673 787 maeroribus
3701 746 3783 789 or-

2196 797 2398 854 bitatis.
2429 802 2633 871 Quotus
2658 807 2799 863 enim
2818 810 3062 883 quisque,
3087 829 3208 871 cum
3237 830 3294 871 se
3316 820 3566 879 connubii
3593 822 3785 880 vincu-

2196 887 2263 980 iis
2288 889 2598 961 alligaverit,
2619 911 2726 951 non
2758 898 2873 955 istis
2896 901 3132 958 trahatur
3149 913 3310 978 atque
3331 908 3557 980 agitetur
3568 911 3781 971 affecti-

2194 979 2476 1051 bus?Quos
2500 1003 2672 1059 neque
2692 1007 2788 1046 nos
2810 1009 3129 1067 exaggerare
3146 979 3420 1068 debemus,
3442 1019 3510 1059 ne
3527 1004 3655 1076 ipsis
3668 1022 3779 1066 non

2195 1081 2728 1170 parcam_us,_qttibtts
2757 1086 3078 1153 parcendum
3114 1090 3435 1150 existimavit
3462 1098 3773 1170 Apostolus.

2262 1164 2491 1223 CAPUT
2511 1168 2837 1229 XVII.—i7.
2856 1176 2924 1231 In
2948 1194 3030 1233 eos
3058 1182 3146 1253 qui
3168 1181 3229 1237 ab
3245 1183 3484 1256 Aposlalo
3505 1164 3776 1247 damnatas

2146 1332 2149 1335 ν
2191 1257 2264 1311 ibi
2286 1262 2487 1333 nuptias
2512 1273 2710 1336 putant.
2743 1268 3024 1340 Scriptura:
3072 1275 3277 1347 aliquod
3324 1282 3639 1339 mendacium
3681 1288 3777 1345 tri-

2192 1347 2342 1443 buere
2382 1366 2532 1420 quam
2581 1357 2935 1421 perniciosum.
2964 1361 3190 1419 Tantum
3235 1382 3330 1438 per
3362 1371 3459 1426 hoc
3487 1376 3626 1443 quod
3651 1377 3779 1435 bre-

2189 1440 2329 1496 viter
2374 1446 2548 1515 posui,
2576 1458 2788 1503 cautum
2839 1452 2950 1508 ﬁeri
2997 1455 3250 1515 lectorem
3300 1440 3537 1535 oportuit
3581 1450 3775 1524 adver-

2189 1547 2281 1587 sus
2311 1549 2403 1588 eos
2437 1538 2524 1606 qui
2551 1539 2601 1592 in
2632 1539 2731 1594 hoc
2754 1544 2896 1612 quod
2918 1545 3174 1617 scriptum
3227 1562 3311 1609 est
3330 1596 3345 1621 ,
3378 1554 3775 1617 Tribulationem

2188 1634 2353 1677 autem
2377 1629 2544 1682 carnis
2574 1630 2821 1686 habebunt
2848 1635 3161 1708 ltujusmodi,
3191 1659 3279 1714 ego
3305 1654 3469 1702 autem
3495 1649 3630 1706 vobis
3652 1670 3777 1723 par-

2188 1730 2266 1781 co,
2298 1718 2494 1811 nuptiis
2520 1721 2932 1793 calumniantur,
2962 1729 3103 1799 quod
3145 1747 3237 1787 cas
3263 1749 3324 1789 ex
3378 1736 3594 1811 obliquo
3644 1718 3773 1803 sen-

2190 1806 2353 1859 tentia
2383 1807 2479 1862 ista
2511 1809 2857 1881 damnaverit;
2892 1818 3032 1874 velut
3062 1822 3230 1890 ipsam
3256 1806 3655 1891 damnationem
3676 1848 3774 1891 no-

2187 1895 2347 1990 luerit
2370 1899 2567 1967 dicere,
2596 1920 2715 1959 cum
2747 1907 2838 1971 ait,
2870 1908 2983 1980 Ego
3007 1923 3176 1967 autem
3200 1915 3336 1973 vobis
3376 1936 3530 1990 parco
3558 1939 3577 1978 :
3605 1933 3661 1981 ut
3692 1926 3776 1987 vi-

2186 1986 2380 2087 delicet
2405 2006 2524 2046 eum
2554 1993 2668 2049 istis
2689 1999 2873 2067 parcit,
2906 2001 3099 2059 anima:
3130 2018 3243 2061 suae
3288 1986 3393 2063 non
3431 2016 3729 2085 pepercerit
3752 2057 3769 2087 ,

2186 2079 2231 2133 si
2258 2082 2565 2137 mentiendo
2585 2083 2718 2140 dixit
2746 2128 2761 2153 ,
2796 2087 2861 2141 Et
2891 2092 2934 2144 si
2962 2096 3217 2165 acceperis
3246 2079 3482 2170 uxorem,
3502 2079 3622 2160 Vnon
3651 2079 3775 2176 pec;

2186 2172 2349 2239 casti;
2379 2184 2424 2228 et
2451 2176 2496 2229 si
2538 2181 2765 2247 nupserit
2812 2183 2979 2254 virgo,
3017 2202 3117 2239 non
3159 2200 3345 2257 peccat.
3394 2191 3546 2261 Quod
3583 2172 3674 2268 qui
3701 2198 3775 2259 de

2186 2268 2668 2359 sanctaUScriptura
2700 2275 2923 2331 credunt
2970 2280 3049 2333 vel
3078 2281 3223 2339 credi
3268 2282 3483 2358 volunt,
3516 2295 3771 2359 tanquam

2186 2356 2323 2447 viam
2354 2356 2455 2413 sibi
2487 2362 2731 2417 muniunt
2768 2365 2833 2419 ad
2883 2370 3172 2429 mentiendi
3215 2356 3515 2447 licentiam,
3566 2356 3648 2437 vel
3698 2383 3771 2445 ad

2184 2445 2549 2506 defensionem
2603 2466 2712 2508 sua:
2762 2471 3028 2525 perversae
3095 2462 3402 2535 opinionis,
3446 2445 3771 2543 ubicumque

2182 2540 2324 2638 aliud
2354 2545 2590 2638 sentiunt
2614 2563 2769 2616 quam
2796 2566 2924 2606 sana
2967 2555 3209 2613 doctrina
3267 2562 3521 2631 postulat.
3552 2565 3609 2621 Si
3636 2540 3767 2638 quid

2183 2634 2322 2687 enim
2352 2636 2688 2693 manifestum
2718 2640 2785 2696 de
2823 2642 3016 2703 divinis
3044 2646 3220 2709 Libris
3269 2654 3535 2725 prolatum
3563 2634 3723 2720 fuerit
3747 2703 3764 2729 ,

2181 2737 2288 2793 quo
2341 2741 2526 2781 eorum
2564 2728 2907 2787 confutentur
2929 2751 3162 2805 errores,
3194 2739 3295 2803 hoc
3324 2743 3391 2805 ad
3420 2760 3638 2807 manum
3665 2728 3766 2811 ha.-

2179 2813 2308 2868 bent
2331 2817 2473 2871 velut
2504 2829 2734 2889 scutum,
2756 2839 2859 2894 quo
2898 2841 2956 2880 se
2996 2828 3254 2889 adversus
3287 2834 3566 2897 veritatem
3610 2842 3763 2911 quasi

2181 2913 2391 2961 tuentes
2442 2910 2643 2966 nudent
2668 2929 2696 2967 a
2721 2914 2934 2971 diabolo
2972 2922 3348 2993 vulnerandos,
3379 2937 3435 2987 ut
3457 2929 3637 2988 dicant
3661 2932 3765 2993 hoc

2179 3008 2454 3054 auctorem
2483 3001 2601 3057 libri
2634 3020 2737 3060 non
2784 3023 2966 3064 verum
3011 3010 3242 3083 t'ofxisse,
3283 3016 3415 3075 alias
3443 3028 3500 3074 ut
3538 3020 3763 3086 inﬁrmis

2179 3096 2442 3159 parceret,
2472 3093 2603 3149 alias
2629 3105 2686 3149 ut
2704 3110 3102 3171 contemptores
3132 3113 3385 3175 terreret;
3409 3110 3545 3167 sicut
3568 3129 3762 3178 occur.

2179 3183 2310 3235 rerit
2337 3198 2517 3251 causa,
2544 3201 2644 3255 qua
2676 3202 2859 3243 eorum
2894 3208 3143 3262 perversa
3188 3201 3451 3257 sententia
3496 3202 3759 3269 delenda.

2179 3281 2300 3328 tur:
2334 3286 2493 3346 atque
2544 3282 2615 3335 ita
2654 3282 2777 3337 dntn
2828 3301 2888 3339 ea
2934 3303 3051 3358 qum
3105 3292 3428 3362 opinantur,
3471 3297 3763 3365 defendere

2176 3382 2332 3436 quam
2364 3373 2630 3442 corrigere
2662 3376 2884 3443 malunt,
2910 3379 3198 3451 Scriptura:
3238 3396 3436 3447 sancta:
3470 3393 3761 3457 auctorita-v

2177 3468 2282 3515 tem
2310 3462 2552 3533 frangere
2592 3480 2869 3541 conantur,
2898 3491 2997 3547 qua
3029 3493 3131 3533 una
3170 3495 3357 3541 omnes
3405 3486 3640 3550 cervices
3668 3503 3759 3549 sua

2174 3553 2351 3621 perbte
2378 3554 2632 3628 durteque
2654 3558 2984 3632 franguntur.

2245 3651 2470 3746 CAPUT
2492 3655 2841 3719 XVlll.-——18.
2860 3663 3132 3738 Virginitas
3144 3670 3215 3733 sic
3240 3678 3559 3746 puniuntur,
3574 3687 3630 3734 tu
3650 3695 3755 3736 non

2174 3744 2365 3815 nuptiae
2413 3746 2731 3805 damnentur.
2787 3754 2936 3811 Unde
3005 3768 3297 3824 sectatores
3348 3744 3403 3823 et
3446 3771 3755 3830 sectatrices

2174 3844 2443 3935 perpetua:
2462 3841 2804 3901 continentiae
2833 3855 2884 3901 et
2913 3861 3078 3905 sacra:
3099 3851 3416 3923 virginitatis
3439 3859 3705 3923 admoneo
3735 3894 3761 3935 ,ι

2256 3930 2451 3986 bonum
2482 3947 2636 3989 suum
2666 3936 2737 3993 ita
2765 3940 3048 4008 prtel‘erant
3073 3947 3289 4016 nuptiis,
3324 3966 3390 4008 nu
3443 3954 3642 4012 malum
3668 3930 3756 4027 ju;

2173 4018 2350 4077 dicent
2377 4027 2589 4096 nuptias
2620 4046 2632 4079 :
2661 4045 2835 4101 neque
2861 4033 3138 4107 fallaciter,
3168 4040 3264 4099 sed
3292 4043 3448 4113 plane
3492 4018 3759 4112 veraciter

2172 4113 2240 4208 ab
2270 4114 2526 4185 Apostolo
2546 4118 2746 4179 dictum
2768 4125 3031 4194 noverint,
3083 4129 3183 4198 Qui
3232 4134 3319 4191 dat
3369 4146 3601 4208 nuptum,
3632 4139 3758 4203 bona

2173 4206 2327 4299 facit;
2355 4219 2400 4261 et
2419 4211 2505 4279 qui
2530 4229 2630 4267 non
2651 4215 2736 4268 dat
2766 4228 2997 4290 nuptum,
3046 4225 3225 4285 melius
3246 4230 3389 4299 facit.
3439 4206 3510 4287 Et
3533 4234 3580 4291 si
3604 4250 3751 4297 acce-

2173 4296 2305 4365 peris
2328 4315 2536 4354 uarorem
2559 4344 2573 4371 ,
2603 4321 2704 4359 non
2743 4312 2995 4381 peccasti;
3026 4322 3072 4369 et
3100 4316 3146 4369 si
3168 4321 3392 4387 nupserit
3436 4323 3593 4392 virgo,
3648 4341 3749 4381 non

2172 4392 2463 4491 peccat.‘Et
2488 4395 2646 4466 paulo
2673 4408 2791 4468 post
2814 4417 2826 4453 :
2852 4400 3057 4461 Beatior
3085 4417 3253 4467 autem
3304 4411 3419 4478 erit,
3444 4414 3488 4466 si
3531 4415 3604 4471 sic
3630 4434 3751 4491 per-

2171 4483 2430 4551 manserit,
2455 4489 2729 4545 secundum
2760 4508 2921 4549 meam
2966 4500 3282 4559 sententiam.
3325 4502 3392 4558 Et
3422 4519 3490 4559 ne
3517 4483 3749 4569 humans

2170 4576 2434 4672 sententia
2461 4588 2779 4672 ‘putarctur,
2829 4585 3103 4659 adjungit:
3137 4589 3269 4651 Puto
3316 4603 3508 4661 autem,
3565 4610 3609 4654 et
3657 4619 3749 4672 ego

2168 4663 2419 4761 .Spiritum
2452 4667 2545 4761 Dei
2566 4671 2744 4731 habeo.
2774 4676 2897 4733 lla‘c
2920 4679 3205 4748 dominica,
3258 4684 3370 4741 hmo
3422 4663 3745 4761 apostolica,

2167 4754 2281 4849 haec
2306 4774 2449 4826 vera,
2477 4760 2591 4818 hmc
2612 4779 2740 4819 sana
2768 4767 3004 4833 doctrina
3022 4782 3125 4835 est,
3148 4775 3224 4837 sic
3252 4754 3613 4849 eligere-dona
3636 4754 3749 4841 ωειλ

2159 4848 2300 4947 iere,
2339 4868 2406 4947 ne
2432 4854 2636 4917 minora
2660 4859 2998 4925 damnentur.
3031 4865 3218 4925 Melior
3252 4848 3339 4925 est
3393 4873 3444 4928 in
3473 4874 3743 4947 Scriptura

2165 4942 2256 4998 Dei
2286 4946 2481 5005 veritas
2512 4948 2625 5017 Dei,
2657 4964 2816 5023 quam
2846 4956 2898 5013 in
2928 4960 3238 5033 cujusquam
3270 4978 3449 5025 mente
3476 4980 3566 5025 aut
3585 4942 3747 5029 came

2163 5038 2438 5108 virginitas
2464 5041 2715 5105 hominis.
2752 5049 2905 5119 Quod
2950 5066 3152 5113 castum
3193 5070 3276 5115 est
3312 5061 3391 5121 sic
3425 5073 3650 5131 ametur,
3687 5078 3747 5124 ut

2161 5135 2303 5201 quod
2334 5150 2516 5194 verum
2560 5149 2641 5199 est
2694 5158 2799 5203 non
2852 5158 3090 5221 negetur.
3134 5151 3267 5208 Nam
3317 5157 3441 5226 quid
3490 5158 3611 5215 mali
3639 5177 3742 5217 non

2163 5236 2384 5293 possunt
2412 5230 2571 5287 etiam
2603 5233 2669 5291 de
2715 5251 2810 5297 sua
2856 5254 3017 5297 carne
3064 5246 3329 5312 cogitare,
3389 5251 3477 5318 qui
3521 5252 3745 5309 credunt

2159 5320 2503 5385 apostolicam
2537 5324 2768 5396 linguam
2789 5329 2841 5387 in
2870 5345 2937 5389 eo
2959 5331 3075 5403 ipso
3110 5335 3227 5389 loco
3260 5336 3347 5391 ubi
3387 5340 3741 5411 virginitatem

2158 5412 2397 5479 corporis
2413 5417 2839 5485 commendabat,
2872 5436 2901 5475 a
2922 5425 3266 5493 corruptione
3291 5431 3553 5487 mendacii
3577 5435 3745 5506 virgi-

2160 5516 2276 5559 nem
2305 5520 2411 5561 non
2445 5507 2643 5563 fuisse?
2674 5509 2924 5571 Primitias
2952 5529 3082 5583 ergo
3121 5532 3184 5572 ao
3225 5521 3476 5589 maxime,
3508 5527 3599 5595 qui
3644 5526 3743 5582 bo-

2159 5608 2282 5651 num
2316 5598 2629 5669 virginitatis
2660 5602 2862 5673 eligunt
2886 5647 2900 5671 ,
2933 5605 3235 5678 Scriptores
3262 5622 3473 5669 satietas
3501 5617 3745 5676 ﬁrmissi-

2158 5704 2243 5745 me
2274 5699 2487 5751 teucant
2511 5696 2636 5759 nihil
2665 5712 2785 5754 esse
2812 5701 3094 5768 mentitas;
3123 5719 3191 5759 ac
3234 5721 3330 5776 per
3359 5707 3461 5764 hoc
3488 5713 3647 5767 etiam
3676 5714 3745 5770 il-

2160 5781 2245 5839 lud
2270 5801 2450 5843 verum
2476 5802 2595 5855 esse
2626 5789 2769 5861 quod
2798 5791 3000 5853 dictum
3022 5802 3127 5866 est,
3161 5795 3225 5853 Et
3246 5798 3294 5859 si
3329 5802 3583 5885 acceperis
3610 5819 3744 5871 m-
