4122 6212
275 467 410 520 rats,
437 462 546 507 non
572 442 799 521 peccasti
815 458 837 511 ,°
851 448 901 498 et
923 440 971 497 si
990 437 1218 511 nupserit
1238 436 1402 508 uirgo,
1424 450 1527 490 non
1550 439 1743 504 peccat.
1773 428 1884 486 Nec

278 550 477 618 putent
502 540 677 599 minui
699 546 813 595 tam
842 546 1092 606 magnum
1111 529 1431 601 integritatis
1456 524 1750 618 bonum,si
1781 538 1885 579 nu—

281 616 415 712 ptis
443 648 554 693 non
579 640 744 690 erunt
782 628 1004 685 malum.
1048 624 1161 680 lmo
1213 636 1340 679 vero
1393 620 1520 677 hinc
1562 616 1663 675 sibi
1708 617 1887 687 potius

283 710 512 803 maioris
536 726 730 800 gloriae
769 722 999 795 palmam
1043 725 1398 789 praeparatam
1442 728 1562 769 esse
1613 710 1844 767 conlidat
1866 748 1882 775 ,

284 802 826 897 qumMndamnari,
861 815 907 869 si
934 813 1178 877 nuberet,
1212 808 1427 873 timuit;
1460 805 1553 861 sed
1576 802 1887 859 honoratius

288 892 563 980 coronari,
592 911 718 983 quia
758 922 864 963 non
897 904 1141 968 nuberet,
1185 892 1554 970 concupivit‘.
1611 894 1712 964 Qui
1757 905 1887 962 ergo

288 1007 410 1066 sine
430 981 688 1074 coniugio
714 1009 1031 1071 permanere
1056 991 1361 1055 voluerint,
1388 1003 1495 1045 non
1524 995 1777 1056 tanquam
1802 981 1886 1036 fo-

289 1113 445 1156 veam
472 1094 688 1170 peccati
741 1092 953 1162 nuptias
997 1087 1199 1158 fugiant
1231 1102 1245 1140 :
1273 1084 1366 1139 sed
1397 1091 1649 1152 tanquam
1693 1078 1885 1134 collem

291 1191 519 1248 minoris
539 1187 670 1243 boni
693 1181 1094 1247 transcendant,
1121 1187 1178 1233 ut
1204 1178 1256 1233 in
1282 1176 1501 1245 majoris
1542 1170 1886 1229 continentiae

292 1290 478 1340 monte
505 1278 870 1348 requiescant.
893 1274 967 1329 Ea
997 1272 1196 1342 quippe
1223 1271 1342 1339 lege
1368 1267 1520 1323 collis
1549 1266 1650 1320 iste
1676 1262 1897 1318 inhabii

295 1386 454 1441 tatur,
484 1383 545 1431 ut
566 1386 812 1429 noucum
838 1367 1071 1423 voluerit
1094 1366 1213 1435 quis
1227 1364 1470 1431 emigret.
1517 1359 1704 1415 Mulier
1740 1357 1884 1413 enim

294 1470 507 1541 alligata
533 1475 629 1532 est,
647 1462 893 1535 quamdiu
919 1460 996 1514 vir
1020 1458 1129 1530 ejus
1152 1456 1269 1511 vicit
1290 1456 1308 1526 (
1330 1454 1351 1508 ι
1375 1452 1495 1509 Cor.
1518 1469 1614 1519 vn,
1640 1450 1814 1507 58-40
1839 1447 1881 1521 ).

296 1562 683 1618 Verumtamen
709 1554 779 1611 ad
807 1552 1191 1609 continentiam
1221 1547 1488 1604 viduatem
1525 1545 1594 1601 ab
1617 1545 1736 1614 ipso
1760 1551 1887 1599 tan-

295 1667 457 1725 quam
481 1649 652 1722 gradu
695 1643 1075 1702 conscenditur
1108 1659 1123 1697 :
1155 1648 1372 1712 propter
1397 1636 1712 1707 virginalem
1759 1646 1890 1691 vero

298 1745 382 1801 vel
395 1740 747 1800 deciinandus
771 1748 856 1795 est
884 1751 992 1793 non
1019 1732 1406 1793 consentiendo
1434 1729 1771 1802 petitoribus,
1801 1729 1886 1784 vel

299 1833 687 1893 transiliendus
713 1828 1091 1902 pmveniendo
1119 1827 1393 1898 petitores.

366 1918 599 1981 CAPUT
638 1916 782 1973 XIX.
802 1946 874 1967 -.-
892 1914 981 1970 i9.
1011 1913 1225 1968 Errores
1248 1911 1350 1967 duo
1376 1909 1618 1967 contrarii
1643 1908 1707 1963 ds
1730 1907 1911 1979 virgi—.

298 2014 525 2068 uitaret
824 2007 902 2065 Ne
923 2006 1048 2079 quis
1069 2015 1246 2061 autem
1276 2010 1487 2074 putaret
1511 2002 1739 2058 duorum
1765 2016 1892 2071 ope-

298 2118 423 2167 m
447 2101 576 2160 boni
612 2110 777 2171 atque
803 2097 1042 2155 melioris
1065 2096 1289 2168 aequalia
1316 2094 1430 2150 fore
1458 2093 1675 2164 praemia
1699 2133 1715 2157 ,
1761 2106 1891 2162 pro-

299 2214 490 2277 pterea
513 2209 700 2257 contra
720 2212 817 2256 eos
835 2189 1210 2254 disserendum
1226 2188 1345 2258 fuit,
1369 2187 1459 2263 qui
1484 2185 1626 2257 quod
1649 2186 1725 2241 ait
1748 2187 1894 2255 Apoc

302 2295 495 2359 stolus,
528 2291 778 2347 Eaistim
799 2298 969 2344 autem
988 2289 1083 2344 hoc
1101 2285 1289 2342 bonum
1310 2298 1420 2339 esss
1445 2291 1651 2354 propter
1670 2293 1894 2352 pressu-

302 2393 405 2442 tsns
428 2382 796 2448 necessitatem,
827 2380 898 2436 ita
928 2376 1261 2449 interpretati
1290 2383 1433 2439 sunt,
1462 2381 1651 2429 utnon
1677 2379 1895 2442 propter

306 2491 532 2549 regnum
560 2474 818 2532 calorum
838 2514 855 2539 ,
886 2471 981 2528 sed
1009 2477 1224 2541 propter
1244 2468 1499 2524 saeculum
1524 2480 1759 2536 priesens
1784 2465 1895 2520 vir-

303 2570 582 2641 ginitatem
604 2567 785 2622 utilem
810 2564 1084 2627 dicerent;
1108 2571 1357 2630 tanquam
1384 2560 1437 2613 iu
1463 2558 1549 2612 illa
1570 2557 1677 2611 vita
1697 2564 1897 2617 aeterna

306 2662 440 2721 nihil
464 2660 680 2717 caeteris
702 2657 929 2728 amplius
951 2654 1184 2710 habituri
1211 2659 1426 2717 essent,
1456 2650 1546 2726 qui
1577 2649 1679 2704 hoc
1706 2646 1898 2703 melius

306 2753 618 2825 eiogisseat.
648 2750 704 2805 lu
729 2762 832 2819 qua
873 2745 1232 2816 disputatione
1269 2758 1391 2798 cum
1435 2741 1501 2796 ad
1528 2739 1660 2796 illud
1687 2738 1897 2795 venire-

308 2860 432 2902 mus
472 2842 617 2914 quod
658 2840 796 2896 idem
841 2836 1113 2908 apostolus
1136 2836 1243 2899 ait,
1286 2832 1685 2888 Tribulationem
1728 2837 1900 2886 autem

308 2936 481 2992 carnis
513 2932 761 2988 lucebunt
788 2926 1079 3001 huiusmodi
1097 2968 1113 2991 ,
1139 2941 1231 2996 ego
1261 2932 1430 2979 autem
1454 2921 1589 2976 vobis
1616 2936 1770 2991 parco
1799 2937 1818 2986 ;
1843 2919 1899 2975 in

310 3027 447 3082 alios
476 3024 767 3094 litigatores
806 3018 1128 3075 incurrimus
1152 3056 1168 3082 ,
1197 3016 1289 3085 qui
1313 3028 1420 3073 non
1444 3013 1678 3082 aequales
1704 3024 1900 3080 perpe-

312 3129 422 3176 tuae
467 3116 810 3173 continentiae
851 3111 1058 3182 nuptias
1099 3108 1366 3171 facerent,
1414 3105 1513 3163 sed
1549 3118 1641 3161 eas
1682 3102 1903 3161 omnino

314 3213 649 3271 damnarent.
676 3208 809 3265 Nam
844 3221 968 3263 cum
1003 3218 1156 3261 error
1187 3209 1409 3270 uterque
1434 3199 1538 3271 sit,
1570 3197 1656 3257 vel
1689 3208 1902 3265 aequare

315 3314 518 3367 saltem
549 3300 834 3377 virginitati
865 3298 1076 3368 nuptias
1100 3337 1113 3359 ,
1146 3294 1231 3353 vel
1255 3293 1510 3349 damnare
1537 3307 1549 3344 :
1578 3288 1736 3343 nimis
1766 3286 1903 3342 invi-

316 3414 437 3459 cem
476 3394 726 3467 fugiendo
748 3396 769 3426 ³
786 3434 801 3459 ,
822 3391 933 3450 duo
956 3390 1044 3447 isti
1071 3401 1285 3449 errores
1309 3386 1533 3442 adversa
1574 3384 1748 3438 fronte
1777 3396 1906 3437 con-

319 3492 542 3563 ﬂigunt,
596 3487 721 3559 quia
774 3483 1011 3543 veritatis
1065 3480 1299 3538 medium
1345 3487 1527 3535 tenere
1574 3474 1904 3540 noluerunt;

319 3598 428 3656 quo
451 3590 512 3641 et
535 3587 683 3637 certa
707 3577 915 3635 ratione
932 3616 949 3640 ,
982 3581 1040 3629 et
1064 3580 1367 3631 sanctarum
1393 3568 1787 3639 Scripturarum
1810 3579 1906 3620 au-

320 3675 568 3732 sturitate
589 3713 607 3739 ,
635 3685 735 3729 nec
755 3676 1029 3741 peccatum
1059 3679 1181 3722 esse
1208 3663 1420 3734 nuptias
1447 3659 1747 3717 invenimus
1764 3698 1779 3722 ,
1809 3671 1909 3714 nec

322 3781 416 3827 eas
444 3767 588 3825 bono
611 3763 698 3821 vel
723 3760 997 3833 virginalis
1018 3756 1362 3816 continenth
1380 3794 1396 3820 ,
1426 3753 1509 3811 vel
1538 3752 1698 3808 etiam
1721 3750 1909 3806 vidua-

322 3857 390 3916 lis
430 3868 728 3924 tenuamus.

390 3946 623 4009 CAPUT
652 3940 1111 4015 XX.,——Apostoli
1145 3938 1368 4002 dictum,
1400 3937 1512 4004 Ego
1532 3941 1722 4004 autem
1762 3930 1914 3989 vobis

326 4048 508 4107 parco,
534 4044 798 4102 perperam
818 4027 950 4083 trahi
969 4026 1037 4080 ad
1073 4023 1363 4096 nuptiarum
1383 4018 1775 4074 damnationem.
1810 4014 1913 4069 Alii

327 4124 523 4199 quippe
578 4118 879 4194 appetendo
937 4115 1329 4188 virginitatem,
1386 4110 1598 4179 nuptias
1660 4116 1914 4199 tanquam

329 4197 644 4271 adulterium
691 4204 1033 4266 detestandas
1076 4219 1197 4262 esse
1240 4208 1562 4275 putaverunt
1608 4216 1619 4251 :
1655 4197 1744 4253 alii
1787 4211 1915 4253 vero

329 4303 669 4364 defendendo
697 4301 1019 4358 eonnubium
1041 4340 1058 4366 ,
1089 4295 1460 4353 excellentiam
1496 4298 1768 4363 perpetuae
1796 4305 1918 4349 cou-

333 4397 573 4455 liuentia:
604 4393 736 4453 nihil
766 4390 957 4449 mereri
986 4389 1214 4461 amplius
1228 4400 1389 4458 quam
1406 4382 1737 4455 coniugalem
1765 4381 1919 4453 pudi-

332 4489 508 4546 citiam
537 4487 822 4543 voluerunt
852 4501 868 4550 ;
899 4481 1051 4553 quasi
1082 4479 1163 4536 vel
1193 4477 1452 4537 Susanna:
1478 4475 1674 4541 bonum
1696 4515 1713 4541 ,
1742 4473 1923 4531 Maria)

333 4582 405 4639 sit
453 4579 751 4638 humiliatio
783 4594 798 4646 ;
838 4577 921 4633 vel
965 4575 1144 4633 Mariae
1170 4572 1344 4643 majus
1376 4571 1573 4628 bonum
1596 4610 1612 4639 ,
1660 4569 1920 4626 Susanna:

333 4673 525 4732 debeat
558 4686 682 4729 esse
708 4668 1000 4725 damnatio.
1060 4682 1067 4695 ι
1508 4704 1521 4719 ,

403 4764 494 4820 20.
535 4762 687 4821 Absit
717 4774 846 4833 ergo
875 4766 932 4815 ut
962 4759 1030 4813 ita
1059 4755 1254 4815 dixerit
1284 4752 1571 4825 Apostolus
1601 4748 1782 4822 nuptis
1811 4750 1926 4811 sive

333 4857 578 4929 nupturis
600 4895 615 4919 ,
660 4852 774 4924 Ego
802 4860 971 4906 autem
1012 4849 1147 4905 vobis
1176 4863 1330 4917 parco
1364 4863 1383 4912 ;
1414 4855 1665 4916 tanquam
1695 4840 1927 4897 noluerit

334 4949 518 5005 dicere
540 4962 660 5017 quae
698 4958 849 5015 paena
888 4940 1184 5012 coniugatis
1216 4939 1270 4994 in
1302 4936 1477 4995 futuro
1502 4934 1700 4990 sarculo
1726 4932 1926 4989 debea-

336 5050 440 5094 tur.
470 5036 627 5094 Absit
648 5042 705 5089 ut
727 5049 756 5088 a
788 5032 1004 5088 Danielc
1028 5029 1094 5085 de
1122 5027 1401 5098 temporali
1423 5025 1624 5095 iudicio
1649 5024 1927 5079 liberatam

335 5130 532 5186 Paulus
562 5127 739 5183 mittat
779 5125 830 5179 in
873 5124 1198 5194 gehennam.
1228 5117 1382 5173 Absit
1407 5125 1467 5170 ut
1506 5114 1765 5169 maritalis
1808 5114 1930 5167 tho-

339 5236 431 5275 rus
459 5219 508 5275 ei
546 5231 704 5289 poma
728 5215 799 5273 sit
832 5222 955 5269 ante
998 5207 1227 5267 tribunal
1261 5204 1480 5271 Christi,
1508 5204 1591 5259 cui
1624 5202 1780 5259 ﬁdem
1815 5217 1932 5258 scr-

337 5312 514 5369 vando
542 5308 708 5385 elegit
743 5306 844 5363 sub
870 5304 1000 5361 falsa
1025 5300 1366 5359 accusatione
1392 5294 1638 5352 adulterii
1671 5294 1753 5349 vel
1797 5294 1936 5364 peri:

336 5404 510 5463 clitari
531 5444 547 5471 ,
574 5401 658 5458 vel
694 5398 852 5459 mori.
894 5394 1031 5467 Quid
1068 5394 1176 5465 egit
1221 5407 1319 5447 vox
1352 5390 1438 5447 illa
1465 5430 1479 5455 ,
1508 5387 1694 5443 Melius
1717 5395 1787 5442 est
1813 5386 1938 5442 mihi

407 5586 423 5616 ι
444 5580 551 5633 Sola
571 5579 723 5633 editio
752 5585 885 5642 non,
913 5573 1172 5642 conﬁdgmt,
1193 5585 1302 5640 ante
1336 5584 1429 5642 non
1459 5569 1683 5642 damnari
1717 5568 1762 5642 si
1794 5567 1943 5620 nube-

336 5628 741 5716 rent:ti17merunt,
758 5638 844 5691 sed
867 5628 1139 5688 hanor'atius
1152 5628 1390 5694 ro'ronari,
1414 5632 1631 5697 quianon
1654 5628 1831 5681 nubere
1840 5644 1946 5682 con-

639 5764 1005 5829 lovauiettsium
1026 5762 1236 5829 _t)mi_u,il,
1271 5758 1462 5829 nimis:
1498 5764 1551 5808 et
1587 5753 1714 5829 loco,
1754 5755 1944 5829 fugien-

340 5829 429 5909 (ιο,
460 5828 618 5887 habet
647 5838 760 5879 cum
792 5822 867 5877 Er.
888 5859 904 5888 ,
937 5822 1169 5891 ﬁtglcndi.
1204 5821 1494 5875 Emendatur
1529 5831 1594 5870 ex
1617 5824 1723 5871 MSS.
1814 5821 1831 5829 ‘
1916 5838 1919 5839 ν

1704 336 1766 392 L1
1773 332 1903 390 BER
1943 329 2138 392 UNUS.

1996 429 2217 485 incidere
2242 429 2295 484 in
2333 443 2514 485 manus
2540 434 2729 485 vestras
2747 468 2762 496 ,
2787 442 2942 498 quam
2978 441 3186 499 peccare
3221 427 3277 482 in
3318 434 3587 501 conspectu

1996 520 2091 577 Dei
2114 520 2404 592 (Damam
2424 562 2439 587 ,
2467 520 2577 591 25)
2601 561 2617 588 ,
2648 521 2693 576 si
2725 519 2869 577 Deus
2896 534 3012 575 eam
3062 519 3233 576 fuerat
3253 558 3271 586 ,
3309 531 3417 577 non
3457 520 3589 595 quia

1998 613 2302 683 pudicitiam
2343 614 2635 683 nuptialem
2664 613 2909 669 servabat
2935 612 3291 681 liberaturus,
3332 610 3430 669 sed
3456 613 3590 684 quis.

1994 716 2248 776 nupserat
2271 707 2616 764 damnaturus
2641 708 2664 761 ?
2687 709 2752 763 Et
2783 723 2925 764 nunc
2964 706 3175 779 quoties
3204 707 3421 764 castitas
3444 721 3588 777 conv

1990 798 2183 870 iugalis
2210 799 2466 856 adversus
2513 800 2932 856 calumniatores
2974 799 3451 869 criminatoresque
3486 814 3588 861 nu-

1994 891 2226 961 ptiarum
2249 891 2539 961 Scriptura:
2567 900 2768 947 sanctae
2802 892 3026 948 veritate
3062 891 3335 957 munitur;
3363 891 3523 949 toties
3551 904 3588 955 a

1994 983 2191 1054 Spiritu
2229 993 2414 1039 sancto
2434 992 2639 1065 .contra
2671 982 2831 1038 falsos
2861 991 3025 1040 testes
3052 981 3298 1039 Susanna
3334 981 3589 1041 delendi-

1995 1085 2082 1133 tur
2099 1119 2115 1144 ,
2147 1078 2305 1135 toties
2327 1094 2357 1132 a
2386 1076 2520 1133 {also
2546 1076 2773 1133 crimine
2796 1076 3073 1144 liberatur,
3102 1083 3157 1130 et
3185 1075 3354 1131 multo
3380 1073 3589 1146 maiore

1994 1169 2229 1239 negotio.
2254 1168 2403 1225 Tunc
2443 1170 2586 1224 enim
2627 1168 2718 1224 uni
2761 1167 3056 1238 coniugatae
3076 1207 3092 1233 ,
3122 1182 3264 1224 nunc
3290 1166 3586 1237 omnibus;

1996 1268 2123 1315 tunc
2153 1259 2220 1316 de
2248 1259 2456 1315 occulto
2491 1268 2547 1314 et
2591 1256 2727 1315 falso
2762 1257 3058 1326 adulterio,
3101 1272 3243 1314 nunc
3275 1256 3346 1315 de
3367 1271 3496 1313 vero
3529 1261 3588 1314 et

1994 1350 2276 1409 manifesto
2296 1350 2564 1409 connubio
2585 1351 2789 1407 crimen
2814 1350 3125 1408 intenditur.
3152 1349 3305 1407 Tunc
3331 1364 3434 1405 una
3460 1363 3583 1405 mtu-

1993 1450 2094 1506 lier
2120 1463 2186 1505 ex
2215 1463 2283 1504 eo
2305 1448 2463 1519 quod.
2492 1446 2656 1517 iniqui
2686 1447 2928 1505 seniores
2965 1445 3243 1514 dicebant,
3280 1458 3424 1503 nunc
3462 1457 3584 1501 om-

1996 1558 2094 1599 nes
2129 1542 2305 1598 mariti
2349 1551 2405 1598 et
2439 1556 2637 1599 uxores
2672 1556 2741 1599 ex
2781 1556 2849 1598 eo
2886 1540 3032 1612 quod
3078 1538 3369 1611 Apostolus
3400 1537 3588 1599 dicere

1996 1633 2186 1699 noluit,
2215 1641 2552 1690 accusantur.
2580 1633 2981 1691 Damnationem
3003 1632 3199 1706 quippe
3220 1640 3475 1700 vestram,
3503 1630 3589 1687 in-

1996 1726 2185 1796 quiunt
2205 1766 2220 1791 ,
2241 1725 2406 1782 tacuit
2430 1765 2447 1791 ,
2477 1738 2599 1781 cum
2619 1724 2725 1790 ait,
2758 1723 2872 1796 Ego
2895 1732 3062 1780 autem
3091 1724 3231 1781 vobis
3251 1738 3426 1796 parco.
3451 1721 3589 1792 Qui!

1997 1817 2101 1874 hoc
2124 1818 2147 1872 ἲ
2169 1816 2372 1888 Nempe
2395 1817 2487 1874 ille
2512 1816 2605 1887 qui
2632 1817 2878 1887 superius
2903 1816 3112 1874 dixerat
3139 1830 3159 1870 :
3178 1813 3310 1873 Etsi
3328 1812 3589 1886 occeperis

1996 1924 2225 1975 amarent,
2254 1923 2353 1963 non
2373 1909 2590 1980 peccasti
2613 1924 2632 1971 ;
2654 1916 2702 1962 et
2723 1907 2769 1962 si
2802 1907 3030 1977 nupserit
3047 1906 3222 1977 virgo,
3260 1919 3362 1963 non
3391 1911 3592 1974 peccat.

1997 2000 2106 2058 Cur
2133 2002 2293 2073 igitur
2329 2002 2383 2057 in
2425 2014 2492 2058 eo
2519 1999 2662 2071 quod
2688 1998 2926 2056 modeste
2972 1998 3174 2065 tacuit,
3214 1995 3591 2067 coniugiorum

1999 2094 2345 2167 suspicamini
2396 2094 2649 2159 crimen;
2693 2100 2750 2149 et
2796 2091 2852 2149 in
2889 2105 2958 2149 eo
3009 2089 3150 2162 quod
3193 2095 3376 2162 aperte
3416 2086 3589 2154 dixit.

2000 2187 2369 2259 coniugiorum
2405 2199 2512 2242 non
2564 2183 2855 2256 agnoscitis
2901 2181 3265 2243 defensionem
3299 2180 3324 2236 ἲ
3363 2179 3448 2237 An
3493 2190 3593 2245 eos

2000 2280 2218 2341 damnat
2253 2276 2477 2349 tacitus,
2509 2290 2645 2352 quos
2683 2273 2891 2332 locutus
2936 2271 3213 2333 absolvit?
3252 2269 3444 2331 Nonne
3474 2268 3593 2340 iant

2001 2374 2183 2430 mitius
2207 2378 2491 2428 accusatur
2518 2368 2786 2437 Susanna,
2830 2379 2938 2424 non
2981 2361 3050 2425 de
3075 2360 3343 2436 coniugio,
3383 2358 3478 2417 sed
3520 2357 3596 2429 de

2002 2465 2122 2537 ipso
2158 2461 2454 2530 adulterio,
2483 2474 2643 2532 quam
2671 2458 2912 2516 doctrina
2946 2455 3238 2528 apostolica
3266 2453 3336 2511 de
3363 2451 3592 2515 tuenda-

2003 2556 2089 2613 cio
2111 2555 2138 2610 ‘l
2161 2552 2300 2623 Quid
2325 2554 2380 2608 in
2404 2560 2554 2608 tanto
2578 2550 2819 2622 periculo
2845 2548 3146 2609 faceremus
3161 2588 3181 2614 .
3205 2547 3309 2607 nisi
3340 2553 3447 2605 tam
3466 2559 3594 2609 serv

2004 2656 2117 2704 tum
2158 2652 2508 2717 apertumque
2545 2652 2688 2699 esset
2734 2640 2953 2712 pudicas
2993 2638 3209 2710 nuptias
3250 2651 3359 2711 non
3394 2635 3596 2701 debere

2005 2738 2269 2806 damnari,
2292 2751 2452 2808 quam
2472 2741 2677 2791 certum
2697 2741 3049 2803 apertumque
3072 2739 3157 2789 est
3180 2737 3421 2789 sanctam
3447 2725 3598 2791 Scri-

2004 2839 2214 2902 pturam
2234 2843 2342 2885 non
2372 2841 2530 2898 posse
2556 2825 2770 2883 mentiri
2797 2825 2822 2879 ‘t

2075 2921 2302 2979 CAPUT
2342 2918 2673 2976 XXl.-—9l.
2714 2916 3029 2989 Virginitatis
3051 2915 3255 2973 laudent
3286 2922 3337 2971 et
3366 2913 3602 2975 nterim

2011 3031 2119 3071 esss
2140 3017 2326 3086 majus,
2349 3029 2465 3068 cum
2498 3013 2693 3083 nuptias
2714 3028 2816 3065 non
2841 3020 3083 3082 tanquam
3115 3008 3601 3067 male-devitantur.

2012 3107 2109 3163 Hic
2140 3107 2284 3165 dicet
2314 3105 2506 3175 aliquis
2534 3121 2549 3158 :
2574 3103 2699 3173 quid
2725 3103 2829 3157 hoc
2852 3104 3084 3173 pertinet
3111 3103 3178 3157 ad
3204 3116 3415 3157 sacram
3439 3099 3604 3171 vit-gi.

2011 3200 2265 3263 nitatem,
2298 3198 2380 3253 vel
2419 3204 2731 3267 perpetuam
2760 3194 3145 3250 continentiam
3165 3233 3181 3261 ,
3214 3193 3369 3264 cuius
3398 3191 3617 3264 praedi-.-

2009 3291 2152 3348 catio
2172 3291 2273 3345 isto
2292 3302 2541 3347 sermone
2556 3298 2800 3357 suscepta
2825 3294 2909 3345 est
2926 3286 2951 3340 ‘l
2969 3286 3065 3343 Cui
3084 3284 3386 3357 respondeo
3405 3285 3618 3357 primo,

2012 3382 2153 3455 quod
2189 3381 2438 3453 superius
2460 3379 2876 3437 commemoravi
2894 3420 2908 3446 ,
2950 3395 3020 3435 cx
3052 3379 3155 3435 hoc
3174 3379 3401 3450 gloriam
3432 3378 3611 3451 maio-

2013 3476 2091 3532 ris
2132 3474 2275 3533 illius
2314 3473 2439 3529 boni
2465 3487 2585 3529 esse
2609 3473 2867 3542 maiorem
2884 3513 2899 3540 ,
2931 3471 3071 3542 quod
3097 3471 3217 3542 eius
3242 3469 3609 3542 adipiscenda

2015 3581 2173 3623 causa
2199 3566 2399 3622 bonum
2427 3566 2705 3636 coniugale
2734 3565 3159 3631 transcenditur,
3191 3580 3296 3622 non
3325 3572 3609 3636 peccatum

2015 3658 2248 3729 coniugii
2289 3657 2577 3713 devitatur.
2624 3656 2875 3727 Alioquin
2907 3663 3181 3727 perpetua!
3218 3654 3607 3715 eoutinentis‘

2017 3764 2123 3808 non
2169 3750 2438 3821 pmcipue
2482 3747 2716 3815 laudari,
2761 3748 2857 3805 sed
2905 3756 3112 3809 tantum
3157 3762 3265 3803 non
3312 3748 3610 3818 vituperari

2017 3843 2289 3902 sniﬂceret
2320 3858 2335 3909 ;
2382 3843 2427 3897 si
2457 3850 2737 3913 propterea
2772 3849 3074 3904 teneretur,
3120 3838 3373 3909 quoniam
3400 3839 3617 3896 nubem

2018 3937 2223 3994 crimen
2246 3942 2409 3991 esset.
2439 3933 2638 3990 Deinde
2662 3932 2784 4004 quia
2801 3946 2910 3987 non
2937 3931 3166 3988 humana
3194 3932 3480 4000 sententia,
3506 3932 3612 3989 sed

2020 4029 2213 4086 divina:
2263 4027 2550 4096 Scriptum
2590 4023 2904 4080 auctoritate
2943 4023 3012 4079 ad
3057 4033 3162 4079 tam
3205 4023 3477 4080 excellens
3508 4022 3612 4079 do-

2021 4136 2149 4179 num
2171 4121 2418 4179 homines
2436 4117 2755 4176 exhortandi
2776 4127 2919 4184 sunt,
2948 4132 3053 4173 non
3076 4117 3415 4174 mediocriter
3433 4130 3619 4188 neque

2022 4221 2409 4287 praetereunter
2434 4211 2694 4282 agendum
2734 4218 2817 4267 est
2839 4253 2853 4277 ,
2882 4225 2950 4265 ne
2978 4210 3225 4280 cuiquam
3270 4209 3385 4280 ipsa
3429 4208 3615 4264 divina

2024 4305 2297 4377 Scriptura
2352 4305 2404 4360 in
2451 4302 2630 4375 aliquo
2683 4303 2906 4359 mentita
2949 4301 3210 4357 videatur.
3253 4300 3618 4358 Dehortantur

2026 4397 2170 4456 enim
2212 4397 2390 4469 potius
2420 4412 2580 4469 quam
2623 4395 2971 4452 exhortantur
2997 4394 3231 4466 virgines
3257 4409 3439 4450 sacras
3461 4434 3477 4459 ,
3522 4392 3618 4464 qui

2026 4506 2119 4547 cas
2135 4491 2214 4546 sic
2233 4504 2550 4561 permanere
2571 4490 2871 4558 nuptiarum
2899 4489 3241 4544 damnatione
3263 4487 3615 4557 compellunt.

2027 4584 2183 4642 Unde
2213 4585 2354 4639 enim
2381 4581 2653 4637 conﬁdant
2686 4595 2869 4634 verum
2895 4593 3015 4633 esse
3043 4579 3184 4649 quod
3211 4577 3465 4647 scriptum
3497 4583 3618 4643 est,

2031 4673 2099 4728 Et
2142 4674 2229 4742 qui
2258 4689 2359 4726 non
2396 4672 2485 4724 dat
2513 4679 2724 4740 nuptum
2746 4710 2761 4735 ,
2790 4669 2970 4723 melius
3011 4661 3133 4739 facit
3163 4683 3179 4733 ;
3208 4668 3252 4723 si
3282 4667 3475 4723 falsum
3522 4681 3622 4736 pu-

2030 4769 2144 4819 tant
2172 4776 2292 4817 esse
2331 4760 2473 4831 quod
2500 4759 2650 4829 iuxta
2694 4759 2942 4829 superius
2978 4757 3321 4814 nihilominus
3358 4757 3659 4835 scriptum,

2031 4862 2141 4921 est,
2183 4852 2251 4907 Et
2285 4853 2373 4923 qui
2395 4852 2483 4906 dat
2520 4851 2763 4922 virginem
2791 4866 2933 4904 suam
2954 4890 2968 4914 ,
2997 4850 3118 4904 bene
3140 4848 3261 4920 facit
3284 4849 3311 4904 I
3344 4848 3403 4904 Si
3440 4856 3625 4905 autem

2034 4948 2268 5019 loquenti
2302 4945 2592 5015 Scriptura:
2630 4943 2700 4999 de
2735 4942 3037 5011 nuptiarum
3071 4941 3214 4997 bono
3259 4939 3625 4998 indubitanter

2034 5037 2393 5102 crediderint,
2433 5034 2620 5090 eadem
2654 5032 2890 5089 caelestis
2914 5032 3112 5103 eloquii
3144 5030 3484 5093 voracissima
3522 5038 3644 5089 ιιι-ί

2036 5132 2282 5186 ctoritate
2321 5129 2543 5183 tit-mauu
2573 5128 2638 5182 ad
2678 5126 2866 5181 melius
2891 5139 3047 5181 suum
3083 5123 3308 5182 ferventi
3346 5140 3412 5182 ac
3440 5108 3647 5182 ﬁdenti.

2039 5223 2314 5279 alacritate
2350 5228 2735 5275 transcurrent.
2764 5216 2916 5274 Unde
2949 5217 3061 5289 iam
3099 5217 3231 5273 satis
3252 5232 3350 5288 pro
3378 5225 3630 5287 suscepto

2040 5314 2256 5386 negotio
2282 5312 2513 5375 diximus
2532 5352 2547 5379 ,
2574 5319 2628 5369 et
2652 5320 2905 5383 quantum
2937 5310 3210 5382 potuimus
3236 5309 3632 5369 demonstravi-

2043 5419 2192 5470 mus,
2244 5420 2344 5461 nec
2381 5403 2508 5461 illud
2537 5401 2679 5473 quod
2708 5401 2784 5459 ait
2818 5402 3136 5473 Apostolus,
3182 5400 3433 5459 Existimo
3459 5410 3637 5461 satsat

2046 5501 2141 5555 hoc
2185 5498 2368 5555 bonum
2410 5513 2516 5552 esse
2552 5506 2757 5568 prapter
2800 5505 3094 5569 prmsentem
3131 5494 3512 5565 necessitatem,
3553 5494 3639 5554 sit:

2048 5605 2170 5647 esse
2206 5588 2574 5657 accipiendum
2598 5631 2612 5653 ,
2644 5597 2894 5659 tanquam
2935 5589 2986 5643 in
3017 5586 3120 5643 hoc
3154 5585 3354 5643 saeculo
3381 5585 3639 5644 meliores

2047 5683 2157 5755 sint
2185 5696 2352 5736 sacrae
2381 5680 2608 5752 virgines
2643 5679 2883 5736 fidelibus
2910 5677 3239 5751 coniugatis,
3267 5677 3319 5734 in
3348 5692 3515 5753 regno
3542 5684 3639 5755 aue

2122 5820 2140 5857 ι
2160 5815 2297 5881 Editi,
2323 5814 2624 5871 continentia:
2639 5814 2827 5867 bomnn.
2852 5814 3016 5878 Abest,
3037 5811 3230 5884 canon,
3250 5823 3280 5866 a
3298 5816 3411 5871 Ius
