4122 6212
492 327 598 389 407

483 455 593 502 tem
624 444 881 502 caelorum
920 452 1082 515 atque
1107 443 1158 498 in
1190 441 1367 498 futuro
1396 440 1593 497 saeculo
1614 453 1770 510 pares
1796 438 1898 492 sint
1930 454 1941 489 :
1974 450 2072 491 nec

482 535 615 591 illud
641 536 727 593 ubi
744 534 904 591 aitde
924 532 1263 600 nubentibus,
1293 530 1687 586 Tribulationem
1713 540 1878 584 autent
1906 527 2073 582 carnis

483 625 733 681 habebunt
762 625 1075 696 lmjusmodi,
1105 640 1196 697 ego
1221 633 1388 678 autent
1412 621 1550 677 vobis
1577 638 1730 692 parco
1752 622 1794 691 (ι
1818 619 1939 676 Cor.
1973 635 2067 686 vn,

482 718 575 786 38,
604 718 701 783 26,
729 717 822 790 28)
846 759 860 783 ,
904 718 974 771 ita
1005 716 1438 788 intelligendum,
1484 723 1734 785 tanquam
1767 714 2069 784 nuptiarum

483 820 760 881 peccatum
789 818 843 865 et
882 810 1276 865 damnationem
1309 808 1555 863 maluerit
1581 817 1756 862 tacere
1797 820 1957 876 quam
1983 805 2069 859 di-

480 917 624 959 cere.
657 902 857 957 Harum
902 903 1097 971 quippe
1122 901 1347 956 duarum
1375 900 1758 954 sententiarum
1794 895 2065 967 singulas,

478 994 588 1049 duo
631 1008 846 1049 errores
888 993 1104 1049 sibimet
1147 991 1403 1049 contrarii
1437 1006 1542 1046 non
1592 1005 1685 1046 eas
1725 988 2070 1059 intelligendo

478 1096 784 1144 tenuerunt.
813 1085 957 1141 illam
984 1086 1124 1141 enim
1155 1085 1220 1140 de
1244 1084 1490 1155 praesenti
1527 1081 1842 1137 necessitate
1870 1079 1944 1135 illi
1975 1094 2069 1149 pro

476 1193 538 1233 se
593 1178 1050 1247 interpretantur,
1107 1178 1198 1247 qui
1264 1175 1525 1231 nubentes
1583 1188 1688 1228 non
1750 1171 2069 1227 nubentibus

476 1264 691 1339 aequare
721 1269 1053 1326 contendunt
1084 1286 1098 1322 :
1150 1269 1286 1324 hanc
1313 1282 1442 1321 vero
1468 1266 1555 1322 ubi
1585 1266 1784 1321 dictum
1813 1273 1923 1331 est,
1958 1261 2068 1335 Ego

477 1370 649 1415 autem
674 1361 813 1415 vobis
843 1378 1018 1431 parco,
1052 1360 1122 1414 illi
1155 1360 1243 1430 qui
1283 1360 1547 1414 nubentes
1573 1357 1834 1411 damnare
1859 1370 2067 1426 praesu-

473 1461 649 1506 munt.
702 1450 812 1506 Nos
850 1462 1029 1506 autem
1074 1451 1367 1506 secundum
1412 1449 1806 1521 Seripttmarum
1854 1455 2065 1501 sancta-

474 1557 595 1599 rum
629 1543 786 1599 ﬁdem
826 1557 1118 1613 sanamque
1146 1542 1438 1597 doctrinam
1461 1582 1476 1608 ,
1515 1553 1615 1595 nec
1642 1547 1918 1611 peccatum
1948 1552 2068 1593 esse

477 1634 707 1690 dicimus
743 1636 954 1705 nuptias
973 1677 988 1702 ,
1018 1642 1074 1690 et
1100 1648 1285 1690 earum
1314 1642 1492 1688 tamen
1521 1632 1720 1687 bonum
1760 1645 1870 1685 non
1892 1629 2065 1684 solum

473 1724 608 1780 intra
625 1726 954 1796 virginalem,
972 1741 1155 1782 verum
1178 1726 1339 1781 etiam
1362 1723 1495 1779 infra
1510 1723 1775 1778 vidualem
1788 1722 2068 1777 continen-

473 1815 602 1870 tiam
628 1816 998 1871 constituimus
1022 1833 1036 1880 ;
1065 1825 1486 1886 praesentemque
1510 1812 1878 1870 necessitatem
1891 1813 2070 1883 conju-

471 1917 736 1975 gatorum,
766 1922 873 1960 non
898 1906 1111 1976 quidem
1132 1907 1198 1961 ad
1230 1906 1388 1961 vitam
1404 1914 1680 1972 mternam,
1700 1914 2066 1961 verumtamen

470 1998 541 2054 ad
566 2000 914 2055 excellentem
940 2000 1161 2070 gloriam
1186 2007 1242 2055 et
1263 1999 1518 2054 honorem
1538 1999 1627 2069 qui
1646 2006 1916 2069 perpetuae
1934 2013 2065 2053 con-

472 2091 708 2147 tinentiae
726 2101 1045 2157 reservatur,
1064 2090 1320 2162 impedire
1336 2105 1518 2147 eorum
1535 2089 1781 2145 meritum
1798 2089 2024 2145 dicimus
2047 2106 2065 2156 ;

471 2202 648 2257 neque
673 2185 775 2242 hoc
801 2194 1044 2257 tempore
1068 2185 1173 2240 nisi
1212 2184 1290 2239 eis
1317 2183 1408 2253 qui
1435 2197 1495 2239 se
1524 2197 1629 2238 non
1659 2184 1937 2238 continent
1967 2196 2068 2237 nu-

471 2277 616 2349 ptias
653 2277 906 2348 expedire
936 2318 952 2342 ,
1001 2275 1506 2344 tribulationemque
1546 2274 1725 2329 carnis
1765 2288 1830 2328 ex
1872 2271 2064 2327 aﬁ'ectu

469 2368 668 2425 carnali
710 2366 1042 2431 venientem,
1080 2366 1196 2421 sine
1240 2379 1347 2436 quo
1390 2363 1587 2434 nuptize
1616 2362 2062 2418 incontinentium

471 2473 596 2516 esse
638 2474 746 2514 non
792 2464 1053 2529 possunt,
1102 2469 1203 2512 nec
1250 2463 1432 2511 tacere
1468 2453 1701 2509 voluisse
1747 2451 2060 2522 Apostolum

467 2564 596 2609 vers
625 2558 1041 2621 praemonentem
1067 2590 1082 2612 ,
1122 2560 1221 2604 nec
1257 2545 1468 2617 plenius
1490 2544 1757 2615 explicare
1786 2542 2060 2599 hominum

467 2642 762 2698 infirmitati
789 2650 1116 2711 parcentem.

538 2732 766 2790 CAPUT
803 2730 969 2787 XXII.
994 2730 1168 2784 ~22.
1220 2728 1498 2801 Virginitas
1535 2744 1636 2782 non
1679 2737 1883 2797 propter
1928 2729 2061 2781 hanc

467 2825 641 2891 vitam,
665 2823 756 2879 sed
777 2833 983 2893 prapter
1012 2827 1236 2893 futuram
1262 2820 1519 2892 diligenda
1538 2819 1818 2873 ostenditur
1845 2835 1908 2873 ea:
1929 2818 2060 2889 Apo—

466 2914 622 2971 stolo.
673 2913 825 2970 Nunc
857 2914 968 2985 jam
1013 2913 1407 2983 Scriptutarum
1446 2910 1747 2966 divinarum
1772 2911 2061 2966 evidentis-

466 3005 624 3064 simis
647 3004 990 3070 testimoniis,
1025 3021 1143 3076 qua:
1185 3020 1284 3076 pro
1311 3014 1510 3061 nostra:
1539 3004 1813 3060 memorie
1839 3005 2057 3062 modulo

464 3095 738 3154 recordari
771 3096 1119 3161 valuerimus,
1164 3094 1362 3151 clarius
1405 3106 1659 3164 appareat
1692 3110 1799 3150 non
1838 3106 2058 3168 propter

464 3197 786 3262 praesentem
820 3188 981 3259 hujus
1016 3187 1198 3244 saeculi
1224 3188 1418 3255 vitam,
1452 3188 1547 3244 sed
1587 3196 1803 3258 propter
1826 3187 2056 3247 futuram

463 3296 589 3353 qua:
614 3282 669 3338 in
700 3296 869 3351 regno
891 3281 1153 3339 calorum
1182 3280 1507 3360 promittitur
1528 3322 1542 3347 ,
1573 3289 1882 3360 perpetuam
1921 3295 2053 3336 con—

463 3374 746 3432 tinentiam
772 3373 1094 3444 diligentiam
1123 3373 1163 3426 ³.
1196 3356 1331 3440 ριιίέ
1351 3380 1531 3427 autem
1557 3375 1659 3427 hoc
1680 3357 1786 3428 non
1815 3373 2056 3430 advertat

461 3467 522 3523 in
557 3480 625 3521 eo
651 3464 794 3535 quod
825 3464 983 3534 paulo
1021 3472 1144 3534 post
1187 3464 1326 3519 idem
1354 3464 1627 3533 apostolus
1669 3465 1742 3520 ait
1776 3483 1788 3519 :
1819 3465 1921 3532 Qui
1945 3466 2055 3521 sine

460 3572 626 3615 more
644 3566 739 3624 est,
764 3557 945 3628 cogitat
967 3572 1026 3611 ea
1045 3572 1158 3627 quo:
1182 3567 1296 3612 sum
1323 3556 1553 3624 Domini,
1577 3558 1829 3629 quomodo
1851 3559 2053 3630 placeat

462 3645 730 3713 Domino;
757 3648 844 3719 qui
871 3656 1043 3703 autent
1067 3648 1389 3703 matrimonio
1412 3649 1626 3720 junctus
1645 3660 1717 3703 est
1737 3691 1751 3712 ,
1780 3650 1967 3720 cogitat
1991 3666 2052 3704 ea

461 3753 580 3808 qua
601 3747 719 3793 sunt
755 3738 959 3804 mundi,
997 3737 1249 3809 quomodo
1278 3737 1475 3809 placeat
1501 3739 1671 3794 uxori.
1702 3737 1772 3793 Et
1799 3739 1960 3793 divisa
1979 3749 2051 3795 est

459 3830 643 3887 mulier
677 3831 892 3902 innupta
930 3841 976 3887 et
1016 3832 1152 3901 virgo
1188 3848 1207 3886 :
1242 3848 1356 3901 qua:
1392 3832 1608 3903 innupta
1640 3841 1713 3886 est
1737 3833 1790 3899 ⁸,
1830 3833 2051 3888 sollicita

461 3932 536 3980 est
558 3939 673 3994 qua!
694 3932 812 3979 sunt
832 3921 1057 3987 Domini,
1084 3932 1141 3977 ut
1164 3924 1229 3977 sit
1246 3932 1423 3978 saneta
1447 3932 1494 3977 et
1517 3928 1731 3992 corpore
1755 3932 1804 3979 et
1829 3924 2049 3993 spiritu;

458 4028 575 4084 quae
597 4022 766 4069 autem
793 4024 952 4082 nupta
977 4022 1070 4079 est,
1097 4012 1316 4068 sollicita
1337 4023 1410 4069 est
1435 4030 1550 4083 qua:
1572 4024 1689 4070 sunt
1710 4016 1906 4082 mundi,
1933 4033 2051 4087 quo~

457 4105 612 4160 modo
650 4106 845 4177 placeat
871 4108 978 4159 viro
1008 4103 1052 4173 (l
1068 4104 1186 4159 Cor.
1210 4121 1305 4171 vn,
1328 4105 1530 4177 32-54)
1551 4107 1573 4161 ἲ
1592 4106 1710 4162 Non
1728 4108 1908 4179 utique
1941 4110 2045 4177 ait,

457 4194 670 4267 Cogitat
690 4211 754 4251 ea
779 4210 898 4265 qua:
922 4195 1222 4251 securitatis
1254 4204 1378 4250 sunt
1400 4198 1454 4250 in
1482 4197 1583 4252 hoc
1606 4199 1825 4262 saeculo.
1852 4208 1912 4254 ut
1932 4199 2049 4254 sine

456 4284 794 4356 gravioribus
829 4284 1087 4339 molestiis
1137 4294 1347 4354 tempus
1400 4286 1657 4356 transigat
1697 4305 1712 4354 ;
1755 4304 1932 4359 neque
1978 4290 2048 4346 ad

460 4376 563 4430 hoc
600 4374 824 4432 divisam
866 4374 993 4431 dicit
1021 4375 1295 4445 innuptam
1325 4383 1381 4430 et
1416 4376 1673 4445 virginem
1719 4380 1787 4434 ab
1817 4395 1879 4436 ea
1925 4396 2048 4451 quas

457 4478 622 4541 nupta
644 4474 760 4536 est,
792 4466 845 4524 id
883 4475 966 4524 est
994 4467 1299 4523 distinctam
1337 4476 1498 4538 atque
1525 4467 1841 4537 discretam,
1875 4480 1933 4526 ut
1960 4474 2046 4527 in-

458 4567 623 4631 nupta
652 4560 704 4617 in
736 4559 835 4615 hac
873 4560 982 4615 vita
1007 4574 1194 4617 secura
1225 4559 1298 4615 sit
1326 4567 1542 4631 pr0pter
1570 4561 1892 4630 temporales
1929 4579 2044 4619 mo-

456 4653 641 4711 lestias
678 4651 982 4716 evitandas,
1017 4651 1221 4723 quibus
1250 4661 1412 4723 nupta
1441 4668 1548 4708 non
1576 4663 1725 4710 caret
1754 4673 1767 4710 :
1798 4656 1913 4723 sed,
1942 4656 2043 4714 Co-

456 4747 601 4818 gitat,
624 4746 839 4817 inquit,
878 4761 992 4812 quos
1016 4754 1133 4800 sunt
1164 4744 1403 4812 Domini,
1432 4746 1684 4816 quomodo
1710 4748 1907 4819 placeat
1931 4748 2046 4804 Do-

455 4839 614 4904 mino,
648 4820 695 4893 et
732 4837 949 4893 sollicita
987 4848 1059 4892 est
1083 4853 1195 4908 qua:
1231 4846 1347 4892 sunt
1382 4836 1585 4893 Domini
1614 4838 1658 4905 ³,
1686 4848 1741 4892 ut
1779 4840 1844 4894 sit
1868 4851 2045 4896 sancta

455 4938 503 4983 et
531 4944 741 5000 corpore
781 4938 828 4984 et
864 4929 1065 5001 spiritu.
1098 4926 1208 4983 Nisi
1249 4927 1386 4982 forte
1428 4942 1597 4999 usque
1643 4928 1777 4985 adeo
1818 4931 2043 5003 quisque

455 5019 773 5091 insipienter
816 5021 1178 5076 contentiosus
1225 5028 1339 5085 est,
1388 5028 1444 5075 ut
1481 5031 1705 5077 conetur
1758 5037 2038 5092 asserere.

455 5123 564 5169 non
606 5119 823 5181 propter
845 5126 1064 5182 regnum
1092 5110 1349 5169 caelorum
1371 5150 1387 5177 ,
1428 5111 1522 5166 sed
1560 5121 1775 5183 propter
1803 5127 2039 5184 praesens

454 5340 461 5347 ι
521 5288 636 5351 ιειο
667 5284 1024 5351 editi.__AtMss.,

519 5350 542 5382 ³
564 5353 662 5407 Er.,
694 5354 753 5421 ﬁt
776 5344 929 5398 divisa
949 5344 1020 5397 est
1058 5344 1231 5399 mulier
1265 5353 1441 5421 nupta,
1480 5354 1527 5399 et
1557 5348 1692 5414 virgo
1705 5363 1821 5460 gnte
1842 5350 2041 5460 innupta

519 5414 529 5458 ι
556 5422 575 5460 :
595 5408 802 5460 sollicita
822 5415 894 5459 est
916 5420 1026 5460 ante
1046 5416 1157 5459 sunt
1194 5418 1398 5460 bonum.
1424 5410 1569 5460 stulto
1588 5424 1705 5460 men
1737 5425 1870 5460 ostus
1890 5415 1952 5460 ed
1971 5416 2040 5460 tio

452 5414 529 5459 est
556 5422 575 5460 :
595 5408 807 5471 sollicita
822 5415 894 5459 est
916 5420 1026 5471 quae
1046 5416 1157 5471 sunt
1194 5408 1398 5461 Domini.
1424 5408 1569 5462 stulto
1588 5408 1870 5463 mendosius
1890 5408 2040 5464 editio

452 5475 721 5544 l_.ov_.‘1.ost,
758 5469 944 5542 placeat
971 5470 1156 5544 uxorih
1175 5474 1484 5544 prosequitur
1511 5474 1601 5544 sic_
1619 5479 1710 5544 ziet
1734 5471 1915 5544 diuisus
1944 5482 2035 5544 est.

454 5530 627 5583 Mulier
649 5530 793 5597 etiam
815 5531 1012 5597 innupta
1048 5530 1252 5597 sollicita
1272 5530 1473 5597 est'qua:
1493 5540 1601 5597 sunt
1630 5533 1834 5597 Domini.
1864 5536 2035 5584 Redin-

452 5593 832 5659 tegraturlocus
846 5593 941 5656 ope
966 5593 1406 5659 vetustissimorum
1436 5595 1668 5657 codicum,
1696 5596 1775 5646 hic
1798 5603 1850 5646 et
1871 5610 2033 5659 supra.

454 5652 503 5702 in
516 5652 648 5718 libro
670 5655 733 5704 de
756 5652 1159 5718 Bono—coniugali,
1175 5669 1279 5718 cap.
1302 5656 1376 5718 it).

524 5671 648 5703 noro
670 5671 733 5704 uc
756 5671 882 5705 nono
897 5671 1159 5718 cozqugan,
1175 5671 1227 5704 ea
1252 5672 1279 5702 λ.
1302 5671 1376 5706 ιυ.

522 5717 607 5786 fle
764 5718 1017 5786 omittitur,
1035 5671 1278 5781 quomodo
1314 5717 1498 5782 placeat
1526 5717 1740 5782 Domino,
1767 5725 1810 5771 et
1833 5716 2041 5774 sollicita

453 5780 651 5839 eum
670 5784 779 5833 sum
803 5780 1010 5837 Mitti.
1315 5780 1322 5782 ⁷
1443 5822 1447 5826 -

1788 5850 1816 5869 ιι
1840 5852 2039 5895 “ay-ﬁ”

1420 326 1510 382 DE
1548 323 1814 383 SANCTA
1853 320 2313 389 VIRGINI'I'ATE,
2356 322 2416 378 S.
2457 320 2825 380 AUCUSTINI

3658 324 3763 385 408

2179 434 2433 490 saeculum
2486 433 2710 490 Domino
2746 434 2967 505 placere
3018 448 3116 491 nos
3168 434 3306 493 velle
3326 478 3344 505 ,
3404 445 3496 496 aut
3548 449 3767 511 propter

2176 525 2338 580 vitam
2368 526 2545 590 istam,
2587 541 2693 581 non
2740 536 2956 598 prepter
2983 535 3241 584 aeternam
3293 543 3414 586 esse
3459 540 3673 589 sanctas
3709 542 3768 590 et

2176 629 2400 687 corpore
2427 625 2481 672 et
2498 617 2708 688 spiritu.
2754 617 2869 672 Hoc
2905 618 3158 685 credere,
3190 619 3318 689 quid
3339 628 3422 675 est
3449 621 3624 689 aliud,
3662 624 3765 683 nisi

2177 706 2616 763 miserabiliorem
2658 722 2779 764 esse
2816 709 3066 763 omnibus
3102 707 3406 765 hominibus
3435 709 3459 764 Ἰ
3492 711 3579 766 Sic
3616 713 3763 770 enim

2174 798 2461 866 Apostolus
2505 799 2583 853 ait
2611 816 2624 854 :
2656 799 2717 856 Si
2761 800 2815 853 in
2845 799 2939 853 hac
2965 801 3067 854 vita
3103 810 3298 855 tantum
3339 801 3392 856 in
3421 801 3620 859 Christo
3645 823 3765 877 spe-

2174 895 2343 942 rantes
2368 904 2537 944 sumus
2556 930 2570 957 ,
2600 889 2985 945 miserabiliores
3009 908 3186 945 sumus
3220 892 3449 947 omnibus
3477 894 3764 952 hominibus

2176 978 2234 1050 (Ι
2286 976 2406 1033 Cor.
2460 996 2559 1047 xv,
2615 978 2735 1051 l9).
2787 982 2869 1035 An
2898 997 3024 1037 vero
3052 982 3143 1052 qui
3168 980 3365 1054 frangit
3392 999 3582 1053 panem
3603 1002 3761 1043 suum

2175 1069 2464 1136 esurienti,
2498 1070 2542 1125 si
2571 1078 2775 1126 tantum
2799 1081 3016 1142 propter
3042 1072 3180 1128 hanc
3208 1074 3369 1129 vitam
3396 1073 3536 1142 facit,
3566 1078 3765 1134 stultus

2173 1168 2256 1214 est
2286 1176 2302 1225 ;
2330 1168 2385 1214 et
2424 1160 2512 1216 ille
2541 1163 2644 1216 erit
2680 1162 2915 1231 prudens
2935 1204 2950 1230 ,
2995 1163 3088 1233 qui
3127 1164 3352 1235 castigat
3378 1180 3581 1236 corpus,
3602 1182 3761 1223 suum

2175 1266 2340 1321 usque
2360 1251 2427 1308 ad
2464 1254 2847 1308 continentiam
2870 1296 2885 1321 ,
2913 1270 3015 1325 qua
3044 1270 3143 1310 nec
3166 1256 3412 1328 conjugio
3440 1257 3761 1327 misceatur,

2172 1341 2219 1397 si
2243 1341 2290 1396 ei
2320 1342 2451 1398 nihil
2478 1342 2720 1413 proderit
2745 1345 2802 1398 in
2821 1359 2986 1415 regno
3007 1346 3262 1401 caelorum
3291 1348 3315 1401 ?

2152 1498 2157 1501 .
2242 1453 2469 1510 CAPUT
2506 1454 2695 1511 XXIII.
2718 1456 2896 1512 -25.
2946 1456 3183 1529 Idipsum
3225 1459 3468 1530 probatur
3504 1477 3566 1516 ea:
3601 1463 3761 1518 verbis

2172 1544 2397 1601 Domini.
2422 1547 2701 1603 Postremo
2721 1549 2893 1618 ipsum
2921 1549 3203 1605 Dominum
3232 1551 3512 1609 audiamus
3537 1554 3761 1610 eviden-

2173 1637 2427 1692 tissimam
2450 1639 2588 1693 hanc
2614 1640 2932 1696 sentenﬁam
2959 1640 3337 1712 proferentem.
3365 1644 3495 1701 Nam
3530 1663 3654 1702 cum
3682 1649 3751 1704 de

2171 1727 2482 1798 coniugibus
2529 1743 2635 1784 non
2690 1730 3003 1800 separandis
3050 1732 3151 1787 nisi
3191 1746 3352 1788 causa
3387 1733 3759 1794 fornicationis

2171 1817 2349 1875 divine
2385 1835 2450 1875 ac
2492 1821 2801 1878 terribiliter
2844 1823 3185 1894 loqueretur,
3221 1825 3473 1883 dixerunt
3505 1831 3555 1883 ei
3598 1830 3761 1885 disci-

2172 1911 2282 1981 puli
2312 1929 2325 1965 :
2358 1910 2421 1967 Si
2447 1912 2563 1966 talis
2591 1922 2665 1967 est
2705 1930 2862 1968 causa
2903 1931 3020 1968 cum
3052 1931 3243 1985 uxore,
3291 1935 3392 1973 non
3433 1920 3635 1990 expedit
3662 1937 3761 1975 nu-

2171 2001 2302 2055 bere.
2334 2000 2537 2069 Quibus
2565 2003 2653 2058 ille
2686 2021 2699 2057 :
2732 2002 2853 2058 Non
2878 2022 3072 2073 omnes,
3097 2005 3289 2077 inqttit,
3321 2009 3527 2079 capiunt
3555 2011 3759 2066 verbum

2171 2091 2283 2145 hoc.
2309 2091 2442 2147 Sunt
2470 2093 2603 2147 enim
2621 2093 2870 2164 spadones
2892 2095 2978 2167 qni
3004 2096 3078 2150 ita
3107 2099 3216 2151 nati
3241 2108 3361 2154 sunt
3389 2116 3412 2166 ;
3443 2112 3561 2155 sunt
3585 2112 3758 2158 autem

2169 2185 2260 2237 alii
2296 2185 2382 2255 qui
2414 2185 2477 2238 ab
2506 2185 2788 2241 hominibus
2816 2188 2939 2258 facti
2959 2199 3074 2243 sunt
3101 2206 3121 2254 ;
3159 2199 3207 2244 et
3229 2200 3347 2246 sunt
3381 2192 3632 2263 spadones
3667 2196 3757 2266 qui

2168 2292 2223 2330 se
2242 2277 2380 2348 ipsos
2401 2286 2745 2333 castraverunt
2772 2290 2978 2351 propter
3002 2294 3207 2348 regnum
3234 2282 3515 2340 caelorum:
3542 2287 3632 2358 qui
3661 2303 3759 2357 po.

2170 2375 2260 2421 test
2288 2384 2486 2438 capere,
2511 2371 2678 2441 capiat
2705 2368 2916 2442 (Matth.
2944 2387 3052 2437 xix,
3085 2371 3292 2447 10-12).
3319 2373 3459 2443 Quid
3486 2378 3751 2445 veraeius,

2167 2458 2293 2529 quid
2348 2460 2570 2516 lucidius
2617 2461 2720 2516 diei
2782 2463 3011 2531 potuit?
3055 2463 3299 2521 Christus
3339 2466 3498 2533 dicit,
3542 2466 3753 2526 Veritas

2166 2550 2316 2619 dicit,
2350 2552 2531 2608 Virtus
2554 2563 2605 2609 et
2633 2553 2904 2625 Sapientia
2934 2556 3027 2611 Dei
3056 2556 3220 2625 dicit,
3251 2572 3348 2613 eos
3373 2561 3464 2630 qui
3505 2561 3594 2630 pio
3620 2576 3751 2632 pro-

2166 2645 2340 2713 posito
2367 2646 2435 2701 ab
2473 2662 2637 2701 uxore
2676 2646 2915 2703 ducenda
2959 2665 3019 2704 se
3060 2651 3421 2710 continuarint
3447 2694 3464 2715 ,
3513 2664 3751 2711 castrare

2164 2731 2225 2794 se
2244 2738 2388 2808 ipsos
2411 2749 2627 2809 propter
2651 2755 2869 2811 regnum
2895 2741 3154 2797 ccelorum
3185 2760 3200 2809 ;
3230 2752 3285 2797 ct
3307 2752 3492 2800 contra
3515 2744 3749 2803 humana

2163 2830 2368 2885 vanitas
2413 2830 2572 2901 impia
2625 2832 2923 2889 temeritate
2964 2834 3263 2902 contendit,
3294 2850 3390 2890 eos
3416 2837 3505 2907 qui
3533 2836 3636 2893 hoc
3671 2840 3750 2893 la-

2162 2922 2338 2989 ciunt,
2382 2931 2701 2993 praesentem
2734 2927 3103 2981 tantummodo
3147 2929 3515 2984 necessitatem
3562 2931 3738 2987 mole-

2161 3015 2383 3070 stiarum
2410 3016 2767 3087 eonjugalium
2793 3017 3049 3083 devitare,
3090 3021 3141 3074 in
3171 3035 3333 3091 regno
3358 3031 3533 3076 autem
3577 3022 3745 3079 ethio-

2159 3120 2278 3161 rum
2298 3107 2526 3178 amplius
2548 3108 2833 3178 quidquam
2859 3110 3066 3164 exteris
3096 3125 3204 3166 non
3233 3110 3472 3168 habere?

2230 3216 2455 3275 CAPUT
2490 3217 2682 3275 XXIV.
2719 3249 2794 3262 --
2827 3219 2917 3282 24.
2961 3220 3091 3275 Item
3130 3237 3193 3275 ea:
3227 3223 3386 3277 verbis
3425 3221 3597 3279 Isaite.
3630 3223 3745 3279 Ec.

2158 3307 2313 3362 clesia
2339 3324 2550 3378 regnum
2581 3309 2821 3364 sectorum
2864 3326 2957 3364 cur
2994 3312 3270 3382 appellata.
3319 3313 3395 3368 De
3421 3314 3612 3385 quibus
3640 3330 3740 3372 au-

2160 3405 2265 3452 tem
2293 3398 2621 3468 spadonibus
2641 3400 2875 3470 loquitur
2904 3402 3043 3457 Deus
3064 3416 3161 3472 per
3191 3404 3377 3459 Isaiam
3404 3407 3740 3478 prophetam,

2157 3489 2350 3559 quibus
2377 3504 2436 3545 se
2475 3490 2603 3545 dicit
2632 3490 2878 3547 daturum
2907 3493 2961 3548 in
2987 3493 3148 3548 domo
3173 3509 3269 3550 sua
3298 3504 3353 3553 et
3378 3498 3429 3552 in
3460 3514 3614 3553 muro
3642 3514 3743 3556 suo

2156 3579 2331 3635 locum
2379 3581 2730 3649 nominatum,
2766 3583 3042 3640 meliorem
3089 3585 3256 3641 multo
3302 3602 3459 3658 quam
3510 3589 3742 3648 illioram

2155 3680 2317 3771 atque!
2339 3671 2585 3736 ﬁliarum,
2622 3672 2722 3726 nisi
2752 3672 2822 3729 de
2849 3673 2929 3729 his
2953 3676 3043 3745 qui
3074 3691 3134 3732 se
3162 3677 3305 3747 ipsos
3345 3689 3584 3735 castraut
3608 3696 3753 3751 ρειαί

2156 3770 2275 3831 pter
2302 3763 2522 3831 regnum
2550 3763 2850 3819 cmlorum?
2877 3764 3010 3820 Nam
3038 3767 3142 3822 illis
3167 3768 3359 3839 quibus
3389 3773 3560 3841 ipsum
3586 3772 3739 3832 virile

2153 3851 2450 3906 membrum
2481 3852 2806 3922 debilitatur,
2834 3864 2892 3909 ut
2917 3871 3175 3926 generare
3205 3874 3315 3915 non
3342 3862 3567 3932 possint,
3598 3864 3738 3922 sicut

2154 3951 2279 3996 sunt
2304 3942 2533 3998 eunuchi
2562 3944 2785 4000 divitum
2824 3953 2880 4001 et
2932 3961 3151 4018 regum,
3186 3951 3381 4007 sufﬁcit
3406 3951 3587 4023 utique
3610 3970 3735 4012 cum

2154 4033 2428 4090 christiani
2463 4038 2611 4102 ﬁunt,
2640 4047 2693 4092 et
2715 4038 2807 4094 Dei
2832 4048 3097 4111 praecepta
3119 4042 3444 4110 custodiunt,
3468 4060 3533 4100 eo
3559 4056 3735 4103 tamen

2156 4127 2429 4196 proposito
2465 4138 2607 4195 sum,
2639 4138 2697 4183 ut
2735 4130 2986 4202 conjuges
3034 4133 3078 4186 si
3120 4134 3416 4204 potuissent
3455 4137 3732 4206 haberent,

2152 4218 2363 4272 cieteris
2392 4220 2444 4273 in
2487 4219 2647 4274 domo
2676 4220 2772 4277 Dei
2813 4225 3108 4293 conjugalis
3153 4224 3399 4282 ﬁdelibus
3442 4229 3728 4302 adtequari,

2151 4308 2240 4377 qui
2272 4308 2479 4377 prolem
2501 4309 2644 4366 licite
2670 4311 2966 4382 pudiceque
2989 4325 3288 4387 susceptam
3334 4318 3384 4373 iu
3410 4319 3503 4373 Dei
3536 4319 3731 4381 timore

2152 4398 2419 4462 nutriunt.
2452 4398 2710 4456 docentes
2738 4403 2874 4459 ﬁlios
2897 4419 3022 4460 suos
3052 4416 3109 4460 ut
3140 4420 3333 4476 ponant
3366 4408 3416 4462 in
3445 4409 3552 4465 Deo
3578 4425 3731 4482 spem

2151 4500 2329 4553 suam;
2376 4505 2479 4544 non
2519 4499 2694 4546 autem
2745 4494 2989 4564 accipere
3036 4497 3309 4552 meliorem
3359 4499 3532 4555 locum
3570 4519 3731 4571 quam

2150 4587 2231 4632 est
2259 4578 2486 4635 ﬁliorum
2509 4590 2668 4653 atque
2698 4584 2943 4639 ﬁliarum.
2966 4585 3146 4656 Neque
3173 4588 3313 4642 enim
3342 4605 3535 4647 uxores
3562 4595 3730 4654 animi

2151 4670 2365 4739 virtute,
2390 4671 2484 4727 scd
2513 4675 2690 4729 carnis
2714 4678 3029 4732 necessitate
3054 4692 3157 4732 non
3183 4678 3398 4734 ducunt.
3430 4682 3730 4743 Contendat

2149 4775 2277 4816 sane
2304 4764 2394 4833 qui
2424 4765 2650 4821 voluerit
2678 4766 2744 4821 de
2775 4768 2856 4821 his
2899 4767 3218 4838 Prophetam
3263 4773 3589 4843 spadonibus
3629 4777 3731 4835 hoc

2150 4855 2553 4924 prteuuntiasse,
2583 4858 2671 4927 qui
2699 4874 2926 4930 carpam
2954 4863 3145 4917 abscisi
3175 4875 3300 4918 sunt
3332 4883 3346 4919 :
3377 4866 3476 4922 iste
3517 4885 3728 4939 quoque

2148 4958 2299 5000 error
2349 4962 2525 5002 causa:
2571 4965 2728 5020 quam
2783 4953 3112 5024 suscepimus
3155 4957 3493 5028 sullragatur.
3549 4960 3729 5032 Neque

2147 5038 2288 5093 enim
2318 5039 2581 5110 Spadoncs
2612 5043 2741 5098 istos
2770 5046 2851 5100 eis
2877 5047 2966 5117 qui
2994 5047 3045 5101 in
3074 5047 3232 5104 domo
3259 5051 3374 5120 ejus
3403 5053 3605 5107 nullum
3635 5054 3730 5108 ha-

2147 5130 2273 5185 bent
2304 5132 2479 5186 locum
2510 5137 2743 5203 prtetulit
2773 5137 2934 5204 Deus,
2969 5139 3063 5195 sed
3093 5142 3170 5195 eis
3200 5143 3383 5214 utique
3406 5146 3495 5215 qui
3522 5146 3573 5200 in
3603 5146 3728 5203 ﬁliis

2145 5225 2460 5294 generandis
2501 5228 2792 5299 conjugalis
2836 5231 2957 5284 vita:
3016 5232 3261 5288 meritum
3311 5246 3544 5292 servant.
3590 5238 3721 5294 Nam

2146 5328 2266 5369 cum
2294 5316 2441 5383 dicit,
2461 5315 2607 5371 Dabo
2624 5320 2695 5374 eis
2723 5321 2888 5374 locum
2914 5322 3072 5376 multo
3098 5323 3382 5392 meliorem;
3416 5330 3645 5385 ostendit
3673 5341 3727 5389 ct

2143 5405 2437 5477 conjugatis
2465 5407 2600 5477 dari,
2632 5411 2725 5466 sed
2771 5412 2941 5467 multo
2979 5411 3306 5471 inferiorem.
3346 5416 3417 5474 Ut
3444 5434 3571 5490 ergo
3600 5438 3729 5477 con-

2142 5497 2395 5552 cedamus
2435 5499 2490 5553 in
2529 5499 2690 5555 domo
2739 5501 2831 5556 Dei
2877 5502 3161 5573 prtedietos
3209 5506 3411 5564 futuros
3450 5512 3728 5569 eunuchos

2143 5588 2432 5645 secundum
2462 5606 2700 5654 carnem.
2730 5593 2818 5664 qui
2849 5595 2900 5649 in
2927 5596 3126 5667 populo
3151 5597 3315 5654 lsrael
3345 5617 3447 5655 non
3479 5601 3724 5670 ﬁlerunt;

2142 5680 2262 5747 quia
2306 5692 2359 5736 et
2393 5683 2535 5752 ipsos
2565 5684 2803 5740 videmus
2832 5704 2956 5742 cum
3000 5689 3170 5744 JUdiﬂi
3216 5706 3319 5747 non
3368 5694 3514 5761 ﬁant,
3547 5704 3729 5757 tamen

2145 5772 2262 5832 ﬁeri
2285 5774 2634 5853 christianos;
2677 5794 2777 5843 nec
2799 5780 2868 5845 de
2895 5781 3003 5846 illis
3025 5782 3233 5853 dixisse
3259 5786 3605 5864 Prom,
3632 5794 3727 5865 qui
