4122 6212
237 338 354 417 409

242 460 541 536 proposito
584 456 927 521 continentiae
975 456 1221 529 conjugla
1265 473 1373 515 non
1415 466 1751 529 quaerentes,
1796 470 1856 511 se

248 560 407 632 ipsos
432 565 674 614 castraut
700 564 917 626 propter
953 570 1177 625 regnum
1204 555 1463 611 calorum
1492 571 1506 608 :
1537 554 1680 609 itane
1709 561 1854 607 tanta

252 654 536 712 dementia
588 651 869 722 quisquam
923 657 1009 702 est
1053 648 1354 702 contrarius
1403 646 1644 710 veritati,
1686 654 1743 699 ιιι
1798 645 1852 699 in

257 760 426 804 carne
446 742 620 799 factos
639 740 914 797 eunuchos
935 741 1214 796 meliorem
1234 753 1393 809 quam
1413 738 1753 809 conjttgatos‘
1777 738 1856 791 lo-

258 852 385 894 cum
425 837 481 890 in
528 835 693 890 domo
737 832 827 887 Dei
872 832 1073 887 habere
1114 830 1316 896 credat,
1348 838 1402 885 et
1448 831 1535 900 pio
1582 829 1856 899 preposito

258 929 622 993 continentes,
647 940 843 996 corpus
871 941 1039 995 usque
1062 924 1131 980 ad
1155 933 1486 993 contetnptas
1522 924 1733 992 nuptias
1768 938 1858 977 ca-

260 1022 548 1090 stigantes,
576 1033 637 1074 se
674 1018 820 1088 ipsos
865 1033 971 1071 non
1010 1017 1061 1070 in
1101 1030 1346 1085 corpore,
1375 1014 1469 1070 sed
1500 1016 1551 1069 in
1592 1015 1704 1083 ipsa
1730 1028 1859 1069 con-

261 1109 820 1181 cupisccntizcradice
848 1117 1161 1171 castrantes,
1193 1108 1463 1162 cmlestem
1488 1115 1542 1160 et
1564 1105 1855 1175 angelicam

266 1205 432 1260 vitam
477 1204 529 1258 in
573 1214 779 1258 terrena
810 1200 1134 1256 mortalitate
1170 1197 1506 1265 meditantes,
1545 1198 1858 1266 coniugato-

265 1311 389 1352 rum
432 1294 640 1349 meritis
694 1308 849 1363 pares
879 1306 998 1347 esse
1023 1290 1345 1356 contendat;
1387 1298 1444 1345 et
1485 1288 1699 1345 Christo
1748 1289 1863 1343 lau-

267 1386 419 1442 danti
446 1398 544 1439 eos
566 1384 655 1454 qui
685 1397 745 1439 se
771 1382 915 1452 ipsos
935 1388 1322 1444 castraverunt,
1353 1395 1458 1434 non
1500 1389 1717 1450 pr0pter
1759 1379 1862 1434 hoc

268 1476 556 1542 mulum,
592 1473 687 1530 sed
729 1482 946 1543 propter
971 1486 1196 1543 regnum
1237 1471 1516 1537 cmlorutu,
1542 1470 1864 1525 cbristianus

273 1566 627 1628 contradicat,
657 1564 930 1620 afﬁrmans
969 1564 1071 1618 hoc
1104 1563 1226 1617 vita:
1271 1564 1519 1633 praesenti
1552 1577 1672 1618 esse
1709 1562 1859 1628 utile,

272 1672 384 1712 non
428 1657 660 1711 lutum?
687 1655 826 1722 Quid
874 1654 1015 1709 aliud
1068 1655 1184 1709 istis
1223 1663 1405 1719 restat,
1450 1654 1550 1709 nisi
1596 1662 1655 1708 ιιι
1692 1655 1863 1723 ipsum

273 1763 503 1818 regnum
533 1747 790 1804 ctelorum
821 1745 889 1801 ad
916 1745 1054 1801 hanc
1080 1745 1427 1816 temporalem
1456 1746 1639 1814 vitam,
1673 1746 1725 1799 in
1761 1759 1863 1813 qua

274 1854 424 1894 nunc
445 1854 649 1903 smnus,
675 1848 918 1894 asseram
952 1836 1257 1907 pertinere?
1279 1836 1390 1893 Cur
1416 1838 1559 1892 enim
1594 1851 1699 1891 non
1731 1847 1786 1893 ct
1813 1839 1864 1891 in

276 1930 419 1986 hanc
457 1929 717 1984 insaniam
758 1928 1133 1999 progrediatur
1179 1943 1318 1983 caeca
1369 1928 1752 1998 praesumptio?
1800 1928 1869 1983 Et

276 2022 409 2094 quid
461 2022 563 2077 hac
617 2024 915 2078 assertione
970 2021 1254 2077 (ιιι-ἰοείηεῖ
1309 2020 1440 2076 Nam
1498 2023 1599 2076 etsi
1644 2037 1863 2092 regnum

275 2116 539 2172 calorum
580 2114 865 2184 aliquando
898 2114 1139 2169 Ecclesia
1165 2115 1326 2170 etiam
1353 2130 1472 2184 qua:
1502 2114 1603 2169 hoc
1630 2125 1868 2185 tempore

279 2217 386 2273 est,
416 2206 746 2276 appellatur;
793 2206 857 2260 ad
908 2207 1009 2261 hoc
1051 2206 1233 2275 utique
1274 2208 1352 2260 sic
1398 2207 1713 2275 appellatur,
1747 2210 1867 2277 quia

279 2297 475 2356 futune
505 2299 626 2353 vita:
664 2298 1108 2368 sempiterna-que
1146 2299 1431 2368 colligitur.
1463 2300 1717 2367 Quamvis
1743 2313 1870 2369 ergo

280 2393 695 2465 promissionem
720 2394 912 2447 habeat
932 2393 1052 2447 vitae
1075 2394 1357 2462 praesentis
1375 2401 1429 2447 et
1448 2392 1637 2447 futurae
1654 2392 1702 2458 (l
1731 2391 1867 2447 Tim.

280 2502 359 2552 tv,
389 2486 476 2558 8);
511 2486 565 2541 in
609 2485 858 2541 omnibus
899 2493 1077 2540 tamen
1121 2485 1273 2540 bonis
1316 2487 1570 2556 operibus
1609 2485 1720 2539 suis
1763 2499 1870 2539 non

282 2578 504 2648 respicit
526 2592 640 2647 qua
660 2576 912 2645 uidentur,
934 2574 1024 2631 sed
1045 2591 1162 2647 qua!
1186 2592 1289 2630 non
1307 2577 1557 2630 videntur.
1586 2574 1712 2637 ante
1739 2577 1871 2630 enim

281 2669 541 2736 ridentur,
583 2670 879 2739 temporalia
923 2678 1079 2735 sunt;
1119 2682 1233 2740 qua
1273 2679 1439 2724 autem
1482 2685 1585 2723 non
1620 2669 1869 2735 videntur,

282 2772 477 2818 eterna
505 2761 582 2833 (ll
614 2761 734 2816 Cor.
762 2778 837 2827 tv,
865 2762 978 2834 l8).

355 2855 585 2913 CAPUT
636 2854 803 2910 XXV.
852 2885 923 2896 —
970 2855 1064 2911 25.
1118 2853 1313 2911 Isaiam
1376 2855 1511 2927 loqui
1559 2858 1623 2911 de
1685 2866 1873 2911 wterno

286 2946 498 3018 prarmie
525 2946 832 3016 spadonibus
874 2946 1137 3016 promisso.
1180 2945 1288 3001 Nec
1330 2961 1462 3001 sane
1497 2946 1725 3016 Spiritus
1752 2961 1875 3001 sau-

286 3045 408 3093 ctus
434 3036 597 3091 tacuit
623 3036 766 3107 quod
799 3044 983 3092 contra
1028 3037 1157 3093 istos
1200 3037 1658 3107 impudentissime
1692 3053 1755 3093 ac
1777 3038 1875 3093 de-

287 3129 622 3185 mentissime
669 3128 974 3199 pervicaccs
1012 3136 1257 3198 apertum
1296 3137 1456 3196 atque
1502 3127 1873 3181 illCOttCtlSSlllll

287 3221 515 3286 valeret,
544 3235 836 3290 eorumque
877 3220 1167 3276 belluinum
1217 3219 1472 3291 impetum
1513 3219 1582 3275 ab
1622 3220 1746 3274 ovili
1777 3234 1877 3275 suo

290 3312 686 3386 inexpugnabili
715 3314 1009 3369 munitione
1037 3314 1346 3382 repelleret.
1377 3313 1510 3368 Cum
1541 3312 1683 3369 enim
1712 3313 1878 3369 dixis-

289 3418 374 3464 set
394 3408 463 3464 de
495 3406 840 3477 spadonibus,
884 3404 1025 3460 Dabo
1051 3407 1200 3461 eisin
1227 3406 1377 3461 domo
1415 3423 1527 3460 mea
1554 3417 1600 3460 et
1634 3407 1686 3460 in
1730 3424 1879 3462 muro

290 3517 401 3556 meo
433 3501 603 3554 locum
639 3499 976 3563 nominatum,
1007 3498 1264 3552 meliorem
1299 3498 1457 3553 multo
1481 3515 1630 3569 quam
1656 3499 1878 3569 ﬁliorum

289 3600 441 3664 atque
480 3590 741 3659 filiarum;
779 3605 846 3643 ne
869 3588 990 3658 quis
1028 3588 1250 3642 nimium
1286 3589 1515 3643 carnalis
1549 3590 1879 3645 existimaret

291 3682 489 3752 aliquid
521 3683 573 3736 in
610 3681 693 3736 Itis
722 3681 902 3735 verbis
932 3681 1224 3750 temporale
1250 3681 1594 3750 sperandum,
1625 3684 1879 3738 continuo

293 3773 540 3842 subjecit,
564 3771 765 3826 Nomen
789 3783 1031 3826 (uernum
1065 3772 1195 3825 dabo
1233 3774 1325 3839 eis,
1350 3789 1440 3827 nec
1476 3791 1697 3844 unquam
1723 3776 1879 3829 deerit

295 3863 444 3936 (Isai.
470 3880 577 3926 ινι,
604 3865 660 3930 4,
691 3864 745 3934 5)
776 3882 789 3917 :
820 3874 1067 3933 antiquam
1097 3864 1321 3929 diceret,
1350 3864 1486 3930 Quid
1516 3866 1880 3933 tergiversaris

296 3956 454 4027 impia
497 3955 749 4011 accitas?
793 3956 918 4026 quid
970 3956 1377 4026 tergiversaris?
1418 3957 1554 4025 Quid
1603 3958 1882 4012 serenitati

295 4049 534 4105 veritatis
562 4048 782 4104 nebulas
823 4058 928 4103 tua:
965 4049 1329 4118 perversitatis
1353 4048 1623 4102 olluudis?
1661 4047 1787 4117 quid
1827 4049 1880 4102 in

298 4148 441 4197 tanta
466 4140 862 4211 Scripturarum
888 4140 1006 4195 luce
1045 4141 1291 4196 tenebras
1318 4139 1461 4195 unde
1496 4138 1765 4195 iusidieris
1800 4141 1882 4195 in-

298 4231 504 4303 quiris?
531 4230 667 4298 Quid
688 4231 1036 4300 temporalem
1059 4231 1428 4286 tantummodo
1450 4230 1731 4286 utilitatem
1760 4247 1885 4301 pro-

299 4322 464 4377 mittis
505 4322 897 4378 continentibus
942 4322 1180 4378 sanctis?
1224 4319 1425 4377 Nomen
1464 4332 1708 4377 retentum
1752 4324 1884 4379 dabo

299 4416 389 4470 eis.
418 4402 556 4484 Quid
582 4414 653 4470 ab
685 4416 829 4471 omni
860 4415 1143 4471 concubitu
1182 4415 1465 4480 immunes,
1497 4424 1552 4470 et
1577 4430 1644 4471 eo
1670 4431 1885 4487 quoque

300 4506 415 4576 ipso
437 4521 543 4578 quo
563 4506 687 4561 hinc
708 4521 829 4563 sese
854 4506 1141 4573 abstinent,
1174 4521 1237 4563 ea
1256 4522 1376 4578 qua:
1400 4516 1524 4563 sunt
1552 4508 1763 4563 Domini
1787 4524 1883 4564 co-

212 4632 219 4647 .
300 4599 544 4669 gitantes,
590 4599 858 4670 quomodo
913 4602 1155 4671 placeant
1203 4602 1448 4671 Domino,
1496 4602 1564 4657 ad
1618 4611 1884 4658 terrenam

298 4691 730 4747 commoditatem
761 4691 961 4749 referre
979 4694 1229 4748 conaris?
1258 4692 1459 4750 Nomen
1486 4705 1727 4750 attentum
1753 4695 1884 4751 dabo

297 4782 387 4837 eis.
416 4781 557 4849 Quid
606 4797 829 4853 regnum
866 4784 1148 4850 caelorum,
1189 4793 1409 4856 propter
1449 4787 1592 4857 quod
1637 4801 1696 4841 se
1740 4790 1884 4857 ipSns

297 4884 665 4930 castraverunt
709 4876 878 4931 sancti
904 4876 1190 4945 spadones,
1222 4878 1273 4931 in
1303 4878 1403 4933 hac
1432 4889 1635 4933 tantum
1667 4879 1772 4934 vita
1802 4884 1884 4934 in-

300 4964 640 5035 telligendum
689 4981 808 5022 esse
849 4967 1170 5022 contendis?
1218 4966 1419 5022 Nomen
1468 4982 1712 5024 teternum
1755 4971 1885 5025 dabo

296 5059 390 5111 eis.
431 5055 501 5111 Et
541 5057 585 5111 si
638 5055 775 5113 forte
828 5058 914 5113 hic
967 5060 1140 5128 ipsum
1184 5068 1443 5114 internum
1490 5076 1588 5130 pro
1634 5061 1886 5116 diuturno

296 5150 510 5204 conaris
556 5150 821 5220 accipere,
851 5151 1010 5217 addo,
1042 5150 1339 5215 accnmulo,
1372 5152 1603 5216 inculco,
1639 5150 1747 5205 Nec
1790 5170 1887 5207 un-

292 5259 447 5312 quam
493 5243 672 5296 deerit.
716 5243 851 5310 Quid
892 5244 1090 5314 quaaris
1126 5242 1392 5313 amplius?
1419 5243 1545 5313 quid
1590 5244 1723 5298 dicis
1768 5260 1885 5297 am-

295 5334 475 5405 plius?
527 5332 815 5390 Eternum
871 5335 975 5391 hoc
1026 5350 1243 5402 nomen,
1291 5336 1543 5406 quidquid
1600 5336 1725 5390 illud
1781 5346 1884 5403 est,

292 5424 625 5495 spadonibus
687 5425 781 5481 Dei
807 5466 823 5489 ,
883 5426 1025 5498 quod
1089 5428 1269 5498 utique
1330 5427 1554 5498 gloriam
1603 5428 1886 5498 quamdam

291 5521 572 5592 propriam
616 5522 1074 5593 excellentemque
1120 5520 1411 5593 signiﬁcat,
1449 5534 1553 5575 non
1594 5520 1695 5576 erit
1740 5534 1888 5575 com-

292 5626 462 5666 mune
505 5626 629 5666 cum
682 5612 884 5679 multis,
929 5613 1169 5683 quamvis
1211 5612 1264 5668 in
1307 5611 1496 5668 eodem
1540 5624 1706 5681 regno
1734 5620 1789 5666 et
1835 5611 1887 5665 in

289 5700 488 5759 eadem
511 5701 677 5758 domo
712 5704 1036 5760 constitutis.
1067 5703 1198 5761 Nam
1245 5703 1366 5761 ideo
1415 5702 1657 5759 fortassis
1694 5711 1747 5759 et
1786 5717 1887 5758 no-

362 5816 1054 5884 'mmmmmmaﬁ-

1676 328 1882 392 LIBER
1917 328 2117 391 UNIJS.

3443 332 3550 396 ιω

1962 469 2085 511 men
2122 455 2324 514 dictum
2357 467 2460 527 est,
2496 459 2636 531 quod
2665 475 2758 517 eos
2784 460 2975 534 quibus
3008 460 3183 533 datur,
3214 461 3491 539 distinguit
3515 483 3545 522 a

1961 549 2192 605 caeteris.

2032 639 2258 697 CAPUT
2298 642 2486 697 XXVI.
2509 674 2580 684 ——
2604 643 2695 699 26.
2729 643 2956 717 Objectio
2984 647 3046 700 de
3072 645 3282 702 denario
3311 648 3544 705 omnibus

1962 733 2238 801 reddendo,
2272 745 2448 790 contra
2489 736 2825 791 diversitatem
2870 740 3214 808 prtvntiorum.
3262 741 3398 809 Quid
3446 740 3549 799 sibi

1964 837 2092 894 ergo
2116 826 2246 891 vult,
2266 826 2526 897 inquiunt,
2547 829 2634 883 ille
2649 828 2913 895 denarius,
2935 831 3025 901 qui
3050 847 3213 901 opere
3244 833 3410 888 vinea:
3439 842 3547 889 ter-

1967 916 2171 971 minato
2195 919 2469 986 mqualiter
2493 920 2736 975 omnibus
2773 920 3038 987 redditur;
3082 924 3193 976 sive
3243 924 3306 976 iis
3348 927 3434 993 qui
3482 942 3548 981 ex

1969 1009 2136 1076 prima
2164 1009 2315 1076 hora,
2334 1012 2446 1065 sive
2470 1012 2535 1067 iis
2555 1013 2644 1081 qui
2672 1029 2773 1066 una
2802 1013 2929 1067 hora
2952 1017 3155 1083 cperati
3184 1025 3306 1070 sunt
3332 1016 3543 1087 (Matth.

1967 1113 2057 1161 xx,
2086 1098 2177 1168 9}?
2205 1100 2338 1167 Quid
2368 1103 2569 1172 utique,
2599 1103 2701 1156 nisi
2727 1103 2924 1174 aliquid
2952 1104 3232 1174 signiﬁcat,
3257 1106 3397 1177 quod
3426 1122 3547 1162 om-

1969 1205 2065 1245 nes
2089 1194 2442 1248 communiter
2463 1195 2753 1263 habebunt,
2774 1196 2928 1251 sicuti
2952 1206 3034 1251 est
3059 1198 3168 1266 ipsa
3195 1199 3296 1253 vita
3326 1209 3544 1267 arterna,

1969 1280 2140 1351 ipsum
2168 1298 2394 1353 regnum
2421 1285 2701 1351 ctelornm,
2727 1286 2813 1339 ubi
2854 1296 3009 1340 erunt
3030 1303 3219 1342 omnes
3247 1304 3379 1358 quos
3414 1290 3553 1346 Deus

1971 1372 2391 1441 prtcdestinavit,
2411 1377 2639 1442 vocavit,
2658 1376 2991 1445 justilicavit,
3009 1379 3357 1449 gloriiicavit?
3385 1379 3553 1451 Opor-

1972 1471 2037 1516 tet
2075 1465 2209 1517 enim
2252 1466 2578 1537 corruptibile
2620 1468 2713 1522 hoc
2757 1470 2966 1523 induere
3009 1472 3464 1541 incorruptionem,
3508 1482 3557 1529 et

1971 1558 2185 1610 mortale
2223 1557 2318 1611 hoc
2366 1559 2574 1614 induere
2615 1561 3084 1617 inmortalitatem:
3115 1564 3197 1618 hic
3230 1577 3310 1620 est
3341 1566 3430 1623 ille
3458 1567 3555 1622 de-

1972 1648 2172 1710 narius,
2203 1664 2411 1704 merces
2435 1653 2693 1705 omnium.
2731 1653 2896 1707 Stella
2924 1663 3096 1709 tamen
3122 1656 3182 1709 ab
3214 1658 3357 1711 stella
3385 1658 3556 1726 differt

1971 1738 2025 1792 in
2051 1739 2252 1809 gloria;
2286 1742 2359 1794 sic
2386 1752 2428 1795 et
2451 1746 2748 1798 resurrectio
2772 1756 3121 1800 mortuorum:
3151 1748 3264 1802 lucc
3290 1760 3413 1804 sunt
3445 1765 3557 1805 me—

1971 1831 2071 1886 rita
2097 1832 2305 1888 diversa
2333 1847 2657 1891 sanctorum.
2684 1837 2739 1893 Si
2765 1841 2906 1892 cnim
2948 1841 3143 1895 omium
3172 1842 3559 1911 signiﬁcaretur

1974 1924 2065 1980 illo
2104 1925 2343 1990 denario,
2387 1943 2563 1982 nonne
2603 1930 2654 1983 in
2703 1932 2839 1985 cmlo
2876 1947 2996 1986 esse
3024 1934 3269 1987 omnibus
3299 1944 3379 1989 est
3408 1951 3559 1990 com-

1973 2030 2135 2070 mune
2178 2017 2479 2071 sideribus?
2527 2019 2595 2073 Et
2626 2028 2801 2075 tamen
2831 2022 2934 2075 alia
2961 2032 3031 2075 cst
3077 2023 3241 2094 gloria
3271 2026 3412 2089 solis,
3456 2025 3561 2081 alia

1973 2108 2137 2175 gloria
2164 2107 2318 2171 (ante,
2349 2108 2451 2161 alia
2477 2108 2740 2162 stellarum
2770 2110 2821 2179 (I
2854 2112 2971 2166 Cor.
3006 2129 3096 2179 xv,
3125 2115 3214 2178 55,
3251 2116 3342 2180 41,
3367 2114 3477 2187 42).
3500 2115 3558 2173 Si

1974 2195 2225 2251 denarius
2254 2198 2342 2254 ille
2378 2215 2471 2267 pro
2501 2201 2727 2255 sanitate
2766 2204 3007 2273 corporis
3050 2217 3354 2274 poneretur,
3386 2222 3563 2265 nonne

1975 2304 2094 2344 cum
2137 2301 2283 2345 recte
2315 2292 2570 2353 valemus,
2595 2294 2844 2347 euntibus
2874 2296 3127 2350 membris
3152 2299 3450 2352 communis
3480 2306 3564 2353 est

1975 2383 2197 2444 sanitas,
2220 2390 2275 2437 et
2296 2382 2406 2451 ipsa
2442 2384 2484 2435 si
2519 2398 2684 2451 usque
2711 2384 2774 2437 ad
2806 2396 3030 2439 mortem
3062 2401 3389 2455 permaneat,
3420 2389 3561 2457 pari-

1979 2481 2060 2526 ter
2080 2480 2135 2527 et
2162 2474 2437 2543 aequaliter
2456 2478 2706 2531 euntibus
2735 2477 2909 2531 inest?
2938 2477 3006 2532 Et
3031 2488 3204 2534 tamen
3228 2482 3395 2550 posuit
3424 2479 3562 2537 Deus

1976 2563 2218 2626 membra,
2265 2564 2524 2635 cingulum
2567 2566 2801 2636 quodque
2844 2584 3016 2621 eorum
3058 2570 3113 2622 in
3165 2586 3375 2639 corpore
3416 2579 3566 2638 prout

1976 2652 2129 2707 uoluit
2163 2652 2275 2725 (Id.
2303 2670 2399 2719 xn,
2429 2656 2541 2727 18),
2572 2665 2630 2711 ut
2665 2672 2765 2711 nec
2803 2667 2971 2713 totum
3018 2661 3089 2714 sit
3115 2661 3321 2728 oculus,
3354 2679 3454 2719 nec
3484 2673 3568 2717 to-

1979 2754 2089 2799 tum
2128 2746 2360 2812 auditus,
2391 2761 2491 2803 nec
2538 2758 2703 2803 totunt
2746 2748 3033 2816 odoratus;
3083 2759 3138 2806 et
3183 2751 3438 2823 quidquid
3483 2765 3570 2812 est

1977 2838 2143 2905 aliud,
2178 2838 2336 2894 habet
2376 2855 2527 2895 suam
2571 2841 2974 2911 proprietatem,
3013 2844 3256 2913 quamvis
3284 2845 3570 2916 aequaliter

1978 2930 2172 2987 habeat
2212 2947 2333 2987 cum
2375 2933 2624 2988 omnibus
2670 2935 2975 2989 sanitatem.
3024 2934 3099 2990 Ita
3148 2937 3266 3006 quia
3317 2937 3429 3008 ipsa
3460 2939 3568 2997 vita

1978 3035 2180 3079 {eterna
2209 3026 2408 3095 pariter
2428 3025 2531 3079 erit
2555 3026 2803 3081 omnibus
2833 3028 3053 3091 sanctis,
3073 3030 3294 3098 aequalis
3313 3029 3566 3087 denarius

1979 3116 2228 3170 omnibus
2250 3116 2539 3170 attributus
2564 3126 2678 3181 est;
2712 3116 2833 3185 quia
2860 3132 2987 3171 vero
3017 3119 3070 3172 in
3098 3118 3210 3187 ipsa
3234 3120 3337 3173 vita
3364 3130 3567 3177 aeterna

1979 3204 2230 3260 distincte
2260 3204 2535 3275 fulgebunt
2568 3206 2768 3260 lumina
2814 3207 3153 3272 meritorum,
3187 3210 3367 3265 multa:
3413 3227 3568 3267 man-

1979 3297 2161 3353 siones
2184 3306 2309 3352 sunt
2336 3297 2475 3367 apud
2516 3299 2727 3354 Patrem
2757 3297 2935 3372 (Joan.
2970 3315 3083 3369 xlv,
3120 3300 3178 3373 2)
3210 3319 3222 3356 :
3253 3317 3315 3357 ac
3341 3317 3438 3372 per
3463 3303 3570 3360 hoc

1984 3388 2037 3442 in
2068 3387 2288 3443 denario
2309 3388 2524 3458 quidem
2567 3405 2672 3444 non
2723 3390 2933 3460 impari,
2975 3406 3079 3446 non
3124 3393 3251 3447 vivit
3276 3394 3415 3450 alius
3459 3395 3566 3451 alio

1981 3480 2273 3550 prolixius;
2330 3480 2383 3535 in
2435 3481 2618 3536 multis
2658 3490 2840 3537 autem
2884 3483 3248 3540 mansionibus
3277 3484 3571 3543 honoratur

1981 3573 2119 3627 alius
2142 3573 2251 3627 alio
2280 3573 2497 3629 clarius.

2052 3662 2279 3720 CAPUT
2320 3663 2535 3718 XXVII.
2558 3696 2628 3705 —
2652 3665 2743 3720 27.
2781 3665 3046 3737 Virginum
3076 3668 3240 3738 gloria
3260 3671 3432 3739 futura
3457 3685 3570 3723 ma-

1975 3757 2065 3828 jor
2083 3766 2129 3809 et
2167 3758 2374 3827 propria
2402 3759 2634 3827 quaedam
2667 3760 2718 3811 in
2756 3760 2893 3812 uelis
2930 3760 3137 3828 gaudia.
3184 3760 3342 3830 Sequi
3368 3761 3569 3831 Agnum

1985 3862 2299 3916 quocumque
2323 3848 2437 3900 ierit
2466 3848 2729 3917 proprium
2754 3859 2824 3901 est
2846 3850 3117 3918 virginum.
3141 3850 3348 3920 Pergite
3370 3852 3566 3921 itaque,

1986 3940 2156 3994 sancti
2186 3939 2298 4003 Dei,
2333 3941 2485 4008 pueri
2524 3955 2588 3993 ac
2633 3941 2843 4007 puellae,
2869 3956 3044 3996 mares
3073 3956 3137 3995 ac
3167 3940 3397 4008 feminm,
3427 3944 3573 4001 caeli-

1986 4031 2082 4086 bes
2123 4040 2178 4087 et
2221 4032 2528 4100 ittttuptm‘;
2578 4032 2781 4103 pergite
2834 4042 3239 4101 perseveranter
3284 4036 3336 4091 in
3387 4036 3568 4094 linem.

1988 4123 2222 4180 Laudate
2268 4123 2549 4179 Dominum
2590 4123 2821 4189 dulcius,
2852 4140 3012 4197 quem
3053 4128 3295 4199 cogitatis
3322 4128 3569 4198 uberius;

1987 4225 2198 4288 sperate
2220 4216 2446 4282 felicius,
2469 4217 2556 4272 cui
2582 4218 2795 4273 servitis
2820 4218 3137 4285 instantius;
3181 4230 3355 4275 amate
3382 4219 3574 4276 arden-

1988 4309 2115 4376 tius,
2157 4310 2241 4365 cui
2275 4310 2490 4379 placetis
2520 4310 2792 4366 attentius.
2844 4311 3064 4367 Lumbis
3116 4313 3367 4368 accinctis
3411 4321 3466 4368 et
3493 4313 3575 4369 lu-

1989 4402 2166 4458 cernis
2210 4402 2520 4458 ardentibus
2547 4411 2853 4473 exspectate
2880 4403 3199 4469 .Dominnm,
3229 4404 3441 4474 quando
3485 4419 3576 4458 ve.

1991 4496 2101 4549 niat
2139 4511 2167 4548 a
2215 4496 2414 4564 nuptiis
2452 4494 2601 4565 (Luc.
2657 4511 2748 4557 xtt,
2796 4495 2885 4560 55,
2926 4494 3039 4561 '56).
3074 4494 3183 4548 Vos
3227 4495 3462 4549 ali‘eretis
3506 4494 3573 4549 ad

1991 4589 2201 4657 nuptias
2250 4588 2384 4655 Agni
2428 4586 2694 4640 canticum
2739 4600 2954 4649 novum,
2997 4586 3137 4653 quod
3189 4586 3468 4638 cantabitis
3522 4586 3573 4639 in

1990 4679 2211 4732 citharis
2250 4678 2496 4731 vestris'.
2542 4676 2657 4729 Non
2696 4676 2875 4744 utique
2907 4676 3010 4729 tale
3054 4676 3208 4743 quale
3235 4684 3412 4729 cantat
3455 4677 3575 4730 uni-

1992 4786 2143 4826 versa
2195 4779 2354 4832 terra,
2402 4770 2488 4823 cui
2537 4769 2751 4834 dicitur,
2802 4768 3014 4822 Cantate
3060 4767 3276 4820 Domino
3323 4769 3575 4821 canticum

1993 4876 2206 4922 novum;
2232 4869 2431 4913 cantate
2462 4858 2699 4922 Domino,
2723 4860 2956 4912 universa
2986 4868 3119 4913 terra
3146 4856 3314 4927 (Psal.
3342 4873 3464 4921 xcv,
3487 4859 3573 4923 1);

1992 4951 2086 5006 scd
2120 4952 2222 5005 tale
2252 4950 2597 5018 quale-nemo
2626 4950 2817 5018 poterit
2846 4950 3024 5004 dicere
3051 4950 3149 5004 nisi
3183 4963 3294 5002 vos.
3321 4950 3408 5005 Sic
3433 4949 3575 5004 enim

1994 5058 2088 5096 vos
2113 5043 2244 5097 vidit
2269 5041 2319 5095 in
2352 5041 2668 5111 Apocalypsi
2697 5042 2910 5111 quidam
2950 5058 3059 5111 pm:
3098 5042 3308 5096 caeteris
3349 5041 3575 5097 dilectus

1994 5136 2061 5189 ab
2090 5137 2241 5203 Agno
2271 5134 2363 5202 qui
2408 5134 2745 5188 discumbere
2791 5149 2952 5201 super
3001 5143 3185 5202 pectus
3226 5135 3342 5200 ejus
3391 5136 3580 5190 solitus

1993 5236 2127 5291 erat,
2155 5235 2209 5280 et
2247 5226 2459 5280 bibebat
2485 5233 2539 5281 et
2581 5223 2931 5280 eruciuabat'
2978 5226 3233 5280 mirabilia
3266 5238 3429 5296 super
3464 5241 3577 5281 (τωο

1996 5319 2147 5373 lestia
2177 5318 2407 5374 Verbum
2437 5318 2550 5373 Dei.
2578 5318 2695 5386 ipse
2738 5332 2834 5371 vos
2866 5318 2994 5371 vidit
3019 5318 3304 5374 duodecies
3333 5318 3577 5371 duodena

1996 5410 2159 5466 millia
2200 5420 2502 5466 sanctorum
2543 5409 2966 5466 citharoedorum
3008 5412 3221 5465 illibatm
3258 5410 3577 5479 virginitatis

1997 5503 2049 5557 in
2079 5517 2323 5573 corpore,
2354 5502 2617 5556 inviolata:
2645 5502 2885 5557 veritatis
2917 5504 2968 5557 in
3006 5501 3203 5560 corde:
3242 5511 3295 5556 et
3329 5501 3451 5572 quia
3490 5516 3579 5557 se-

2060 5638 2080 5669 ί
2097 5634 2203 5685 sola
2227 5634 2375 5684 editio
2397 5641 2526 5693 tov.,
2550 5640 2596 5684 et
2614 5640 2790 5693 nuptm.

2060 5700 2080 5730 ¹
2107 5706 2206 5747 Duo
2230 5698 2435 5746 Vaticani
2463 5706 2566 5746 uss.
2606 5693 2801 5754 addunt,
2831 5694 2917 5744 hoc
2951 5702 3019 5745 est
3054 5693 3103 5744 in
3140 5693 3366 5747 cordibus
3406 5693 3581 5750 dicam

2002 5758 2240 5809 latttlibu.~t.
2263 5760 2514 5809 Volicanus
2532 5760 2670 5817 alius,
2697 5759 2784 5807 hoc
2806 5764 2875 5807 est
2894 5756 2946 5806 in
2968 5755 3193 5810 cordibus
3205 5757 3391 5811 vestris.

2070 5818 2091 5855 ³
2107 5820 2210 5871 Sola
2233 5820 2381 5871 editio
2398 5827 2527 5881 tot,
2551 5828 2596 5872 et
2612 5820 2796 5872 biberat
2813 5826 2860 5869 et
2881 5817 3143 5901 cruciabat.
