4142 6212
525 450 750 525 quimini
782 450 986 521 Agnum
1015 460 1352 517 quocumque
1380 445 1519 508 ierit,
1551 440 1762 511 scripsit
1791 440 1880 495 ille
1909 437 1975 493 de
2014 450 2110 490 vo-

448 570 453 579 ε
526 546 609 601 bis
636 545 817 618 (Apoc.
850 558 957 607 xw,
990 541 1129 610 2-4).
1160 539 1275 605 Quo
1302 539 1379 592 ire
1421 547 1666 607 putamus
1709 534 1848 587 hunc
1878 533 2106 601 Agnum,

525 651 632 709 quo
662 648 818 690 nemo
859 647 980 688 eum
1012 631 1159 700 sequi
1192 630 1275 684 vel
1302 628 1494 684 audeat
1520 627 1605 681 vel
1639 626 1813 682 valeat
1842 624 1941 677 nisi
1971 621 2103 676 vos?

524 728 642 797 Quo
669 737 921 799 putamus
941 741 1061 781 eum
1094 726 1209 780 ire?
1252 725 1301 779 in
1340 738 1474 793 quos
1506 723 1669 776 saltus
1696 729 1749 774 et
1776 717 1962 787 prata?
2004 714 2109 771 Ubi

526 818 687 875 credo
735 828 855 872 sunt
901 817 1139 887 gramina
1198 816 1455 885 gaudia‘;
1504 830 1606 866 non
1672 811 1861 879 gaudia
1929 806 2109 861 seculi

527 908 684 978 hujus
710 908 1162 973 vana,etinsaniae
1180 908 1481 969 mendaces,
1514 920 1609 958 nec
1640 903 1824 972 gaudia
1856 901 2028 970 qualia
2057 900 2110 953 in

527 999 641 1069 ipso
673 1015 840 1067 regno
878 1000 972 1055 Dei
1014 998 1223 1055 cmtcris
1254 1015 1361 1053 non
1400 997 1697 1067 virginibus
1735 1004 1913 1057 erunt,
1947 993 2041 1047 sed
2079 1009 2110 1049 a

525 1099 846 1147 cancrorum
880 1092 1118 1146 omnium
1148 1092 1459 1160 gaudiorum
1497 1100 1640 1144 sorte
1665 1089 1933 1143 distincta.
1972 1086 2114 1141 Gau-

526 1180 672 1237 dium
712 1182 972 1252 virginum
1003 1182 1229 1248 Christi,
1259 1183 1325 1235 de
1363 1182 1597 1245 Christo,
1641 1180 1689 1233 in
1720 1178 1955 1240 Christo,
1987 1192 2110 1230 cum

527 1271 761 1340 Christo,
793 1282 914 1344 post
938 1274 1226 1339 Christum,
1262 1288 1353 1343 per
1395 1272 1685 1337 Christum,
1716 1280 1935 1341 propter
1960 1269 2115 1324 Chri-

526 1371 689 1426 stum.
728 1362 929 1419 Gaudia
958 1365 1173 1435 propria
1204 1366 1462 1435 virginum
1494 1364 1710 1429 Christi,
1742 1378 1845 1415 non
1875 1369 1999 1416 sunt
2023 1376 2114 1415 ea-

527 1454 652 1519 dem
683 1471 787 1510 non
828 1455 1111 1525 virginum,
1140 1457 1382 1525 quamvis
1410 1456 1633 1513 Christi.
1670 1454 1803 1510 Nam
1835 1465 1959 1508 sunt
1993 1453 2113 1507 aliis

527 1545 651 1611 alia,
683 1546 775 1601 sed
818 1546 979 1603 nullis
1010 1548 1153 1603 talia.
1198 1548 1272 1603 Ite
1300 1549 1353 1604 in
1392 1548 1527 1611 haec,
1556 1546 1837 1617 sequimini
1880 1549 2108 1615 Agnum,

525 1637 649 1715 quia
674 1646 729 1694 et
754 1640 874 1711 agni
919 1655 1045 1694 caro
1076 1640 1256 1710 utique
1284 1641 1452 1711 virgo.
1488 1639 1599 1695 Hoc
1637 1639 1779 1693 enim
1813 1638 1864 1692 in
1899 1653 1957 1692 se
1981 1638 2111 1691 reti-

526 1727 643 1787 nuit
680 1737 888 1798 auctus,
938 1731 1080 1800 quod
1120 1733 1276 1787 matri
1317 1745 1422 1788 non
1472 1731 1690 1787 abstulit
1735 1738 2023 1799 conceptus
2061 1738 2115 1784 et

527 1829 705 1881 natus.
756 1822 941 1880 Merito
989 1839 1111 1881 eum
1160 1825 1450 1895 sequimini
1495 1824 1797 1894 virginitate
1839 1823 2017 1879 cordis
2059 1832 2115 1879 et

527 1915 723 1980 carnis,
750 1931 1087 1988 quocumque
1124 1918 1265 1974 ierit.
1308 1917 1446 1986 Quid
1484 1927 1566 1973 est
1607 1918 1750 1973 enim
1791 1919 1963 1986 sequi,
2011 1917 2112 1972 nisi

528 2007 763 2069 imitari?
804 2009 937 2077 Quia
969 2010 1211 2067 Christus
1255 2027 1353 2081 pro
1391 2011 1545 2066 nobis
1586 2026 1775 2082 passus
1816 2020 1917 2075 est,
1950 2011 2117 2065 relin-

526 2113 697 2177 quens
740 2100 893 2157 nobis
921 2102 1247 2172 exemplum,
1279 2103 1417 2158 sicut
1457 2102 1531 2157 ait
1576 2103 1849 2172 apostolus
1902 2103 2111 2171 Petrus,

527 2198 583 2249 ιιι
601 2206 870 2261 sequamur
895 2193 1101 2263 vestigia
1125 2194 1236 2263 ejus
1267 2192 1317 2264 (Ι
1351 2192 1494 2249 Petr.
1533 2209 1593 2261 ll,
1632 2193 1747 2262 2i).
1786 2194 1936 2248 llunc
1966 2194 2017 2247 in
2046 2207 2115 2249 eo

526 2281 750 2355 quisque
792 2283 1052 2353 sequitur,
1074 2284 1131 2339 in
1156 2299 1262 2355 quo
1305 2284 1542 2341 imitatur
1574 2303 1587 2339 :
1617 2299 1721 2340 non
1769 2285 1820 2338 in
1855 2292 2111 2355 quantum

527 2372 621 2435 ille
649 2371 813 2430 Filius
843 2374 937 2430 Dei
965 2384 1049 2431 est
1074 2390 1231 2443 unus,
1260 2390 1356 2445 per
1392 2391 1551 2447 quem
1582 2376 1717 2431 facta
1747 2384 1874 2432 sunt
1900 2376 2109 2442 omnia;

525 2463 621 2523 sed
650 2465 703 2523 in
731 2474 987 2536 quantum
1028 2466 1170 2527 titius
1199 2467 1452 2535 hominis,
1480 2484 1599 2538 quae
1627 2469 1928 2538 oportebat,
1973 2470 2024 2522 in
2054 2481 2113 2524 se

526 2557 753 2631 prmhuit
798 2558 1095 2619 imitanda:
1138 2569 1194 2617 et
1232 2562 1395 2617 multa
1448 2561 1500 2616 in
1549 2562 1642 2617 illo
1678 2562 1747 2619 ad
1798 2561 2111 2617 imitandum

525 2647 774 2713 omnibus
803 2658 1206 2722 proponuntur;
1254 2653 1531 2725 virginitas
1565 2664 1745 2709 autem
1787 2655 1967 2711 carnis
2002 2669 2111 2709 non

527 2740 805 2807 omnibus;
850 2758 956 2799 non
994 2744 1142 2801 enim
1190 2744 1387 2801 habent
1426 2744 1556 2814 quid
1600 2744 1798 2801 faciant
1846 2755 1904 2801 ut
1948 2748 2113 2818 virgi-

528 2843 624 2897 nes
650 2830 779 2901 sint,
818 2831 874 2890 in
915 2833 1107 2903 quibus
1144 2833 1256 2904 jam
1287 2832 1483 2890 factum
1525 2843 1609 2889 est
1638 2847 1695 2890 ut
1724 2836 1957 2907 virgines
2003 2852 2112 2892 non

526 2920 654 2983 sint.

595 3010 821 3070 CAPUT
852 3012 1178 3071 XXVlll.—
1198 3015 1288 3074 88.
1320 3017 1592 3089 Quousque
1613 3021 1755 3092 sequi
1777 3021 1976 3092 Agnum
2006 3038 2114 3076 om-

527 3119 613 3167 nes
646 3114 873 3177 possunt.
905 3106 1208 3178 Sequuntur
1251 3111 1427 3181 itaque
1470 3113 1677 3182 Agnum
1719 3116 1900 3170 eteteri
1930 3115 2115 3172 ﬁdeles

524 3195 616 3267 qui
644 3195 1003 3268 virginitatem
1033 3202 1276 3269 corporis
1307 3203 1623 3270 amiserunt,
1646 3220 1750 3260 non
1778 3222 2114 3279 quocumque

523 3287 618 3353 ille
637 3288 778 3360 ierit,
802 3289 901 3347 sed
926 3306 1203 3362 quousque
1232 3295 1329 3363 ipsi
1360 3297 1651 3365 potuerint.
1681 3299 1909 3355 Possunt
1936 3311 2110 3356 autem

526 3377 741 3451 ultique,
788 3390 983 3451 prmter
1020 3398 1139 3439 cum
1186 3384 1239 3440 in
1285 3385 1480 3442 decore
1527 3389 1843 3460 virginitatis
1889 3393 2110 3448 incedit.

525 3467 673 3526 Beati
709 3488 958 3543 pauperes
997 3476 1221 3545 spiritu;
1261 3479 1540 3535 imitamini
1581 3498 1725 3549 eum,
1755 3487 1846 3554 qui
1896 3494 2114 3554 prepter

525 3575 623 3617 vos
651 3576 852 3632 pauper
881 3564 1049 3621 factus
1071 3576 1170 3634 est,
1190 3583 1309 3624 cum
1333 3570 1485 3626 dives
1505 3581 1645 3627 esset
1671 3574 1692 3646 (
1706 3573 1745 3627 ll
1761 3573 1880 3628 Cor.
1899 3591 2008 3639 vm,
2032 3577 2109 3646 9).

525 3651 673 3717 Beati
718 3657 897 3723 utiles;
944 3658 1224 3716 imitamini
1263 3679 1384 3717 eum
1424 3665 1513 3733 qui
1559 3666 1711 3731 dixit,
1758 3666 1949 3722 Discite
1979 3686 2009 3721 (ι
2036 3685 2114 3724 me

522 3747 764 3816 quoniam
809 3749 945 3804 mitis
982 3767 1092 3809 sum
1133 3764 1181 3807 et
1224 3754 1433 3833 humilis
1456 3755 1608 3809 corde
1637 3756 1850 3826 (Matth.
1892 3775 1963 3826 χι,
1995 3760 2108 3831 99).

526 3836 673 3919 Beati
711 3840 972 3911 lugentes;
1006 3843 1288 3901 imitamini
1327 3860 1449 3901 eum
1475 3848 1564 3917 qui
1594 3848 1741 3907 ﬂevit
1768 3866 1931 3921 super
1959 3855 2114 3910 Jeru-

523 3934 690 3997 salem
720 3934 871 4007 (Luc.
908 3953 1017 4002 nx.
1047 3937 1159 4012 41).
1202 3938 1348 3995 Beati
1373 3943 1461 4013 qui
1489 3945 1713 3997 esuriunt
1742 3953 1788 3999 el
1822 3946 1994 4000 sitiunt
2015 3950 2111 4017 ju-

522 4026 748 4101 stitiam;
794 4028 1075 4084 imitamini
1114 4045 1236 4088 eum
1278 4033 1369 4101 qui
1400 4032 1550 4099 dixit,
1585 4033 1734 4088 Meus
1775 4037 1915 4091 cibus
1946 4050 2016 4092 est
2060 4049 2113 4093 ut

523 4122 712 4193 faciam
750 4120 1052 4177 uoluntatem
1086 4125 1194 4193 ejus
1241 4126 1327 4193 qui
1376 4126 1511 4180 misit
1552 4143 1631 4179 me
1669 4126 1848 4197 (Joan.
1886 4146 1960 4195 ιν,
1996 4133 2107 4202 δι).

522 4212 669 4271 Beati
697 4213 1080 4279 misericordes;
1126 4216 1402 4271 imitamini
1445 4232 1566 4271 eum
1616 4220 1705 4287 qui
1757 4222 2034 4277 vulnerato
2081 4240 2109 4277 a

523 4303 821 4361 latronibus
863 4313 919 4360 et
953 4305 1007 4361 in
1036 4307 1117 4361 via
1162 4307 1360 4376 jacenti
1414 4311 1672 4364 semivivo
1725 4312 2110 4382 desperatoque

526 4395 776 4455 subvenit
802 4395 950 4467 (Luc.
986 4414 1041 4464 Χ,
1079 4398 1293 4469 50-55).
1333 4400 1477 4454 Beati
1516 4405 1900 4471 mundicordes;
1931 4408 2108 4462 imita-

522 4487 652 4551 mini
671 4502 790 4543 eum
813 4489 899 4558 qui
919 4498 1178 4558 peccatum
1205 4507 1305 4546 non
1334 4491 1470 4561 fecit,
1498 4511 1586 4547 nec
1610 4495 1838 4551 inventus
1867 4508 1936 4551 est
1959 4500 2109 4554 dolus

519 4582 573 4643 iu
601 4598 689 4639 ore
713 4583 822 4654 ejus
854 4582 908 4652 (l
942 4581 1078 4639 Petr.
1119 4601 1174 4649 ιι,
1209 4584 1328 4654 22).
1358 4585 1505 4641 Beati
1543 4590 1782 4657 paciﬁci;
1828 4592 2106 4647 imitamini

521 4688 647 4729 eum
675 4674 764 4743 qui
794 4688 889 4743 pro
918 4676 1029 4730 suis
1059 4678 1486 4745 persecutoribus
1517 4680 1668 4747 dixit,
1701 4679 1875 4743 Pater,
1908 4684 2108 4751 ignosce

516 4764 642 4831 illis,
678 4765 797 4834 quia
826 4767 1049 4823 nesciunt
1073 4768 1193 4837 quid
1220 4768 1416 4838 faciunt
1440 4769 1590 4839 (Luc.
1625 4788 1777 4838 χχιιι,
1812 4773 1926 4828 Ml.
1961 4774 2106 4828 Beati

519 4858 608 4927 qui
633 4859 1023 4927 persecutionem
1041 4861 1301 4928 patiuntur
1321 4873 1526 4933 prapter
1547 4864 1793 4935 justitiam
1813 4865 2023 4937 (Matth.
2050 4886 2103 4935 v,

516 4950 707 5023 3-10);
743 4951 1022 5009 imitamini
1060 4968 1182 5007 eum
1213 4954 1299 5023 qui
1330 4970 1422 5023 pro
1449 4954 1589 5008 vobis
1624 4972 1805 5025 passus
1834 4966 1925 5023 est,
1949 4960 2106 5012 relin-

515 5059 671 5113 quens
691 5043 826 5099 vobis
846 5044 1150 5111 exemplum,
1164 5053 1218 5099 ut
1237 5045 1518 5113 sequamini
1533 5046 1739 5117 vestigia
1761 5048 1869 5117 ejus
1888 5049 1906 5117 (
1922 5048 1939 5102 Ι
1962 5048 2101 5105 Petr.

515 5149 573 5199 ιι.
602 5133 716 5202 Ἡ).
751 5134 875 5190 Haec
913 5135 1000 5204 qui
1041 5136 1336 5202 imitantur,
1386 5137 1437 5190 in
1472 5136 1554 5191 his
1609 5137 1816 5208 Agnum
1868 5154 2104 5210 sequun-

515 5235 620 5285 tur.
650 5225 756 5282 Sed
782 5236 927 5282 eerte
956 5228 1115 5283 etiam
1158 5227 1425 5300 eonjugati
1467 5239 1689 5299 possunt
1736 5231 1813 5285 ire
1863 5248 1957 5301 per
2004 5234 2102 5289 ista

514 5319 758 5389 vestigia,
789 5319 889 5375 etsi
918 5334 1023 5374 non
1062 5320 1296 5390 perfecte
1325 5322 1376 5375 in
1409 5320 1595 5377 eadem
1627 5321 1794 5377 forma
1841 5334 2103 5393 ponentes

515 5411 727 5482 pedem,
759 5420 1125 5468 verumtamen
1157 5413 1209 5467 in
1237 5412 1438 5468 eisdem
1470 5415 1674 5471 semitis
1702 5416 2024 5486 gradientes.

586 5504 814 5575 CAPUT
852 5504 1045 5562 XXIX.
1063 5534 1134 5547 --
1149 5506 1241 5563 29.
1285 5506 1396 5573 Quo
1419 5525 1534 5563 eum
1553 5519 1828 5580 sequuntur
1856 5512 1978 5566 solre
2001 5514 2104 5567 vir-

513 5597 673 5670 gines.
704 5594 988 5652 Invidentia
1020 5599 1075 5652 in
1098 5599 1235 5654 caelis
1263 5609 1466 5672 propter
1494 5603 1820 5673 praemiorum
1855 5603 2101 5670 differen-

582 5751 608 5828 ξ
624 5752 907 5828 editiorem
932 5767 1039 5817 pro,
1059 5753 1308 5818 gramina,
1334 5754 1502 5819 habet,
1527 5758 1737 5828 grandia
1764 5771 1781 5809 :
1804 5758 2100 5826 refraganti-
2138 5792 2141 5793 ν

513 5811 612 5887 ptis
633 5820 737 5867 Mss.
764 5812 816 5866 et
837 5819 911 5870 Er.

1412 328 1495 381 DE
1536 322 1799 381 S.~\NCT.\
1846 314 2303 383 VlliGlNlTATE,
2341 317 2398 372 S.
2442 314 2808 373 AUGUSTINI

3695 322 3807 382 ﬂ!

2228 434 2349 489 tiam
2371 434 2533 490 nulla.
2562 434 2666 491 Sed
2695 448 2821 490 ecce
2849 433 2936 489 ille
2965 433 3147 506 Agnus
3167 436 3411 507 graditur
3427 437 3619 495 itinere
3641 441 3808 515 virgiq

2222 528 2357 594 nali;
2382 528 2651 599 quomodo
2675 536 2796 597 post
2809 543 2931 583 cum
2949 529 3097 583 ibunt
3110 530 3199 599 qui
3219 529 3320 586 hoc
3344 532 3638 588 amiserunt
3656 533 3803 605 quod

2221 620 2368 678 nullo
2407 620 2569 677 modo
2611 620 2912 691 recipiunt?
2944 619 3051 676 Vos
3080 634 3232 691 ergo,
3264 636 3361 677 vos
3404 623 3479 683 ite
3508 633 3627 694 post
3656 640 3816 695 enim

2222 713 2451 782 virgines
2478 713 2623 783 ejus;
2655 729 2751 769 vos
2777 724 2832 769 et
2855 713 2977 769 illuc
3004 714 3077 770 ite
3113 724 3237 785 post
3261 730 3404 780 eum,
3434 717 3557 787 quia
3585 727 3806 789 propter

2222 806 2325 860 hoc
2345 821 2506 861 ttnum
2523 808 2540 838 ¹
2564 821 2897 877 quocumque
2917 806 3039 861 ierit
3069 809 3355 878 sequimini
3373 824 3492 863 cum
3515 810 3620 864 :ad
3634 810 3806 879 quod-

2221 894 2352 950 libet
2390 897 2532 951 enim
2564 897 2704 952 aliud
2734 898 3031 952 sanctitatis
3062 897 3262 953 donum
3288 915 3394 970 quo
3420 916 3545 956 cum
3568 915 3805 971 sequan-

2222 995 2326 1052 tur,
2361 988 2559 1042 hortnri
2591 1001 2880 1059 possumus
2918 987 3253 1058 conjugatos,
3289 999 3481 1058 praeter
3516 990 3618 1047 hoc
3654 980 3805 1062 quod

2221 1078 2639 1147 irreparahiliter
2676 1079 2988 1135 amiserunt.
3024 1078 3130 1133 Vos
3154 1078 3333 1149 itaque
3359 1081 3643 1150 sequimini
3682 1096 3806 1136 eum

2222 1171 2454 1226 tenendo
2476 1179 2879 1240 perseveranter
2901 1170 3044 1241 quod
3072 1171 3292 1226 vovistis
3310 1173 3585 1228 ardenter.
3619 1173 3803 1230 Facite

2221 1277 2341 1317 cum
2377 1264 2618 1332 potestis,
2659 1277 2727 1317 ne
2768 1262 3086 1331 virginitatis
3135 1263 3333 1318 bonum
3360 1280 3389 1321 a
3418 1263 3568 1319 vobis
3596 1274 3802 1334 pereat,

2220 1355 2304 1409 cui
2336 1353 2507 1409 facere
2535 1354 2664 1408 nihil
2692 1354 2914 1423 potestis
2939 1363 2999 1409 ut
3024 1354 3226 1410 redeat.
3261 1354 3470 1417 Videbit
3490 1370 3586 1411 vos
3610 1366 3804 1411 caetera

2220 1447 2504 1503 multitudo
2530 1446 2786 1510 ﬁdelium,
2809 1462 2930 1516 qua:
2956 1447 3161 1517 Agnum
3184 1446 3252 1501 ad
3279 1447 3382 1502 hoc
3404 1448 3555 1517 sequi
3576 1462 3687 1504 non
3708 1464 3808 1520 po-

2220 1546 2356 1594 test:
2387 1537 2606 1603 videbit,
2628 1552 2729 1593 nee
2746 1536 3033 1604 invidebit;
3054 1547 3111 1593 et
3134 1538 3452 1593 collmtando
3472 1539 3641 1605 vobis,
3660 1540 3804 1611 quod

2219 1630 2272 1687 in
2300 1647 2359 1687 se
2380 1646 2485 1686 non
2511 1630 2689 1695 habet,
2723 1630 2938 1685 habebit
2960 1630 3013 1685 in
3036 1630 3208 1685 vobis.
3229 1628 3361 1685 Nam
3391 1637 3447 1685 et
3470 1630 3601 1687 illud
3627 1632 3805 1687 canti-

2217 1738 2338 1780 cum
2366 1739 2559 1779 novum
2586 1724 2856 1794 proprium
2875 1732 3111 1779 vestrum
3138 1721 3315 1777 dicere
3336 1737 3441 1778 non
3458 1723 3685 1792 poterit;
3703 1738 3803 1780 eu-

2217 1814 2333 1873 dire
2358 1824 2538 1871 autem
2570 1815 2782 1885 poterit,
2808 1822 2865 1870 et
2882 1813 3135 1869 delectari
3171 1823 3348 1869 vestro
3378 1821 3488 1870 tam
3511 1814 3803 1872 excellenti

2217 1908 2379 1965 bono.
2410 1908 2517 1964 Sed
2545 1921 2645 1962 vos
2670 1908 2757 1977 qui
2782 1914 2840 1961 et
2880 1905 3070 1961 dicetis
3092 1914 3149 1961 et
3171 1904 3418 1972 audietis,
3456 1905 3577 1975 quia
3614 1914 3670 1960 et
3699 1906 3802 1963 hoc

2215 1997 2356 2068 quod
2382 1997 2573 2053 dicetis
2602 2011 2633 2051 a
2658 1995 2811 2051 vobis
2835 1994 3085 2063 audietis,
3111 1993 3319 2050 felicius
3344 1995 3699 2062 exsultabitis,
3709 1996 3800 2067 ju-

2217 2088 2551 2159 cundiusque
2575 2086 2884 2157 regnabitis.
2913 2086 2990 2142 De
3018 2085 3221 2155 majore
3249 2093 3428 2143 tamen
3456 2095 3636 2142 vestro
3663 2102 3800 2157 gau-

2216 2182 2307 2240 dio
2331 2182 2509 2260 nullus
2533 2195 2735 2238 maeror
2762 2180 2866 2236 erit
2900 2179 3096 2250 quibus
3121 2178 3225 2235 hoc
3250 2179 3446 2236 deerit.
3490 2180 3676 2252 Agnus
3712 2181 3805 2238 ille

2215 2276 2430 2346 quippe,
2459 2288 2619 2343 quem
2648 2287 2744 2329 vos
2767 2285 3106 2343 quocumque
3123 2271 3247 2327 ierit
3269 2271 3574 2343 sequimini,
3592 2286 3804 2330 neceos

2216 2366 2430 2427 deseret
2455 2367 2547 2438 qui
2571 2380 2696 2422 eum
2719 2379 2826 2435 quo
2853 2378 2949 2421 vos
2976 2378 3083 2423 non
3106 2364 3290 2420 valent
3328 2364 3502 2435 sequi.
3543 2363 3804 2437 Omnipo.

2216 2468 2414 2517 tentem
2442 2461 2649 2529 Agnum
2676 2455 2964 2529 loquimur.
2989 2456 3057 2512 Et
3089 2456 3241 2512 vobis
3264 2456 3495 2526 prmibit,
3534 2465 3590 2512 et
3625 2456 3694 2515 ab
3722 2458 3805 2515 eis

2215 2565 2322 2609 non
2349 2550 2536 2615 abibit.
2566 2564 2690 2606 cum
2713 2549 2817 2606 erit
2841 2550 2984 2604 Deus
3009 2549 3191 2607 omnia
3218 2549 3274 2604 in
3318 2549 3569 2607 omnibus
3590 2546 3646 2621 (Ι
3675 2546 3798 2603 Cor.

2213 2659 2308 2708 xv,
2333 2642 2449 2713 28).
2480 2642 2549 2697 Et
2562 2642 2654 2713 qui
2674 2641 2854 2698 minus
2872 2639 3164 2706 habebunt,
3186 2655 3218 2695 a
3237 2639 3390 2695 vobis
3413 2655 3518 2696 non
3544 2639 3803 2697 abhorre-

2215 2734 2367 2789 bunt.
2398 2733 2497 2789 Ubi
2527 2733 2670 2788 enim
2699 2732 2842 2788 nulla
2870 2741 2954 2788 cst
2981 2731 3291 2797 invidentia,
3323 2744 3551 2786 concors
3574 2740 3660 2787 est
3692 2730 3802 2786 dil-

2214 2825 2460 2885 ferentia.
2494 2825 2807 2883 Prmsumite
2848 2824 3052 2895 itaque,
3097 2822 3267 2888 ﬁdite,
3298 2822 3647 2891 roboramint,
3676 2838 3798 2894 per-

2215 2927 2447 2984 manetc,
2485 2918 2576 2989 qui
2605 2916 2811 2975 vovetis
2848 2923 2906 2973 et
2944 2914 3169 2971 redditis
3212 2913 3437 2973 Domino
3466 2915 3577 2971 Deo
3622 2922 3803 2970 vestro

2215 3021 2335 3067 vota
2378 3009 2555 3080 (Psal.
2604 3022 2769 3075 uxv,
2812 3007 2904 3080 12)
2949 3017 3227 3078 perpetua
3266 3007 3638 3073 continentia,
3693 3021 3799 3065 non

2216 3110 2434 3171 propter
2463 3115 2697 3170 prtesens
2723 3099 3000 3166 saeculum,
3040 3097 3137 3156 sed
3166 3107 3386 3169 propter
3423 3113 3643 3169 regnum
3682 3113 3799 3157 eos.

2217 3192 2412 3251 lorum.

2284 3281 2513 3341 CAPUT
2553 3281 2720 3341 XXX.
2745 3311 2815 3322 —-
2836 3281 2929 3339 50.
2970 3280 3223 3337 Hortatur
3262 3281 3332 3336 ad
3367 3280 3706 3352 virginitatem
3740 3289 3801 3337 ut

2214 3374 2283 3429 ad
2304 3390 2432 3445 opus
2455 3376 2934 3444 supererogationis.
2958 3390 3060 3431 non
3088 3374 3348 3444 prmepti.
3384 3373 3491 3429 Vos
3515 3374 3679 3439 etiam
3705 3374 3799 3444 qui

2219 3466 2319 3525 hoc
2371 3466 2604 3522 nondum
2650 3467 2901 3531 vovistis,
2954 3467 3043 3536 qui
3096 3466 3317 3535 potatis
3360 3479 3577 3536 capene,
3624 3465 3800 3536 capite

2218 3556 2432 3629 (Matth.
2477 3574 2585 3620 χιι.
2621 3558 2743 3629 19.);
2792 3567 3198 3628 perseveranter
3222 3558 3441 3622 currite,
3468 3566 3527 3612 ut
3550 3571 3799 3629 comple-

2216 3648 2459 3705 hendatis
2486 3649 2529 3720 (Ι
2555 3648 2673 3705 (lor.
2702 3666 2780 3716 ix,
2808 3649 2924 3720 24).
2956 3649 3148 3706 Tollite
3174 3648 3376 3704 hostias
3403 3649 3625 3718 quisque
3650 3663 3795 3714 suas,

2216 3752 2271 3798 et
2300 3744 2513 3798 iutroite
2545 3744 2596 3798 iu
2622 3744 2755 3797 atria
2789 3743 2994 3798 Domini
3018 3740 3189 3811 (Psal.
3220 3756 3343 3806 xcv,
3371 3741 3448 3812 8),
3479 3755 3584 3796 non
3609 3757 3675 3796 ex
3703 3756 3802 3799 no-

2215 3837 2483 3897 cessitate.
2516 3844 2831 3906 potestatem
2864 3835 3124 3890 habentes
3146 3842 3342 3889 vestra:
3367 3833 3672 3889 voluntatis.
3697 3832 3801 3887 Nc-

2214 3944 2316 3998 quc
2343 3929 2484 3983 enim
2510 3930 2668 3993 sicut,
2708 3926 2825 3980 Non
2855 3925 3198 3990 ntwclzaberis,
3232 3924 3351 3979 Non
3382 3924 3580 3979 occides
3601 3923 3796 3996 (Exod.

2213 4037 2311 4087 xx,
2341 4022 2429 4085 l5,
2459 4021 2560 4089 ll),
2590 4020 2657 4075 ita
2680 4018 2781 4073 dici
2804 4027 2997 4087 potest,
3016 4017 3130 4071 Non
3159 4017 3349 4071 nubes.
3380 4016 3471 4070 Illa
3494 4016 3819 4086 exiguntur,

2214 4114 2313 4167 ista
2342 4113 2652 4171 nitet-untur.
2678 4110 2731 4165 Si
2766 4110 2891 4164 liam
2917 4110 3035 4171 ista.
3066 4107 3506 4164 laudanturmisi
3538 4107 3663 4160 ﬁant
3683 4105 3819 4173 illa;

2211 4201 2550 4257 damnantur.
2580 4201 2634 4255 ln
2665 4201 2766 4255 illis
2796 4199 3052 4255 Dominus
3078 4198 3314 4253 debitum
3345 4199 3572 4267 imperat
3610 4197 3756 4250 vobis
3778 4214 3799 4254 :

2213 4296 2265 4350 iu
2303 4296 2382 4349 his
2411 4304 2586 4349 autem
2632 4295 2674 4349 si
2721 4294 2845 4363 quid
2890 4292 3122 4361 amplius
3160 4290 3691 4361 supererugaverilis,
3742 4290 3797 4344 ist

2212 4386 2485 4441 redeundo
2516 4384 2704 4440 reddet
2747 4385 2896 4440 voltis
2923 4382 3071 4454 (Luc.
3100 4399 3153 4445 ι,
3187 4381 3592 4463 55)..Οοεὶιιιιο,
3642 4380 3799 4450 quid-

2212 4476 2336 4545 quid
2362 4476 2486 4532 illud
2515 4487 2619 4540 est,
2644 4478 2694 4530 in
2718 4492 2871 4535 muro
2893 4475 3010 4544 ejus
3031 4475 3204 4530 locum
3240 4474 3567 4530 nominatum
3600 4473 3793 4537 melin-

2213 4582 2324 4623 rem
2358 4567 2525 4622 multo
2555 4582 2712 4636 quam
2745 4566 2974 4625 ﬁliorum
2997 4576 3159 4635 atque
3186 4566 3432 4621 liliarum.
3462 4565 3703 4635 Cogitate
3726 4566 3792 4620 il-

2212 4659 2280 4716 lic
2328 4674 2521 4715 nomen
2578 4667 2837 4717 aeternum
2897 4656 3047 4727 (luti.
3101 4674 3207 4720 LVI.
3254 4659 3335 4725 5).
3383 4657 3514 4725 Quis
3567 4657 3798 4726 explicat

2211 4751 2369 4821 quale
2421 4764 2612 4806 notnen
2663 4750 2799 4804 crit?
2845 4749 3117 4820 Quidquid
3165 4759 3340 4807 tamen
3383 4753 3507 4815 erit,
3539 4758 3795 4809 aeternum

2210 4844 2330 4903 erit.
2366 4842 2477 4897 Hoc
2505 4841 2775 4899 credendo
2812 4853 2867 4901 et
2911 4842 3176 4913 sperando
3218 4850 3275 4898 et
3326 4843 3574 4907 amando,
3620 4843 3799 4913 potui-

2208 4934 2305 4989 stis
2333 4933 2578 5004 conjugia
2612 4950 2718 4991 non
2757 4933 3001 4993 devitarc
3027 4934 3317 5006 prohibita,
3346 4936 3442 4991 sed
3470 4937 3799 4993 transvolare

2207 5039 2460 5083 concessa
2471 5063 2485 5079 .

2278 5114 2504 5173 CAPUT
2543 5115 2738 5173 XXXI.
2756 5147 2829 5161 --
2847 5117 2938 5179 3i.
2970 5115 3250 5177 Humilitas
3277 5119 3497 5179 maxime
3523 5119 3798 5190 virginibus

2207 5207 2627 5267 commendanda.
2662 5207 2982 5265 llumilitatis
3024 5225 3262 5266 mensura
3307 5210 3484 5280 cuique
3512 5211 3653 5265 data.
3689 5212 3798 5266 Su-

2207 5298 2380 5370 perbia
2407 5309 2568 5355 mater
2610 5299 2919 5356 invidentur.
2949 5299 3105 5359 Unde
3132 5300 3293 5372 hujus
3323 5304 3561 5357 muneris
3588 5303 3797 5373 magni-

2208 5391 2357 5459 tudo,
2388 5391 2454 5447 ad
2497 5392 2640 5463 quod
2669 5392 3057 5462 capessendum
3088 5408 3185 5463 pro
3211 5395 3409 5451 nostris
3437 5395 3638 5450 viribus
3664 5395 3797 5449 hor-

2206 5484 2298 5543 tati
2343 5499 2551 5553 sumus,
2596 5493 2797 5555 quanto
2837 5493 2922 5543 est
2962 5485 3313 5543 excellentius
3340 5494 3501 5556 atque
3541 5485 3791 5553 divinius,

2207 5583 2354 5637 tanto
2402 5576 2569 5647 magis
2614 5576 2868 5637 admonet
2912 5575 3324 5635 sollicitudinem
3368 5588 3629 5644 nostram,
3681 5592 3791 5634 non

2204 5669 2379 5733 solum
2405 5669 2473 5731 de
2498 5668 2881 5741 gloriosissima
2910 5668 3173 5736 castitate,
3205 5683 3391 5726 verum
3421 5670 3581 5726 etiam
3602 5668 3671 5725 de
3699 5677 3796 5725 tu-

2269 5824 2292 5859 ο
2316 5822 2451 5891 editi,
2478 5820 2650 5875 bonum
2672 5835 2834 5875 manu.
2857 5822 3020 5893 Abest,
3047 5821 3240 5894 bonum,
3264 5835 3294 5877 tt
3312 5831 3417 5891 uss,
