4142 6212
289 336 402 395 “3

290 454 500 513 tissime
532 449 834 506 humilitate
857 447 1059 520 aliquid
1088 447 1250 519 loqui.
1284 447 1418 503 Cum
1450 460 1578 517 ergo
1618 452 1889 516 pet-petum

288 544 643 603 continentia
678 540 1011 612 professores
1058 554 1120 594 se
1167 539 1462 610 conjugatis
1492 545 1886 608 comparantes,

290 637 590 695 secundum
616 634 926 705 Scripturas
961 633 1323 702 compererint
1356 648 1450 687 eos
1488 630 1626 689 intra
1661 644 1803 697 esse,
1835 640 1890 685 et

290 745 459 801 opere
484 738 539 785 at
570 727 838 791 mercede,
867 735 920 781 et
947 733 1073 779 voto
1107 734 1161 779 et
1192 725 1439 794 prmmio;
1485 724 1665 779 statim
1711 723 1889 776 veniat

292 825 349 882 in
386 830 625 879 mentem
669 820 808 891 quod
857 818 1113 888 scriptum
1156 825 1271 873 est:
1302 818 1501 884 Quanto
1547 832 1760 885 magnus
1812 830 1883 879 es,

291 924 434 971 tanta
460 914 674 970 humilia
702 927 750 967 to
774 913 825 966 in
848 912 1099 977 omnibus,
1127 920 1174 965 ot
1196 927 1366 964 coram
1394 909 1501 964 Deo
1525 909 1743 963 iuvetne:
1768 922 1889 978 gra-

292 1008 414 1063 tiam
460 1004 649 1076 (Ereti.
695 1019 773 1069 ιιι,
817 1003 932 1077 90).
972 1003 1217 1058 Mensura
1246 1002 1562 1057 humilitatis
1600 1000 1791 1069 cuique
1821 1014 1887 1053 es

292 1111 546 1154 mensura
573 1095 741 1166 ipsius
761 1094 1142 1165 magnitudinis
1163 1093 1285 1148 data
1316 1102 1399 1150 est
1418 1111 1430 1147 :
1451 1093 1536 1148 cui
1568 1100 1651 1146 est
1683 1093 1888 1161 pericu-

293 1189 407 1244 loso
450 1186 724 1257 superbia,
758 1201 875 1256 quae
920 1185 1151 1255 amplius
1197 1185 1542 1254 amplioribus
1586 1183 1885 1238 insidiatur.

297 1283 443 1338 lianc
472 1281 713 1352 sequitur
756 1279 1066 1345 invidentia,
1099 1287 1348 1349 tanquam
1379 1277 1483 1332 ﬁlia
1524 1278 1836 1348 pedissequa
1869 1292 1885 1330 :

295 1390 412 1431 eam
438 1374 637 1443 quippe
674 1372 920 1442 superbia
952 1372 1204 1426 continuo
1232 1371 1386 1440 parit,
1423 1384 1521 1424 nec
1547 1385 1777 1438 unquam
1803 1375 1885 1423 est

295 1466 411 1521 sine
440 1465 534 1518 tuli
567 1466 715 1534 prole
761 1472 919 1533 atque
959 1464 1176 1518 comite.
1205 1462 1407 1531 Quibus
1451 1462 1660 1517 duobus
1704 1462 1879 1526 malis,

263 1536 270 1547 δ
296 1559 397 1614 hoc
423 1566 505 1613 est
533 1556 780 1626 superbia
808 1565 861 1611 et
890 1556 1199 1620 invidentia,
1246 1555 1486 1609 diabolus
1516 1563 1597 1608 est
1617 1556 1655 1607 ¹.
1706 1554 1884 1624 Itaque

296 1661 478 1707 contra
509 1650 810 1720 superbiam
839 1659 1060 1705 matrem
1090 1649 1392 1704 invidentia:
1428 1651 1665 1704 maxime
1692 1649 1883 1703 militat

294 1744 543 1799 universa
573 1742 849 1812 disciplina
873 1743 1179 1797 christiana.
1204 1742 1327 1797 Hrcc
1358 1744 1496 1796 enim
1529 1743 1685 1797 docet
1710 1744 1883 1798 immi-

298 1835 525 1902 iitatem,
549 1850 650 1905 qua
677 1845 726 1889 et
755 1836 992 1905 acquirat
1022 1844 1075 1889 et
1112 1835 1375 1890 custodiat
1420 1836 1735 1890 charitatcm
1767 1854 1780 1891 :
1816 1836 1882 1892 de

298 1942 399 1998 qua
426 1941 549 1981 eum
578 1926 779 1980 dictum
808 1935 969 1993 esset,
998 1925 1229 1981 Charitas
1271 1945 1370 1981 non
1399 1929 1699 1991 trnmlatur;
1739 1928 1883 1984 velut

296 2021 339 2076 si
363 2034 579 2075 causam
615 2035 997 2090 qtucrerenms,
1042 2020 1180 2075 unde
1209 2021 1300 2075 liat
1329 2029 1386 2076 ut
1431 2037 1533 2075 non
1581 2022 1879 2090 a~muietur,

257 2104 265 2139 ί
295 2111 548 2168 continuo
577 2110 833 2172 subdidit,
865 2110 985 2165 Non
1023 2113 1233 2181 inﬂatur
1273 2112 1315 2187 (l
1339 2110 1455 2166 Cor.
1487 2128 1600 2176 xm,
1626 2113 1682 2182 4)
1711 2130 1724 2167 :
1761 2122 1879 2167 tau-

295 2217 450 2273 quam
480 2202 706 2267 diceret,
739 2202 862 2256 ideo
889 2219 993 2256 non
1022 2202 1182 2257 habet
1221 2203 1587 2268 invidentiam,
1631 2203 1752 2273 quia
1783 2217 1883 2260 nec

295 2296 619 2366 superbiam.
650 2295 852 2350 Doctor
879 2295 1056 2365 itaque
1084 2296 1395 2351 humilitatis
1425 2297 1668 2353 Christus
1707 2297 1882 2368 primo

293 2390 617 2459 semetipsum
645 2390 915 2443 exinauivlt
943 2391 1159 2460 formam
1186 2391 1317 2445 servi
1340 2390 1613 2459 accipiens,
1654 2390 1708 2444 ln
1740 2390 1882 2445 siml-

294 2482 507 2536 litudine
543 2482 803 2535 hominum
843 2486 1025 2552 factus,
1063 2493 1109 2537 et
1146 2483 1317 2537 habitu
1354 2483 1582 2537 iuventus
1612 2492 1666 2536 ut
1693 2484 1880 2553 homo;

294 2574 578 2629 humiliari:
606 2574 941 2647 sentrtipsum,
988 2575 1152 2644 factus
1195 2576 1428 2629 obediens
1465 2591 1622 2645 usque
1649 2574 1717 2630 ad
1743 2591 1882 2630 mor-

294 2675 409 2728 tem,
442 2673 654 2718 mortem
677 2673 842 2719 autem
872 2668 1035 2720 crucis
1057 2664 1313 2743 (Philipp.
1342 2682 1401 2731 ιι.
1428 2667 1483 2733 '7,
1508 2666 1584 2737 8).
1614 2667 1727 2738 ipsa
1752 2682 1881 2724 vero

295 2756 536 2812 doctrina
565 2757 707 2827 ejus,
738 2773 895 2828 quam
925 2767 1126 2813 attente
1154 2760 1385 2815 insinuet
1414 2759 1769 2816 humilitatem
1800 2769 1881 2816 at-

295 2864 394 2919 quc
422 2849 548 2904 huic
590 2849 960 2919 prmcipiendze
998 2850 1345 2906 vehementer
1376 2852 1599 2915 insistat,
1632 2853 1754 2923 quis
1782 2868 1880 2907 ex-

296 2941 491 3010 plicare
521 2940 679 2997 facile
710 2942 899 3010 possit,
928 2950 1087 3011 atque
1117 2943 1168 2995 in
1200 2944 1335 2996 hanc
1361 2960 1474 2997 rem
1503 2944 1880 2999 demonstran-

295 3030 413 3085 dam
436 3031 745 3086 testimonia
767 3042 953 3085 cuncta
973 3034 1299 3099 congerere?
1329 3033 1439 3087 lioc
1460 3031 1635 3088 facere
1661 3044 1882 3089 conetur

298 3123 375 3177 vel
422 3123 598 3185 iaciat,
645 3122 885 3192 quisquis
931 3138 1171 3178 seorsum
1218 3123 1284 3178 dc
1330 3122 1625 3179 humilitate
1652 3124 1884 3180 voluerit

297 3214 746 3287 seribere:hujus
795 3223 971 3271 autem
1014 3216 1192 3285 operis
1235 3214 1379 3270 aliud
1421 3217 1748 3288 propositum
1779 3223 1882 3287 est,

302 3310 436 3380 quod
466 3309 536 3364 de
566 3320 673 3363 tam
708 3326 893 3378 magna
923 3326 980 3363 re
1008 3320 1311 3385 διι›‹ξ‹ιιιιιιιιι
1340 3319 1441 3375 est,
1486 3320 1540 3362 ut
1579 3311 1625 3362 ei
1654 3310 1884 3364 maxime

300 3401 365 3455 sit
388 3401 627 3455 cavenda
649 3401 916 3477 superbia.

366 3493 595 3551 CAPUT
634 3492 851 3549 XXXII.
871 3526 941 3534 —-
959 3494 1048 3549 3‘2.
1091 3493 1168 3548 De
1198 3494 1479 3548 humilitate
1509 3503 1755 3565 prwcrpta
1779 3491 1887 3547 Do‘

301 3590 420 3643 mini
454 3600 500 3643 et
536 3588 789 3659 exempla.
821 3586 1052 3643 Proinde
1081 3603 1246 3658 pauca
1278 3588 1597 3652 testimonia,
1631 3602 1748 3657 qua:
1784 3587 1888 3640 Do-

302 3680 471 3735 minus
498 3680 553 3734 in
586 3688 818 3734 mentem
850 3679 977 3733 dare
1003 3679 1269 3757 dignatur,
1315 3696 1377 3733 ex
1425 3677 1664 3735 doctrina
1689 3673 1886 3732 Christi

302 3770 365 3826 de
398 3771 702 3826 humilitate
729 3784 1112 3833 commemoro,
1155 3785 1270 3839 qua:
1300 3770 1364 3822 ad
1407 3768 1455 3824 id
1494 3768 1634 3840 quod
1684 3765 1889 3823 intendi

306 3864 530 3917 fortasse
579 3862 866 3916 sul‘liciant.
917 3862 1107 3916 Sermo
1146 3862 1281 3937 ejus,
1321 3877 1476 3932 quem
1508 3862 1734 3930 primum
1761 3873 1889 3928 pro-

304 3953 548 4009 lixiorem
582 3952 646 4007 ad
675 3951 963 4022 discipulos
992 3951 1193 4025 habuit,
1223 3952 1343 4006 inde
1365 3953 1545 4021 cmpit,
1581 3950 1725 4003 Beati
1755 3964 1887 4018 pau-

305 4060 445 4116 peres
492 4044 698 4114 spiritu,
733 4043 970 4114 quoniam
1014 4043 1239 4113 ipsorum
1284 4052 1357 4097 est
1398 4058 1608 4113 regnum
1652 4040 1892 4094 malorum

304 4133 523 4207 (Matth.
557 4132 724 4204 v.5):
759 4149 891 4204 quos
918 4135 1033 4188 sine
1066 4134 1169 4189 ulla
1194 4133 1555 4189 controversia
1581 4131 1898 4186 bumiiesin-

307 4226 619 4296 teliigimus.
663 4224 841 4281 Fidem
890 4224 1230 4280 Centurionis
1280 4224 1422 4280 illius
1465 4224 1585 4279 ideo
1626 4222 1894 4303 pratcipue

306 4317 565 4383 laudavit,
596 4332 695 4372 nec
710 4333 766 4372 se
785 4317 1120 4379 invenissein
1140 4317 1302 4372 israel
1328 4316 1462 4381 dixit
1488 4324 1684 4381 tantam
1708 4313 1892 4382 iidem,

307 4409 427 4480 quia
453 4408 545 4464 ille
573 4420 680 4463 tam
709 4407 979 4464 humiliter
1008 4407 1254 4479 credidit,
1287 4418 1344 4463 ut
1369 4408 1591 4474 diceret,
1626 4406 1749 4461 Non
1780 4423 1894 4463 sum

306 4505 493 4585 dignus
516 4514 572 4563 ut
598 4503 691 4559 sub
719 4513 900 4558 tectum
926 4519 1089 4557 meum
1112 4502 1268 4556 intres
1293 4498 1400 4583 (Id.
1420 4517 1532 4585 vni,
1551 4498 1726 4575 5-10).
1743 4498 1899 4560 Unde

316 4610 418 4652 nec
443 4594 727 4651 “animus
775 4592 844 4649 ob
884 4591 1029 4649 aliud
1078 4606 1199 4648 eum
1230 4592 1363 4648 dixit
1392 4592 1685 4650 accessisse
1712 4590 1780 4653 ad
1804 4589 1897 4649 Je-

313 4703 460 4756 sum,
508 4704 630 4742 cum
678 4686 1014 4757 apertissime
1055 4683 1228 4739 Lucas
1274 4683 1506 4739 insinuet
1529 4682 1671 4755 quod
1699 4699 1804 4738 non
1830 4682 1896 4738 ad

307 4770 433 4837 cuin
466 4782 579 4852 ipse
610 4780 837 4847 venerit,
861 4778 955 4835 sed
988 4779 1191 4834 amicos
1234 4792 1359 4834 suos
1388 4779 1595 4834 miserit
1621 4776 1774 4849 (Luc.
1803 4792 1898 4843 vn,

309 4872 364 4938 6,
394 4873 471 4951 7),
500 4873 601 4928 nisi
623 4873 745 4945 quia
776 4871 1083 4929 lidelissima
1127 4872 1424 4928 humilitate
1470 4873 1639 4945 magis
1670 4874 1783 4944 ipse
1806 4887 1895 4926 ac-

307 4967 493 5029 cessit,
527 4982 687 5037 quam
718 4965 790 5020 illi
818 4981 952 5037 quos
992 4968 1156 5021 misit.
1188 4966 1342 5022 Unde
1382 4974 1436 5021 et
1465 4967 1591 5021 illud
1622 4966 1899 5038 prepheti-

306 5072 430 5113 cum
461 5066 564 5120 est,
612 5056 853 5117 Excelsus
897 5065 969 5115 est
1011 5056 1279 5124 Dominus,
1328 5067 1375 5113 et
1417 5058 1623 5114 humilia
1666 5058 1901 5123 respicit;

309 5149 507 5205 excelsa
529 5160 699 5210 autem
724 5150 923 5227 alonge
947 5151 1200 5222 cognoscit
1226 5146 1394 5227 (Psal.
1420 5163 1656 5214 cxxxvu,
1689 5147 1779 5217 6):
1806 5148 1900 5202 uti-

306 5258 411 5314 que
434 5251 690 5313 tanquam
722 5258 829 5297 non
856 5243 1182 5305 accedentia.
1214 5241 1347 5299 Hinc
1373 5241 1514 5299 etilli
1534 5240 1742 5294 mulieri
1763 5239 1900 5294 Cha-

309 5351 515 5390 nanane
544 5334 696 5405 dicit,
730 5333 774 5388 0
805 5335 1003 5400 mulier,
1043 5350 1230 5405 magna
1269 5343 1340 5387 est
1380 5330 1503 5402 ﬁdes
1538 5330 1658 5384 tua!
1698 5331 1785 5399 ﬁat
1814 5330 1902 5383 tibi

304 5427 437 5481 sicut
459 5426 535 5480 vis
570 5441 589 5479 :
627 5440 787 5495 quam
826 5427 1071 5496 superius
1100 5440 1287 5482 canem
1314 5423 1691 5493 appellaverat,
1724 5434 1822 5476 nec
1850 5422 1900 5476 ei

307 5533 509 5590 panem
543 5517 774 5573 [illorum
799 5518 1184 5590 proﬁciendum
1214 5532 1334 5573 esse
1363 5514 1728 5586 responderat.
1748 5514 1903 5581 Quod

375 5769 395 5803 ⁸
422 5768 500 5819 Sic
519 5773 629 5817 MSS.
651 5773 707 5817 Ai.
728 5772 804 5815 Er.

375 5769 395 5803 ι
422 5768 500 5819 Sic
519 5773 629 5817 Mss.
651 5773 707 5817 At
728 5772 825 5824 Ern,
862 5779 919 5817 su
984 5764 1090 5816 rbia
1107 5770 1151 5816 et
1174 5761 1436 5814 invidentia
1470 5757 1691 5817 diabolus
1712 5760 1912 5834 protest,

308 5837 447 5899 ιρι,
471 5827 713 5907 amabit:
731 5834 779 5883 et
798 5779 1076 5887 aurigam
1088 5825 1308 5881 diabolus
1322 5831 1518 5899 prtem,

354 5868 447 5899 ξατο,

933 5826 1076 5883 emite
1088 5825 1308 5881 diabolus
1322 5831 1518 5899 prtem,

1722 325 1926 385 LIBER
1966 325 2165 385 liNUS.

3480 339 3583 397 4M

1998 443 2085 499 illa
2126 445 2398 503 humiliter
2427 449 2693 520 accipiens
2717 451 2942 517 dixerat,
2978 450 3082 519 Ita,
3115 454 3357 521 Domine;
3385 472 3498 510 nam
3530 465 3578 512 et

1993 552 2143 593 canes
2168 540 2321 595 edunt
2362 540 2425 596 de
2448 542 2590 597 micis
2614 559 2725 609 qua:
2749 544 2932 597 cadunt
2970 545 3033 598 de
3061 563 3229 599 mensa
3258 547 3577 605 dominorum

1993 648 2217 687 suorum.
2242 637 2318 690 Ac
2340 635 2419 691 sic
2445 636 2583 705 quod
2609 637 2820 693 assiduo
2842 638 3074 694 clamore
3101 656 3204 694 non
3235 641 3573 713 impetrabat,

1995 724 2180 778 humili
2228 725 2563 782 confessione
2611 730 2906 797 promeruit
2952 728 3163 802 (Matth.
3212 747 3305 796 xv,
3355 732 3574 805 ‘22-28).

1994 814 2128 870 Hinc
2151 824 2205 870 et
2230 816 2304 871 illi
2329 816 2434 872 duo
2466 832 2829 888 proponuntur
2858 831 3072 876 orantes
3104 823 3154 877 in
3186 824 3405 893 templo,
3438 840 3575 881 unus

1994 906 2307 975 pharisaaus,
2352 918 2406 963 ct
2431 910 2563 965 alter
2589 911 2921 979 publicanus,
2957 924 3174 983 propter
3210 930 3303 970 eos
3347 917 3433 985 qui
3475 917 3574 975 sibi

1988 1002 2115 1070 justi
2157 1001 2420 1067 videntur,
2464 1013 2517 1058 et
2543 1015 2800 1073 spernunt
2834 1016 3079 1071 caeteros,
3109 1017 3161 1062 et
3190 1009 3573 1066 enumerationi

1992 1094 2302 1148 meritorum
2354 1095 2634 1164 praefertur
2670 1096 2937 1151 confessio
2981 1108 3338 1167 peccatorum.
3374 1100 3441 1154 Et
3472 1102 3582 1154 nti-.

1989 1201 2092 1256 quc
2121 1186 2228 1240 Deo
2254 1188 2450 1257 gratias
2470 1188 2655 1257 agebat
2684 1188 2974 1257 pharisarus
3000 1206 3063 1244 cx
3088 1190 3169 1243 bis
3192 1191 3242 1244 in
3265 1191 3455 1260 quibus
3476 1190 3574 1252 sibi

1991 1277 2213 1332 multum
2252 1278 2524 1347 placebat:
2560 1276 2782 1341 Gratias,
2816 1280 3002 1350 inquit,
3037 1281 3123 1333 tibi
3166 1298 3282 1351 ago,
3330 1283 3449 1353 quia
3473 1298 3576 1336 non

1987 1386 2098 1425 sum
2125 1372 2254 1425 sicut
2280 1373 2444 1425 ωηενὶ
2470 1371 2714 1437 homines,
2738 1373 2934 1442 injusti,
2954 1382 3197 1445 raptores,
3216 1373 3455 1440 adulteri,
3478 1375 3577 1428 sic-

1987 1470 2045 1516 ut
2092 1471 2139 1516 et
2178 1462 2474 1533 publicanus
2500 1465 2609 1519 iste.
2637 1464 2826 1535 Jejuno
2848 1465 2920 1520 bis
2940 1467 2992 1521 in
3022 1466 3245 1535 sabbato,
3270 1467 3487 1522 decimas
3508 1468 3574 1522 do

1986 1555 2212 1610 omnium
2239 1572 2558 1626 quwcumque
2580 1558 2829 1628 possideo.
2854 1558 3164 1613 Publicmms
3186 1571 3353 1613 autem
3380 1561 3441 1613 dc
3462 1561 3575 1614 lon-

1985 1648 2171 1718 ginquo
2192 1646 2373 1714 stabat,
2399 1665 2489 1701 uec
2508 1649 2680 1703 oculos
2700 1651 2767 1704 ad
2801 1652 2979 1704 cmlum
3020 1651 3234 1705 audebat
3272 1655 3455 1719 levare,
3483 1651 3573 1707 sed

1988 1740 2292 1809 percutiebat
2323 1753 2495 1810 pectus
2524 1758 2695 1804 suum,
2746 1743 2950 1798 dicens:
2973 1743 3131 1807 Deus,
3179 1745 3427 1814 pronitius
3467 1753 3574 1800 esto

1986 1836 2109 1887 mihi
2136 1836 2405 1905 peccaturi.
2436 1834 2687 1907 Sequitur
2704 1846 2876 1892 autem
2899 1836 3076 1892 divina
3094 1838 3355 1891 sententia
3380 1857 3392 1892 :
3414 1839 3571 1893 Amen

1983 1924 2098 1979 dico
2130 1925 2283 1988 nobis,
2318 1926 2570 1980 descendit
2593 1928 2906 1999 jttstiﬁcatus
2948 1930 3010 1982 de
3048 1928 3231 1998 tanplo
3275 1928 3574 1999 publicanus

1985 2017 2147 2088 magis
2174 2034 2328 2081 quant
2354 2018 2442 2072 ille
2468 2018 2764 2087 phariswus.
2813 2018 3014 2074 Deinde
3052 2033 3210 2074 causa
3250 2019 3570 2087 ostenditur,

1983 2123 2078 2163 cur
2104 2107 2207 2164 hoc
2231 2108 2427 2178 justum
2466 2109 2568 2163 sit:
2600 2108 2851 2174 Quoniam
2872 2110 2916 2163 is
2937 2111 3023 2182 qui
3042 2127 3095 2165 se
3115 2110 3303 2164 exultat
3329 2110 3571 2164 huun'lia-

1983 2200 2135 2264 bitur,
2161 2210 2207 2255 et
2230 2201 2317 2272 qui
2340 2218 2394 2256 se
2420 2201 2652 2257 humiliat
2680 2201 2983 2256 exaltabitur
3005 2201 3154 2276 (Luc.
3179 2218 3327 2266 xvnt,
3356 2201 3567 2272 lO-M).

1983 2294 2125 2351 Fieri
2154 2310 2281 2367 ergo
2303 2305 2479 2368 potest
2508 2304 2564 2351 ut
2591 2297 2815 2367 quisque
2845 2305 2899 2351 et
2926 2296 3063 2351 mala
3092 2311 3215 2351 vera
3259 2296 3481 2360 devitet,
3509 2301 3571 2370 et

1983 2400 2111 2441 vera
2135 2385 2276 2443 bona
2302 2386 2355 2442 in
2383 2400 2445 2444 se
2468 2388 2794 2455 consideret,
2821 2395 2877 2443 et
2904 2388 2971 2443 de
3004 2388 3088 2442 his
3113 2387 3256 2442 Patri
3303 2387 3567 2443 luminum

1983 2479 2183 2551 gratias
2208 2486 2351 2550 agat,
2381 2495 2414 2537 ιι
2439 2496 2544 2550 quo
2570 2480 2849 2536 descendit
2890 2494 3048 2535 omne
3073 2479 3253 2541 datum
3281 2482 3566 2549 optimum,

1982 2578 2038 2627 et
2061 2585 2221 2627 omne
2249 2572 2446 2626 donum
2487 2569 2782 2642 perfectum
2829 2568 3031 2642 (Jacobi
3060 2586 3097 2637 ι,
3129 2569 3252 2641 l7):
3292 2580 3346 2625 et
3390 2577 3570 2627 tamen

1982 2662 2232 2721 elationis
2258 2662 2388 2717 vitio
2415 2661 2751 2731 reprobctur,
2785 2662 2827 2716 si
2853 2661 2973 2717 aliis
3003 2661 3372 2732 peccatoribus
3395 2655 3572 2715 maxi-

1984 2770 2175 2822 meque
2208 2762 2423 2826 peccata
2450 2754 2502 2808 in
2529 2753 2770 2807 oratione
2791 2750 3189 2815 conﬁtentibus,
3219 2749 3304 2806 vel
3329 2749 3441 2805 sola
3470 2762 3570 2806 co-

1981 2847 2235 2917 gitatione
2264 2862 2383 2917 qua:
2409 2860 2588 2901 coram
2620 2845 2733 2901 Deo
2758 2853 2861 2913 est,
2894 2844 3155 2915 superbus
3183 2843 3422 2913 insultet,
3445 2839 3571 2914 qui-

1984 2942 2080 2996 bus
2102 2954 2208 2995 non
2230 2940 2544 3011 exprobatio
2568 2954 2691 2994 cum
2722 2938 3015 3004 inﬂatione,
3048 2938 3141 2993 sed
3168 2937 3439 2993 miseratio
3454 2934 3591 2991 sine'

1983 3033 2356 3105 desperatione
2377 3032 2621 3088 debetur.
2660 3030 2797 3101 Quid
2847 3030 2976 3087 illud
3018 3028 3161 3101 quod
3211 3027 3571 3100 quaerentibus

1987 3127 2127 3182 inter
2152 3140 2210 3181 se
2235 3124 2509 3196 discipulis
2545 3124 2788 3193 quisnam
2819 3135 3006 3176 eorum
3033 3120 3206 3190 major
3243 3127 3406 3183 esset,
3436 3132 3573 3188 puc«-

1981 3230 2102 3275 rum
2128 3217 2411 3299 parvulum
2440 3215 2721 3274 constituit
2745 3220 2870 3271 ante
2898 3213 3081 3269 oculos
3102 3227 3311 3289 eorum,
3345 3209 3531 3273 dicens
3553 3222 3571 3273 ς

1987 3308 2106 3375 Nisi
2135 3310 2333 3384 fueritis
2368 3310 2497 3369 sicut
2522 3325 2649 3380 puer
2685 3308 2797 3371 iste,
2842 3324 2943 3361 non
2980 3307 3227 3367 intrabitis
3269 3306 3320 3359 in
3362 3315 3575 3375 regnum

1985 3402 2230 3457 caelorum
2254 3400 2470 3473 (Matth.
2502 3414 2655 3463 svnt,
2687 3399 2839 3469 l-b)?
2867 3413 3042 3455 nonne
3072 3396 3422 3453 humilitatem
3453 3408 3574 3449 ma-

1989 3492 2130 3549 xime
2157 3491 2570 3556 commendavit,
2616 3498 2671 3547 et
2701 3490 2750 3545 in
2797 3505 2859 3545 ea
2903 3488 3149 3544 meritum
3195 3484 3577 3557 magnitudinis

1987 3585 2203 3659 posuit?
2224 3585 2321 3642 Vel
2363 3599 2486 3640 cum
2528 3582 2648 3639 iiiiis
2673 3580 2922 3638 Zebedaci
2952 3581 3114 3636 latera
3141 3578 3256 3651 ejus
3288 3579 3338 3633 in
3370 3576 3576 3633 sodium

1989 3681 2315 3741 sublimitate
2345 3677 2867 3747 concupiscentibus,
2916 3676 2983 3728 ita
3016 3673 3310 3745 respondit,
3361 3682 3415 3726 ut
3452 3687 3580 3743 pas-

1992 3772 2159 3829 sionis
2186 3771 2301 3843 ejus
2330 3771 2550 3826 calicem
2582 3768 2870 3823 bibendum
2922 3768 3096 3837 potius
3138 3767 3431 3835 cogitarent
3462 3762 3572 3832 (Id.

1993 3880 2090 3933 xx,
2118 3863 2211 3933 2i,
2245 3860 2364 3933 22),
2395 3861 2447 3915 in
2474 3875 2580 3929 quo
2606 3874 2665 3915 se
2693 3857 2992 3912 humiliavit
3033 3870 3200 3927 usque
3229 3854 3293 3914 ad
3325 3860 3575 3927 mortem,

1993 3967 2217 4015 mortem
2244 3964 2422 4010 autem
2449 3957 2622 4009 crucis
2653 3949 2909 4021 (Philipp.
2946 3965 2998 4015 ιι,
3040 3948 3115 4017 8),
3148 3962 3304 4018 quam
3345 3943 3580 4015 snperbo

1995 4048 2232 4131 appetitu
2272 4043 2512 4119 praeferri
2543 4041 2751 4098 caeteris
2778 4039 3135 4109 postularent;
3166 4036 3291 4106 quid
3322 4034 3576 4103 ostendit,

1996 4128 2098 4198 nisi
2141 4142 2218 4203 eis
2262 4156 2320 4196 sc
2348 4140 2592 4194 ’futurum
2638 4133 2930 4190 altitudinis
2974 4132 3300 4203 largitorem,
3338 4128 3427 4205 qui
3457 4143 3582 4184 eum

1997 4237 2272 4292 doctorem
2304 4232 2618 4288 humilitatis
2659 4238 2813 4285 antea
2853 4223 3237 4299 sequerentur?
3279 4221 3395 4283 Jam
3451 4235 3582 4279 vero

1999 4328 2140 4401 quod
2187 4328 2429 4387 exiturus
2471 4324 2536 4379 ad
2587 4321 2888 4393 passionem
2933 4319 3061 4374 lavit
3092 4315 3256 4388 pedes
3287 4314 3582 4384 discipulis,

2000 4420 2311 4490 monuitque
2355 4415 2688 4495 apertissime
2714 4423 2771 4469 ut
2811 4412 2914 4466 hoc
2945 4410 3176 4464 facerent
3207 4404 3585 4474 condiScipuiis

1999 4522 2159 4589 atque
2176 4508 2470 4578 conservis,
2494 4505 2633 4581 quod
2652 4506 2730 4559 eis
2758 4504 2970 4559 fecisset
2990 4502 3238 4572 Magister
3253 4508 3306 4553 et
3326 4496 3586 4589 Dominus

2002 4586 2181 4678 (Joan.
2211 4621 2324 4673 xm,
2360 4599 2551 4675 l-l7);
2598 4606 2852 4675 quantum
2888 4592 3282 4650 commendavit
3310 4586 3585 4643 humilita-

2003 4698 2144 4761 tem?
2170 4696 2264 4754 Cui
2293 4690 2728 4755 commendandac
2766 4689 2926 4749 etiam
2975 4694 3184 4756 tempus
3228 4682 3356 4737 illud
3402 4680 3585 4757 elegit,

2002 4805 2107 4863 quo
2143 4803 2266 4849 eum
2313 4786 2551 4859 proxime
2590 4782 2904 4839 moriturum
2945 4792 3067 4837 cum
3099 4788 3291 4849 magno
3319 4771 3588 4829 desiderio

2003 4882 2421 4944 contuebantur;
2452 4877 2553 4932 hoc
2583 4875 2763 4951 utique
2794 4872 3061 4944 prtucipue
3110 4865 3366 4927 memoria
3399 4872 3585 4918 reten-

2004 4975 2129 5041 tnri,
2146 4973 2297 5045 quod
2316 4972 2561 5040 Magister
2582 4965 2866 5027 imitandus
2882 4962 3123 5019 ultimum
3144 4957 3584 5013 demonstrasset.

2004 5067 2072 5121 At
2103 5065 2190 5121 ille
2216 5064 2316 5118 hoc.
2345 5061 2469 5117 fecit
2500 5060 2589 5119 illo
2618 5068 2878 5129 tempore,
2910 5053 3050 5131 quod
3098 5052 3277 5121 utique
3317 5048 3490 5121 potttit
3536 5056 3590 5103 et

2004 5158 2124 5223 aliis
2149 5165 2272 5215 ante
2292 5155 2500 5219 diebus,
2532 5151 2727 5225 quibus
2753 5164 2871 5207 cum
2904 5147 2982 5209 eis
3011 5145 3185 5203 fuerat
3212 5150 3586 5196 conversatus:

2003 5248 2216 5324 quando
2255 5248 2300 5307 si
2348 5246 2518 5309 ﬁeret,
2560 5244 2661 5301 hoc
2687 5244 2856 5313 ipsum
2885 5240 3096 5312 quidem
3146 5236 3464 5298 traderetur,
3496 5230 3589 5286 sed

2006 5346 2188 5414 utique
2216 5356 2321 5397 non
2350 5340 2427 5394 sic
2458 5338 2807 5408 acciperetur.

2074 5433 2300 5492 CAPUT
2330 5429 2660 5486 XXXlll.——
2706 5428 2793 5481 5⁸5.
2833 5424 3109 5479 Humilitas
3151 5418 3472 5497 Christianis,
3504 5416 3591 5471 sed

2007 5531 2226 5588 maxime
2251 5524 2526 5597 virginibus
2546 5518 2891 5579 custodienda.
2914 5517 3051 5579 Cum
3095 5530 3223 5586 ergo
3272 5511 3593 5573 Christianis

2007 5620 2256 5686 omnibus
2275 5611 2621 5673 custodienda
2647 5610 2716 5664 sit
2744 5608 3012 5664 humilitas
3030 5647 3044 5670 ,
3101 5602 3529 5674 quandoquidem
3564 5615 3595 5655 a

2007 5712 2227 5771 Christo
2270 5704 2556 5765 Christiani
2615 5701 2982 5774 appellantur,
3033 5696 3184 5767 cujus
3240 5694 3590 5766 Evangelium

2009 5818 2172 5879 nemo
2195 5802 2476 5874 diligenter
2500 5798 2769 5867 intuetur,
2800 5793 2888 5869 qui
2919 5805 3027 5853 non
3052 5804 3178 5849 eum
3203 5788 3477 5849 doctorem
3492 5786 3597 5851 huc
