4122 6212
514 293 619 358 415

515 407 754 467 militatis
783 407 1049 476 inveniat;
1077 414 1189 463 tum
1235 407 1471 464 maxime
1499 407 1708 463 virtutis
1739 406 1897 477 hujus
1923 415 2100 464 secta-

516 510 660 558 tores
685 509 740 557 et
770 508 1179 557 conservatores
1206 514 1300 555 eos
1328 514 1448 555 esse
1476 500 1762 564 convenit,
1790 500 1880 570 qui
1913 514 2103 571 magno

515 593 696 662 aliquo
725 593 865 647 h0no
890 590 1102 646 caeteris
1129 590 1400 655 eminent,
1448 598 1506 645 ut
1550 605 1873 661 magnopere
1917 600 2105 647 curent

517 683 645 738 illud
684 682 825 753 quod
865 681 1108 751 primitus
1137 683 1286 751 posui
1319 700 1331 735 :
1364 681 1566 750 Quanto
1590 699 1802 753 magnus
1839 699 1922 750 es,
1965 675 2121 738 tanto.

450 824 463 836 .
514 778 725 832 humilia
749 786 794 830 te
823 777 873 829 in
903 775 1133 829 oumibus
1153 816 1168 841 ,
1211 784 1255 828 et
1284 792 1454 829 coram
1502 774 1608 830 Deo
1642 776 1862 831 invenies
1885 776 2104 846 gratiam

514 868 699 934 (Ereti.
729 882 819 934 ιιι,
865 865 959 937 20)
1012 865 1239 921 Proinde
1279 867 1401 937 quia
1445 876 1696 937 perpetua
1744 868 2096 934 continentia,

516 960 850 1029 maximeque
880 958 1188 1027 Virginius,
1214 973 1460 1029 magnum
1488 958 1688 1014 hortum
1718 966 1801 1013 est
1826 958 1877 1013 in
1902 960 2102 1015 sanctis

518 1055 641 1118 Dci,
675 1052 1078 1123 vigilantissime
1121 1053 1418 1110 cavendum
1459 1061 1544 1108 est
1593 1068 1659 1108 ne
1701 1052 1949 1123 superbia
1981 1067 2103 1108 cor-

518 1152 816 1215 rumpatur.

586 1235 674 1289 54.
719 1232 968 1290 Curiosas
1013 1242 1068 1289 et
1114 1234 1367 1290 verbosas
1394 1232 1562 1289 malas
1608 1233 1858 1305 innuptas
1905 1234 2100 1291 Paulus

516 1328 791 1395 apostolus
822 1334 1003 1393 notat,
1036 1334 1090 1382 et
1128 1325 1231 1381 hoc
1260 1326 1444 1380 vitium
1471 1324 1654 1380 venire
1694 1324 1823 1380 dicit
1850 1341 1917 1381 ex
1966 1326 2097 1381 otio.

515 1418 683 1473 Simul
708 1426 876 1472 autem
901 1458 917 1484 ,
952 1417 1160 1488 inquit,
1192 1426 1238 1470 et
1264 1416 1438 1469 otiosa:
1469 1415 1670 1470 discunt
1694 1416 1955 1471 circumire
2002 1417 2099 1471 do-

514 1524 621 1563 mos
647 1509 662 1539 ¹
689 1524 703 1573 ;
738 1525 836 1561 non
858 1509 1021 1562 solum
1047 1497 1210 1561 autem
1261 1507 1459 1571 otiosa,
1492 1522 1660 1560 verum
1712 1507 1860 1561 etiam
1885 1508 2100 1562 curiosae

512 1608 557 1653 et
584 1599 799 1653 verbosa:
818 1641 831 1661 .
865 1600 1120 1669 loquentes
1148 1613 1260 1665 qua:
1287 1614 1386 1650 non
1408 1607 1620 1669 oportet.
1653 1597 1725 1653 De
1746 1597 1828 1652 his
1855 1599 2098 1669 superius

511 1689 744 1752 dixerat,
778 1688 1017 1745 Iuniores
1042 1698 1207 1742 autem
1230 1688 1407 1741 viduas
1427 1688 1555 1741 evita
1605 1686 1731 1742 Cum
1750 1688 1883 1742 enim
1906 1690 1959 1744 in
2005 1689 2092 1744 dc-

516 1784 647 1839 liciis
663 1784 850 1853 egerint
870 1826 883 1848 ,
908 1786 963 1835 in
990 1781 1186 1836 Christo
1213 1781 1394 1835 nubere
1412 1781 1620 1844 volunt;
1641 1780 1877 1835 habentes
1896 1780 2099 1836 damna-

511 1876 724 1937 tionem,
750 1876 986 1946 quoniam
1019 1878 1232 1944 primam
1285 1873 1439 1939 ﬁdem
1488 1873 1683 1926 irritata
1726 1872 1947 1942 fecerunt
1985 1889 2004 1928 :
2043 1874 2097 1929 id

510 1979 592 2025 est
612 2010 626 2033 ,
669 1969 720 2023 in
755 1984 819 2022 co
840 1968 978 2038 quod
1010 1969 1181 2037 primo
1211 1976 1496 2031 voverant,
1531 1983 1635 2022 non
1666 1975 1946 2022 steterunt.

486 2045 493 2053 ’
582 2061 806 2117 CAPUT
834 2060 1072 2118 XXXIV.
1102 2084 1170 2099 -ι
1192 2059 1441 2132 lnnuptas
1468 2061 1686 2115 viventes
1705 2070 1883 2115 contra
1909 2077 2097 2132 propo-

513 2152 664 2206 situm
705 2168 803 2205 non
848 2161 1040 2222 spectat
1084 2168 1301 2221 praesens
1330 2152 1618 2206 adhortatio
1650 2152 1718 2205 ad
1743 2152 2094 2207 humilitatem.

510 2240 619 2298 Nec
652 2252 825 2297 tamen
875 2243 948 2299 ait
973 2285 986 2308 ,
1021 2242 1259 2307 nubunt;
1316 2242 1409 2298 sed
1434 2283 1449 2307 ,
1479 2242 1664 2298 nubere
1691 2242 1882 2297 volunt.
1909 2242 2098 2298 Multas

511 2335 654 2389 enim
682 2349 864 2388 earum
889 2343 1103 2389 revocat
1130 2350 1159 2386 a
1195 2333 1477 2401 nubendo,
1527 2348 1633 2388 non
1677 2349 1831 2388 amor
1859 2333 2098 2403 przeclari

510 2427 800 2496 propositi,
856 2426 949 2482 sed
1000 2427 1168 2495 aperti
1207 2425 1486 2481 dedecoris
1532 2427 1717 2492 timor,
1769 2427 1989 2481 veniens
2032 2435 2088 2481 et

511 2517 624 2588 ipse
676 2516 744 2572 de
791 2517 1065 2588 superbia,
1096 2531 1197 2585 qua
1246 2516 1556 2572 formidatur
1584 2517 1750 2586 magis
1796 2516 2098 2574 hominibus

511 2609 794 2678 displicere
814 2650 830 2675 ,
851 2624 1010 2677 quam
1038 2607 1163 2662 Deo.
1195 2607 1287 2662 lla:
1320 2608 1477 2677 igitur
1505 2624 1622 2676 quae
1652 2608 1852 2662 nubere
1875 2608 2091 2673 volunt,

514 2708 570 2753 et
593 2700 711 2753 ideo
756 2713 860 2752 non
893 2699 1091 2751 tmbuut
1124 2698 1246 2767 quia
1296 2698 1511 2767 impune
1560 2714 1663 2751 nou
1694 2706 1944 2766 possunt,
1975 2712 2096 2768 qua:

512 2790 704 2845 melius
732 2789 992 2843 uubercnt
1020 2804 1176 2857 quam
1207 2799 1488 2843 urerentur
1508 2830 1521 2852 ,
1556 2787 1607 2841 id
1659 2796 1771 2853 est,
1813 2802 1970 2856 quant
1996 2801 2093 2843 oc-

517 2881 656 2938 culta
680 2880 885 2935 llauuna
915 2880 1360 2949 concupiscenti-.c
1388 2881 1438 2934 in
1466 2882 1576 2950 ipsa
1602 2880 1963 2937 conscientia’
1995 2896 2086 2935 va-

512 2981 811 3038 starentur,
843 2985 975 3041 quas
1007 2972 1227 3042 paenitet
1280 2972 1655 3040 professionis.
1689 2981 1741 3027 et
1787 2974 1926 3042 piget
1966 2987 2095 3027 con-

512 3061 795 3126 fessionis;
829 3061 928 3116 nisi
954 3069 1257 3116 correctura
1290 3076 1382 3115 cor
1410 3060 1669 3131 dirigant,
1702 3070 1756 3114 et
1786 3061 1874 3115 Dei
1908 3061 2096 3119 timore

510 3169 698 3213 rursus
720 3153 992 3208 libidinem
1021 3154 1254 3219 vincant,
1285 3153 1336 3207 in
1363 3153 1586 3207 mortuis
1609 3152 1923 3221 deputanda:
1940 3161 2087 3221 sunt,

510 3245 625 3302 sive
655 3245 706 3300 in
736 3244 940 3299 deliciis
965 3253 1156 3316 agant;
1186 3244 1324 3298 unde
1352 3242 1479 3298 dicit
1510 3244 1794 3313 Apostolus
1815 3285 1830 3311 ,
1855 3244 1982 3311 Qum
2000 3261 2094 3297 au-

511 3348 609 3393 tent
634 3338 686 3391 in
715 3336 908 3391 deliciis
932 3337 1036 3406 agit
1061 3377 1076 3398 ,
1105 3337 1270 3390 vivens
1314 3346 1512 3389 mortua
1551 3346 1623 3391 est
1650 3336 1694 3406 (Ι
1724 3335 1858 3390 Tim.
1878 3352 1909 3390 v
1929 3378 1943 3400 ,
1992 3337 2057 3391 i3
2076 3378 2091 3404 ,

511 3430 572 3486 11
611 3470 625 3494 ,
657 3427 762 3494 12,
794 3426 883 3499 ϋ);
922 3427 1032 3481 sive
1060 3426 1108 3481 in
1136 3425 1404 3480 laboribus
1443 3433 1603 3496 atque
1648 3425 1866 3495 jejuniis
1890 3467 1904 3490 ,
1950 3424 2093 3479 nulla

511 3521 689 3578 cordis
717 3520 1051 3576 correctione
1090 3519 1373 3590 superlluis
1396 3561 1411 3587 ,
1462 3528 1516 3574 et
1546 3520 1711 3590 magis
1753 3520 2094 3575 ostentationi

511 3627 670 3685 quam
697 3609 1052 3667 emendationi
1082 3610 1103 3641 ³
1129 3610 1501 3666 servientibus.
1524 3610 1637 3665 Non
1652 3626 1749 3681 ego
1777 3611 1966 3665 talibus
1984 3627 2095 3666 ma-

511 3717 667 3773 gnam
700 3716 880 3756 curam
932 3701 1241 3756 humilitatis
1273 3702 1485 3771 iugero,
1531 3702 1582 3755 in
1625 3702 1816 3772 quibus
1845 3703 2093 3773 superbia

512 3788 626 3865 ipsa
655 3793 1025 3861 confunditur,
1054 3802 1108 3848 et
1129 3794 1473 3848 conscientia:
1499 3792 1717 3848 vulnere
1757 3803 2091 3850 cruentatur.

512 3884 620 3944 Nec
640 3886 865 3943 ebriosis
884 3928 899 3954 ,
928 3898 1017 3942 aut
1060 3887 1234 3942 avaris
1252 3927 1266 3952 ,
1291 3895 1381 3940 aut
1421 3885 1527 3940 alio
1552 3884 1788 3955 quolibet
1817 3886 2094 3941 damnabi-

512 3978 580 4036 lis
604 3977 773 4033 morbi
804 3976 1030 4049 gencre‘
1056 3977 1376 4047 jacentibus,
1407 3992 1525 4032 cum
1546 3975 1775 4031 habeant
1804 3978 2095 4048 corporalis

518 4071 863 4128 continentia:
906 4067 1325 4137 professionem,
1371 4067 1713 4136 moribusque
1759 4069 2020 4136 perversis
2063 4083 2093 4122 a

516 4175 614 4216 suo
644 4159 857 4213 nomine
882 4157 1189 4221 dissonent,
1228 4157 1363 4210 hanc
1400 4173 1646 4227 magnam
1684 4158 2094 4213 sollicitudinem

514 4255 619 4324 piae
647 4250 961 4304 humilitatis
988 4250 1201 4317 impono
1232 4266 1244 4300 :
1277 4249 1374 4324 nisi
1398 4247 1533 4303 forte
1557 4249 1607 4301 in
1640 4248 1723 4301 his
1755 4251 1908 4303 malis
1934 4252 2092 4305 etiam

515 4322 784 4401 ostentare
803 4356 860 4395 se
887 4340 1176 4406 audebunt,
1196 4322 1385 4409 quibus
1405 4354 1507 4393 non
1538 4340 1730 4394 snl'ticit
1749 4341 1887 4410 quod
1910 4357 2094 4397 eorum

516 4433 771 4506 supplicia
814 4430 1149 4487 differuntur.
1178 4430 1288 4486 Nec
1333 4430 1403 4485 de
1449 4430 1529 4485 his
1568 4447 1668 4501 ago
1720 4432 1771 4485 iu
1797 4433 1988 4501 quibus
2014 4442 2097 4489 est

515 4524 727 4603 quidam
760 4522 1001 4595 placendi
1054 4523 1358 4593 appetitus,
1403 4531 1491 4576 aut
1535 4522 1856 4592 elegantiora
1904 4523 2094 4580 vestitu

514 4634 672 4691 quam
702 4626 860 4672 tantm
885 4615 1227 4686 professionis
1251 4613 1543 4669 necessitas
1587 4612 1846 4682 postulat.
1875 4623 1966 4668 aut
2007 4629 2095 4669 ca-

517 4711 638 4780 pitis
668 4708 955 4778 ligamento
982 4704 1232 4770 notabili,
1265 4705 1377 4759 sive
1418 4703 1746 4775 praetumidis
1779 4704 2095 4760 umbonibus

514 4799 863 4871 capillorum,
892 4797 1002 4850 sive
1027 4796 1343 4867 tegminibus
1371 4796 1439 4849 ita
1472 4795 1670 4849 teneris
1702 4795 1722 4825 ⁸
1748 4835 1764 4860 ,
1807 4804 1864 4847 ιιι
1909 4795 2095 4850 retiola

514 4894 698 4948 subter
721 4892 886 4960 posita
917 4896 1208 4959 appareant
1240 4905 1251 4940 :
1283 4887 1364 4941 his
1397 4885 1630 4940 nondum
1660 4885 1727 4940 de
1756 4884 2048 4940 humilitate
2076 4928 2091 4952 ,

515 4985 608 5040 sed
637 4984 705 5039 de
739 4983 851 5054 ipsa
899 4989 1142 5036 castitate
1174 4978 1256 5033 vel
1306 4977 1604 5047 integritate
1634 4976 1896 5046 pudicitia:
1921 4975 2093 5030 danda

519 5083 779 5147 pra-cepta
806 5081 948 5129 sunt.
973 5072 1047 5125 Da
1076 5068 1205 5123 mihi
1235 5067 1568 5139 proﬁtentem
1594 5076 1900 5136 perpetuam
1927 5067 2095 5122 couti—

516 5166 748 5224 nentiam
773 5207 787 5232 ,
834 5173 992 5233 atque
1020 5161 1103 5216 his
1130 5169 1185 5215 et
1211 5157 1512 5229 hujusmodi
1542 5157 1788 5211 omnibus
1821 5169 2092 5213 carentem

517 5260 655 5315 vitiis
683 5267 737 5312 et
761 5257 978 5311 maculis
1007 5268 1214 5308 morum
1239 5268 1253 5315 ;
1287 5252 1410 5305 huic
1440 5249 1742 5320 superbiam
1767 5250 1948 5314 timeo,
1971 5249 2095 5306 huic

527 5363 636 5410 tam
665 5364 857 5422 magno
901 5346 1041 5402 bono
1066 5359 1130 5400 ex
1175 5341 1420 5399 elationis
1457 5350 1662 5397 tumore
1706 5340 1949 5395 formido.
1977 5341 2094 5409 Quo

582 5531 597 5563 ⁸
624 5536 750 5590 Mss,
771 5523 973 5578 curiosa
992 5533 1093 5573 esse
1117 5517 1608 5590 discunttcircumire
1632 5518 1811 5590 (tomos.

580 5593 601 5624 ’
620 5564 1089 5650 ὲῖῇἱιῖῗρζῗῶῗῖῐ
1105 5564 1847 5650 aditi;'a'a,sa'£aeapassaa.

584 5654 604 5715 Ρ
629 5639 815 5715 Aliquot
828 5646 1203 5715 Mssnomittunt,
1229 5639 1374 5715 9,591};
1396 5639 1733 5715 emendationi.

582 5713 603 5745 ι
636 5701 741 5763 Μδέ.
762 5707 1016 5773 ,quolibet
1045 5701 1308 5755 damnabili
1342 5701 1494 5773 {nothi
1524 5714 1713 5773 genere.

581 5766 847 5839 -wa,'aa
864 5768 1042 5825 tauris
1067 5773 1285 5828 utuntur.
1310 5766 1476 5822 Abest.
1510 5768 1724 5825 nauatur,
1747 5774 1778 5812 a
1799 5768 1904 5811 uss.

1471 294 1556 351 DE
1596 292 1859 351 SANCTA
1903 291 2366 364 VIRGINITATE,
2407 295 2466 354 S.
2506 290 2875 355 AUGUSTINI

3677 291 3787 356 416

2206 409 2372 481 magis
2401 409 2539 467 inest
2564 410 2704 467 unde
2721 413 2819 467 sibi
2849 412 3085 483 placeat,
3102 426 3170 469 eo
3188 411 3358 484 magis
3384 426 3572 470 vereor
3589 428 3659 471 ne
3682 414 3790 473 sibi

2209 499 2466 569 placendo
2495 501 2571 556 illi
2607 501 2902 572 displiceat,
2918 503 3009 574 qui
3036 501 3264 575 superbis
3288 503 3494 570 resistit,
3513 502 3790 561 humilibus

2207 599 2373 647 autem
2409 592 2497 646 dat
2524 593 2740 663 gratiam
2769 592 2970 665 (Jacobi
2998 611 3049 649 tv
3073 634 3089 658 ,
3114 592 3195 667 6).

2277 681 2504 739 CAPUT
2532 683 2747 739 xxxv.
2781 714 2853 725 -
2887 685 2975 741 ss.
3009 668 3361 740 Humilitatem
3397 684 3628 742 etiam
3671 703 3705 742 a
3735 703 3793 744 se

2206 775 2333 830 disci
2342 776 2504 844 jubet.
2527 776 2687 832 Certe
2709 777 3030 847 praecipuum
3059 777 3422 847 magisterium
3437 787 3492 833 et
3514 778 3791 849 virginalis

2208 866 2522 937 integritatis
2545 867 2846 938 exemplum
2903 868 2959 923 in
3007 867 3123 938 ipso
3168 866 3385 924 Christo
3427 868 3791 926 contuendum

2204 966 2305 1012 est.
2344 957 2480 1025 Quid
2508 972 2636 1029 ergo
2675 958 2907 1028 amplius
2945 959 3346 1016 continentibus
3389 959 3459 1015 de
3489 959 3790 1019 humilitate

2205 1050 2506 1120 praecipiam
2532 1092 2547 1115 ,
2570 1066 2726 1120 quam
2748 1049 2891 1121 quod
2916 1050 3007 1106 ille
3025 1050 3117 1121 qui
3133 1050 3383 1108 omnibus
3403 1049 3564 1118 dicit,
3593 1050 3790 1108 Discite

2201 1156 2235 1194 a
2263 1157 2341 1195 me
2366 1140 2606 1211 quoniam
2632 1142 2767 1196 mitts
2794 1158 2906 1197 sum
2933 1152 2979 1196 et
3021 1141 3229 1197 humilis
3262 1141 3413 1196 corde
3437 1141 3464 1194 ?
3512 1157 3633 1199 cum
3660 1157 3787 1198 ma-

2204 1230 2533 1302 gnitudinem
2563 1247 2714 1288 suam
2737 1247 2898 1304 supra
2922 1242 3433 1300 commemorasset;
3473 1242 3529 1290 et
3553 1233 3787 1305 idipsum

2202 1326 2389 1381 volens
2413 1326 2695 1382 ostendere
2721 1327 2740 1358 ί
2761 1367 2779 1392 ,
2827 1334 3055 1397 quantus
3085 1335 3304 1398 propter
3354 1341 3453 1382 nos
3495 1327 3788 1399 quantillus

2201 1416 2422 1474 eﬂ’ectus
2444 1424 2528 1473 est
2555 1434 2570 1471 :
2599 1415 2854 1485 Conﬁteor
2874 1457 2891 1484 ,
2919 1417 3090 1487 inquit
3106 1458 3121 1479 .
3145 1417 3235 1471 tibi
3255 1457 3272 1484 ,
3302 1416 3460 1473 Pater
3486 1418 3540 1484 ³,
3566 1415 3789 1473 Domine

2200 1510 2313 1564 caeli
2336 1519 2383 1563 et
2403 1519 2581 1576 terrae,
2611 1509 2852 1577 quoniam
2880 1508 3187 1562 abscondisti
3210 1508 3320 1564 hate
3340 1525 3373 1562 a
3392 1508 3703 1578 sapientibus
3731 1517 3782 1563 et

2201 1598 2528 1670 prudentibus
2552 1639 2567 1666 ,
2597 1607 2643 1652 et
2666 1596 2897 1652 reuelasti
2923 1614 2983 1652 ea
2997 1598 3243 1669 parvulis.
3275 1597 3361 1653 Ita
3382 1639 3401 1666 ,
3427 1596 3587 1654 Pater
3608 1640 3623 1665 ,
3654 1614 3786 1668 quo—

2200 1689 2337 1744 niam
2386 1688 2459 1743 sic
2496 1688 2739 1758 placitum
2778 1697 2850 1742 est
2878 1703 3050 1742 coram
3091 1696 3159 1742 te.
3189 1686 3377 1742 Omnia
3419 1688 3545 1743 mihi
3596 1688 3788 1743 tradita

2199 1793 2315 1838 sunt
2358 1799 2389 1835 a
2441 1781 2597 1837 Patre
2624 1797 2732 1836 meo
2763 1823 2779 1849 ,
2811 1790 2858 1835 et
2899 1797 3046 1837 nemo
3093 1782 3348 1853 cognoscit
3402 1780 3598 1837 Filium
3624 1823 3640 1848 ,
3682 1783 3787 1841 nisi

2201 1874 2398 1940 Pater;
2422 1887 2467 1929 et
2496 1892 2639 1931 nemo
2664 1874 2914 1946 cognoscit
2948 1873 3155 1929 Patrem
3178 1913 3194 1939 ,
3245 1874 3345 1929 nisi
3371 1872 3539 1931 Filius
3561 1916 3578 1942 ,
3625 1884 3674 1932 et
3701 1877 3787 1933 cui

2198 1967 2409 2022 voluerit
2431 1965 2598 2021 Filius
2626 1966 2864 2021 revelare.
2891 1963 3067 2022 Venite
3089 1964 3159 2018 ad
3185 1981 3266 2020 me
3285 2005 3304 2032 ,
3334 1981 3503 2021 omnes
3530 1967 3618 2038 qui
3640 1966 3789 2023 labo-

2198 2061 2323 2113 ratis
2352 2067 2397 2112 et
2423 2058 2616 2112 onerati
2643 2058 2759 2112 estis
2781 2098 2798 2123 ,
2825 2065 2872 2111 et
2901 2073 2992 2129 ego
3018 2073 3104 2112 vos
3130 2057 3377 2127 reﬁciam.
3398 2055 3584 2113 Tollite
3594 2058 3787 2131 jugum

2200 2167 2364 2205 meum
2390 2167 2541 2221 super
2559 2166 2643 2204 vos
2666 2190 2682 2215 ,
2711 2158 2758 2204 et
2794 2148 2969 2205 discite
2994 2167 3028 2203 a
3056 2165 3137 2205 me
3159 2150 3396 2218 quoniam
3424 2150 3559 2204 mitis
3584 2167 3699 2206 sum
3735 2161 3789 2209 et

2203 2243 2408 2297 humilis
2437 2242 2586 2296 corde
2613 2240 2823 2315 (Matth.
2849 2257 2934 2307 ιι,
2964 2240 3181 2311 25-29).
3219 2240 3341 2309 ille,
3374 2241 3462 2297 ille
3490 2242 3574 2297 cui
3600 2244 3783 2298 omnia

2200 2333 2414 2388 tradidit
2429 2333 2605 2397 Pater,
2625 2341 2845 2403 etquem
2867 2346 3025 2388 nemo
3043 2333 3279 2402 agnoscit
3302 2332 3401 2388 nisi
3419 2333 3594 2402 Pater,
3611 2343 3667 2391 et
3689 2338 3784 2407 qui

2199 2426 2414 2482 Patrem
2442 2426 2587 2482 solus
2631 2425 2899 2496 agnoscit,
2923 2433 2979 2480 et
3002 2424 3091 2480 cui
3118 2424 3347 2480 voluerit
3370 2425 3609 2481 revelare
3626 2467 3644 2495 ,
3672 2442 3783 2484 non

2199 2515 2360 2581 dicit,
2392 2515 2590 2570 Discite
2611 2530 2641 2569 a
2669 2530 2758 2570 me
2798 2514 3055 2571 mundum
3079 2513 3372 2583 fabricare,
3404 2524 3496 2571 aut
3543 2525 3783 2575 mortuos

2198 2607 2487 2672 suscitare;
2516 2606 2636 2671 sed,
2659 2607 2779 2675 quia
2804 2607 2939 2660 mitis
2976 2622 3086 2660 sum
3113 2616 3159 2661 et
3197 2606 3400 2661 humilis
3417 2607 3584 2661 corde.
3613 2605 3661 2663 Ο
3679 2608 3782 2662 do-

2198 2698 2422 2752 ctrinam
2447 2698 2735 2754 salutarem
2752 2700 2766 2754 l
2798 2712 2832 2753 o
2846 2697 3156 2769 Magistrum
3172 2697 3559 2769 Dominamque
3575 2708 3782 2754 morta-

2199 2787 2327 2842 lium
2350 2830 2364 2854 ,
2387 2788 2581 2859 quibus
2616 2803 2761 2844 mors
2784 2788 2976 2858 poculo
3010 2788 3275 2858 superbia:
3305 2790 3581 2859 propinata
3620 2801 3785 2860 atque

2200 2877 2463 2934 transfusa
2494 2881 2608 2935 est!
2660 2879 2838 2935 Noluit
2885 2878 3083 2936 docere
3121 2880 3265 2952 quod
3306 2880 3421 2950 ipse
3465 2895 3568 2935 non
3597 2893 3738 2939 esset
3763 2923 3778 2946 .

2200 2972 2370 3027 uoluit
2390 2970 2582 3040 jubere
2606 2970 2748 3041 quod
2778 2972 2891 3041 ipse
2923 2985 3028 3026 non
3073 2968 3296 3028 faceret.
3322 2970 3492 3029 Video
3519 2981 3571 3027 te
3593 3013 3608 3038 ,
3637 2972 3779 3029 bone

2197 3062 2354 3129 Jesu,
2383 3063 2552 3118 oculis
2581 3062 2734 3128 ﬁdei,
2767 3077 2902 3132 quos
2952 3063 3209 3131 aperuisti
3258 3061 3388 3117 mihi
3428 3072 3676 3135 tanquam
3719 3065 3781 3123 iu

2198 3155 2457 3210 concione
2485 3154 2698 3225 generis
2722 3154 2940 3208 humani
2984 3154 3301 3210 clamantem
3354 3169 3418 3210 ac
3464 3155 3728 3213 dicentem
3758 3197 3780 3226 ,

2212 3246 2387 3302 Venite
2411 3248 2478 3301 ad
2513 3263 2591 3301 me
2614 3288 2629 3315 ,
2656 3256 2704 3301 et
2732 3247 2905 3301 discite
2928 3264 2962 3301 a
2996 3263 3092 3300 me.
3115 3246 3251 3315 Quid
3269 3287 3284 3313 ,
3316 3247 3539 3303 obsecro
3581 3256 3650 3313 te,
3684 3264 3784 3319 per

2198 3355 2354 3409 quem
2391 3338 2525 3394 facta
2556 3339 2903 3402 suntomnia,
2926 3338 3026 3393 Fili
3077 3339 3209 3405 Dei,
3242 3348 3297 3395 et
3322 3340 3464 3396 idem
3489 3341 3577 3410 qui
3607 3341 3782 3397 iactus

2198 3444 2257 3485 es
2285 3430 2422 3484 inter
2447 3429 2625 3485 omnia
2647 3471 2663 3496 ,
2697 3428 2795 3486 Fili
2824 3430 3086 3497 hominis;
3113 3431 3240 3499 quid
3271 3440 3327 3486 ut
3347 3430 3616 3488 discamus
3637 3449 3667 3486 a
3695 3443 3771 3498 te,

2197 3522 2435 3577 venimus
2461 3521 2528 3575 ad
2555 3522 2640 3577 te?
2658 3520 2910 3587 Quoniam
2934 3523 3068 3577 mitis
3091 3538 3204 3577 sum
3223 3564 3238 3588 ,
3265 3522 3435 3592 inquit
3453 3564 3469 3589 ,
3496 3533 3545 3577 et
3571 3523 3779 3580 humilis

2196 3612 2366 3668 corde.
2396 3612 2625 3667 Haecine
2653 3610 2853 3668 redacti
2885 3620 3008 3667 sunt
3034 3628 3221 3667 omnes
3242 3610 3473 3668 thesauri
3504 3615 3783 3684 sapientia:

2196 3714 2250 3760 et
2276 3703 2510 3759 scientia:
2534 3703 2827 3758 absconditi
2850 3703 2903 3759 in
2931 3713 2981 3759 te
3015 3702 3231 3774 (Coloss.
3256 3719 3321 3764 ιι.
3351 3704 3440 3774 5),
3470 3713 3526 3759 ιιι
3551 3708 3652 3759 hoc
3682 3720 3780 3775 pro

2198 3811 2390 3866 magno
2418 3795 2686 3850 discamus
2711 3811 2739 3848 a
2773 3804 2824 3850 te
2846 3836 2862 3858 ,
2890 3796 3142 3864 quoniam
3193 3796 3336 3849 mitis
3383 3810 3443 3849 es
3466 3804 3520 3851 et
3564 3796 3781 3853 Immitis

2197 3886 2389 3941 corde?
2417 3886 2562 3940 itane
2585 3900 2828 3954 magnum
2859 3893 2943 3939 est
2969 3898 3089 3938 esse
3120 3900 3337 3953 parvum
3362 3924 3376 3948 ,
3408 3894 3465 3938 ut
3494 3884 3592 3939 nisi
3640 3900 3670 3939 τι
3724 3896 3779 3940 te

2198 3977 2286 4047 qui
2305 3986 2409 4030 tam
2440 3991 2662 4046 magnus
2693 3991 2751 4030 es
2793 3975 2974 4039 ﬁeret,
3002 3974 3133 4029 disci
3153 3976 3373 4029 omnino
3420 3990 3524 4029 non
3555 3978 3779 4045 posset?

2198 4068 2273 4123 Ita
2302 4068 2476 4139 plane.
2508 4067 2622 4122 Non
2651 4067 2791 4122 enim
2815 4068 2969 4121 aliter
2997 4067 3262 4122 invenitur
3288 4067 3499 4137 requies
3533 4069 3725 4126 animat
3754 4109 3770 4136 ,

2198 4160 2301 4215 nisi
2332 4159 2567 4229 inquieto
2597 4168 2801 4212 tumore
2829 4157 3037 4228 digesto
3059 4197 3074 4223 ,
3099 4172 3206 4228 quo
3253 4172 3443 4233 magna
3469 4158 3570 4213 sibi
3613 4168 3729 4215 erat
3754 4203 3771 4231 ,

2197 4250 2410 4321 quando
2434 4250 2523 4305 tibi
2547 4265 2674 4304 sana
2708 4266 2812 4303 non
2844 4258 2979 4304 erat.

2250 4338 2491 4414 _CAPUT
2513 4337 2756 4394 XXXVI.
2785 4368 2859 4379 --
2878 4339 2966 4394 56.
2997 4336 3318 4393 Humilitatis
3365 4338 3594 4392 doctrina
3625 4341 3781 4410 facile

2198 4433 2372 4486 audita
2396 4449 2429 4485 a
2457 4431 2816 4501 peccatoribus.
2843 4428 3129 4501 Virginibus
3154 4431 3309 4485 multo
3327 4430 3485 4499 magis
3500 4429 3777 4486 audienda.

2198 4525 2429 4580 Audiam
2459 4532 2508 4577 te
2529 4564 2543 4587 ,
2572 4532 2626 4578 et
2651 4522 2867 4577 veniant
2886 4523 2952 4577 ad
2983 4531 3061 4586 te,
3092 4530 3145 4575 et
3183 4520 3336 4574 mites
3362 4530 3522 4590 atque
3549 4518 3783 4576 humiles

2197 4632 2318 4670 esse
2343 4615 2547 4669 discant
2579 4630 2608 4667 a
2653 4624 2738 4680 te,
2779 4614 2869 4684 qui
2918 4612 3335 4669 misericordiam
3388 4621 3445 4666 et
3495 4615 3778 4669 veritatem

2200 4717 2342 4763 tuam
2368 4706 2682 4774 requirunt,
2712 4704 2804 4759 tibi
2836 4704 3088 4768 vivendo,
3127 4703 3253 4767 tibi,
3299 4719 3405 4756 non
3435 4703 3556 4757 sibi.
3586 4704 3779 4757 Audiat

2199 4801 2300 4857 hoc
2346 4801 2592 4854 laborans
2629 4808 2681 4851 et
2709 4807 2992 4864 oneratus,
3020 4798 3109 4868 qui
3139 4796 3346 4850 sarcina
3400 4794 3687 4864 premitur,
3723 4805 3782 4849 ut

2198 4891 2378 4946 oculos
2401 4889 2465 4943 ad
2493 4888 2687 4944 caelum
2714 4887 2891 4942 levare
2928 4903 3037 4941 non
3077 4885 3302 4950 audeat,
3344 4886 3645 4956 percutiens
3678 4900 3777 4955 pe-

2197 4994 2315 5039 ctus
2346 4983 2434 5037 ille
2463 4992 2706 5051 peccator
2729 4991 2783 5035 et
2818 4981 3181 5050 propinquans
3207 4980 3272 5033 de
3303 4978 3589 5049 longinquo
3616 4974 3768 5045 (Luc.

2198 5093 2327 5132 svnt
2346 5117 2358 5141 ,
2385 5076 2492 5143 15).
2526 5074 2717 5129 Audiat
2743 5072 2996 5129 Centurio
3014 5114 3028 5139 ,
3058 5089 3161 5126 non
3193 5071 3383 5142 dignus
3402 5071 3554 5139 cujus
3582 5078 3779 5126 tectum

2197 5171 2405 5225 subires
2433 5166 2639 5240 (Matth.
2673 5183 2764 5222 vui
2794 5208 2806 5233 ,
2839 5165 2914 5237 8).
2952 5164 3142 5220 Audiat
3173 5164 3432 5218 Zaclneus
3482 5163 3651 5232 major
3679 5180 3779 5231 pu-

2199 5264 2526 5318 blicanorum
2546 5302 2561 5328 ,
2584 5259 2877 5330 quadrupla
2900 5260 3188 5314 restituens
3214 5257 3362 5311 lucra
3391 5255 3775 5310 damuabilium

2199 5367 2533 5429 peccatorum
2565 5353 2715 5426 (Luc.
2745 5369 2835 5408 xix
2855 5393 2871 5418 ,
2902 5351 2937 5406 2
2965 5392 2979 5416 ,
3009 5350 3085 5421 8).
3116 5347 3312 5405 Audiat
3335 5346 3527 5404 mulier
3560 5348 3614 5402 in
3644 5347 3779 5404 civi-

2264 5575 2281 5605 ¹
2305 5571 2520 5623 Nonnulli
2543 5578 2670 5629 Mss,
2687 5573 3117 5633 commemorasset,
3143 5566 3357 5633 idipsum
3378 5563 3537 5618 volens
3554 5562 3780 5617 ostende-

2199 5648 2254 5685 re
2266 5647 2292 5702 ί
2316 5637 2488 5685 omissa
2512 5631 2756 5702 particula,
2778 5636 2869 5702 et.‘
2924 5699 2931 5702 _
3086 5698 3095 5702 Α
3216 5631 3234 5702 ‘_
3390 5697 3400 5702 _

2264 5698 2283 5727 ²
2306 5705 2352 5745 ιιι
2394 5705 2494 5743 uss.
2514 5690 2664 5744 'deest
2703 5707 2811 5756 vox,
2847 5699 2989 5743 Pater
3006 5704 3025 5755 ;
3052 5698 3105 5742 et
3126 5690 3270 5756 paulo
3300 5697 3409 5755 post
3432 5691 3669 5741 omittitur
3680 5721 3699 5753 ,
3729 5690 3782 5744 ,ιι

2202 5757 2530 5811 prudentibus.
3251 5755 3263 5765 ·
3541 5807 3545 5811 _
