4142 6212
253 425 371 471 tate
393 409 839 484 peccatrix,tanto
862 400 1213 476 laerymosior
1243 397 1470 469 pedibus
1492 395 1614 459 tuis,
1647 398 1846 463 quanto

256 502 673 561 fucratalienior
700 515 731 555 a
759 496 996 567 vestigiis
1023 492 1124 548 tuis
1154 490 1301 564 (Luc.
1334 506 1407 545 vu
1432 530 1446 553 ,
1478 488 1566 553 57,
1596 486 1710 555 38).
1742 484 1853 537 Au-

253 601 411 658 diant
436 596 749 657 meretrices
797 600 852 648 et
885 586 1190 662 publicani,
1220 584 1311 657 qui
1340 582 1555 641 Scribas
1580 589 1635 635 et
1658 575 1849 634 Phari-

253 707 399 749 szeos
424 686 799 761 prteceduntin
829 698 1051 755 regnum
1078 680 1337 737 cmlorum
1360 674 1571 749 (Matth.
1592 688 1680 729 nt
1698 713 1714 739 ,
1732 671 1848 738 5t).

256 782 460 839 Audiat
499 794 658 836 omne
685 790 855 849 genus
902 787 1195 845 :egrorum,
1229 784 1352 825 cum
1391 766 1585 838 quibus
1612 764 1705 820 tibi
1756 777 1852 834 pro

255 872 488 928 crimine
510 876 635 925 sunt
659 867 872 936 objecta
895 863 1139 920 convivia
1158 903 1174 928 ,
1211 859 1457 915 videlicet
1478 857 1630 929 quasi
1659 872 1690 911 a
1707 855 1852 910 sanis

251 964 353 1035 qui
379 962 644 1017 medicum
695 974 801 1013 non
828 955 1168 1029 quaerebant,
1200 968 1321 1008 eum
1377 960 1435 1006 tu
1487 965 1591 1005 non
1637 947 1852 1004 venires

253 1070 457 1110 vocare
477 1054 648 1124 justos
666 1094 682 1119 ,
711 1049 811 1106 sed
828 1056 1135 1119 peccatores
1162 1045 1213 1099 in
1240 1044 1608 1115 paenitentiam
1638 1039 1749 1112 (Id.
1769 1055 1849 1106 ix,

254 1150 285 1204 Ι
306 1147 482 1219 1-15).
509 1146 572 1201 Ili
598 1158 786 1200 onmes
809 1158 932 1198 cum
958 1146 1343 1196 convertuntur
1362 1136 1430 1191 ad
1457 1146 1539 1201 te,
1567 1134 1721 1190 facile
1749 1133 1849 1188 mi-

259 1249 479 1296 tescunt
503 1251 557 1294 et
600 1235 947 1292 humiliantur
975 1247 1157 1290 coram
1189 1239 1242 1287 te
1262 1272 1277 1295 .
1304 1243 1574 1285 memores
1622 1226 1852 1298 iniquis-

261 1332 421 1386 sima:
465 1329 587 1385 vita:
635 1343 780 1394 suze,
837 1334 892 1381 et
943 1320 1416 1394 indulgentissima:
1470 1317 1851 1375 misericordia:

260 1431 407 1487 tute;
455 1420 579 1493 quia
634 1419 721 1474 ubi
764 1417 1037 1472 abundavit
1076 1424 1333 1488 peccatum
1355 1454 1372 1482 ,
1425 1410 1854 1484 superabundavit

258 1516 434 1587 gratia
460 1513 639 1586 (liam.
663 1529 697 1566 v
714 1553 730 1579 ,
756 1510 874 1581 9.0).

338 1608 431 1663 57.
462 1605 571 1662 Sed
600 1607 808 1675 respice
830 1603 1040 1673 agmina
1068 1600 1331 1672 virginum
1351 1642 1365 1666 ,
1394 1613 1679 1669 puerorum
1701 1596 1857 1669 puel-

262 1698 552 1768 larumque
576 1706 919 1752 sanctarum:
968 1695 1019 1748 iu
1068 1692 1304 1747 Ecclesia
1344 1701 1427 1746 tua
1477 1690 1741 1745 eruditum
1774 1698 1856 1743 est

268 1788 373 1844 hoc
400 1802 608 1858 genus;
635 1787 742 1845 illic
769 1786 861 1842 tibi
903 1802 930 1839 a
958 1784 1214 1840 maternis
1244 1783 1492 1839 uberibus
1529 1782 1808 1852 pullulavit
1840 1821 1855 1846 ,

266 1880 327 1936 in
354 1882 370 1912 ¹
397 1895 591 1936 nomen
618 1888 764 1936 tuum
794 1878 861 1933 ad
889 1875 1213 1947 loquendum
1258 1875 1492 1945 linguam
1543 1872 1728 1936 solvit,
1760 1887 1857 1927 no-

267 1988 398 2028 men
432 1981 578 2025 luum
610 1969 761 2024 velut
782 1969 864 2024 lac
889 1967 1124 2023 infantiae
1152 1982 1265 2023 sua:
1291 1964 1435 2020 auxit
1457 1963 1711 2019 infusum.
1738 1962 1856 2017 Non

269 2070 455 2135 potest
477 2062 759 2132 quisquam
784 2076 851 2115 ex
881 2058 984 2115 hoc
1004 2073 1228 2113 numero
1248 2056 1429 2112 dicere
1446 2097 1461 2120 ,
1494 2056 1592 2121 Qui
1618 2055 1760 2125 prius
1784 2055 1860 2124 fui

268 2153 600 2223 blasphemus
642 2162 687 2206 et
734 2159 1019 2222 persecutor
1037 2158 1084 2202 et
1120 2148 1429 2218 injuriosus.
1454 2145 1542 2200 sed
1576 2145 1861 2200 misericor-

269 2246 418 2301 diam
438 2252 730 2300 consecutus
755 2259 865 2297 sum
885 2282 901 2308 ,
922 2241 1040 2308 quia
1065 2241 1304 2309 ignorans
1318 2237 1416 2307 feci
1436 2238 1489 2291 iu
1515 2235 1863 2291 incredulitate

274 2335 321 2405 (l
345 2334 483 2390 Tim.
515 2350 532 2388 ι
556 2375 573 2400 ,
609 2332 693 2403 15)
724 2351 735 2386 :
768 2334 875 2386 imo
889 2333 1046 2386 etiam
1070 2328 1211 2400 quod
1238 2344 1342 2382 non
1364 2328 1571 2397 jussisti
1589 2368 1604 2393 ,
1628 2326 1723 2381 sed
1743 2338 1861 2380 tan-

275 2423 559 2481 tummodo
607 2422 909 2477 volentibus
959 2418 1320 2490 arripiondum
1372 2417 1729 2487 proposuisti,
1783 2414 1865 2471 di-

274 2531 411 2573 cens
432 2557 449 2583 ,
474 2516 571 2581 Qui
601 2523 760 2584 potest
804 2530 1010 2584 capere,
1043 2511 1210 2580 capiat
1230 2551 1246 2576 ,
1302 2510 1676 2578 arripuerunt,
1707 2522 1866 2563 vove-

275 2621 405 2665 runt
425 2624 441 2674 ;
459 2616 515 2663 et
538 2617 752 2677 propter
778 2621 997 2675 regnum
1023 2605 1280 2660 ctelorum
1310 2618 1369 2657 se
1395 2603 1537 2671 ipsos
1563 2642 1578 2665 ,
1610 2617 1715 2657 non
1741 2601 1865 2671 quia

276 2702 516 2756 minatus
530 2713 589 2755 es
602 2739 619 2764 ,
646 2696 740 2754 sed
763 2697 885 2768 quia
907 2698 1148 2752 hortatus
1162 2712 1220 2751 es
1238 2737 1254 2762 ,
1271 2701 1638 2750 castraverunt
1663 2693 1865 2765 (Matth.

276 2808 372 2848 nx
396 2833 412 2857 ,
449 2789 560 2861 l2).

349 2879 581 2937 CAPUT
609 2878 872 2936 XXXVII.
893 2877 1212 2935 Humilitutis
1237 2879 1522 2950 exemplum
1545 2879 1598 2932 in
1621 2879 1732 2948 ipso
1758 2877 1867 2932 Do-

277 2976 423 3030 mino
436 2975 745 3043 propositum
758 2974 1051 3043 uirginibus.
1077 2971 1404 3026 Ilisinclama
1425 3013 1442 3035 ,
1470 2970 1522 3024 hi
1555 2978 1604 3023 te
1631 2970 1866 3035 audiant,

278 3068 536 3139 quoniam
559 3068 701 3121 mitis
741 3082 800 3120 es
840 3075 895 3121 ct
921 3066 1132 3122 humilis
1146 3067 1325 3121 corde.
1369 3066 1428 3119 lli
1464 3072 1663 3133 quanto
1694 3063 1869 3131 magni

279 3169 434 3224 sunt,
452 3168 599 3214 tanto
629 3159 908 3214 humilieut
933 3174 992 3213 se
1021 3159 1072 3213 in
1100 3159 1363 3223 otnnihus,
1384 3166 1438 3211 ut
1457 3170 1638 3211 coram
1661 3156 1872 3211 teinve-

281 3252 693 3323 niantgratiam.
723 3250 856 3306 Justi
871 3259 1025 3305 sunt:
1044 3250 1136 3305 sed
1158 3250 1411 3318 numquid
1432 3249 1569 3304 sicut
1597 3257 1651 3303 tu
1673 3248 1870 3318 justiti—

283 3360 417 3400 cans
436 3343 725 3414 itnpium‘?
752 3342 895 3398 Casii
914 3352 1038 3398 sunt
1058 3362 1070 3397 :
1089 3342 1182 3397 sed
1199 3357 1293 3398 eos
1320 3343 1371 3396 in
1418 3344 1647 3410 peccatis
1673 3351 1872 3396 matres

284 3454 474 3496 eorum
494 3438 546 3491 in
566 3438 728 3493 utet-is
752 3437 998 3491 aluerunt
1015 3434 1184 3508 (Paul.
1210 3451 1240 3488 ι.
1256 3477 1272 3500 ,
1299 3435 1373 3505 7).
1396 3433 1573 3490 Sancti
1590 3444 1713 3491 sunt
1736 3454 1749 3488 :
1778 3435 1872 3491 sed

287 3539 346 3586 tu
364 3532 524 3585 etiam
553 3538 766 3584 sanctus
792 3538 1116 3585 sanctorum.
1142 3526 1385 3597 Virgines
1411 3537 1536 3582 sunt
1564 3545 1576 3581 :
1611 3528 1707 3582 sed
1758 3529 1871 3582 nati

286 3623 450 3675 etiam
482 3636 546 3675 ex
566 3619 864 3690 virginibus
889 3634 994 3673 nou
1020 3627 1164 3672 sunt.
1200 3618 1265 3672 Et
1292 3617 1480 3686 spiritu
1518 3626 1575 3673 et
1608 3633 1771 3672 carne
1794 3614 1895 3671 in-'

287 3712 424 3782 tegri
455 3719 578 3766 sunt
605 3728 619 3764 :
652 3710 744 3766 sed
772 3709 1001 3765 Verbum
1021 3723 1145 3763 caro
1174 3707 1368 3763 factum
1399 3722 1504 3762 nou
1529 3717 1673 3763 sunt.
1706 3709 1769 3763 Et
1799 3718 1876 3761 ta-

288 3819 414 3859 men
440 3801 682 3865 discant,
708 3816 820 3856 non
846 3800 914 3855 ab
943 3800 1022 3855 eis
1043 3799 1235 3869 quibus
1263 3809 1475 3868 peccata
1506 3798 1751 3863 dimittis,
1780 3797 1873 3851 sed

289 3912 322 3951 a
363 3905 414 3951 te
455 3895 570 3964 ipso
595 3893 749 3964 Agno
774 3892 902 3958 Dei,
933 3892 1021 3961 qui
1049 3890 1190 3945 tollis
1221 3899 1434 3958 peccata
1464 3888 1646 3943 mundi
1682 3887 1873 3959 (Joan.

290 4002 349 4053 ι,
391 3987 497 4049 14,
552 3984 644 4053 29)
671 4025 685 4048 ,
725 3983 976 4052 quoniam
1015 3981 1158 4036 mitis
1203 3995 1264 4036 es
1311 3988 1367 4035 et
1434 3979 1649 4035 humilis
1690 3978 1873 4034 corde.

363 4077 451 4134 58.
478 4076 597 4132 Non
633 4092 733 4146 ego
760 4085 809 4130 te
828 4116 844 4143 ,
883 4075 1057 4129 anima
1081 4072 1166 4143 pie
1192 4072 1380 4142 pudica
1403 4112 1418 4137 ,
1440 4087 1559 4141 qua:
1585 4071 1877 4140 appetitum

290 4168 567 4225 carnalem
605 4182 705 4223 nec
741 4152 904 4237 usque
941 4166 1007 4222 ad
1046 4180 1360 4223 concessum
1399 4163 1703 4235 coniugium
1742 4165 1881 4219 rela-

291 4261 431 4318 sasti
451 4302 468 4325 ,
494 4274 617 4329 quzc
655 4257 991 4312 decessurum
1022 4270 1216 4325 corpus
1243 4269 1341 4310 nec
1369 4254 1665 4310 successori
1689 4269 1878 4324 propa-

291 4352 473 4422 gando
509 4349 769 4405 indulsisti
790 4390 804 4415 ,
840 4363 961 4418 quae
1011 4345 1269 4402 ﬂuitantia
1317 4346 1557 4402 membra
1585 4352 1793 4402 terrena
1827 4347 1878 4399 in

293 4443 420 4499 cmli
468 4438 905 4497 consuetudinem
957 4437 1282 4509 suspendisti
1330 4454 1343 4490 :
1385 4452 1491 4492 non
1538 4452 1639 4507 ego
1678 4445 1729 4491 te
1751 4477 1767 4502 ,
1823 4446 1883 4491 ut

293 4536 476 4590 discas
496 4531 866 4594 humilitatem,
882 4529 950 4583 ad
975 4528 1282 4599 publicanos
1302 4538 1359 4584 et
1378 4537 1685 4598 peccatores
1705 4528 1878 4596 mitto,

293 4627 388 4698 qui
418 4635 592 4679 tamen
618 4624 670 4679 in
698 4638 919 4693 regnum
943 4622 1201 4677 caelorum
1242 4621 1551 4693 praecedunt
1578 4621 1878 4691 superbos;

295 4732 404 4771 non
448 4727 502 4770 te
527 4714 593 4769 ad
641 4716 737 4767 bos
763 4713 956 4778 mitto;
988 4712 1185 4783 indigni
1215 4720 1340 4767 sunt
1365 4713 1507 4767 enim
1544 4712 1632 4783 qui
1677 4714 1745 4767 ab
1778 4712 1882 4766 im-

295 4807 575 4865 munditia:
603 4806 853 4873 voragine
882 4805 1085 4860 liberati
1114 4816 1238 4858 sunt
1263 4846 1278 4869 ,
1312 4815 1369 4859 ut
1387 4804 1454 4860 ad
1470 4820 1565 4859 eos
1596 4802 1883 4859 imitandos

294 4902 541 4954 mittatur
569 4899 766 4954 illibata
794 4897 1069 4967 virginitas
1095 4913 1110 4950 :
1143 4895 1212 4950 ad
1243 4896 1440 4966 Regem
1461 4895 1584 4951 coeli
1608 4904 1658 4950 te
1685 4895 1837 4949 mitto
1865 4935 1881 4963 ,

290 4992 363 5046 ad
384 5006 507 5045 eum
548 5005 643 5059 per
667 5005 824 5060 quem
851 4988 1017 5044 creati
1044 4996 1167 5042 sunt
1190 4988 1432 5044 homines
1452 5028 1465 5050 ,
1491 4994 1546 5041 et
1568 4988 1655 5055 qui
1675 4995 1886 5042 creatus

286 5094 382 5139 est
411 5086 551 5138 inter
578 5081 822 5138 homines
866 5089 1084 5150 propter
1140 5079 1418 5143 homines;
1465 5078 1530 5133 ad
1585 5080 1883 5147 speciosum

286 5174 472 5232 forma
517 5189 627 5245 pra:
679 5171 802 5228 ﬁliis
847 5174 1119 5228 hominum
1159 5170 1333 5245 (Psal.
1365 5185 1490 5226 κων
1515 5212 1528 5232 ,
1556 5170 1612 5237 5)
1636 5212 1650 5231 ,
1680 5179 1734 5223 et
1758 5184 1887 5223 con-

288 5275 620 5338 temptuma
668 5263 791 5320 [illis
833 5262 1112 5319 hominum
1162 5277 1260 5333 pro
1311 5262 1435 5317 ﬁliis
1484 5262 1792 5325 hominum,
1820 5261 1886 5316 ad

282 5375 416 5421 cum
441 5357 532 5426 qui
560 5356 842 5412 dominans
883 5356 1100 5426 Angelis
1128 5355 1516 5410 immortalibus
1534 5397 1549 5419 ,
1609 5368 1711 5407 non
1739 5354 1889 5407 dedi-

279 5462 492 5522 gnatus
507 5455 591 5502 est
615 5446 816 5503 servire
838 5447 1170 5502 mortalibus.
1193 5446 1325 5501 Eum
1352 5456 1496 5501 certe
1510 5445 1763 5499 humilem
1784 5460 1886 5498 non

280 5540 553 5613 iniquitas
572 5579 586 5604 ,
618 5538 710 5594 sed
738 5537 974 5594 Charitas
1000 5537 1160 5604 fecit;
1194 5538 1414 5593 cltaritas
1445 5554 1563 5608 quae
1597 5553 1697 5590 non
1728 5552 1888 5589 (viuu-

357 5682 377 5729 ί
400 5693 513 5745 sola
534 5692 683 5745 editio
702 5701 809 5745 Lor.
830 5692 1011 5755 omittit
1028 5692 1328 5755 particulam,
1354 5695 1418 5745 in.

356 5761 379 5794 ι
397 5763 476 5809 ιιι.
505 5762 557 5807 et
581 5756 794 5808 nonnulli
818 5764 923 5806 Mss.
950 5753 1220 5819 justiﬁcaat
1239 5755 1454 5819 impitan.

1661 264 1865 333 LIBER
1904 258 2102 333 unus.

3431 286 3539 349 M8

1962 390 2127 459 tatur,
2168 409 2269 447 non
2313 395 2557 466 inﬂatur,
2592 413 2692 467 non
2730 400 2909 472 quazrit
2939 418 3052 473 qua:
3077 419 3171 458 sua
3208 414 3325 460 sunt
3345 403 3387 478 (Ι
3413 404 3535 463 Cor.

1961 497 2051 537 sua
2074 524 2088 548 ,
2111 483 2175 551 λι,
2205 484 2259 557 5)
2296 504 2309 538 ;
2332 488 2450 556 quia
2481 501 2526 543 et
2548 488 2776 546 Christus
2795 510 2895 548 non
2908 495 3002 549 sibi
3022 496 3250 566 placuit;
3276 498 3386 564 sed,
3409 498 3539 555 sicut

1959 575 2201 645 scriptum
2227 577 2290 634 de
2312 578 2401 635 illo
2425 591 2532 648 est,
2559 583 2845 655 Opprobria
2864 588 3277 658 exprobrantium
3297 592 3386 646 tibi
3405 592 3539 647 ceci-

1960 665 2141 721 derunt
2166 686 2315 741 super
2343 688 2422 726 me
2452 672 2625 743 (Rom.
2652 691 2755 743 sv,
2786 678 2866 748 5).
2909 677 3052 735 Vade
3070 721 3087 745 ,
3113 682 3231 736 veni
3256 681 3323 736 ad
3355 683 3501 737 illum
3521 722 3538 748 ,

1958 768 2013 815 et
2038 759 2184 817 disce
2220 765 2470 833 quoniam
2493 767 2635 823 mitis
2663 778 2819 824 estet
2848 770 3063 828 humilis
3089 772 3271 829 corde.
3296 774 3410 828 Non
3442 775 3543 829 ibis

1959 851 2026 907 ad
2071 870 2192 909 eum
2235 856 2326 926 qui
2362 858 2545 914 oculos
2586 859 2654 916 ad
2697 863 2889 919 coelum
2937 865 3116 921 levare
3153 882 3262 922 non
3312 867 3543 923 audebat

1958 958 2121 1001 onere
2144 945 2471 1018 iniquitatis;
2501 951 2594 1007 sed
2624 952 2691 1008 ad
2711 970 2833 1011 eum
2870 956 2965 1028 qui
2985 957 3053 1014 de
3093 961 3232 1015 caelo
3265 959 3541 1015 descendit

1958 1036 2196 1107 pondere
2221 1038 2497 1098 cbaritatis
2541 1043 2718 1116 (Joan.
2750 1063 2833 1113 Vl,
2874 1048 3004 1120 58).
3033 1048 3149 1105 Non
3190 1049 3293 1105 ibis
3333 1051 3397 1105 ad
3425 1066 3543 1107 eam

1960 1144 2078 1199 quas
2106 1131 2315 1187 Domini
2336 1135 2416 1189 sui
2447 1136 2611 1206 pedes
2637 1138 2890 1212 Iacrymis
2907 1142 3124 1212 rigavit,
3165 1159 3412 1215 quaerens
3462 1144 3542 1200 in-

1960 1218 2285 1292 dulgentiam
2308 1227 2549 1297 gravium
2581 1240 2950 1299 peccatorum;
2978 1234 3071 1289 sed
3095 1234 3196 1289 ibis
3225 1235 3293 1291 ad
3316 1250 3438 1291 eum
3455 1237 3543 1305 qui

1960 1325 2083 1367 cum
2112 1313 2265 1371 daret
2291 1317 2673 1389 indulgentiam
2714 1323 2951 1378 omnium
2999 1335 3336 1395 peccatorum
3361 1367 3378 1393 ,
3420 1326 3549 1383 lavit

1961 1405 2124 1476 pedes
2151 1423 2370 1465 suorum
2402 1427 2678 1470 servorum
2706 1413 2817 1487 (Id.
2863 1433 2956 1472 xm
2980 1459 2995 1483 ,
3026 1414 3101 1491 5).
3131 1417 3264 1474 Novi
3312 1419 3546 1489 dignita-

1965 1509 2069 1554 tem
2096 1501 2412 1572 virginitatis
2437 1515 2539 1560 tua:
2562 1524 2575 1560 :
2600 1522 2707 1561 non
2725 1508 2821 1562 tibi
2852 1524 3092 1579 propono
3118 1510 3430 1565 imitandum
3453 1525 3550 1581 puo

1963 1589 2229 1649 blicanum
2265 1594 2534 1653 humiliter
2557 1611 2897 1657 accusantem
2927 1601 3122 1657 delicta
3170 1618 3263 1658 sua
3289 1618 3305 1669 ;
3357 1602 3452 1659 sed
3479 1603 3549 1658 ti-

1964 1697 2086 1736 meo
2114 1685 2206 1739 tibi
2238 1687 2557 1755 pbarisarum
2605 1691 2835 1761 superbe
2876 1692 3166 1762 iactantem
3218 1693 3409 1749 merita
3452 1707 3550 1750 sua

1967 1775 2118 1850 (Luc.
2143 1796 2297 1847 xvtu,
2330 1780 2542 1854 10-14).
2569 1782 2688 1838 Non
2714 1784 2834 1839 dico
2857 1825 2872 1849 ,
2899 1786 3027 1840 Esto
3058 1786 3229 1856 qualis
3250 1786 3341 1840 illa
3362 1786 3431 1842 de
3448 1801 3551 1856 qua

1964 1867 2165 1924 dictum
2203 1880 2317 1937 est,
2360 1871 2698 1927 Dimittuntur
2734 1876 2779 1929 ei
2815 1885 3022 1943 peccata
3070 1876 3265 1942 multa,
3313 1876 3553 1946 quoniam

1966 1961 2142 2017 dilexit
2171 1963 2418 2029 multum;
2445 1964 2540 2019 sed
2565 1974 2746 2020 metuo
2775 1981 2844 2022 ne
2871 1981 2992 2022 cum
3022 1967 3116 2022 tibi
3155 1968 3426 2024 modicum
3470 1967 3555 2023 di-

1967 2051 2105 2107 mitti
2134 2063 2320 2121 putas,
2356 2054 2621 2110 modicum
2646 2056 2836 2125 diligas
2874 2056 2984 2129 (Id.
3015 2074 3119 2126 vn,
3152 2058 3249 2124 58,
3279 2059 3395 2130 47).

2037 2142 2262 2201 CAPUT
2318 2144 2606 2203 XXXVIII.
2639 2177 2714 2188 —-
2755 2149 2845 2205 59.
2887 2148 3061 2203 Timor
3101 2150 3227 2218 ipsis
3266 2148 3545 2222 uirginibus

1968 2236 2275 2291 necessarius
2293 2278 2308 2300 .
2337 2254 2439 2293 non
2469 2240 2618 2294 timor
2644 2240 2905 2296 swcularis
2924 2252 3016 2295 aut
3043 2242 3258 2300 servilis.
3288 2242 3379 2299 sed
3403 2244 3555 2299 timor

1968 2325 2068 2382 Dei
2090 2339 2278 2384 castus.
2308 2330 2506 2396 Metuo,
2540 2333 2777 2403 inquam,
2810 2334 2903 2389 tibi
2939 2335 3304 2401 vehementer,
3335 2351 3405 2393 ne
3432 2352 3555 2393 cum

1973 2426 2025 2474 te
2054 2419 2260 2489 Agnum
2286 2436 2621 2493 quocumque
2646 2425 2768 2480 ierit
2791 2436 3094 2482 secuturam
3125 2442 3245 2485 esse
3283 2429 3553 2501 gloriaris,

1969 2526 2094 2568 eum
2115 2525 2228 2582 pra:
2248 2521 2460 2570 tumore
2483 2517 2750 2585 superbiae
2775 2519 2924 2589 sequi
2949 2534 3043 2589 per
3061 2528 3281 2590 angusta
3309 2536 3413 2577 non
3437 2534 3560 2592 pos-

1971 2603 2066 2658 sis.
2109 2602 2315 2659 Bonum
2346 2615 2426 2660 est
2454 2606 2546 2662 tibi
2573 2648 2588 2673 ,
2619 2622 2653 2662 ο
2679 2608 2855 2663 anima
2886 2609 3159 2680 virginalis
3178 2651 3195 2675 ,
3234 2620 3289 2665 ut
3313 2612 3391 2667 sic
3425 2627 3559 2683 quo-

1972 2693 2133 2750 modo
2161 2695 2311 2767 virgo
2347 2712 2445 2763 es,
2487 2698 2564 2752 sic
2596 2699 2817 2753 omnino
2859 2715 3079 2756 servans
3122 2703 3173 2755 in
3212 2702 3377 2757 corde
3414 2701 3559 2772 quod

1972 2794 2157 2840 renata
2182 2800 2243 2841 es
2262 2827 2277 2853 ,
2308 2802 2531 2842 servans
2556 2789 2608 2843 in
2638 2805 2798 2843 carne
2823 2791 2965 2860 quod
3017 2801 3134 2846 nata
3164 2808 3223 2846 es
3245 2836 3260 2859 ,
3288 2793 3561 2864 concipias

1977 2886 2151 2931 tamen
2197 2893 2227 2931 a
2259 2879 2449 2933 timore
2496 2880 2703 2934 Domini
2731 2892 2785 2935 et
2812 2882 3073 2951 parturias
3101 2884 3344 2952 Spiritum
3375 2884 3561 2941 salutis

1977 2968 2129 3039 (lsai.
2158 2985 2286 3024 xxvi
2307 3012 2320 3035 ,
2353 2971 2465 3041 18).
2517 2971 2693 3025 Timor
2721 2973 2937 3041 quidem
2970 2990 3070 3027 non
3099 2986 3168 3028 est
3197 2976 3247 3028 in
3277 2976 3557 3043 charitate,

1974 3063 2064 3116 sed
2082 3066 2305 3131 perfecta
2350 3063 2489 3117 sicut
2514 3064 2768 3131 scriptum
2791 3073 2892 3125 est,
2920 3066 3143 3118 clientas
3169 3066 3307 3129 {oras
3329 3066 3479 3118 mittit
3500 3065 3564 3119 ti-

1978 3168 2164 3207 morem
2200 3154 2242 3223 (ι
2265 3152 2424 3207 Joan.
2451 3171 2520 3220 tv,
2552 3152 2640 3227 18)
2673 3171 2686 3207 :
2722 3155 2815 3208 sed
2849 3143 3092 3209 timorem
3121 3156 3418 3222 hominum,
3453 3171 3560 3213 non

1979 3243 2109 3309 Dei;
2152 3244 2395 3299 timorem
2424 3245 2796 3315 temporalium
2830 3247 3122 3310 malorum,
3158 3263 3265 3302 non
3304 3247 3468 3303 divini
3508 3230 3564 3305 in

1980 3333 2296 3404 Iiuejudicii.
2332 3334 2458 3390 Noli
2482 3336 2641 3390 altum
2664 3353 2859 3408 sapere,
2884 3338 2971 3391 sed
2993 3338 3111 3392 time
3135 3337 3311 3411 (Rom.
3344 3356 3417 3407 tu,
3444 3338 3561 3412 20).

1980 3429 2112 3483 Ama
2160 3428 2259 3482 Dei
2303 3428 2625 3494 bonitatem,
2675 3431 2802 3485 time
2847 3432 3192 3486 severitatem
3237 3441 3566 3504 :utruntque

1980 3526 2033 3574 te
2075 3518 2359 3588 superbam
2400 3535 2652 3593 essenon
2692 3521 2840 3576 sinit.
2885 3522 3128 3577 Amando
3171 3522 3313 3579 enim
3366 3524 3561 3593 times,

1981 3626 2048 3667 ue
2075 3620 2309 3666 atnatum
2340 3621 2396 3667 et
2422 3623 2686 3668 amantem
2726 3614 2960 3682 graviter
2994 3614 3253 3671 oITendas.
3284 3613 3415 3669 Nam
3446 3630 3566 3685 qua:

1978 3702 2192 3772 gravior
2202 3702 2446 3769 ollensio,
2464 3720 2621 3774 quam
2639 3713 2695 3757 ut
2715 3705 2959 3772 superbia
2973 3705 3053 3775 (a)
3067 3706 3141 3759 illi
3157 3706 3461 3774 displicens,
3476 3705 3567 3775 qui

1982 3806 2198 3863 propter
2224 3802 2274 3849 te
2299 3794 2543 3862 superbis
2571 3794 2879 3863 displicuit?
2908 3796 2973 3848 Et
3001 3794 3087 3849 ubi
3117 3796 3284 3860 magis
3313 3807 3434 3853 esse
3474 3794 3569 3849 de-

1982 3884 2075 3939 bet
2120 3886 2268 3938 timor
2318 3886 2405 3939 ille
2451 3896 2618 3939 castus
2663 3901 2959 3954 permanens
3004 3885 3057 3938 in
3100 3885 3341 3939 naculum
3395 3883 3570 3939 δαίειαὶ

1984 3973 2158 4044 (Psal.
2192 3991 2343 4035 xvm.
2378 3973 2465 4047 10)
2490 4017 2503 4037 ,
2532 3991 2688 4045 quam
2720 3975 2770 4028 in
2815 3982 2864 4030 te
2889 4017 2902 4040 ,
2935 3992 3054 4046 qum
3081 3991 3186 4030 non
3217 3976 3422 4048 cogitas
3450 3989 3571 4047 qua:
3615 4038 3626 4048 ,

1984 4075 2109 4120 sunt
2135 4064 2339 4131 mundi,
2367 4066 2635 4135 quomodo
2656 4067 2864 4135 placeas
2884 4067 3093 4139 conjugi
3116 4084 3130 4127 ;
3177 4067 3269 4123 sed
3297 4084 3416 4140 quae
3444 4078 3570 4124 sunt

1986 4157 2214 4223 Domini,
2244 4157 2511 4229 quomodo
2540 4160 2750 4229 placeas
2792 4162 3014 4218 Domino
3061 4164 3104 4236 (Ι
3146 4163 3265 4220 Cor.
3294 4179 3363 4220 vn
3385 4205 3400 4230 ,
3429 4159 3569 4235 32)?

1988 4248 2080 4305 llIc
2102 4251 2237 4306 alius
2262 4251 2420 4306 timor
2444 4268 2549 4308 non
2571 4264 2655 4309 cst
2676 4254 2726 4308 in
2749 4252 3007 4311 charitate
3032 4274 3044 4310 :
3071 4257 3173 4311 iste
3193 4269 3368 4313 autem
3391 4266 3571 4313 castus

1989 4359 2093 4401 non
2117 4345 2317 4402 recedit
2340 4360 2369 4400 a
2390 4346 2673 4403 charitate.
2697 4348 2753 4403 Si
2776 4363 2880 4404 n0u
2902 4365 3067 4415 amas,
3097 4350 3314 4406 timene
3333 4366 3523 4421 pereas
3553 4371 3567 4408 :

1987 4439 2031 4494 si
2063 4454 2211 4494 amas
2230 4480 2247 4507 ,
2275 4440 2403 4496 time
2428 4457 2496 4496 ne
2525 4441 2830 4511 displiceas.
2869 4442 3021 4497 Illum
3064 4444 3307 4498 timorem
3338 4444 3573 4500 charitas

1988 4531 2132 4587 foras
2169 4534 2333 4588 mittit
2364 4549 2379 4585 :
2410 4548 2528 4587 cum
2562 4534 2665 4587 isto
2705 4533 2844 4586 intro
2882 4533 3066 4587 currit.
3118 4533 3253 4587 Dicit
3294 4534 3568 4603 apostolus

1990 4627 2146 4680 etiam
2175 4626 2368 4680 Paulus
2397 4642 2411 4679 :
2445 4624 2565 4679 Non
2590 4627 2723 4680 enim
2748 4625 3030 4695 accepimus
3056 4625 3290 4692 spiritum
3319 4627 3572 4683 servitutis

1989 4717 2169 4769 iterum
2198 4717 2249 4768 in
2280 4716 2508 4768 timorem
2539 4716 2594 4779 ις
2633 4715 2724 4769 sed
2744 4718 3032 4784 accepimus
3058 4715 3310 4783 Spiritum
3339 4716 3572 4786 adoptio-

1991 4810 2070 4862 nis
2095 4808 2316 4877 ﬁliorum
2338 4849 2351 4872 ,
2398 4808 2453 4861 in
2489 4824 2589 4878 quo
2626 4808 2904 4863 clamamus
2924 4850 2940 4873 ,
2972 4808 3143 4873 Abba,
3192 4806 3346 4863 Pater
3392 4808 3568 4878 (Rom.

1991 4913 2104 4966 vtu,
2136 4897 2247 4971 I5).
2279 4898 2429 4953 Illum
2452 4914 2573 4953 eum
2603 4899 2845 4953 timorem
2875 4898 3039 4954 credo
3067 4898 3267 4963 dicere,
3299 4900 3387 4969 qui
3419 4900 3576 4954 datus

1993 5000 2111 5049 erat
2138 4991 2192 5046 in
2223 4991 2416 5047 Vetere
2444 4991 2805 5049 Testamento.
2829 5007 2896 5045 ne
2922 4992 3291 5047 omitterentur
3312 5000 3579 5062 tempora-

1995 5083 2064 5138 lia
2089 5084 2247 5149 bona,
2270 5097 2390 5153 quae
2419 5085 2555 5138 Deus
2582 5084 2900 5153 promiserat
2931 5084 3161 5138 nondum
3188 5084 3286 5141 sub
3314 5086 3484 5157 gratia
3510 5086 3576 5141 ii-

1996 5176 2101 5239 liis,
2126 5174 2219 5229 sed
2247 5173 2347 5228 sub
2376 5172 2516 5243 Lege
2544 5173 2715 5229 adhuc
2736 5176 2923 5229 servis.
2948 5174 3046 5230 Est
3069 5176 3226 5231 ctiam
3255 5178 3416 5233 timor
3441 5178 3577 5248 ignis

1995 5267 2203 5330 aeterni,
2236 5277 2454 5336 propter
2481 5280 2638 5335 quem
2667 5265 3008 5322 devitandqu
3040 5268 3146 5323 Deo
3172 5270 3394 5336 servire,
3438 5286 3574 5324 non-

1998 5362 2123 5416 dum
2153 5371 2232 5415 εει
2265 5361 2445 5431 utique
2483 5360 2731 5430 perlecta).
2769 5362 3065 5416 charitatis.
3109 5362 3263 5419 Aliud
3308 5372 3389 5418 est
3435 5362 3576 5418 enim

1997 5453 2320 5509 desiderium
2352 5454 2578 5521 praamii,
2608 5453 2748 5508 aliud
2780 5453 3010 5509 formido
3036 5455 3300 5525 supplicii.
3324 5456 3456 5511 Alite
3480 5470 3577 5511 vo-

2064 5573 2081 5604 ι
2108 5569 2243 5626 miti,
2260 5567 2310 5618 in
2332 5568 2517 5618 timore.
2536 5576 2741 5619 Voti-ros
2762 5575 2925 5618 autem
2942 5567 3071 5625 libri,
3094 5566 3145 5618 in
3169 5568 3389 5620 timorem
3407 5582 3425 5621 :
3437 5571 3578 5626 juxta

2035 5646 2228 5695 rint-unt,
2248 5631 2319 5681 eis
2341 5630 2554 5695 platbon;
2589 5635 2662 5681 cui
2686 5631 2939 5681 concordat
2972 5629 3170 5695 Vulgata
3201 5631 3250 5682 in
3272 5627 3483 5695 antiquis
3512 5627 3582 5689 Bi-

2019 5694 2111 5744 iliis
2131 5694 2423 5745 (torltcicusi.
2446 5706 2517 5740 us.

2064 5758 2136 5820 (a)
2168 5761 2324 5819 Forte,
2346 5754 2567 5819 superba.
