4122 6212
633 389 736 450 119

635 519 724 559 ces
750 510 904 565 sunt,
942 501 1050 564 Quo
1075 497 1217 550 abibo
1243 495 1304 546 ab
1333 494 1510 562 spiritu
1538 501 1620 542 luo
1648 532 1658 552 ,
1703 500 1745 541 et
1774 506 1803 539 (ι
1830 488 1956 559 faeie
1997 495 2080 534 tua
2106 497 2201 550 quo

638 597 830 666 fugiant
858 592 1023 662 (l’sal.
1048 602 1303 649 cxxxvm,
1331 586 1428 656 7)?
1459 594 1506 637 et
1536 584 1650 635 alia:
1683 597 1838 634 vaces
1869 588 2007 641 sunt,
2040 576 2206 628 Unam

638 683 755 754 petii
781 701 812 736 a
845 682 1077 745 Domino,
1120 680 1248 731 hanc
1274 677 1556 745 requiram;
1586 683 1636 724 ut
1667 671 1934 724 inhabilem
1966 669 2014 721 in
2055 666 2204 719 domo

637 775 837 828 Domini
865 789 951 844 per
976 786 1144 824 omnes
1170 769 1276 821 dies
1302 767 1416 818 vitta
1453 777 1606 828 mete,
1651 771 1702 813 ut
1743 759 2049 826 contemplor
2073 755 2208 844 dele-

637 842 903 919 ctationem
927 859 1151 923 Domini,
1181 868 1226 911 et
1258 867 1491 927 protegar
1512 853 1747 922 templum
1775 851 1884 919 ejus
1912 851 1926 878 ¹
1965 866 1977 900 :
2011 855 2094 911 ct,
2127 842 2207 898 Ne

635 965 827 1010 avertas
854 954 1032 1026 facient
1059 960 1197 1003 tuam
1225 965 1257 1001 a
1282 963 1358 1000 me
1390 943 1556 1018 (Psal.
1586 957 1733 1006 xxvi,
1764 943 1814 1000 4,
1847 940 1902 1012 9)
1933 955 1946 1002 ;
1975 947 2029 991 et
2051 979 2064 1003 ,
2102 933 2206 988 De-

637 1049 822 1104 siderat
860 1056 904 1100 et
948 1044 1115 1112 deﬁcit
1158 1041 1328 1094 anima
1367 1054 1477 1090 mea
1523 1037 1574 1087 in
1616 1035 1747 1086 atria
1791 1031 1993 1084 Domini
2035 1026 2205 1098 (Psal.

639 1153 838 1195 Lxxxnt
861 1177 874 1201 ,
909 1134 984 1207 5).
1017 1132 1138 1188 illas
1175 1145 1332 1185 voces
1373 1126 1613 1181 habuerit
1640 1126 1661 1156 ⁸
1684 1165 1697 1188 ,
1745 1122 1834 1192 qui
1877 1121 2061 1175 oculos
2101 1131 2208 1172 non

635 1230 864 1285 audebat
905 1228 1086 1282 levare
1126 1226 1190 1300 in
1217 1223 1442 1285 castum;
1492 1227 1548 1273 et
1590 1231 1706 1287 quin
1739 1215 1940 1286 rigabat
1965 1211 2211 1282 lacrymis

643 1320 806 1390 pedes
830 1317 896 1371 ad
923 1314 1306 1384 impetrandam
1330 1312 1538 1366 veniam
1564 1307 1799 1378 gravium
1830 1313 2166 1375 peccatorum
2192 1321 2205 1358 :

638 1411 734 1464 bas
761 1418 937 1463 autem
963 1415 1021 1460 tu
1052 1406 1244 1459 habeto
1267 1443 1281 1468 ,
1327 1417 1443 1472 qua:
1481 1399 1706 1454 sollicita
1743 1412 1802 1450 es
1841 1411 1900 1450 ea
1932 1409 2050 1465 qua:
2089 1401 2214 1448 sunt

640 1504 869 1568 Domini,
901 1511 959 1557 ut
985 1502 1056 1554 sis
1085 1508 1264 1554 sancta
1291 1508 1343 1551 et
1368 1507 1594 1563 corpore
1619 1502 1672 1546 et
1698 1491 1904 1560 spiritu.
1937 1489 2044 1543 Illis
2065 1485 2213 1545 voci-

640 1595 740 1650 bus
763 1593 1044 1648 comitatur
1071 1591 1229 1643 timor
1248 1588 1335 1656 qui
1363 1594 1683 1639 tormentum
1709 1582 1886 1645 habet,
1914 1593 2069 1649 quem
2094 1591 2214 1648 per-

639 1684 774 1739 fecta
809 1682 1039 1738 charitas
1066 1681 1208 1734 foras
1237 1677 1401 1731 mittit
1434 1693 1445 1728 :
1482 1676 1564 1728 his
1593 1685 1770 1728 autem
1799 1672 2014 1726 vocibus
2043 1668 2210 1724 comi-

639 1784 784 1831 tatur
804 1775 960 1828 timor
984 1772 1189 1827 Domini
1215 1776 1391 1823 eastus
1420 1779 1736 1836 permanens
1759 1763 1809 1817 in
1835 1761 2084 1817 sarculum
2113 1773 2214 1813 sre-

642 1866 770 1921 cuii.
805 1864 874 1918 Et
903 1863 1108 1931 utrique
1133 1860 1311 1930 generi
1340 1856 1624 1912 dicendum
1658 1863 1759 1920 est,
1791 1853 1914 1908 Noli
1940 1852 2099 1906 altum
2125 1866 2211 1906 sa-

641 1972 759 2026 pere
779 1993 794 2019 ,
828 1953 915 2008 sed
946 1955 1096 2015 time;
1125 1960 1181 2004 ut
1209 1949 1372 2002 homo
1401 1962 1500 2000 nec
1537 1945 1602 1999 de
1630 1952 1963 2014 peccatorum
1996 1954 2212 1996 suorum

641 2046 973 2111 defensione,
997 2057 1095 2098 nec
1120 2042 1189 2097 de
1212 2041 1432 2112 iustitia:
1453 2037 1863 2108 praesumptione
1889 2049 1947 2089 se
1973 2032 2210 2088 extollat.

641 2137 773 2192 Nam
801 2145 854 2191 et
879 2138 993 2204 ipse
1029 2135 1250 2197 Paulus,
1294 2133 1382 2202 qui
1421 2130 1580 2194 dicit,
1625 2127 1747 2183 Non
1783 2127 1918 2181 enim
1954 2123 2215 2195 accepistis

641 2231 875 2302 spiritum
916 2228 1162 2282 servitutis
1210 2225 1396 2278 iterum
1436 2225 1486 2276 in
1518 2223 1743 2275 timorem
1771 2236 1788 2274 :
1815 2228 1990 2274 tamen
2029 2217 2216 2271 timore

641 2324 838 2380 comite
861 2320 1138 2377 charitatis
1165 2318 1272 2384 ait,
1297 2315 1424 2372 Cum
1451 2316 1628 2368 timore
1649 2321 1692 2366 et
1719 2321 1934 2365 tremore
1959 2309 2116 2363 multo
2141 2308 2216 2378 fui

642 2414 712 2468 ad
747 2429 832 2468 vos
860 2411 902 2485 (l
943 2410 1060 2466 Cor.
1095 2427 1169 2473 ιι,
1199 2407 1293 2478 ὃ);
1337 2414 1391 2461 et
1413 2421 1474 2461 ea
1504 2403 1765 2460 sententia
1791 2415 1948 2471 quam
1978 2411 2216 2455 comme-

642 2505 870 2571 moravi,
899 2520 965 2558 ne
989 2502 1244 2557 adversus
1273 2499 1469 2554 fractos
1496 2497 1628 2552 oleae
1655 2508 1833 2550 ramos
1871 2494 2101 2548 insertus
2127 2505 2214 2545 su-

645 2595 881 2666 perbiret
908 2595 1138 2649 oleaster
1160 2631 1174 2657 ,
1220 2591 1332 2660 ipse
1361 2603 1488 2644 usus
1513 2596 1593 2642 est
1611 2627 1626 2652 ,
1654 2587 1837 2641 dicens
1859 2625 1875 2651 ,
1905 2583 2034 2639 Noli
2056 2584 2218 2638 altum

643 2699 840 2754 sapere,
872 2683 957 2736 sed
985 2683 1102 2735 time
1127 2697 1146 2736 :
1173 2680 1285 2748 ipse
1306 2679 1482 2733 onmia
1512 2677 1747 2731 membra
1775 2675 1972 2730 Christi
1993 2685 2218 2745 genera-

645 2775 768 2830 liter
792 2773 1116 2836 admonens,
1151 2771 1258 2836 ait,
1288 2769 1413 2825 Cum
1451 2771 1628 2822 timore
1667 2777 1712 2820 et
1752 2776 1964 2821 tremore
2003 2775 2216 2821 vestram

644 2865 868 2935 ipsorum
897 2865 1106 2916 salutem
1141 2861 1461 2930 operamini;
1505 2859 1642 2912 Deus
1677 2869 1748 2912 est
1774 2859 1904 2912 enim
1929 2859 2013 2928 qui
2037 2873 2218 2930 opera-

647 2963 728 3008 tur
780 2955 834 3007 in
874 2954 1010 3007 vobis
1059 2961 1106 3007 et
1162 2950 1286 3005 belle
1332 2960 1376 3006 et
1422 2951 1658 3020 aperari,
1724 2965 1816 3019 pro
1865 2948 1994 3002 bona
2036 2948 2216 3003 volun-

647 3055 746 3099 tate
794 3043 1062 3115 (Philipp.
1096 3059 1167 3109 ιι,
1203 3045 1266 3097 12
1287 3081 1303 3109 ,
1332 3042 1475 3113 15);
1509 3057 1575 3096 ne
1612 3041 1678 3095 ad
1713 3041 1874 3096 Vetus
1909 3040 2219 3096 Testamen-

646 3147 757 3190 tum
798 3135 1035 3190 videatur
1077 3135 1340 3204 pertinere
1385 3134 1525 3202 quod
1572 3134 1827 3202 scriptum
1867 3143 1978 3198 est,
2028 3135 2222 3190 Servite

643 3225 862 3280 Domino
902 3227 955 3280 in
989 3227 1197 3290 timore,
1235 3235 1282 3280 et
1317 3225 1562 3279 exsultate
1589 3226 1631 3279 ei
1659 3241 1772 3278 cum
1801 3236 2012 3280 tremore
2045 3224 2217 3296 (Psal.

644 3335 715 3387 ιι,
748 3320 858 3390 11).

715 3411 938 3468 CAPUT
976 3409 1219 3467 XXXIX.
1258 3439 1328 3450 ——
1367 3409 1456 3464 40.
1491 3407 1714 3478 Spiritus
1753 3410 1915 3462 sancti
1957 3407 2097 3465 locus
2135 3424 2222 3465 cor

647 3503 982 3556 humiliatum.
1030 3502 1193 3554 Justis
1218 3517 1280 3554 ea:
1325 3500 1538 3553 cadendi
1563 3499 1785 3569 periculo
1823 3501 1954 3553 ratio
1983 3516 2088 3555 sese
2125 3502 2219 3555 hit-

649 3592 896 3645 miliandi.
921 3591 1120 3660 thuae
1141 3595 1308 3660 magis
1329 3591 1566 3645 membra
1591 3591 1832 3660 corporis
1860 3593 2052 3658 sancti,
2077 3593 2217 3662 quod

649 3694 732 3740 est
757 3683 1021 3749 Ecclesia,
1068 3698 1258 3738 curare
1299 3682 1526 3743 debent.
1558 3691 1614 3734 ut
1643 3697 1803 3751 super
1837 3697 1897 3736 ea
1927 3683 2223 3754 requiescat

647 3775 877 3847 Spiritus
896 3785 1136 3839 sanctus,
1168 3789 1324 3843 quam
1359 3773 1668 3842 virginalem
1699 3775 1994 3843 prolitentia
2024 3775 2222 3830 sancti-

649 3867 849 3925 tatem?
897 3867 1173 3934 Quomodo
1213 3874 1389 3921 autem
1432 3867 1714 3936 requiescit
1758 3867 1846 3921 ubi
1875 3882 1978 3922 non
2024 3868 2222 3923 invenit

647 3961 822 4016 locum
861 3959 1055 4015 suum?
1085 3958 1210 4028 quid
1237 3958 1380 4013 aliud
1412 3974 1568 4027 quam
1596 3973 1688 4012 cor
1721 3959 2052 4013 humiliatum
2082 3960 2219 4028 quod

650 4052 902 4120 impleat,
945 4065 1048 4104 non
1082 4050 1218 4104 unde
1247 4051 1482 4114 resiliat;
1528 4049 1668 4118 quod
1695 4051 1900 4120 erigat,
1952 4066 2056 4105 non
2085 4051 2222 4120 quod

650 4142 944 4211 deprimat?
985 4156 1103 4194 cum
1143 4142 1473 4209 apertissime
1499 4141 1695 4194 dictum
1727 4143 1828 4207 sit,
1876 4142 2050 4210 Super
2078 4158 2225 4212 quem

649 4234 917 4304 requiescet
940 4233 1160 4301 Spiritus
1188 4234 1368 4285 meus?
1398 4232 1564 4301 Super
1593 4233 1829 4286 humilem
1854 4244 1899 4286 et
1929 4236 2147 4303 quietum
2177 4245 2224 4288 et

651 4331 937 4376 trementem
966 4322 1111 4374 verba
1142 4337 1249 4372 mea
1278 4319 1428 4390 (Isai.
1453 4337 1591 4384 LXVI,
1625 4323 1703 4392 9).
1733 4323 1849 4377 Jam
1876 4328 2020 4392 juste
2049 4326 2184 4378 vivis
2205 4368 2218 4392 ,

647 4414 757 4485 jam
787 4414 871 4482 pie
897 4413 1029 4466 vivis
1052 4453 1064 4476 ,
1099 4411 1286 4480 pudice
1307 4451 1322 4477 ,
1353 4423 1535 4466 sancte
1560 4453 1572 4478 ,
1607 4414 1846 4480 virginali
1876 4415 2116 4469 castitate
2143 4417 2222 4469 vi-

648 4505 730 4561 vis
759 4524 771 4561 :
798 4505 970 4560 adhuc
1003 4515 1176 4559 tamen
1217 4505 1303 4558 hic
1335 4505 1466 4558 vivis
1491 4545 1505 4568 ,
1550 4514 1602 4558 et
1644 4521 1748 4558 non
1796 4506 2090 4561 humiliaris
2130 4524 2222 4562 au-

649 4596 843 4653 diendo
863 4637 877 4660 ,
921 4595 1182 4666 Numquid
1211 4613 1310 4650 non
1343 4598 1548 4649 tentatio
1578 4605 1648 4649 est
1680 4597 1778 4649 vita
1809 4596 2029 4650 humana
2071 4615 2224 4668 super

649 4697 832 4743 terram
864 4687 979 4759 (Job
1012 4705 1103 4754 vlt,
1140 4689 1190 4758 1)
1218 4689 1238 4741 ‘l
1265 4687 1379 4742 Non
1411 4698 1460 4741 te
1489 4702 1517 4739 a
1550 4687 1843 4755 prtulidcnti
1875 4689 2110 4744 elatione
2134 4706 2219 4745 re-

648 4779 896 4834 verberat
916 4819 930 4844 ,
971 4777 1058 4833 Va:
1084 4778 1269 4832 mundo
1299 4777 1360 4831 ab
1386 4777 1642 4832 scandulis
1676 4777 1886 4850 (Matth.
1933 4797 2055 4834 xvm
2079 4819 2094 4846 ,
2127 4780 2222 4851 7)?

648 4869 764 4925 Non
793 4871 1180 4935 contret'niscis,
1211 4885 1275 4922 ne
1302 4869 1571 4937 deputeris
1598 4869 1648 4922 in
1683 4871 1860 4924 inultis
1887 4888 2108 4940 quorum
2136 4888 2219 4924 re-

651 4960 868 5031 frigescit
894 4960 1132 5024 charitus,
1165 4958 1401 5028 quoniam
1426 4958 1646 5010 abundat
1678 4959 1912 5028 iniquitas
1937 4959 2045 5031 (Id.
2072 4977 2218 5025 sxw,

602 5057 605 5060 '
651 5051 738 5122 12)
761 5053 782 5104 ?
809 5051 921 5105 Non
948 5051 1175 5121 percutis
1202 5058 1384 5119 pectus
1414 5065 1532 5103 cum
1559 5051 1730 5116 audis,
1763 5051 2098 5121 Quapropter,
2137 5055 2223 5124 qui

633 5156 701 5211 se
730 5150 867 5212 putat
895 5153 1046 5207 stare,
1080 5141 1243 5194 videat
1272 5140 1291 5170 ³
1321 5158 1381 5194 ne
1405 5143 1551 5194 cadat
1582 5141 1621 5213 (ι
1657 5141 1773 5198 Cor.
1809 5160 1841 5197 χ
1866 5185 1878 5207 ,
1923 5144 2054 5214 19)?
2081 5145 2221 5201 Inter

647 5234 764 5291 haec
788 5235 961 5288 divina
992 5236 1188 5288 monita
1219 5243 1270 5289 et
1299 5235 1524 5288 humana
1568 5237 1838 5304 pericula,
1869 5239 2010 5292 itane
2046 5239 2217 5297 adhuc

648 5326 941 5397 virginibus
991 5326 1187 5379 sanctis
1243 5325 1594 5381 humilitatem
1642 5329 1960 5397 persuadere
2008 5333 2216 5387 labora-

647 5431 767 5473 mus
781 5420 803 5470 ’ἶ

711 5552 727 5582 ι
750 5548 1131 5614 Miti,_protegar
1166 5561 1196 5595 (ι
1219 5550 1392 5614 templo
1413 5554 1532 5614 ejus.
1559 5562 1612 5604 M.
1637 5563 1737 5606 Mss.
1771 5556 1846 5606 hic
1868 5567 1917 5609 et
1946 5560 1995 5607 in
2029 5567 2224 5613 Euarra-

648 5615 781 5686 tiope
806 5604 981 5686 Ifsalini.
1089 5604 1322 5670 templ-nni
1340 5604 1449 5674 eius
1470 5628 1484 5663 :
1508 5625 1556 5665 et
1580 5604 1715 5677 loco,
1728 5604 2221 5686 pt'oteqart‘pie—r—iqu—e

645 5673 848 5737 habent,
876 5675 1070 5737 protegi.

713 5736 890 5799 ξειιιιι,
916 5748 1005 5782 non
1031 5737 1277 5784 habuerat.
1297 5740 1592 5799 t‘tastigantur
1612 5752 1637 5788 a
1665 5749 1766 5792 uss.

712 5795 732 5827 ³
753 5801 804 5844 ιιι
827 5804 952 5856 Mss,
977 5803 1153 5847 caveat.

1564 379 1644 431 In;
1684 357 1948 432 smmi
1991 365 2439 434 VlitGlNl'i‘A’l‘E,
2482 371 2538 423 s.
2583 361 2945 425 AUGUSTINI

2384 478 2608 534 CAPUT
2646 479 2758 533 XL.
2794 507 2867 519 --
2893 479 2982 534 41.
3019 475 3180 532 Iustis
3214 479 3482 532 miscentur
3509 479 3676 531 casuri
3698 519 3712 544 ,
3742 484 3797 532 ut
3820 493 3883 532 ea:

2311 571 2492 624 horum
2526 587 2645 625 casu
2669 571 2818 624 timor
2844 577 3106 640 augeatur.
3135 567 3315 622 Justus
3344 585 3443 622 non
3473 577 3605 638 putet
3633 571 3882 623 modicam

2311 661 2408 715 sibi
2441 663 2734 727 dimissum,
2777 670 2831 715 ut
2855 660 3106 716 modicum
3137 659 3332 732 diligat.
3378 659 3650 716 Dimissum
3680 662 3879 730 deputet

2311 754 2556 822 quidquid
2578 753 2699 807 mali
2727 771 2756 806 a
2780 769 2832 809 se
2856 767 2955 808 non
2976 762 3049 808 est
3067 754 3398 808 commissum.
3423 755 3498 806 An
3521 769 3644 807 vero
3667 763 3881 823 propter

2313 845 2454 900 aliud
2483 845 2804 902 credendum
2830 853 2930 910 est,
2957 846 3266 916 permittere
3289 845 3451 900 Deum
3479 854 3537 900 ut
3561 845 3884 900 misceantur

2313 951 2535 991 numero
2561 936 2903 1007 professionis
2941 947 3130 992 vestrae
3160 938 3308 991 multi
3338 948 3388 992 et
3415 935 3592 992 multae
3618 939 3788 993 casuri
3831 947 3885 993 et

2313 1040 2535 1093 casuras,
2567 1026 2668 1081 nisi
2699 1036 2754 1081 ut
2784 1027 2864 1080 bis
2887 1027 3197 1083 cadentibus
3220 1025 3376 1081 timor
3403 1037 3578 1084 vester
3606 1035 3882 1098 augeatur,

2314 1131 2420 1186 quo
2457 1116 2701 1185 superbia
2731 1118 3147 1187 comprimatur;
3175 1133 3334 1187 quam
3374 1117 3450 1172 sic
3478 1117 3587 1172 odit
3624 1119 3762 1173 Deus
3784 1161 3797 1183 ,
3829 1129 3885 1173 ιιι

2313 1214 2497 1260 contra
2542 1208 2677 1262 hanc
2716 1221 2872 1261 unam
2900 1222 2957 1263 se
2989 1215 3187 1262 tantum
3219 1207 3517 1264 humiliaret
3545 1208 3886 1264 Altissimus?

2314 1297 2423 1353 Nisi
2451 1297 2586 1354 forte
2615 1313 2800 1354 revera
2832 1299 2952 1354 ideo
2978 1301 3150 1354 minus
3182 1300 3411 1366 timebis,
3440 1302 3709 1372 magisque
3733 1302 3887 1356 iulia-

2315 1388 2477 1454 beris,
2511 1398 2567 1443 ut
2593 1390 2858 1445 modicum
2884 1391 3074 1459 diligas
3100 1407 3219 1446 eum
3248 1394 3334 1462 qui
3363 1403 3413 1448 te
3443 1401 3642 1448 tantum
3675 1395 3880 1460 dilexit,

2316 1491 2374 1536 ut
2401 1484 2628 1538 traderet
2653 1485 2994 1555 semetipsum
3039 1497 3136 1554 pro
3163 1494 3216 1540 te
3253 1485 3448 1554 (Galat.
3493 1501 3526 1540 ιι
3553 1530 3567 1548 ,
3601 1487 3693 1557 ‘20)
3720 1530 3733 1549 ,
3763 1489 3883 1556 quia

2315 1573 2579 1628 modicum
2606 1575 2698 1628 tibi
2726 1575 2939 1641 dimisit,
2970 1577 3165 1630 viventi
3187 1575 3433 1631 videlicet
3459 1591 3485 1629 τι
3509 1579 3734 1647 prteritia
3763 1575 3888 1632 reii-

2313 1662 2461 1731 giose
2488 1703 2502 1729 ,
2553 1663 2761 1732 pudice,
2811 1665 2892 1734 pia
2938 1666 3184 1720 castitate
3212 1667 3265 1730 ¹,
3311 1666 3512 1721 illibata
3562 1663 3882 1737 virginitate.

2314 1753 2474 1820 Quasi
2516 1769 2644 1809 vero
2683 1768 2787 1809 non
2831 1765 2885 1810 tu
2925 1758 3089 1810 multo
3127 1757 3396 1811 ardentius
3437 1757 3659 1829 diligere
3687 1757 3886 1815 debeas

2315 1859 2468 1911 eum,
2499 1846 2588 1915 qui
2614 1845 2888 1915 ﬂagitiosis
2915 1847 2981 1902 ad
3025 1859 3084 1901 se
3111 1849 3384 1903 conversis
3421 1861 3764 1919 quaecumque
3802 1849 3886 1904 di-

2316 1935 2496 2002 misit,
2537 1935 2589 1990 in
2632 1951 2692 1990 ea
2725 1945 2776 1990 te
2799 1936 2991 1992 cadere
3022 1952 3124 1992 non
3165 1939 3440 2008 permisit?
3483 1941 3584 1993 Aut
3623 1955 3750 1994 vero
3797 1939 3886 1996 ille

2315 2028 2643 2098 pharisaeus,
2675 2029 2764 2098 qui
2807 2039 3084 2098 propterea
3129 2031 3391 2086 modicum
3435 2032 3681 2101 diligebat
3709 2075 3722 2097 ,
3761 2032 3887 2101 quia

2316 2118 2584 2172 modicum
2621 2118 2721 2173 sibi
2748 2118 2940 2173 dimitti
2969 2121 3303 2174 existimabat
3346 2121 3490 2191 (Luc.
3520 2135 3588 2174 vti
3614 2165 3626 2184 ,
3657 2119 3844 2193 36-47)
3867 2159 3882 2188 ,

2315 2209 2386 2265 ob
2411 2209 2552 2264 aliud
2581 2209 2680 2264 hoc
2707 2225 2886 2265 errore
2911 2213 3227 2276 cmcabatur,
3258 2213 3356 2266 nisi
3378 2215 3498 2283 quia
3525 2215 3773 2282 ignorans
3795 2215 3889 2270 Dei

2312 2298 2594 2369 justitiam,
2621 2311 2676 2355 et
2703 2314 2850 2356 suam
2881 2317 3124 2372 quaerens
3159 2307 3480 2360 constituere
3499 2349 3512 2371 ,
3537 2303 3757 2375 iustitiae
3789 2305 3889 2363 Dei

2317 2391 2588 2462 subjectus
2617 2407 2720 2448 non
2751 2403 2863 2448 erat
2891 2395 3064 2467 (Rom.
3108 2410 3142 2450 χ
3169 2437 3183 2460 ,
3227 2396 3328 2465 3)?
3369 2397 3476 2451 Vos
3505 2407 3680 2452 autem
3722 2413 3892 2468 genus

2317 2481 2568 2547 electum,
2597 2495 2649 2540 et
2678 2486 2731 2540 in
2754 2487 2939 2542 electis
2963 2487 3200 2552 electius,
3232 2489 3446 2558 virginei
3475 2490 3624 2543 chori
3662 2505 3894 2561 sequen-

2318 2583 2400 2630 tes
2425 2577 2654 2646 Agnum,
2683 2579 2839 2633 etiam
2866 2593 2959 2632 vos
2981 2580 3142 2650 gratia
3164 2581 3289 2634 salvi
3309 2581 3428 2649 facti
3447 2583 3564 2636 estis
3584 2599 3673 2652 per
3692 2585 3845 2652 ﬁdem
3872 2603 3892 2640 :

2318 2678 2366 2723 et
2395 2669 2490 2723 hoc
2518 2686 2618 2724 non
2643 2687 2706 2724 ea:
2728 2671 2882 2737 vobis,
2922 2673 3011 2725 sed
3040 2672 3130 2725 Dei
3158 2673 3342 2726 donum
3368 2683 3474 2738 est;
3503 2691 3602 2729 non
3632 2693 3693 2729 ea:
3720 2680 3890 2748 aperi-

2319 2759 2429 2828 bus,
2460 2776 2522 2814 ne
2543 2762 2669 2831 forte
2687 2762 2797 2828 quis
2816 2763 3103 2815 extollatur.
3131 2759 3302 2832 Ipsius
3329 2766 3459 2817 enim
3485 2781 3659 2818 sumus
3679 2766 3894 2836 ﬁgmen-

2319 2860 2444 2917 tum,
2474 2852 2626 2904 creati
2652 2851 2702 2904 in
2727 2850 2925 2906 Christo
2953 2852 3075 2907 Jesu
3103 2855 3154 2906 in
3179 2856 3407 2924 aperibus
3433 2856 3590 2920 bonis,
3622 2871 3734 2926 qua:
3759 2871 3895 2927 pra:-

2320 2943 2516 3013 parauit
2553 2941 2689 2996 Deus
2725 2952 2781 2996 ut
2818 2945 2869 2997 in
2900 2945 3002 2998 illis
3030 2945 3336 3000 ambulemus
3365 2945 3580 3016 (Ephes.
3607 2963 3675 3012 tt,
3713 2948 3893 3024 8-10).

2322 3031 2534 3103 Ergone
2559 3033 2699 3088 hunc
2723 3046 2921 3104 quanto
2940 3037 3053 3106 ejus
3075 3036 3228 3092 donis
3249 3039 3544 3094 ornatiores
3569 3041 3718 3107 estis,
3744 3049 3897 3098 tanto

2321 3126 2496 3181 minus
2524 3127 2808 3182 amabitis‘l
2839 3130 3102 3183 Averterit
3145 3141 3250 3183 tam
3291 3129 3607 3185 horrendam
3638 3132 3749 3201 ipse
3791 3132 3896 3190 ἀοι

2321 3218 2607 3273 mentiaml
2659 3217 2888 3272 Proinde
2935 3221 3183 3289 quoniam
3233 3236 3417 3275 verum
3464 3223 3670 3278 Veritas
3715 3225 3893 3294 dixit,

2322 3310 2463 3380 quod
2491 3311 2580 3366 ille
2621 3311 2706 3365 cui
2743 3311 3008 3368 modicum
3039 3313 3318 3367 dimittitur
3343 3355 3355 3378 ,
3389 3315 3650 3370 modicum
3678 3315 3894 3389 diligit;

2321 3416 2417 3457 vos
2455 3411 2512 3456 ut
2537 3403 2905 3457 ardentiSSime
2934 3403 3166 3472 diligatis
3189 3447 3201 3470 ,
3234 3405 3316 3459 cui
3353 3406 3618 3475 diligendo
3647 3423 3674 3463 a
3707 3410 3898 3479 conju—

2321 3494 2526 3563 giorum
2547 3494 2770 3549 nexibus
2787 3494 2940 3548 liberi
2959 3497 3176 3557 vocatis,
3201 3495 3450 3564 deputata
3476 3498 3622 3552 vobis
3647 3508 3898 3568 tanquam

2322 3586 2541 3640 omnino
2567 3587 2864 3650 dimissum,
2894 3586 3148 3656 quidquid
3178 3589 3298 3642 mali
3335 3605 3362 3642 a
3391 3590 3536 3643 vobis
3565 3603 3669 3644 non
3695 3599 3776 3646 est
3801 3591 3898 3648 illo

2285 3673 2292 3682 ’
2324 3688 2540 3749 regente
2565 3679 2924 3732 commissum.
2961 3679 3108 3732 Oculi
3133 3682 3271 3734 enim
3300 3683 3446 3735 uestri
3472 3697 3664 3752 semper
3687 3683 3753 3736 ad
3783 3681 3899 3738 Do-

2305 3772 2535 3838 ,minum,
2582 3771 2816 3839 quoniam
2859 3771 2968 3840 ipse
3005 3772 3173 3825 evellet
3213 3772 3276 3824 de
3318 3776 3493 3843 laqueo
3537 3775 3683 3842 pedes
3707 3784 3901 3830 vestros

2331 3862 2496 3935 (Psal.
2523 3877 2673 3928 xxxv,
2706 3863 2792 3931 15)
2827 3879 2840 3915 :
2871 3873 2920 3917 et
2943 3905 2955 3926 ,
2991 3863 3102 3916 Nisi
3131 3863 3373 3917 Dominus
3400 3867 3690 3920 custodierit
3719 3868 3903 3922 civita-

2328 3963 2444 4021 tem,
2470 3954 2521 4006 in
2542 3968 2724 4007 vanum
2752 3953 2971 4024 vigilavit
2995 3955 3079 4023 qui
3101 3956 3316 4008 custodit
3343 3972 3450 4009 eam
3481 3955 3650 4025 (Psal.
3687 3972 3857 4012 cxxvr
3880 4000 3898 4027 ,

2328 4043 2406 4117 1).
2439 4046 2504 4099 Et
2545 4044 2612 4100 de
2651 4046 2762 4113 ipsa
2811 4045 3134 4099 continentia
3184 4046 3404 4114 loquens
3450 4047 3733 4117 Apostolus
3774 4048 3848 4102 ait
3881 4063 3897 4102 :

2336 4134 2461 4190 Volo
2487 4145 2652 4190 autent
2695 4151 2864 4189 omnes
2901 4136 3124 4188 homines
3162 4151 3266 4188 esse
3293 4138 3422 4190 sicut
3450 4153 3527 4190 me
3567 4139 3731 4208 ipsum
3760 4153 3780 4192 τ
3809 4142 3904 4194 sed

2326 4230 2665 4300 unusquisque
2691 4229 2947 4298 proprium
2988 4228 3174 4280 donum
3210 4228 3357 4282 habet
3394 4245 3425 4280 a
3457 4227 3562 4283 Deo
3579 4247 3597 4294 ;
3627 4230 3756 4284 alius
3781 4231 3856 4285 sic
3880 4274 3898 4299 ,

2325 4320 2461 4374 alius
2486 4331 2649 4373 autem
2673 4321 2744 4373 sic
2769 4319 2811 4389 (Ι
2839 4319 2954 4375 Cor.
2990 4335 3098 4385 vn,
3127 4321 3202 4393 7).
3242 4319 3371 4388 Quis
3413 4336 3536 4390 ergo
3563 4321 3725 4376 donat
3755 4322 3853 4379 ista
3876 4325 3904 4380 ἲ

2326 4411 2443 4479 quis
2473 4410 2739 4464 distribuit
2777 4411 2988 4478 prepria
3029 4410 3309 4479 unicuique
3341 4411 3474 4465 sicut
3501 4410 3609 4464 vult
3639 4410 3749 4483 (Id.
3779 4428 3854 4468 ιιι
3884 4457 3902 4484 ,

2329 4499 2416 4571 11)
2438 4501 2460 4553 ‘l
2479 4499 2679 4567 Nempe
2704 4501 2857 4560 Deus.
2884 4500 3020 4568 apud
3042 4515 3197 4570 quem
3222 4515 3324 4554 non
3347 4509 3426 4554 est
3449 4501 3695 4571 iniquitas
3719 4503 3899 4575 (Rom.

2327 4608 2405 4657 rx,
2440 4591 2547 4660 it).
2584 4593 2657 4644 Ac
2688 4605 2780 4659 per
2811 4591 2910 4645 hoc
2936 4606 3036 4660 qua
3058 4593 3302 4660 aequitate
3329 4591 3420 4645 ille
3446 4591 3606 4646 iaciat
3635 4591 3768 4648 alios
3795 4594 3901 4662 sic,

2324 4682 2456 4735 alios
2483 4691 2656 4736 autem
2687 4682 2764 4735 sic
2784 4722 2798 4746 ,
2841 4681 3042 4736 homini
3086 4695 3242 4736 nosse
3283 4691 3375 4736 aut
3414 4683 3741 4753 impossibile
3765 4726 3779 4749 ,
3808 4691 3905 4741 aut

2325 4776 2543 4830 omnino
2572 4777 2788 4830 difﬁcile
2818 4787 2898 4831 est
2929 4795 2942 4830 :
2975 4777 3098 4846 quin
3124 4785 3297 4831 tamen
3327 4778 3576 4846 :equitate
3602 4777 3776 4844 faciat,
3804 4775 3910 4834 du-

2327 4870 2493 4922 bitare
2520 4868 2596 4922 fas
2627 4883 2730 4922 non
2759 4879 2859 4922 est.
2907 4869 3044 4934 Quid
3075 4869 3250 4939 itaque
3275 4869 3427 4924 habes
3452 4869 3586 4940 quod
3623 4887 3723 4924 non
3764 4886 3910 4926 acce-

2329 4961 2446 5030 pisti
2471 4959 2514 5026 (Ι
2546 4959 2663 5014 Cor.
2692 4974 2762 5025 tv,
2795 4959 2889 5030 7)?
2909 4968 2998 5014 aut
3017 4975 3116 5028 qua
3137 4959 3484 5031 perversitate
3507 4961 3680 5016 minus
3702 4959 3902 5032 diligis,

2326 5066 2354 5105 a
2383 5066 2487 5121 quo
2514 5052 2739 5121 amplius
2764 5050 3058 5120 accepisti?

2397 5143 2619 5199 CAPUT
2658 5142 2792 5198 XLI.
2835 5173 2907 5183 —
2943 5142 3032 5197 42.
3065 5141 3244 5198 Prima
3287 5143 3585 5201 humilitatis
3621 5144 3861 5216 cogitatio
3888 5189 3906 5217 ,

2325 5235 2656 5305 uirginitatem
2696 5235 2865 5290 haberi
2902 5251 2966 5288 ea:
3002 5233 3099 5288 Dei
3135 5235 3287 5292 dono.
3340 5234 3603 5306 Pmepta
3641 5249 3745 5290 nou
3794 5234 3913 5305 ﬁeri

2327 5331 2424 5383 nisi
2450 5346 2505 5383 eo
2533 5331 2683 5382 dante
2709 5331 2795 5400 qui
2821 5329 3066 5400 praecipit.
3089 5329 3383 5386 Obedientla
3421 5340 3465 5386 et
3493 5329 3785 5401 paenitentia
3813 5345 3912 5402 pa-

2326 5423 2447 5476 riter
2486 5423 2618 5475 dona
2662 5421 2776 5474 Dei.
2804 5419 3142 5491 Quapropter
3167 5422 3281 5478 htec
3316 5423 3486 5492 prima
3523 5423 3593 5478 sit
3619 5421 3910 5481 induendas

2328 5514 2636 5569 humilitatis
2657 5515 2924 5584 cogitatio,
2955 5529 3020 5570 ne
3049 5531 3077 5568 a
3105 5529 3162 5571 se
3188 5515 3288 5573 sibi
3313 5525 3461 5588 putet
3489 5532 3610 5574 esse
3635 5515 3730 5574 Dei
3756 5517 3917 5590 virgo

2327 5607 2465 5676 quod
2495 5606 2609 5660 talis
2637 5617 2737 5668 est.
2770 5622 2831 5661 ac
2858 5624 2959 5660 non
2986 5609 3160 5672 potius
3183 5609 3282 5662 hoc
3307 5607 3507 5663 donum
3529 5609 3789 5678 optimum
3810 5607 3916 5666 de-

2329 5713 2485 5767 super
2511 5697 2835 5753 descendere
2861 5714 2887 5751 a
2917 5699 3074 5754 Patre
3111 5700 3389 5769 luminum,
3422 5700 3562 5774 apud
3600 5716 3761 5773 quem
3795 5716 3913 5760 non

2397 5815 2416 5848 ι
2433 5809 2538 5864 sola
2556 5810 2700 5864 editio
2718 5816 2848 5876 Low,
2874 5810 2970 5877 pie,
2993 5820 3141 5867 caste.
