4122 6212
315 404 414 461 421

318 525 399 573 est
429 511 824 580 transmutatio,
854 525 953 567 nec
983 510 1237 565 momenti
1263 508 1599 564 obumbratio
1625 506 1829 578 (Jacobi
1859 522 1898 572 ι,

320 605 433 680 17).
461 601 538 663 Ita
566 607 708 662 enim
745 620 850 659 non
893 600 1094 674 putabit
1131 601 1397 657 modicum
1428 599 1529 656 sibi
1569 613 1689 655 esse
1713 597 1904 654 dimis-

318 709 460 762 sum,
499 707 556 755 ut
582 697 852 754 modicum
880 695 1095 767 diligat,
1121 701 1176 750 et
1203 694 1453 766 ignorans
1480 692 1571 748 Dei
1597 689 1860 762 justitiam
1883 731 1901 758 ,

286 803 288 805 '
318 806 380 847 ac
404 805 552 847 suam
579 789 761 846 volens
787 788 1134 852 constituere,
1157 786 1379 858 justitia:
1409 785 1500 840 Dei
1522 799 1629 840 non
1658 782 1904 853 subjicia-

319 892 422 938 tur.
454 878 510 936 In
540 897 645 953 quo
671 880 801 936 vitio
827 886 941 934 erat
960 877 1144 935 Simon
1174 877 1283 944 ille,
1310 891 1467 948 quem
1488 873 1758 947 superavit
1786 888 1904 928 mu-

318 973 420 1031 lier
445 973 529 1029 cui
556 973 773 1029 dimissa
804 981 928 1025 sunt
965 977 1183 1040 peccata
1225 968 1408 1033 multa,
1439 966 1687 1037 quoniam
1714 963 1901 1020 dilexit

316 1069 564 1125 multum.
592 1065 698 1123 Sed
723 1064 931 1121 cautius
965 1071 1018 1118 et
1042 1063 1220 1118 verius
1244 1060 1497 1133 cogitabit
1523 1101 1538 1128 ,
1566 1057 1745 1114 omnia
1770 1072 1902 1128 pec-

316 1167 433 1216 cata
461 1159 541 1216 sic
564 1157 808 1213 habenda
839 1166 1086 1226 tanquam
1107 1153 1461 1219 dimittantur,
1493 1168 1522 1206 a
1546 1152 1737 1224 quibus
1761 1147 1902 1206 Deus

316 1252 546 1309 cuStodit
579 1267 642 1306 ne
672 1249 1090 1306 committantur.
1115 1246 1306 1303 Testes
1333 1254 1452 1302 sunt
1494 1260 1653 1300 voces
1695 1245 1898 1313 piarum

315 1342 748 1414 deprecationem
776 1341 828 1395 in
854 1339 1143 1410 Scripturis
1181 1338 1410 1405 sanctis,
1440 1336 1634 1407 quibus
1661 1333 1900 1390 ostendi-

315 1441 421 1500 tur,
449 1450 510 1490 ca
534 1435 645 1505 ipsa
673 1449 790 1504 qua:
819 1430 1198 1504 praecipiuntur
1240 1445 1269 1484 a
1304 1430 1432 1492 Deo,
1480 1443 1587 1481 non
1639 1427 1756 1482 fieri
1798 1426 1900 1480 nisi

314 1520 477 1581 dante
501 1533 659 1597 atque
683 1522 964 1594 adjuvanle
997 1521 1084 1593 qui
1114 1521 1369 1592 praecipit.
1410 1517 1731 1574 Mendaciter
1758 1517 1900 1573 enim

313 1625 588 1688 petuntur,
611 1617 655 1674 si
678 1632 739 1672 ea
761 1632 864 1671 non
888 1615 1171 1684 adjuvante
1193 1615 1307 1683 ejus
1329 1615 1494 1684 gratia
1519 1612 1691 1667 facere
1718 1626 1900 1680 posse—

315 1720 454 1766 mus.
497 1708 634 1778 Quid
676 1717 780 1764 tam
823 1707 1142 1778 generaliter
1181 1705 1514 1775 maximeque
1559 1703 1894 1774 praecipitur,

314 1814 474 1870 quam
500 1799 798 1857 obedientia
827 1814 928 1868 qua
957 1796 1328 1852 custodiuntur
1366 1794 1613 1849 mandata
1659 1793 1790 1847 Dei?
1832 1793 1900 1848 Et

313 1892 493 1944 tamen
521 1888 658 1944 hanc
687 1889 990 1944 invenimus
1021 1889 1189 1958 optari
1222 1905 1234 1942 :
1265 1885 1364 1952 Tu,
1397 1885 1587 1954 inquit,
1619 1885 1900 1955 prmcepisti

315 1979 556 2033 mandata
579 1989 664 2033 tua
693 1979 933 2034 custodiri
957 1977 1125 2032 nimis.
1155 1976 1359 2031 Deinde
1380 1975 1619 2044 sequitur
1649 1993 1660 2027 :
1690 1972 1899 2028 Utinam

315 2069 601 2142 dirigantur
646 2071 740 2125 uite
788 2085 949 2134 meaz,
1001 2069 1067 2122 ad
1113 2067 1466 2122 custodiendas
1508 2066 1899 2136 justiﬁcationes

317 2169 428 2216 tuas
457 2177 478 2213 :
505 2169 625 2215 tunc
649 2177 748 2214 non
775 2161 1082 2231 confundor,
1115 2159 1235 2212 dum
1257 2159 1468 2227 inspicio
1490 2158 1540 2210 in
1572 2158 1739 2210 omnia
1764 2173 1901 2209 man-

316 2252 435 2305 data
465 2262 550 2306 tua
591 2250 760 2323 (Psal.
792 2267 970 2315 cxvut,
1014 2248 1158 2320 4ο6).
1191 2248 1340 2317 Quod
1376 2247 1540 2301 Deum
1583 2246 1899 2315 praecepisse

315 2355 474 2413 supra
503 2342 714 2412 posuit,
747 2342 849 2396 hoc
888 2349 941 2395 ut
971 2357 998 2395 a
1030 2355 1086 2396 se
1130 2341 1436 2408 impleretur
1481 2339 1496 2369 ί
1532 2337 1749 2408 optavit.
1789 2337 1898 2391 lloc

314 2432 372 2487 ﬁt
397 2433 579 2504 utique
608 2448 677 2488 ne
707 2442 954 2503 peccetur
987 2450 998 2486 :
1032 2431 1172 2502 quod
1194 2431 1236 2484 si
1263 2440 1535 2500 peccatum
1564 2429 1740 2493 fuerit,
1768 2444 1899 2496 prae-

315 2522 509 2593 cipitur
559 2531 617 2576 ut
661 2523 949 2591 paeniteat;
993 2537 1062 2576 ne
1103 2520 1505 2575 delensione‘et
1558 2518 1898 2572 excusatione

318 2615 521 2684 peccati
568 2621 753 2683 pereat
787 2611 1141 2681 superbiendo
1167 2612 1254 2680 qui
1284 2609 1406 2664 fecit
1427 2652 1439 2672 ,
1469 2608 1591 2664 dum
1641 2624 1743 2663 non
1784 2607 1900 2662 vult

315 2705 626 2775 pernitendo
653 2705 827 2775 perire
857 2703 998 2773 quod
1030 2703 1172 2757 fecit.
1218 2702 1390 2756 Etiam
1423 2702 1521 2754 hoc
1561 2716 1590 2754 a
1622 2699 1732 2754 Deo
1760 2700 1898 2769 peti—

317 2806 424 2865 tur,
455 2805 515 2852 ut
542 2797 871 2867 intelligatur
900 2811 1004 2850 non
1039 2794 1173 2860 ﬁeri,
1204 2795 1301 2848 nisi
1325 2810 1389 2848 eo
1415 2801 1702 2863 prtestante
1733 2808 1762 2846 a
1792 2806 1898 2862 quo

315 2889 531 2960 petitur.
559 2887 722 2956 Pone,
746 2889 943 2959 inquit,
978 2887 1224 2952 Domine,
1260 2886 1540 2941 custodiam
1570 2886 1645 2940 ori
1669 2900 1777 2939 meo
1798 2927 1811 2950 ,
1851 2896 1899 2940 et

317 2983 498 3037 ostium
537 2982 858 3037 continentiae
894 2982 1082 3035 circum
1111 2980 1243 3034 labia
1271 2996 1381 3032 mea
1410 2993 1429 3033 :
1455 2995 1516 3031 ne
1557 2977 1775 3033 declines
1813 2989 1901 3032 cor

317 3086 483 3127 mm
517 3073 571 3126 in
606 3071 755 3128 verba
784 3073 1008 3143 maligna
1031 3112 1047 3137 ,
1091 3069 1159 3124 ad
1185 3070 1528 3124 excusandum
1555 3069 1900 3123 excusationes

317 3165 374 3218 in
417 3165 636 3234 peccatis
660 3205 675 3228 ,
724 3178 840 3218 cum
885 3162 1166 3216 hominibus
1217 3159 1540 3232 operantibus
1587 3159 1900 3229 iniquitatem

318 3254 488 3325 (Ptol.
511 3269 635 3321 cn,
658 3255 713 3322 5,
739 3254 819 3326 4).
849 3253 904 3310 Si
929 3268 1056 3325 ergo
1079 3261 1134 3309 et
1160 3252 1459 3308 obedientia
1482 3266 1581 3321 qua
1613 3249 1729 3321 ejus
1751 3259 1901 3304 man-

321 3348 438 3405 data
459 3361 760 3415 servamus,
791 3356 844 3404 et
869 3347 1181 3417 poenitentia
1210 3360 1312 3417 qua
1341 3352 1557 3416 peccata
1581 3351 1761 3398 nostra
1791 3357 1899 3397 non

320 3455 657 3508 excusemus,
695 3440 791 3496 sed
819 3451 1155 3505 accusamus,
1195 3449 1410 3509 Oplalur
1440 3449 1492 3493 et
1517 3438 1746 3509 petitur;
1789 3449 1903 3490 ma-
1936 3487 1940 3492 ,

321 3531 568 3587 niiestum
596 3531 827 3601 estquia
851 3541 975 3586 cum
1005 3531 1082 3597 tit,
1116 3530 1206 3584 illo
1227 3529 1387 3584 dante
1413 3528 1660 3594 habetur,
1688 3529 1780 3584 illo
1807 3527 1903 3582 ad-

319 3622 535 3694 iuvante
577 3623 897 3694 completur.
948 3623 1199 3692 Apertius
1243 3622 1400 3677 etiam
1444 3621 1636 3677 dicitur
1684 3629 1904 3690 propter

322 3713 699 3781 obedientiam,
734 3717 775 3768 Α
810 3715 1022 3769 Domino
1047 3729 1246 3785 gressus
1267 3714 1485 3768 hominis
1511 3714 1819 3784 diriguntur,
1857 3719 1903 3767 et

323 3807 450 3861 riam
473 3809 586 3880 ejus
618 3807 746 3862 volet
789 3805 966 3879 (Psal.
1010 3819 1173 3860 xxxvi
1197 3848 1210 3870 ,
1250 3805 1342 3877 93)
1377 3823 1390 3859 :
1421 3805 1566 3860 etde
1593 3803 1903 3874 pmnitentia

323 3897 446 3953 dicit
483 3898 804 3967 Apostolus,
849 3896 933 3951 Ne
963 3899 1092 3969 forte
1129 3897 1212 3951 det
1238 3895 1344 3950 illis
1382 3896 1518 3950 Deus
1559 3893 1902 3966 paenitentiam

328 3987 389 4059 (tl
414 3988 547 4043 Tim.
570 4003 637 4054 ιι,
662 3985 780 4058 25).

387 4083 480 4136 45.
514 4081 589 4135 De
609 4081 722 4151 ipsa
742 4081 900 4135 etiam
931 4080 1251 4134 continentia
1275 4095 1448 4133 nonne
1471 4077 1802 4146 apertissime
1823 4076 1902 4130 di-

325 4183 463 4229 ctum
485 4183 598 4228 est:
627 4173 825 4227 Etcum
846 4174 1020 4226 scirem
1039 4174 1156 4242 quia
1179 4188 1320 4225 nemo
1343 4181 1498 4242 potest
1521 4188 1625 4224 esse
1647 4171 1901 4224 continens

328 4267 418 4321 nisi
441 4266 583 4321 Deus
609 4267 725 4329 det,
757 4274 802 4318 et
826 4267 920 4319 hoc
947 4267 1114 4335 ipsum
1157 4277 1262 4319 erat
1288 4267 1546 4333 sapientitc
1566 4309 1578 4331 ,
1608 4267 1734 4319 scire
1761 4266 1904 4336 cujus

327 4365 444 4411 esset
473 4358 568 4410 hoc
597 4357 785 4409 donum
812 4355 962 4424 (Sap.
995 4371 1081 4409 vtn
1103 4398 1114 4418 ,
1147 4355 1278 4425 2|)?

394 4447 622 4502 CAPUT
655 4446 809 4500 XLII.
841 4475 910 4486 -—
937 4445 1254 4500 Continentia
1281 4448 1394 4498 item
1426 4455 1470 4498 et
1499 4447 1743 4514 sapientia
1776 4463 1904 4500 non-

331 4538 468 4592 nisia
484 4537 592 4592 Deo
618 4547 933 4606 praestantur.
963 4537 1067 4592 Sed
1091 4539 1225 4591 forte
1251 4539 1571 4592 continentia
1596 4539 1790 4593 donum
1811 4539 1906 4594 Dei

331 4638 438 4694 est,
465 4630 782 4700 sapientiam
813 4643 941 4684 vero
967 4630 1063 4683 sibi
1106 4631 1217 4699 ipse
1250 4630 1406 4683 homo
1438 4641 1654 4699 praestat
1675 4675 1688 4694 ,
1721 4650 1819 4701 qua
1849 4634 1909 4686 il-

329 4721 413 4775 led
438 4723 640 4777 donum
667 4737 771 4776 non
802 4737 956 4777 suum
979 4766 991 4788 ,
1023 4725 1114 4778 sed
1143 4725 1235 4778 Dei
1278 4741 1394 4780 esse
1424 4740 1724 4796 cognoscat.
1757 4729 1867 4784 lmo
1891 4771 1905 4795 ,

331 4811 578 4870 Dominus
601 4815 849 4885 sapientes
878 4816 998 4883 facit
1026 4832 1180 4868 cwcos
1205 4815 1371 4889 (Psal.
1404 4833 1561 4880 chv,
1598 4819 1649 4891 8)
1677 4837 1687 4882 ;
1717 4830 1788 4882 et,
1814 4819 1910 4873 Te-

333 4907 622 4960 stimonium
645 4903 850 4960 Domini
896 4906 1074 4975 ﬁdele,
1109 4908 1408 4976 sapientiam
1453 4920 1657 4979 pt'tl'slal
1688 4909 1910 4980 parvulis

334 4998 498 5070 (Psal.
534 5013 658 5054 xvnt
680 5041 695 5065 ,
741 4999 832 5070 8);
865 5007 917 5053 et
937 5040 952 5064 ,
984 4999 1042 5052 Si
1066 4999 1176 5066 quis
1204 4999 1391 5068 indiget
1421 5001 1667 5069 sapientia
1688 5042 1700 5065 ,
1732 5011 1910 5071 postu-

335 5091 396 5145 let
421 5107 454 5146 α
483 5090 595 5145 Deo
617 5131 632 5157 ,
662 5091 748 5160 qui
772 5091 859 5144 dat
888 5089 1115 5143 omnibus
1143 5089 1398 5158 afﬂuenter
1418 5130 1431 5153 ,
1467 5100 1630 5143 etnon
1654 5093 1911 5161 imprope-

333 5191 442 5246 rat;
472 5190 519 5236 et
548 5181 750 5235 dabitur
778 5180 823 5235 ei
851 5178 1049 5252 (Jacobi
1079 5194 1126 5243 ι,
1161 5179 1236 5249 5).
1284 5178 1559 5248 Sapientes
1590 5191 1766 5235 autem
1796 5197 1914 5236 esse

333 5271 568 5343 virgines
613 5271 798 5338 decet,
849 5285 916 5325 ne
964 5269 1235 5339 lampades
1283 5285 1463 5323 earum
1511 5272 1915 5340 exstinguuntur

336 5361 547 5433 (Matth.
579 5379 714 5429 xxv,
737 5362 812 5431 4).
836 5362 1113 5430 Quomodo
1140 5362 1425 5431 sapientes,
1459 5362 1558 5415 nisi
1586 5378 1683 5415 non
1708 5363 1812 5415 alta
1833 5379 1915 5416 sa-

333 5457 546 5527 pientes,
563 5456 654 5511 sed
680 5455 950 5510 humilibus
976 5457 1331 5511 consentientes
1357 5454 1529 5521 (Rom.
1558 5470 1652 5521 χιι,
1680 5452 1804 5525 16)?
1828 5456 1916 5508 Di-

332 5549 407 5602 xit
430 5548 577 5605 enim
608 5547 802 5602 homini
826 5547 937 5616 ipsa
964 5547 1251 5615 Sapientia,
1283 5545 1412 5600 Ecce
1436 5547 1594 5616 pietas
1624 5555 1695 5599 est
1717 5547 1917 5616 sapien-

335 5644 404 5699 tia
427 5641 551 5713 (Job
574 5658 758 5704 xxvnt,
791 5640 906 5708 28).
939 5640 993 5695 Si
1020 5655 1145 5709 ergo
1173 5640 1301 5694 nihil
1338 5640 1499 5693 babes
1525 5639 1661 5708 quod
1692 5652 1793 5692 non
1823 5654 1914 5692 ae-

332 5734 552 5805 cepisti,
586 5731 692 5788 noli
721 5733 879 5786 altum
899 5747 1073 5799 sapere
1093 5772 1105 5794 ,
1138 5730 1222 5783 sed
1247 5732 1361 5784 time
1390 5732 1560 5798 (Rom.
1595 5747 1639 5784 xl
1665 5772 1676 5795 ,
1709 5729 1823 5799 20).
1851 5729 1918 5783 Et

396 5845 415 5880 ⁸
435 5846 510 5899 sic
530 5853 637 5898 MSS.
658 5851 716 5898 At
736 5843 872 5904 editi,
887 5848 938 5894 ut
958 5840 1011 5893 in
1033 5855 1083 5893 se
1105 5840 1400 5918 impleretur.

1736 388 1937 448 LIBER
1978 384 2170 448 UNUS.

3484 395 3590 456 ηε

2014 507 2120 560 noli
2147 507 2412 564 modicum
2442 509 2659 582 diligere
2680 554 2693 578 ,
2721 514 2871 582 quasi
2899 527 2927 565 a
2955 529 3059 584 quo
3095 515 3186 570 tibi
3215 515 3481 572 modicum
3505 518 3590 573 di-

2011 601 2230 656 missum
2257 613 2337 657 est
2358 622 2371 658 :
2393 604 2486 658 sed
2515 605 2688 673 potius
2716 606 2938 661 multum
2967 607 3147 677 dilige,
3169 624 3197 661 a
3215 624 3320 678 quo
3349 609 3440 664 tibi
3456 609 3591 666 mul-

2011 700 2122 746 tum
2154 693 2405 748 tributum
2435 705 2533 750 est.
2565 697 2619 753 Si
2651 697 2792 752 enim
2823 698 3010 769 diligit,
3031 700 3115 755 cui
3141 699 3391 755 donatum
3423 711 3591 758 estne

2009 781 2289 850 redderet;
2321 793 2519 855 quanto
2550 788 2718 858 magis
2742 786 2900 844 debet
2927 789 3148 860 diligere
3171 833 3183 854 ,
3225 792 3306 845 cui
3336 791 3587 848 donatum

2009 881 2090 927 est
2117 882 2172 928 ut
2202 875 2602 932 baberet?Nam
2631 886 2685 932 et
2712 880 2950 950 quisquis
2975 880 3041 934 ab
3058 881 3206 934 initio
3231 882 3454 951 pudicus
3470 899 3591 953 per-

2007 976 2204 1034 manet,
2235 969 2301 1024 ab
2331 969 2418 1023 illo
2444 971 2679 1040 regitur;
2710 979 2763 1027 et
2784 972 3025 1042 quisquis
3051 987 3116 1027 ex
3144 973 3409 1042 impudico
3435 975 3588 1044 pudi-

2007 1072 2100 1113 cus
2132 1058 2209 1125 lit,
2240 1059 2306 1115 ab
2333 1060 2422 1116 illo
2452 1063 2767 1134 corrigitur;
2801 1073 2853 1117 et
2880 1065 3118 1134 quisquis
3151 1081 3316 1136 usque
3345 1065 3398 1120 in
3430 1067 3588 1122 tinem

2009 1148 2303 1218 impudicus
2329 1160 2411 1208 est
2431 1195 2444 1219 ,
2474 1152 2540 1207 ab
2581 1154 2673 1208 illo
2702 1154 2983 1210 deseritur.
3019 1155 3131 1209 Hoc
3163 1165 3337 1211 autem
3371 1157 3458 1212 ille
3495 1173 3590 1214 oc-

2006 1241 2150 1295 culto
2170 1241 2371 1312 judicio
2398 1243 2571 1299 facere
2601 1253 2798 1314 potest,
2819 1246 2998 1316 iniquo
3026 1262 3129 1301 non
3161 1254 3335 1316 potest
3368 1264 3379 1299 :
3414 1249 3592 1304 etl'or-

2007 1340 2148 1387 tasse
2179 1332 2298 1388 ideo
2338 1334 2497 1402 latet,
2533 1346 2585 1390 ut
2619 1337 2735 1406 plus
2782 1337 3060 1404 timeatur,
3093 1347 3146 1393 et
3190 1339 3366 1394 minus
3395 1353 3588 1410 super-

2005 1421 2200 1479 biatur.

2075 1515 2299 1571 CAPUT
2330 1517 2510 1572 XLIII.
2546 1549 2616 1556 -—
2644 1519 2731 1572 44.
2768 1518 2844 1572 De
2886 1520 2995 1588 ipso
3035 1518 3128 1574 Dei
3159 1520 3290 1574 dono
3330 1536 3391 1574 ne
3415 1536 3469 1575 se
3497 1535 3586 1575 ex-

2006 1607 2183 1659 tollant
2227 1608 2458 1677 uirgines.
2495 1609 2694 1663 Deinde
2719 1611 2827 1679 jam
2871 1611 3046 1666 sciens
3076 1610 3268 1677 homo,
3298 1613 3465 1682 gratia
3495 1613 3589 1670 Dei

2005 1714 2063 1751 se
2101 1713 2217 1751 esse
2247 1699 2383 1768 quod
2416 1707 2530 1766 est,
2578 1716 2684 1754 non
2715 1701 2909 1755 incidat
2937 1703 2988 1754 in
3030 1702 3191 1756 alium
3221 1705 3481 1772 superbia:
3513 1705 3590 1760 la-

2004 1803 2195 1857 queum
2216 1830 2229 1854 ,
2277 1800 2333 1843 ut
2362 1789 2427 1844 de
2455 1790 2565 1859 ipsa
2598 1791 2690 1844 Dei
2734 1793 2900 1861 gratia
2938 1808 2995 1846 se
3025 1794 3329 1848 extollendo
3372 1805 3588 1865 spernat

2003 1890 2245 1936 caeteros.
2278 1881 2396 1950 Quo
2421 1883 2548 1938 vitio
2577 1884 2710 1937 alius
2734 1885 2750 1915 ¹
2785 1885 2870 1939 ille
2900 1885 3192 1955 pharisaeus
3213 1928 3228 1953 ,
3257 1896 3308 1942 et
3338 1887 3404 1943 de
3431 1885 3588 1944 bonis

2003 1986 2120 2041 qua:
2147 1971 2375 2027 habebat
2415 1972 2522 2027 Deo
2549 1974 2745 2044 gratias
2786 1974 3007 2044 agebat,
3035 1986 3086 2030 et
3115 1985 3291 2031 tamen
3336 1992 3392 2032 se
3430 1993 3590 2049 super

2003 2063 2340 2134 publicanum
2360 2075 2571 2134 peccata
2597 2067 2938 2122 conﬁtentem
2959 2069 3251 2124 extollebat
3271 2068 3417 2141 (Luc.
3439 2086 3585 2136 xvm,

2005 2154 2215 2226 lO-M).
2256 2156 2391 2224 Quid
2424 2157 2579 2227 igitur
2620 2157 2984 2230 faciatw'irgo,
3018 2159 3140 2228 quid
3171 2162 3402 2231 cogitet,
3435 2177 3503 2216 ne
3529 2175 3589 2217 se
3659 2182 3665 2189 ·

2003 2247 2224 2301 extollat
2248 2262 2408 2318 super
2433 2263 2526 2303 eos
2553 2249 2638 2303 vel
2683 2265 2774 2304 eas
2799 2266 2916 2319 quzc
2949 2249 3049 2304 hoc
3078 2260 3181 2305 tam
3214 2267 3404 2322 magno
3447 2252 3588 2308 dono

2002 2336 2222 2390 carent?
2247 2336 2430 2409 Neque
2458 2340 2600 2394 enim
2633 2340 2883 2395 simulare
2909 2341 3067 2396 debet
3094 2341 3462 2408 huu'tilitatetn,
3493 2342 3586 2398 sed

2003 2428 2254 2512 exhibere
2288 2448 2300 2482 :
2333 2446 2453 2484 nam
2485 2433 2750 2486 simulatio
2782 2431 3096 2488 humilitatis
3140 2434 3310 2503 major
3338 2434 3585 2505 superbia

2003 2530 2104 2575 est.
2138 2519 2339 2576 idcirco
2376 2521 2646 2591 Scriptura
2672 2523 2854 2578 volens
2881 2524 3163 2579 ostendere
3196 2541 3436 2581 veracem
3486 2525 3585 2581 ltu-

2005 2609 2280 2666 militatem
2310 2627 2426 2667 esse
2457 2623 2704 2684 Oportere
2725 2657 2738 2678 ,
2785 2629 2904 2669 cum
2936 2614 3192 2682 dixisset,
3228 2614 3430 2683 Quanto
3474 2632 3587 2669 ma-

2001 2719 2130 2774 gnus
2173 2717 2260 2770 es,
2318 2714 2456 2757 tanto
2505 2705 2715 2757 humilia
2765 2715 2810 2758 te
2861 2707 2912 2759 in
2965 2706 3231 2770 omnibus;
3283 2722 3405 2763 mox
3452 2721 3587 2778 quo-

2002 2811 2106 2865 que
2135 2794 2397 2860 subdidit,
2451 2806 2495 2849 et
2524 2813 2694 2849 coram
2738 2796 2846 2850 Deo
2875 2797 3092 2851 invenies
3121 2798 3337 2868 gratiam
3381 2795 3400 2872 (
3423 2796 3584 2851 Eccli.

2005 2903 2109 2953 ιιι,
2159 2885 2277 2959 20)
2325 2905 2338 2940 :
2391 2889 2570 2958 utique
2613 2889 2700 2943 ubi
2751 2904 2809 2944 se
2855 2889 3115 2950 fallaciter
3159 2887 3436 2946 bumiliare
3481 2903 3587 2946 non

2005 2990 2203 3051 posset.

2075 3069 2300 3126 CAPUT
2331 3071 2512 3126 XLIV.
2547 3102 2613 3110 ——
2642 3073 2729 3127 ΑΒ.
2769 3073 2904 3138 Quid
2933 3073 3254 3142 regnandum
3283 3073 3465 3142 uirgini
3485 3113 3500 3136 ,
3533 3082 3589 3128 ut

2004 3162 2241 3216 veraciter
2269 3178 2322 3215 se
2347 3178 2445 3215 non
2472 3162 2655 3215 audeat
2686 3163 2884 3216 ntalieri
2908 3164 2984 3217 vel
3009 3165 3294 3236 conjugatte
3321 3166 3583 3236 prazferre.

2005 3252 2235 3308 Proinde
2261 3254 2389 3324 quid
2417 3254 2692 3309 dicemus?
2721 3256 2887 3311 Estne
2917 3256 3111 3327 aliquid
3143 3257 3458 3328 quod-virgo
3494 3258 3587 3315 Dei

2003 3347 2264 3402 veraciter
2291 3347 2518 3418 cogitet,
2551 3347 2689 3402 unde
2715 3362 2774 3403 se
2805 3347 2947 3404 ﬁdeli
2976 3349 3220 3415 mulieri,
3251 3365 3356 3405 non
3383 3358 3589 3407 tantum

2005 3437 2197 3503 vidua},
2225 3454 2408 3493 verum
2438 3441 2595 3494 etiam
2623 3439 2917 3510 coniugata:
2949 3440 3201 3510 praeferre
3229 3456 3333 3496 non
3361 3440 3591 3496 audeat?

2005 3528 2121 3584 Non
2148 3544 2247 3601 ego
2282 3531 2562 3600 reprobam
2592 3530 2712 3585 dico
2747 3549 2757 3584 :
2795 3547 2915 3586 nam
2947 3531 3066 3601 quis
3104 3532 3305 3588 nesciat
3332 3532 3592 3588 obedien-

2009 3631 2115 3679 tem
2145 3623 2422 3678 mulierem
2450 3623 2775 3680 inobedienti
2798 3623 2988 3693 virgini
3019 3624 3464 3694 prtrponendam?
3486 3624 3592 3680 Sed

2007 3728 2127 3768 cum
2155 3713 2325 3767 ambae
2355 3723 2477 3768 sunt
2502 3711 2815 3769 obedientes
2838 3714 3118 3784 praeceptis
3147 3715 3272 3781 Dei,
3318 3715 3458 3770 itane
3487 3724 3594 3770 tre-

2007 3803 2211 3874 pidabit
2252 3813 2487 3858 sanctam
2517 3804 2872 3873 virginitatem
2904 3804 3062 3858 etiam
3109 3804 3269 3857 castis
3298 3804 3492 3871 nuptiis
3537 3813 3593 3860 et

2008 3897 2387 3952 continentiam
2420 3895 2669 3965 praeferre
2706 3896 2970 3950 connubio
2991 3938 3004 3960 ,
3048 3895 3276 3949 fructum
3304 3904 3589 3951 centenum

2009 3988 2196 4057 przeire
2247 3987 2482 4040 triceno?
2512 3986 2623 4040 Imo
2651 4001 2778 4039 vero
2824 4001 2928 4039 non
2960 3985 3164 4040 dubitet
3203 3985 3340 4040 hanc
3372 4001 3482 4043 rem
3516 3987 3590 4042 illi

2012 4078 2085 4133 rei
2113 4093 2436 4148 praeponere.
2470 4079 2591 4132 Haec
2624 4088 2796 4132 tamen
2830 4078 2910 4132 vel
2945 4078 3056 4132 lucc
3085 4078 3230 4148 virgo
3257 4079 3509 4135 obediens
3539 4089 3594 4137 et

2011 4170 2176 4223 Deum
2210 4170 2399 4223 timens
2421 4212 2433 4232 ,
2466 4169 2540 4222 illi
2570 4170 2646 4221 vel
2691 4169 2761 4222 illi
2796 4168 3001 4223 mulieri
3031 4169 3297 4224 obedienti
3340 4183 3392 4226 et
3424 4171 3592 4226 Deutn

2014 4261 2215 4316 timenti
2237 4277 2292 4315 se
2316 4261 2580 4317 anteferre
2601 4276 2707 4315 non
2736 4261 2926 4314 audeat
2951 4278 2961 4312 :
2988 4261 3216 4331 alioquin
3249 4278 3353 4316 non
3376 4263 3476 4318 erit
3496 4262 3592 4318 liu-

2013 4356 2171 4420 milis,
2192 4365 2243 4409 ct
2272 4355 2405 4409 Deus
2430 4355 2656 4425 superbis
2683 4357 2869 4409 resistit
2890 4353 3093 4425 (Jacobi
3121 4371 3192 4420 tv,
3215 4356 3285 4424 6').
3318 4355 3450 4423 Quid
3471 4371 3596 4426 ergo

2013 4448 2297 4517 cogitabit?
2323 4447 2534 4501 Occulta
2568 4447 2771 4501 scilicet
2802 4449 2938 4500 dona
2971 4448 3059 4500 Dei
3081 4489 3093 4511 ,
3127 4464 3242 4515 qua)
3276 4449 3483 4499 nonnisi
3519 4446 3597 4501 in-

2014 4547 2299 4614 terrogatio
2330 4545 2666 4606 tentationis,
2702 4545 2857 4596 etiam
2893 4544 2941 4594 in
2968 4543 3251 4608 setnctipso
3272 4584 3283 4604 ,
3314 4541 3598 4608 Unicuique

2015 4637 2308 4691 declarat”.
2345 4635 2412 4688 Ut
2441 4637 2579 4687 enim
2610 4642 2799 4685 ewtera
2834 4643 3069 4694 taeezun;
3106 4631 3241 4683 unde
3270 4631 3368 4682 scit
3411 4631 3594 4699 virgo,

2016 4727 2254 4794 quamvis
2283 4725 2501 4777 sollicita
2537 4740 2652 4792 quas
2683 4733 2803 4773 sunt
2834 4722 3031 4773 Domini
3058 4763 3069 4786 ,
3101 4720 3366 4788 quonzotlo
3396 4721 3599 4789 plaCeat

2019 4817 2240 4870 Domino
2270 4816 2307 4882 (l
2337 4814 2450 4868 Cor.
2483 4831 2571 4878 vn,
2606 4812 2715 4881 59.),
2749 4829 2814 4864 ne
2847 4814 2977 4864 lurte
3005 4822 3218 4879 propter
3244 4813 3467 4877 aliquam
3495 4812 3595 4864 sibi

2018 4907 2334 4977 incognitam
2365 4905 2554 4957 mentis
2587 4903 2941 4956 it’tlirmitatem
2963 4945 2976 4966 ,
3025 4902 3252 4954 ninnium
3298 4903 3361 4953 sit
3394 4912 3593 4954 matura

2019 5001 2301 5072 martyrio,
2339 4999 2423 5052 illa
2452 5014 2576 5050 vero
2609 4997 2795 5049 mulier
2821 4997 2901 5046 cui
2932 5011 2986 5047 se
3018 4995 3268 5063 pr:t:l'errt-
3297 4995 3555 5062 gestiebat
3581 5037 3594 5059 ,

2015 5093 2123 5161 jam
2149 5091 2310 5160 possit
2336 5091 2515 5142 bibere
2545 5090 2758 5141 (“dicunt
2782 5087 3057 5140 dominicas
3090 5087 3416 5147 lttnuiiitatis.
3439 5104 3593 5156 quem

2021 5187 2166 5254 prius
2217 5183 2499 5236 bibendum
2559 5180 2829 5248 tlis'ipulis
2882 5179 3204 5231 amatoribus
3261 5180 3599 5233 sublimitatis

2021 5276 2264 5346 opposuit
2309 5273 2531 5346 (Matt/2.
2570 5290 2632 5325 xx
2659 5315 2671 5336 ,
2698 5271 2765 5324 ‘22
2792 5271 2851 5340 )?
2896 5271 3064 5337 Unde,
3104 5272 3331 5341 inquam,
3369 5272 3504 5333 scit,
3532 5288 3599 5325 ne

2022 5369 2157 5423 forte
2208 5369 2318 5434 ipsa
2373 5365 2602 5419 nondum
2658 5365 2725 5416 sit
2772 5364 2984 5429 Thecla,
3037 5364 3144 5433 jam
3195 5365 3262 5416 sit
3316 5364 3402 5417 illa
3448 5361 3598 5418 Cris-

2024 5461 2142 5531 pina
2178 5456 2301 5531 (a)?

2089 5598 2101 5627 ¹
2131 5591 2346 5643 Nonnulli
2374 5601 2499 5650 Uss,
2519 5591 2641 5640 altus

2087 5660 2106 5687 ¹
2132 5657 2266 5714 t-tditi,
2300 5666 2410 5714 qua:
2433 5652 2618 5701 nmmisi
2649 5650 3017 5713 interrogatione
3053 5650 3316 5700 imitationis
3355 5652 3500 5702 etiam
3531 5666 3604 5704 se-

2025 5719 2273 5776 metipsum
2302 5715 2552 5776 unicuique
2579 5715 2842 5763 tlet‘lztrttut.
2871 5715 3169 5776 castigantur
3196 5727 3257 5761 ex
3278 5721 3381 5763 Mss.

2091 5734 2135 5768 ’tt
2157 5734 2273 5766 tattitt
2302 5734 2552 5776 ttttttrtttqrtt'
2579 5734 2842 5763 llt"t'l"lt‘lllll.
2871 5734 3169 5774 husugauuur
3196 5734 3254 5761 ex
3280 5734 3381 5763 MSS.

2091 5734 2160 5840 (ag
2195 5788 2216 5825 't
2233 5779 2365 5824 luela
2396 5779 2527 5840 \irgu
2553 5810 2561 5837 ι
2586 5777 2873 5840 «ιι-(μκιι-ὺγιρ,
2901 5790 3011 5835 qua:
3030 5774 3120 5822 sub
3144 5783 3336 5840 Nerone
3356 5776 3496 5834 ignes
3520 5791 3607 5840 pro

2028 5834 2208 5891 (:ltriSto
2241 5854 2293 5889 ac
2327 5835 2506 5888 bestias
2533 5834 2659 5887 vicit.
2695 5834 3055 5899 et'ispina’vcro
3094 5834 3266 5886 mulier
3291 5834 3607 5900 'l'bagarensis
