4122 6212
539 332 614 393 23
1424 324 1522 382 ,DE
1559 323 1823 383 SANCTA
1867 318 2332 391 VIRGINITATIS,
2377 320 2435 380 S.
2477 321 2842 391 AUGUSTINI

577 446 801 506 CAPUT
830 442 990 502 XLV.
1022 473 1093 485 ——
1127 439 1341 495 Fructus
1364 451 1619 504 centenus,
1641 455 1913 510 sexagenus
1936 447 1978 491 et
2003 436 2095 489 tri-

506 560 657 601 cenas
682 541 816 597 varie
845 538 1139 593 intellectus.
1173 536 1331 589 Certe
1362 533 1460 588 nisi
1488 531 1625 586 adsit
1663 532 1883 586 tentatio
1903 571 1917 597 ,
1950 528 2093 583 nulla

507 636 632 694 doni
657 635 812 703 hujus
835 633 892 685 fit
913 629 1316 684 demonstratio.

581 729 669 783 46.
705 726 815 780 Hoc
838 733 1014 777 autent
1058 731 1162 775 tam
1194 735 1439 790 maguum
1472 727 1553 775 est
1574 760 1587 783 ,
1621 726 1678 773 ut
1716 732 1836 773 cum
1869 715 2096 772 fructum

511 830 790 878 ci-ntenutn
818 819 1031 890 quidam
1061 818 1355 888 intelligant
1377 814 1473 890 (ιι).
1509 815 1761 871 Perhibet
1786 814 1927 869 enim
1965 829 2099 882 prae.

511 912 865 969 clarissimum
898 910 1256 966 testimonium
1289 908 1645 964 ecclesiastica
1687 906 1977 961 auctoritas
1999 949 2011 970 ,
2046 902 2098 959 in

512 1019 611 1074 qna
643 1003 886 1058 fidelibus
932 1011 1116 1057 initum
1144 1009 1256 1067 est,
1288 1015 1397 1071 quo
1425 1000 1543 1053 loco
1571 1007 1830 1070 martyres
1850 1039 1866 1064 ,
1898 1005 1952 1051 et
1996 1011 2101 1066 quo

513 1095 776 1148 defuncta!
820 1093 1251 1149 sanctiinoniales
1284 1090 1352 1146 ad
1381 1091 1562 1147 altaris
1602 1096 1935 1144 sacramenta
1967 1086 2102 1142 reci-

516 1196 693 1242 textur
714 1186 810 1256 (b).
841 1186 944 1243 Sed
974 1184 1097 1256 quid
1140 1184 1399 1255 signiﬁcet
1429 1180 1768 1238 fecunditatis
1812 1179 1898 1234 illa
1927 1178 2103 1233 diver-

518 1285 648 1337 sitas
671 1323 685 1346 ,
714 1280 941 1336 viderint
969 1281 1057 1350 qui
1087 1277 1200 1333 haec
1227 1277 1416 1332 melius
1442 1290 1598 1345 quam
1638 1288 1734 1328 nos
1764 1271 2060 1342 intelligunt
2084 1286 2099 1336 ;

516 1372 627 1427 sive
657 1371 928 1442 virginalis
956 1373 1059 1425 vita
1091 1370 1142 1425 iu
1171 1375 1394 1424 centeno
1422 1367 1594 1422 fructu
1621 1366 1727 1431 sit,
1761 1364 1812 1418 in
1837 1376 2102 1433 sexageuo

518 1463 778 1531 vidualis,
808 1463 860 1517 in
905 1463 1110 1517 triceno
1148 1470 1325 1516 autem
1361 1456 1655 1528 conjngalis
1688 1474 1701 1509 :
1735 1457 1851 1510 sive
1877 1460 2102 1509 centena

515 1553 759 1613 fertilitas
791 1555 1045 1628 martyrio
1074 1554 1247 1625 potius
1278 1554 1597 1622 imputetur,
1628 1564 1888 1620 sexagena
1933 1546 2104 1603 conti-

515 1646 745 1714 nentiaz,
780 1647 975 1702 triCena
1021 1645 1320 1710 commbio;
1365 1644 1477 1700 sive
1505 1642 1779 1712 virginitas
1814 1638 2103 1695 accedente

513 1739 772 1811 martyrio
788 1750 1073 1795 centenum
1099 1736 1326 1793 fructum
1358 1733 1593 1803 impleat,
1613 1733 1723 1788 sola
1748 1747 1874 1787 vero
1891 1732 1943 1785 in
1959 1744 2103 1785 sexa-

514 1844 654 1902 geno
679 1831 784 1895 sit,
813 1830 1076 1899 coniugati
1103 1838 1279 1883 autem
1310 1825 1569 1881 tricenum
1602 1826 1831 1879 ferentes
1856 1821 1921 1875 ad
1950 1834 2104 1875 sexa-

514 1936 708 1992 genum
738 1920 1044 1990 perveniant
1070 1920 1114 1973 si
1142 1930 1402 1989 martyres
1426 1916 1623 1972 fuerint
1648 1934 1660 1969 :
1686 1917 1797 1969 sive
1818 1912 1956 1984 quod
1980 1926 2103 1981 pro-

514 2010 743 2067 habilius
771 2010 900 2066 mihi
938 2009 1182 2074 videtur,
1215 2008 1463 2079 quoniam
1492 2006 1685 2061 divinm
1724 2006 1907 2075 gratia:
1938 2002 2102 2057 multa

517 2111 646 2159 sunt
667 2116 909 2166 munera,
937 2110 991 2157 et
1019 2108 1104 2157 est
1127 2098 1274 2155 aliud
1303 2099 1407 2153 alio
1435 2097 1605 2167 majus
1629 2111 1692 2151 ac
1721 2095 1929 2158 melius,
1963 2092 2102 2148 unde

515 2191 645 2249 dicit
683 2192 1006 2263 Apostolus,
1036 2187 1378 2246 .Emulamini
1401 2188 1417 2220 ¹
1448 2197 1615 2241 autem
1641 2186 1774 2240 dona
1810 2185 2020 2240 meliora
2057 2182 2104 2255 (Ι

516 2282 637 2339 Cor.
666 2299 774 2350 xu,
800 2283 926 2354 3i);
954 2281 1354 2352 intelligendum
1380 2287 1463 2335 est
1490 2279 1639 2349 plura
1666 2293 1786 2333 esse
1805 2318 1818 2342 ,
1848 2290 2005 2348 quam
2046 2283 2102 2329 ut

514 2376 569 2431 in
600 2384 709 2431 tres
732 2374 1057 2429 differentias
1080 2370 1324 2428 distribui
1358 2370 1579 2441 possint.
1613 2369 1868 2433 Primum,
1890 2383 1956 2421 ne
1974 2381 2104 2421 con-

512 2466 791 2522 tinentiam
820 2465 1086 2521 vidualem
1108 2472 1200 2520 aut
1224 2465 1277 2519 in
1304 2463 1446 2518 nullo
1478 2462 1646 2517 fructu
1674 2460 2058 2516 constituamus
2081 2500 2097 2526 ,

513 2564 605 2613 aut
628 2557 696 2613 ad
723 2556 1015 2627 conjugalis
1043 2554 1309 2626 pudicitiae
1340 2555 1586 2611 meritum
1615 2552 1943 2622 deponamus
1962 2592 1977 2618 ,
2010 2557 2103 2605 aut

514 2647 756 2719 virginali
776 2647 960 2719 gloria:
979 2661 1320 2718 comquemus
1336 2661 1351 2712 ;
1369 2654 1461 2701 aut
1482 2661 1734 2701 coronam
1758 2643 1995 2715 martyrii
2016 2642 2100 2698 vel

514 2738 568 2795 in
596 2739 778 2794 habitu
805 2739 990 2805 animi,
1014 2739 1222 2794 etiamsi
1249 2737 1387 2792 desit
1417 2735 1720 2791 tentationis
1745 2748 1992 2799 examen,
2014 2731 2101 2788 vel

513 2828 568 2884 in
609 2829 722 2899 ipsa
751 2828 1014 2901 passionis
1042 2827 1370 2898 experientia
1398 2826 1740 2881 constitutam
1758 2865 1774 2892 ,
1800 2823 2017 2879 cuilibet
2036 2822 2101 2878 il-

511 2920 687 2978 larum
714 2922 873 2977 trium
911 2921 1141 2976 castitati
1166 2920 1282 2976 sine
1310 2920 1421 2976 ullo
1459 2920 1788 2975 incremento
1815 2916 2101 2972 fertilitatis

510 3013 764 3073 accedere
778 3015 1163 3070 exisﬁmemus.
1182 3011 1407 3079 Deinde,
1426 3011 1512 3065 ubi
1528 3011 1773 3081 ponimus
1789 3007 1929 3081 quod
1948 3008 2101 3063 multi

511 3121 575 3162 ac
617 3106 797 3160 multa:
826 3105 896 3160 ita
923 3104 1227 3161 custodiunt
1253 3105 1632 3160 continentiam
1663 3103 1972 3173 virginalem
1995 3144 2010 3168 ,
2045 3109 2102 3156 ut

512 3194 838 3254 tamen‘non
867 3197 1061 3251 faciant
1085 3212 1203 3267 qum
1232 3195 1485 3249 Dominus
1511 3194 1584 3248 ait
1603 3236 1617 3259 ,
1652 3193 1712 3248 Si
1752 3194 1823 3246 vis
1852 3210 1956 3247 esse
1980 3210 2099 3263 per-

511 3292 691 3361 fectus,
717 3288 862 3355 vade,
889 3287 1047 3342 vende
1069 3287 1239 3341 omnia
1263 3301 1375 3357 qua:
1402 3285 1570 3350 habes,
1607 3296 1652 3340 et
1680 3285 1746 3338 da
1775 3285 2096 3357 pauperibus,

509 3390 558 3435 et
582 3380 784 3435 habebis
807 3378 1099 3434 thesaurum
1120 3381 1171 3433 in
1187 3379 1334 3443 creto;
1351 3389 1396 3432 et
1421 3379 1551 3443 veni,
1569 3395 1771 3449 sequere
1785 3395 1861 3432 me
1888 3378 2096 3448 (Matth.

510 3484 598 3525 xtx
620 3511 635 3535 ,
665 3470 796 3541 21);
843 3484 939 3524 nec
968 3469 1198 3524 audeant
1224 3484 1405 3523 eorum
1444 3469 1819 3523 Cultabilationi
1865 3469 2095 3536 sociari,

511 3561 566 3618 in
597 3563 789 3633 quibus
829 3576 987 3617 nemo
1014 3562 1143 3617 dicit
1169 3562 1368 3632 aliquid
1398 3562 1666 3631 proprium
1689 3603 1704 3627 ,
1737 3561 1830 3616 sed
1858 3571 1979 3615 sunt
2022 3563 2100 3617 eis

512 3653 692 3709 omnia
717 3653 1019 3707 communia
1046 3652 1184 3724 (Act.
1214 3667 1269 3717 ιι,
1300 3652 1390 3719 At,
1422 3661 1468 3705 et
1502 3667 1574 3717 tv,
1603 3651 1692 3723 '52)
1727 3669 1739 3704 :
1775 3650 1974 3706 nihilne
1999 3667 2098 3722 pu-

511 3753 685 3802 tamus
703 3743 1121 3800 fructiflcationis
1137 3744 1391 3801 accedere
1411 3745 1697 3815 virginibus
1726 3744 1840 3812 Dei,
1858 3762 1978 3801 cum
2001 3749 2099 3802 hoc

510 3838 745 3913 faciunt?
761 3847 852 3895 aut
876 3838 993 3895 sine
1020 3838 1127 3895 ullo
1154 3839 1327 3894 fructu
1357 3853 1477 3894 esse
1499 3838 1731 3909 virgines
1755 3838 1867 3917 Dei,
1891 3837 2100 3893 etiamsi

510 3929 613 3988 hoc
639 3947 743 3989 non
768 3929 1003 3988 faciunt?

579 4021 807 4080 CAPUT
836 4021 1020 4078 XLVI.
1052 4053 1120 4063 ——
1159 4020 1273 4076 Vita
1321 4022 1597 4077 communis
1640 4022 2099 4078 sanctimonialium

509 4115 850 4171 excellentior.
882 4113 1041 4168 Multa
1072 4129 1200 4183 ergo
1240 4121 1364 4168 sunt
1392 4112 1531 4169 dona
1555 4154 1569 4179 ,
1603 4124 1656 4169 et
1683 4114 1801 4169 aliis
1841 4114 1942 4169 alia
1986 4116 2095 4171 cla-

510 4208 653 4264 riora
681 4220 746 4262 ac
770 4204 1043 4276 superiora
1066 4246 1079 4272 ,
1109 4204 1330 4275 singulis
1358 4205 1582 4275 singula.
1618 4205 1683 4258 Et
1709 4206 1993 4277 aliquando
2022 4206 2101 4262 al-

511 4308 595 4356 ter
620 4299 922 4356 fructuosus
948 4306 1030 4352 est
1052 4296 1207 4353 donis
1249 4297 1583 4367 paucioribus
1603 4339 1618 4362 ,
1648 4297 1739 4353 sed
1767 4299 2055 4367 potioribus
2080 4314 2094 4364 ;

510 4389 647 4447 alter
672 4387 1029 4455 inferioribus,
1048 4386 1142 4443 sed
1170 4386 1427 4457 pluribus.
1449 4387 1514 4441 Et
1543 4387 1986 4456 quenadmodum
2017 4388 2098 4442 in-

508 4491 595 4541 ter
614 4497 673 4540 se
697 4481 780 4538 vel
800 4488 1145 4552 corcquentur
1168 4479 1253 4536 vel
1279 4478 1670 4550 distinguantur
1696 4478 1747 4533 iu
1775 4478 2096 4547 accipiendis

508 4575 728 4634 aeternis
755 4574 1082 4640 honoribus,
1123 4573 1242 4644 quis
1275 4572 1547 4626 hominum
1587 4571 1778 4626 audeat
1815 4570 2098 4641 judicare?

507 4667 634 4725 dum
657 4676 833 4722 tamen
860 4673 1071 4722 constet
1097 4672 1151 4720 et
1175 4665 1340 4720 multa
1366 4679 1485 4719 esse
1517 4664 1614 4717 ista
1640 4663 1843 4719 diversa
1866 4704 1879 4728 ,
1909 4671 1962 4718 et
1987 4678 2092 4718 non

506 4758 574 4815 ad
619 4773 856 4830 prmsens
884 4767 1129 4828 tempus,
1162 4755 1258 4813 sed
1300 4757 1352 4811 in
1382 4766 1639 4812 aeternum
1686 4755 1938 4826 prodesse
1976 4773 2092 4812 me-

571 4874 589 4907 ι
613 4880 793 4924 Omnes
812 4879 942 4934 Mss.,
970 4869 1243 4923 Intitamini.

507 4934 601 4999 (sic
623 4935 733 4999 ejus
755 4941 865 4985 acta
895 4931 950 4999 in
971 4934 1351 4999 Theoderieensi
1380 4940 1460 4984 Ms.
1480 4932 1610 4999 forte
1632 4946 1720 4996 pro
1747 4931 2091 4999 Timastensis,

506 4994 589 5060 vel
618 4994 952 5060 rhagurensis)
976 4994 1134 5060 gladio
1150 5007 1379 5060 percussa
1397 4994 1741 5060 est’t‘hebéstae
1758 4996 1808 5044 in
1832 4996 1982 5060 atria:
2001 4994 2093 5046 sub

506 5054 801 5107 Diocletiano
817 5064 870 5107 et
893 5054 1192 5116 Maximiano,
1220 5054 1418 5106 Anulino
1441 5054 1745 5118 proconsule.
1773 5056 1885 5107 Inde
1902 5069 2096 5107 rursum

506 5118 558 5167 In
577 5129 809 5167 sermone
824 5118 935 5178 554,
958 5118 1016 5168 ad
1034 5120 1367 5179 Continentes,
1388 5130 1436 5167 n.
1461 5118 1492 5167 5
1513 5131 1526 5167 :
1558 5135 1580 5164 α
1596 5123 1814 5179 Cogitate
1827 5154 1841 5179 ,
1867 5120 1952 5178 ait,
1978 5131 2091 5179 per-

514 5196 539 5226 ι
556 5180 824 5243 sectttionis
839 5186 1181 5243 temporenon
1217 5177 1403 5243 solum,
1422 5186 1589 5243 Agueu
1625 5177 1777 5231 fuisse
1817 5177 2094 5230 coronatam

512 5257 537 5288 ι
560 5241 816 5307 virginem,
832 5239 1271 5307 sed_et_Cri3j.ina_m
1294 5239 1587 5307 mulierem;
1616 5249 1667 5291 et
1681 5243 1826 5307 forte,
1846 5243 1975 5307 quod
1995 5256 2092 5292 non

513 5299 830 5365 «dubitatur,
869 5299 1016 5365 aliqui
1034 5299 1173 5365 tunc
1195 5300 1258 5350 de
1302 5302 1664 5353 continentibus
1684 5299 2001 5365 defecerunt,
2040 5311 2093 5356 et

513 5380 538 5410 ι
558 5362 786 5435 multide
806 5362 1075 5435 coniugatis
1095 5370 1432 5435 pugnaverunt
1451 5370 1599 5427 atque
1622 5366 1907 5435 viceru_nt:_s

567 5423 641 5535 (ij
673 5430 802 5475 Hanc
829 5423 1126 5475 sententiam
1145 5423 1303 5472 refert
1332 5423 1674 5534 llieronzmus,
1707 5426 1796 5475 sed
1819 5426 1960 5477 aliam
1985 5426 2090 5488 ipse

505 5484 560 5538 in
642 5522 655 5534 .
684 5486 701 5534 I
730 5491 897 5536 contra
927 5485 1235 5538 Iovinianum,
1260 5490 1312 5534 et
1334 5484 1383 5532 in
1399 5491 1508 5534 Matt
1547 5522 1557 5534 .
1582 5499 1689 5538 cap.
1722 5487 1777 5535 l5
1799 5486 1954 5538 eligit.
1979 5501 2089 5538 aute

505 5501 655 5538 ιιιιιι).
684 5501 701 5534 ι
730 5501 897 5536 contra
927 5501 1235 5544 iovmiauum,
1260 5501 1312 5534 et
1334 5501 1383 5532 ιιι
1400 5501 1557 5534 manu.
1582 5501 1689 5548 cap.
1722 5501 1777 5535 to
1799 5501 1954 5550 eugu,
1979 5501 2089 5550 quae

505 5546 735 5611 videlicet
763 5547 1085 5611 centesimum
1105 5544 1315 5611 fructum
1336 5546 1618 5611 virginibus,
1636 5551 1999 5611 sexagesimum
2014 5550 2089 5599 vi-

656 5613 710 5658 et
730 5607 1199 5671 trigesimumdcastls
1213 5606 1483 5671 oonjugatis
1500 5606 1716 5671 deputat.

567 5666 656 5736 (b)_
673 5675 776 5720 Bue
794 5666 1008 5736 pertinet
1028 5667 1147 5736 illud
1165 5668 1234 5736 ,ιιι
1249 5666 1478 5736 sermone
1500 5666 1598 5736 .159
1612 5705 1626 5728 ,
1644 5682 1697 5718 ιι.
1729 5669 1790 5736 1)
1821 5686 1843 5736 ς
1862 5677 2089 5736 Martyres

515 5744 540 5777 ι
561 5727 750 5802 éo'loco
766 5727 1032 5802 recitantur
1052 5730 1114 5780 ad
1134 5727 1289 5780 altare
1310 5728 1413 5802 Dei,
1427 5729 1740 5802 ubiponpro
1754 5731 1871 5802 ipsis
1892 5727 2081 5787 oreiur:

512 5805 540 5839 ι
555 5802 644 5852 pro
662 5792 856 5843 ceteris
870 5796 1035 5841 autem
1058 5789 1443 5843 commemoratis
1455 5789 1697 5843 defunctis
1718 5789 1897 5844 oratur.
1916 5811 1938 5839 ι)

3652 324 3784 389 .m

2206 436 2358 490 liora.
2388 435 2491 493 Sed
2519 437 2799 493 Dominum
2832 444 2941 492 tres
2982 435 3212 492 arbitror
3238 435 3481 495 voluissé'
3499 436 3788 497 fructifica-

2205 528 2364 584 tionis
2388 544 2809 587 commemorare
2832 528 3157 585 differentias
3185 529 3400 599 (Matth.
3433 548 3546 596 xm,
3575 532 3654 603 8),
3683 547 3790 588 cm-

2203 628 2345 675 teras
2375 621 2785 691 intelligentibus
2816 619 3111 692 reliquisse.
3145 621 3274 676 Nam
3315 632 3369 678 et
3396 622 3530 677 alius
3558 638 3788 695 evangec

2203 711 2322 767 Iista
2350 715 2521 769 solum
2548 714 2983 770 commemoravit
3011 713 3315 785 centuplum
3346 713 3496 782 (Luc.
3530 731 3619 771 vut
3640 756 3655 780 ,
3686 714 3742 787 8)
3768 731 3786 772 :
3856 758 3865 775 κ

2206 807 2459 877 numquid
2513 808 2632 881 ideo
2684 806 2949 878 putandus
2996 816 3077 862 est
3131 807 3230 861 alia
3285 806 3391 862 duo
3445 808 3529 863 vel
3580 809 3791 879 impro-

2206 898 2360 956 basse
2390 900 2473 955 vel
2502 901 2773 972 ignorasse
2797 942 2812 967 ,
2851 915 2913 956 ac
2944 915 3048 954 non
3080 899 3259 971 potius
3288 898 3627 971 intelligenda
3658 899 3789 956 reli-

2205 991 2426 1062 quisse?

2276 1084 2365 1139 47.
2397 1082 2499 1140 Sed
2532 1093 2585 1137 ut
2610 1081 2789 1139 dicere
2832 1097 3097 1153 coeperam
3119 1123 3134 1150 ,
3161 1084 3273 1139 sive
3299 1094 3557 1142 centenus
3584 1082 3790 1141 fructus

2206 1176 2274 1229 sit
2301 1174 2410 1230 Deo
2450 1173 2640 1229 devota
2667 1174 2938 1245 virginitas
2959 1216 2975 1242 ,
3002 1175 3117 1229 sive
3142 1175 3247 1230 alio
3271 1174 3450 1246 aliquo
3479 1174 3637 1231 modo
3654 1217 3671 1244 ,
3703 1178 3788 1235 vel

2206 1280 2363 1336 quem
2406 1265 2937 1321 commemoravimus
2958 1307 2973 1332 ,
3006 1265 3091 1322 vel
3131 1282 3288 1336 quem
3324 1282 3428 1321 HO"
3460 1282 3791 1323 commemo-

2207 1357 2475 1420 ravimus,
2526 1355 2596 1411 sit
2642 1354 2728 1411 illa
2775 1352 3061 1410 fertilitatis
3110 1355 3450 1426 intelligenda
3496 1357 3789 1425 distantia;

2208 1463 2365 1503 nemo
2417 1456 2634 1516 tamen,
2685 1455 2938 1519 quantum
2988 1457 3153 1519 puto,
3208 1464 3369 1505 ausus
3418 1450 3579 1506 fuerit
3622 1450 3781 1522 virgi-

2206 1541 2426 1595 nitatem
2478 1541 2730 1610 prtcferre
2780 1539 3034 1610 martyrio
3065 1580 3081 1606 ,
3140 1553 3203 1595 ac
3255 1555 3417 1595 nemo
3468 1540 3792 1600 dubitaverit

2208 1632 2309 1688 hoc
2334 1633 2530 1689 donum
2574 1634 2835 1690 occultum
2863 1647 2982 1690 esse
3001 1673 3016 1699 ,
3042 1633 3085 1687 si
3113 1634 3466 1691 examinatrix
3492 1634 3633 1692 desit
3672 1647 3792 1693 ten-

2208 1725 2354 1780 talio.

2278 1815 2503 1873 CAPUT
2531 1816 2736 1874 XLVII.
2770 1848 2839 1859 ο-
2872 1816 2938 1873 Ut
2963 1836 3062 1873 non
3090 1819 3293 1891 inﬂetur
3322 1821 3460 1891 virgo
3479 1861 3494 1883 ,
3526 1820 3706 1892 cogitet
3734 1836 3791 1875 se

2206 1918 2333 1986 forte
2357 1934 2456 1971 non
2483 1934 2628 1986 posse
2657 1934 2747 1987 pro
2772 1915 2970 1973 Christo
2995 1921 3121 1991 pati,
3146 1922 3281 1991 quod
3306 1923 3462 1991 possit
3487 1923 3784 1993 conjugata.

2208 2009 2377 2065 Habet
2404 2012 2577 2081 itaque
2600 2010 2746 2082 virgo
2765 2011 2905 2082 quod
2930 2014 3125 2082 cogitet
3148 2013 3288 2083 quod
3315 2015 3364 2069 ei
3395 2016 3559 2084 prosit
3583 2013 3652 2070 ad
3672 2029 3789 2070 ser-

2206 2099 2430 2155 vandam
2462 2100 2845 2169 humilitatem,
2874 2120 2941 2158 ne
2968 2104 3127 2159 violet
3171 2104 3315 2158 illam
3341 2119 3460 2176 qua:
3485 2105 3786 2176 superemi-

2205 2199 2296 2246 net
2321 2190 2476 2247 donis
2503 2192 2752 2248 omnibus
2775 2193 3088 2257 charitatem
3110 2237 3123 2261 ,
3153 2195 3270 2250 sine
3291 2211 3395 2265 qua
3435 2197 3617 2268 utique
3638 2213 3789 2268 quae-

2204 2296 2432 2353 cumque
2458 2282 2559 2338 alia
2588 2285 2669 2339 vel
2697 2300 2859 2354 pauca
2887 2284 2972 2340 vel
3011 2285 3160 2355 plura
3184 2286 3266 2341 vel
3294 2302 3481 2357 magna
3510 2288 3595 2343 vel
3621 2303 3786 2358 parva
3849 2336 3853 2339 .

2205 2370 2484 2440 habuerit,
2512 2374 2642 2430 nihil
2672 2383 2773 2431 est.
2820 2375 3020 2440 Habet,
3048 2377 3262 2448 inquam
3283 2418 3299 2444 ,
3325 2378 3466 2448 quod
3493 2380 3687 2450 cogitet
3729 2387 3789 2435 ut

2208 2481 2315 2521 non
2336 2465 2568 2531 infletur,
2586 2481 2695 2522 non
2725 2467 3029 2532 aemuletur;
3054 2468 3125 2523 ita
3154 2483 3212 2522 se
3237 2469 3434 2524 scilicet
3467 2468 3662 2524 bonum
3682 2471 3789 2526 vir-

2200 2560 2376 2632 ginale
2398 2558 2661 2630 conjugali
2697 2559 2839 2614 bono
2863 2561 3031 2615 multo
3056 2561 3287 2632 amplius
3313 2571 3367 2616 et
3408 2560 3598 2617 melius
3623 2561 3791 2632 profi-

2203 2652 2325 2719 teri,
2344 2661 2401 2708 ut
2424 2662 2600 2710 tamen
2628 2653 2829 2709 nesciat
2855 2663 3029 2708 utrum
3048 2654 3137 2708 illa
3163 2653 3247 2709 vel
3273 2653 3362 2709 illa
3379 2658 3658 2726 conjugata
3671 2655 3785 2724 jam

2203 2745 2313 2815 pati
2338 2760 2437 2815 pro
2464 2743 2677 2800 Christo
2707 2746 2905 2815 possit,
2943 2745 3119 2800 adhuc
3148 2760 3277 2800 vero
3300 2744 3413 2817 ipsa
3442 2762 3547 2801 non
3577 2746 3785 2816 possit,

2202 2845 2258 2893 et
2277 2837 2333 2892 in
2374 2838 2477 2903 hoc
2499 2837 2549 2893 ei
2579 2847 2857 2909 parcatur,
2889 2838 3011 2909 quia
3038 2836 3320 2893 inﬁrmitas
3343 2839 3461 2908 ejus
3488 2841 3785 2906 tentatione

2203 2943 2309 2984 non
2353 2928 2729 2999 interrogatur.
2761 2928 2953 2984 Fidelis
2982 2930 3122 2987 enim
3149 2928 3324 2997 Deus,
3355 2930 3430 2985 ait
3453 2931 3743 3002 Apostolus
3766 2972 3783 2999 ,

2201 3021 2286 3091 qui
2312 3037 2412 3074 non
2435 3038 2520 3076 vos
2550 3021 2795 3089 permittet
2817 3023 3000 3077 tentari
3026 3039 3177 3093 super
3202 3022 3259 3077 id
3280 3023 3417 3094 quod
3441 3024 3678 3094 potestis;
3697 3025 3788 3082 sed

2202 3114 2352 3185 faciet
2376 3131 2490 3169 cum
2517 3116 2786 3169 tentatione
2806 3117 2954 3170 etiam
2980 3118 3204 3182 exitum,
3234 3123 3293 3170 ut
3318 3116 3521 3187 possitis
3543 3117 3789 3175 sustinere

2203 3207 2250 3275 (ι
2274 3206 2391 3261 Cor.
2437 3223 2466 3261 x
2487 3248 2502 3273 ,
2538 3205 2644 3279 l3).
2680 3205 2943 3262 Fortassis
2968 3223 3094 3277 ergo
3132 3207 3207 3263 illi
3235 3208 3315 3263 vel
3363 3208 3466 3264 illae
3491 3210 3785 3280 conjugalis

2202 3298 2323 3352 vita:
2349 3298 2639 3353 retinentes
2660 3299 2713 3353 in
2736 3313 2833 3353 suo
2852 3314 3049 3369 genere
3072 3299 3391 3355 laudabilem
3416 3301 3652 3367 modum,
3671 3301 3784 3372 jam

2202 3390 2407 3458 possint
2416 3399 2598 3444 contra
2617 3389 2887 3445 inimicum
2901 3389 2966 3444 ad
2985 3391 3313 3460 iniquitatem
3327 3402 3607 3463 cogentem
3621 3394 3783 3450 etiam

2203 3478 2399 3534 laniatu
2430 3480 2691 3535 viscerum
2721 3490 2775 3536 et
2799 3479 3058 3535 effusione
3086 3482 3358 3552 sanguinis
3383 3482 3675 3549 dimicare;
3707 3482 3785 3540 illi

2202 3580 2376 3626 autem
2402 3571 2485 3626 vel
2521 3572 2623 3626 illa:
2650 3587 2679 3624 a
2712 3573 2937 3641 pueritia
2960 3574 3296 3629 continentes
3313 3615 3330 3641 ,
3358 3588 3522 3645 seque
3547 3583 3785 3633 castran-

2202 3670 2284 3717 tes
2310 3672 2527 3732 propter
2554 3678 2776 3734 regnum
2798 3665 3078 3725 caelorum.
3106 3665 3341 3722 nondum
3370 3674 3546 3723 tamen
3574 3666 3788 3725 valeant

2204 3757 2327 3813 talia
2351 3757 2433 3811 vel
2478 3772 2576 3828 pro
2595 3756 2800 3827 justitia
2837 3759 2922 3814 vel
2961 3773 3056 3829 pro
3084 3758 3196 3829 ipsa
3224 3759 3473 3830 pudicitia
3498 3762 3784 3819 sustinere.

2202 3848 2360 3905 Aliud
2386 3857 2469 3904 est
2496 3850 2637 3905 enim
2667 3865 2763 3920 pro
2791 3850 3013 3906 veritate
3050 3865 3115 3907 ac
3158 3852 3431 3921 proposito
3455 3860 3644 3909 sancto
3673 3868 3785 3910 non

2201 3940 2505 3995 consentire
2533 3940 2772 3996 suadenti
2819 3951 2979 4012 atque
3006 3941 3330 4008 blandienti,
3363 3943 3507 4000 aliud
3550 3959 3655 4001 non
3695 3958 3787 4001 ce-

2202 4033 2328 4092 dere
2351 4036 2511 4092 etiam
2543 4037 2809 4107 torquenti
2833 4046 2996 4107 atque
3021 4035 3253 4093 ferienti.
3282 4036 3475 4093 Latent
3500 4038 3598 4093 ista
3625 4038 3678 4094 in
3707 4038 3787 4093 fa-

2202 4127 2486 4184 cultatibus
2512 4137 2566 4184 et
2600 4127 2801 4184 viribus
2839 4130 3136 4185 animorum
3158 4169 3173 4196 ,
3205 4130 3497 4188 tentatione
3539 4130 3789 4203 pandun-

2204 4226 2322 4286 tur,
2350 4220 2677 4290 experientia
2707 4221 3047 4291 propalantur
3068 4222 3108 4275 ⁸.
3153 4220 3220 4278 Ut
3247 4237 3375 4294 ergo
3406 4222 3630 4294 quisque
3671 4237 3783 4280 non

2203 4311 2414 4366 infletur
2434 4353 2447 4377 ,
2476 4327 2541 4366 ex
2566 4327 2632 4366 eo
2657 4311 2795 4383 quod
2822 4327 2881 4366 se
2904 4312 3141 4383 pervidet
3171 4327 3327 4383 posse
3346 4353 3362 4379 ,
3393 4311 3663 4368 humiliter
3686 4327 3784 4369 co-

2201 4402 2331 4472 gitet
2353 4401 2492 4472 quod
2521 4403 2726 4472 ignorat
2748 4403 2943 4473 aliquid
2969 4404 3301 4473 praestantius
3324 4418 3383 4461 se
3421 4404 3646 4460 fortasse
3672 4419 3782 4462 non

2203 4509 2389 4563 posse;
2407 4494 2610 4565 aliquos
2635 4504 2811 4549 autem
2837 4493 2928 4564 qui
2951 4494 3080 4550 illud
3106 4511 3211 4565 quo
3238 4494 3338 4550 sibi
3362 4494 3594 4564 gloriose
3619 4506 3783 4553 notus

2200 4592 2301 4649 est,
2320 4600 2416 4639 nec
2442 4585 2637 4639 habent
2656 4601 2755 4641 nec
2779 4586 3109 4657 profitentur,
3131 4585 3232 4641 hoc
3252 4585 3393 4657 quod
3416 4587 3530 4656 ipse
3556 4603 3664 4643 non
3685 4604 3784 4659 po.

2202 4683 2299 4729 test
2326 4689 2499 4744 posse.
2534 4674 2606 4729 Ita
2624 4677 2920 4732 servabitur
2945 4691 3049 4731 non
3076 4675 3271 4741 fallaci,
3290 4677 3384 4732 sed
3414 4679 3592 4735 veraci
3607 4679 3780 4735 humi-

2200 4765 2346 4820 litate
2364 4807 2378 4830 ,
2413 4764 2620 4822 Honore
2638 4778 2810 4822 mutuo
2832 4768 3186 4838 prtevenientes
3205 4768 3380 4838 (Rom.
3403 4784 3512 4835 xu,
3540 4770 3663 4840 {0);
3689 4781 3741 4826 et
3758 4813 3776 4838 ,

2199 4857 2341 4911 Alter
2381 4858 2593 4912 alterum
2629 4860 2969 4915 existimantes
3011 4859 3318 4929 superiorem
3352 4860 3448 4915 sibi
3498 4859 3774 4933 (Philipp.

2197 4967 2273 5017 ιι,
2307 4952 2381 5023 5).

2268 5045 2492 5104 CAPUT
2531 5044 2759 5103 XLVIII.
2800 5074 2875 5090 -—
2910 5047 2999 5103 48.
3051 5046 3166 5102 Alia
3207 5046 3501 5102 humilitatis
3545 5047 3780 5112 occasio,

2196 5140 2331 5208 quod
2368 5140 2551 5194 nullus'
2576 5139 2657 5193 hic
2683 5141 2749 5196 sit
2790 5141 2899 5193 sine
2933 5148 3153 5209 peccato.
3185 5137 3321 5207 Quid
3359 5140 3468 5206 jam
3509 5138 3679 5193 dicam
3709 5138 3779 5195 de

2197 5232 2308 5302 ipsa
2335 5231 2541 5287 cautela
2568 5240 2629 5286 et.
2651 5232 2917 5301 vigilantia
2949 5247 3053 5286 non
3077 5230 3368 5300 peccandi?
3390 5229 3516 5297 Quis
3539 5228 3778 5301 gloriabi-

2194 5332 2278 5378 tur
2308 5333 2499 5380 castum
2523 5339 2577 5378 se
2594 5323 2775 5379 habere
2798 5340 2887 5379 cor
2904 5325 2931 5379 7
2948 5332 3037 5378 aut
3073 5323 3186 5391 quis
3209 5322 3507 5393 gloriabitur
3530 5324 3776 5379 mundum

2193 5431 2248 5469 se
2284 5432 2388 5471 esse
2420 5433 2453 5470 a
2479 5427 2681 5487 peccato
2708 5413 2891 5485 (Prov.
2923 5431 2991 5470 xx
3012 5456 3029 5481 ,
3070 5413 3162 5485 9)?
3201 5415 3407 5484 Integra
3442 5422 3526 5471 est
3558 5415 3799 5485 quidem-

2193 5506 2262 5562 ab
2292 5516 2445 5563 utero
2465 5508 2650 5563 matris
2675 5513 2856 5562 saneta
2882 5506 3155 5577 virginitas
3183 5524 3197 5563 :
3228 5506 3323 5563 sed
3357 5522 3533 5573 mmo,
3565 5507 3776 5578 inquit,

2191 5601 2409 5657 mundus
2444 5602 2497 5656 in
2537 5613 2802 5673 conspectu
2843 5612 2964 5669 tuo,
2996 5618 3088 5657 nec
3140 5602 3311 5673 infans
3336 5599 3483 5669 cujus
3507 5608 3581 5654 est
3620 5598 3776 5654 unius

2190 5734 2369 5848 “$1512
2399 5741 2447 5783 et
2469 5732 2650 5798 aliquot
2681 5741 2805 5797 Mss,
2826 5741 3016 5788 tentata
3040 5725 3349 5806 panduntur,
3371 5731 3575 5799 experta
3597 5739 3784 5801 propin

2326 5810 2366 5845 r.

2326 5810 2366 5845 Γ.
