4122 6212
288 315 395 375 4ἑ5

288 432 390 487 diei
436 430 535 485 uita
576 442 732 498 super
757 434 942 480 terram
992 421 1134 497 (Job.
1166 438 1301 491 xxv,
1337 421 1416 493 II).
1450 420 1704 479 Servatur
1731 428 1783 475 et
1823 421 1878 477 in

292 523 394 579 fide
424 520 675 578 inviolata
707 517 953 591 quaedam
984 516 1201 572 castitas
1226 516 1499 588 virginalis
1518 557 1532 582 ,
1564 530 1667 587 qua
1686 514 1876 570 Eccle-

285 617 367 675 sia
394 616 483 671 uni
516 615 629 669 viro
658 615 810 683 virgo
838 619 985 667 casta
1011 621 1293 682 coaptatur
1321 627 1335 665 :
1361 609 1455 665 sed
1493 609 1583 665 ille
1612 624 1748 664 unus
1776 608 1874 677 vir,

286 726 396 766 non
426 717 631 764 tantum
672 704 857 761 fideles
886 711 1069 760 mente
1113 713 1167 759 et
1204 718 1430 774 corpore
1468 703 1702 774 virgines
1726 744 1741 771 ,
1783 701 1879 758 sed

284 815 474 856 omnes
497 798 717 853 omnino
755 795 1087 852 Christianos
1111 794 1180 851 ab
1221 794 1588 866 spiritualibus
1626 808 1792 865 usque
1811 792 1878 849 ad

284 893 558 960 carnales,
586 890 654 946 ab
678 888 954 961 Apostolis
983 902 1149 958 usque
1169 887 1236 943 ad
1268 887 1483 944 ultimos
1512 886 1836 958 pmnitentes
1858 927 1874 954 ,

284 993 536 1057 tanquam
578 999 608 1039 a
652 982 879 1038 summis
920 980 1179 1037 ccelorum
1207 994 1376 1052 usque
1401 979 1468 1036 ad
1498 979 1757 1037 terminos
1784 992 1878 1034 eo-

282 1079 403 1135 rum
434 1076 648 1149 (Matth.
682 1091 836 1143 xxw,
863 1072 955 1145 51)
983 1115 999 1141 ,
1026 1073 1209 1129 docuit
1234 1086 1392 1129 orare
1415 1115 1431 1140 ,
1460 1082 1514 1129 et
1537 1073 1592 1129 in
1618 1073 1732 1144 ipsa
1758 1087 1879 1128 ora-

283 1169 429 1225 tione
457 1168 640 1225 dicere
664 1166 960 1232 admonuit,
988 1164 1057 1219 Et
1083 1165 1278 1220 dimitte
1301 1164 1444 1220 nobis
1470 1164 1638 1220 debita
1664 1172 1836 1220 nostra
1855 1205 1872 1233 ,

282 1261 413 1317 sicut
443 1268 491 1314 et
517 1275 610 1314 nos
630 1258 933 1312 dimittimus
960 1253 1266 1311 debitoribus
1285 1255 1469 1311 nostris
1495 1252 1606 1329 (Id.
1630 1271 1716 1323 v1,
1740 1254 1832 1327 l2)
1857 1273 1872 1311 :

283 1351 374 1406 ubi
413 1366 511 1421 per
538 1349 644 1405 hoc
665 1347 810 1421 quod
842 1347 1087 1418 petimus,
1117 1346 1245 1417 quid
1272 1346 1437 1403 etiam
1474 1361 1574 1403 nos
1600 1362 1721 1404 esse
1756 1362 1875 1404 me-

283 1441 606 1499 minerimus
630 1439 883 1496 ostendit.
915 1438 1098 1510 Neque
1126 1438 1270 1494 enim
1291 1451 1392 1508 pro
1414 1437 1494 1494 eis
1515 1437 1730 1506 debitis,
1756 1453 1877 1510 quae

282 1533 449 1589 totius
475 1532 757 1603 praeteritae.
787 1531 906 1586 vitae
933 1529 984 1584 in
1009 1528 1281 1600 Baptismo
1301 1542 1398 1599 per
1420 1527 1535 1599 ejus
1564 1543 1748 1599 pacem
1773 1543 1874 1585 no-

282 1624 367 1680 bis
392 1623 614 1680 dimissa
636 1637 757 1679 esse
776 1620 1091 1677 conﬁdimus
1113 1662 1128 1688 ,
1162 1633 1260 1675 nos
1282 1620 1540 1691 praecepit
1567 1634 1723 1676 orare
1740 1660 1756 1687 ,
1789 1619 1875 1675 di-

282 1723 492 1781 centes,
524 1713 732 1768 Dimitte
757 1712 899 1768 nobis
927 1711 1094 1766 debita
1122 1719 1294 1766 nostra
1317 1752 1333 1779 ,
1364 1711 1493 1766 sicut
1512 1719 1559 1766 et
1585 1727 1678 1767 nos
1702 1711 1875 1767 dimit-

283 1809 437 1863 timus
460 1806 765 1862 debitoribus
785 1804 972 1860 nostris
993 1820 1012 1859 :
1041 1803 1276 1874 alioquin
1305 1801 1443 1858 hanc
1461 1802 1758 1860 orationem
1785 1818 1876 1861 ca-

282 1899 589 1956 techumeni
629 1897 806 1969 potius
842 1910 1014 1968 usque
1052 1894 1119 1950 ad
1149 1895 1479 1966 Baptismum
1505 1909 1664 1952 orare
1703 1894 1872 1953 debe-

282 1999 423 2049 rent.
456 1991 587 2046 Cum
612 2003 743 2044 vero
771 2002 889 2044 eam
934 1985 1191 2059 baptizati
1227 1994 1384 2041 orant
1429 1984 1448 2018 ί
1473 2025 1488 2053 ,
1520 1986 1789 2058 praepositi
1819 1995 1875 2045 et

284 2081 490 2153 plebes,
508 2087 752 2152 pastores
771 2084 826 2134 et
843 2092 1054 2149 greges;
1078 2076 1209 2132 satis
1225 2074 1524 2133 ostenditur
1544 2075 1598 2131 in
1625 2076 1725 2133 hac
1742 2077 1871 2146 vita,

281 2189 400 2245 quae
426 2180 538 2228 tota
567 2171 789 2227 tentatio
813 2178 898 2227 est
935 2168 1076 2243 (Job.
1104 2186 1176 2226 vu
1200 2211 1216 2238 ,
1245 2168 1325 2242 i),
1357 2169 1628 2226 neminem
1664 2185 1725 2226 se
1752 2178 1873 2227 tan-

281 2281 439 2335 quam
460 2264 529 2319 ab
553 2262 804 2319 omnibus
825 2263 1055 2334 peccatis
1084 2262 1377 2318 immunem
1407 2261 1607 2318 debere
1630 2262 1869 2335 gloriari.

349 2355 579 2413 CAPUT
624 2353 813 2410 XLIX.
862 2383 935 2396 —
987 2354 1077 2411 b9.
1136 2352 1366 2426 Virgines
1414 2354 1874 2426 irreprehensibiles

282 2448 583 2521 purgatione
610 2456 928 2516 peccatorum
958 2456 1005 2500 et
1034 2445 1217 2500 humili
1241 2446 1573 2516 confessione.
1603 2444 1873 2520 Mortifera

279 2541 518 2596 securitas
570 2539 813 2612 peccandi
854 2556 946 2612 spe
988 2540 1146 2594 uenite
1189 2539 1541 2606 confitentibus
1589 2542 1868 2610 promissa.

279 2633 513 2691 Proinde
554 2634 717 2690 etiam
746 2633 984 2704 virgines
1009 2632 1104 2688 Dei
1129 2631 1627 2703 irreprehensibiles
1655 2634 1872 2705 quidem

250 2720 579 2797 ‘sequuntur
622 2725 831 2796 Agnum
869 2738 1208 2796 quocumque
1244 2724 1402 2791 ierit,
1453 2733 1508 2781 et
1531 2733 1871 2797 peccatorum

281 2816 595 2888 purgatione
620 2815 858 2886 perfecta
878 2856 894 2885 ,
927 2822 982 2871 et
1012 2814 1314 2886 virginitate
1336 2824 1547 2871 servata
1573 2856 1590 2884 ,
1618 2831 1737 2887 qua:
1764 2832 1871 2874 non

278 2908 476 2966 rediret
502 2909 703 2965 amissa
730 2928 744 2965 :
767 2908 863 2965 sed
885 2910 1008 2981 quia
1034 2908 1222 2964 eadem
1253 2908 1367 2979 ipsa
1388 2908 1754 2982 Apocalypsis,
1780 2908 1872 2965 ubi

279 3003 409 3059 tales
438 3003 531 3057 tali
557 2999 777 3058 revelati
808 3009 974 3068 sunt,
1014 3000 1175 3057 etiam
1204 2998 1330 3056 hinc
1357 3014 1453 3056 eos
1479 2998 1700 3065 laudat,
1726 2999 1871 3071 quod

278 3095 329 3151 in
365 3110 464 3152 ore
497 3110 688 3151 eorum
733 3109 842 3150 non
882 3094 953 3150 sit
988 3093 1262 3150 inventum
1306 3091 1641 3148 mendacium
1680 3092 1867 3164 (Apoc.

276 3202 399 3254 xiv,
430 3187 500 3254 4,
529 3187 627 3260 5);
654 3186 999 3244 meminerint
1039 3186 1200 3243 etiam
1240 3186 1296 3241 in
1337 3185 1439 3243 hoc
1465 3200 1586 3242 esse
1614 3200 1866 3252 veraces,

277 3293 343 3335 ne
377 3293 442 3336 se
476 3279 711 3335 audeant
739 3277 921 3335 dicere
966 3293 1075 3335 non
1117 3277 1317 3335 habere
1368 3286 1670 3349 peccatum.
1725 3275 1871 3334 Idem

274 3369 471 3443 quippe
493 3369 732 3426 Joannes
758 3368 849 3440 qui
889 3368 1022 3425 illud
1048 3368 1217 3435 vidit,
1246 3368 1349 3425 hoc
1373 3368 1508 3424 dixit
1538 3386 1552 3423 :
1586 3366 1647 3425 Si
1675 3368 1869 3424 dixeri-

274 3478 382 3518 mus
398 3462 525 3535 quia
553 3468 809 3532 peccatum
833 3476 934 3516 non
962 3459 1202 3516 habemus
1222 3501 1238 3525 ,
1265 3475 1357 3515 nos
1389 3459 1527 3529 ipsos
1556 3459 1833 3532 decipimus
1851 3501 1867 3526 ,

273 3562 320 3608 et
336 3553 521 3608 veritas
538 3552 595 3607 in
624 3551 767 3607 nobis
794 3567 894 3606 non
914 3559 1007 3606 est.
1042 3549 1192 3619 Quod
1211 3550 1255 3605 si
1273 3549 1493 3622 confessi
1515 3549 1759 3619 fuerimus
1779 3550 1871 3606 de-

275 3644 393 3699 licta
416 3651 623 3710 nostra,
650 3643 818 3713 ﬁdelis
843 3652 917 3698 est
945 3651 991 3698 et
1022 3643 1227 3714 justus,
1256 3649 1314 3697 ut
1339 3641 1559 3696 dimittat
1583 3643 1728 3697 nobis
1756 3659 1873 3713 pec-

274 3747 386 3792 cata
422 3744 601 3793 nostra
620 3777 636 3805 ,
676 3745 725 3791 et
761 3744 939 3809 purget
967 3751 1058 3790 nos
1086 3734 1150 3790 ab
1175 3735 1311 3790 omni
1335 3735 1615 3806 iniquitate.
1649 3733 1874 3807 Quodsi

276 3829 557 3885 dixerimus
598 3829 837 3899 quoniam
864 3842 967 3882 non
1009 3827 1354 3899 peccavimus,
1384 3826 1677 3881 mendacem
1716 3825 1873 3897 facie-

276 3939 387 3977 mus
419 3938 572 3990 eum,
597 3928 646 3975 et
674 3919 873 3975 verbum
901 3921 1012 3993 ejus
1049 3935 1151 3974 non
1186 3920 1281 3974 erit
1304 3919 1359 3973 in
1392 3917 1554 3974 nobis.
1585 3917 1699 3972 [Ioc
1725 3925 1872 3973 certe

276 4029 383 4069 non
414 4014 523 4068 illis
547 4020 640 4067 aut
661 4011 785 4076 illis,
807 4010 903 4067 sed
928 4010 1247 4067 Christianis
1266 4010 1515 4065 omnibus
1534 4008 1752 4075 dicitur,
1780 4008 1873 4064 ubi

276 4115 329 4161 et
357 4104 596 4175 virgines
631 4118 690 4159 se
718 4101 915 4159 debent
939 4116 1251 4173 agnoscere.
1289 4100 1380 4157 Sic
1403 4100 1549 4156 enim
1572 4106 1731 4156 erunt
1755 4099 1874 4156 sine

278 4193 563 4251 mendacio
583 4234 598 4259 ,
618 4194 803 4265 quales
829 4194 882 4248 in
911 4190 1230 4265 Apocalypsi
1256 4199 1637 4263 apparuerunt.
1668 4191 1748 4246 Ac
1775 4206 1874 4261 per

278 4285 380 4342 hoc
402 4284 659 4358 quamdiu
688 4283 926 4340 nondum
952 4293 1036 4341 est
1074 4284 1128 4338 in
1154 4281 1364 4340 caelesti
1390 4281 1717 4339 sublimitate
1745 4297 1871 4353 per-

280 4376 476 4446 fectio,
518 4376 957 4447 invituperabiles
991 4374 1117 4430 facit
1156 4374 1212 4429 in
1252 4372 1552 4429 humilitate
1579 4370 1869 4428 confessio.

350 4470 439 4526 50.
467 4467 577 4526 Sed
604 4482 814 4536 rursus,
837 4482 906 4524 ne
936 4481 1032 4537 per
1057 4464 1394 4521 occasionem
1418 4462 1574 4534 hujus
1594 4464 1874 4520 sententiae

282 4563 559 4635 quisquam
584 4576 708 4617 cum
737 4558 1010 4616 mortifera
1048 4559 1335 4615 securitate
1378 4564 1663 4628 peccaret,
1708 4571 1874 4627 seque

281 4652 601 4709 trahendum
636 4653 998 4723 permitteret,
1024 4658 1278 4721 tanquam
1307 4663 1434 4706 mox
1460 4649 1703 4706 delendis
1732 4649 1873 4706 facili

280 4745 617 4802 confessione
644 4743 876 4815 peccatis
894 4784 910 4810 ,
938 4742 1193 4798 continuo
1225 4741 1487 4813 subjecit,
1518 4739 1698 4795 Filioli
1735 4741 1834 4795 mei
1854 4781 1870 4806 ,

282 4840 385 4894 hac
402 4838 587 4911 scripsi
615 4838 755 4894 vobis
771 4879 787 4904 ,
810 4846 987 4892 utnon
1006 4835 1220 4908 peccetis
1246 4851 1266 4890 .'
1286 4845 1332 4891 et
1351 4836 1395 4891 si
1413 4836 1526 4908 quis
1555 4836 1832 4907 peccaverit
1854 4876 1871 4902 ,

280 4932 581 4987 advocatum
620 4931 860 4987 habemus
903 4929 973 4984 ad
1019 4928 1230 4984 Patrem
1271 4927 1453 4985 Iesum
1490 4927 1746 4984 Christum
1782 4929 1876 5001 ju-

279 5032 453 5089 stum;
498 5030 550 5077 et
594 5021 704 5094 ipse
757 5021 1059 5094 propitiatur
1103 5030 1177 5075 est
1225 5028 1545 5093 peccatorum
1587 5029 1874 5076 nostrorum

282 5112 338 5186 (l
359 5112 521 5170 locu.
557 5129 608 5181 ι,
637 5112 738 5170 8-ιι
756 5155 771 5179 ,
814 5112 893 5185 2).
918 5110 1091 5168 Nemo
1106 5110 1291 5183 itaque
1316 5125 1346 5165 a
1373 5120 1597 5181 peccato
1622 5120 1873 5181 tanquam

279 5204 549 5262 rediturus
573 5204 859 5273 abscedat,
881 5218 984 5261 nec
1010 5218 1071 5260 se
1100 5199 1406 5272 hujusmodi
1433 5199 1586 5271 quasi
1605 5202 1877 5257 societatis

280 5308 439 5370 pacto
481 5312 605 5354 cum
654 5296 933 5368 iniquitate
969 5295 1333 5366 constringat,
1379 5300 1439 5348 ut
1475 5305 1595 5348 eam
1632 5291 1876 5348 confiteri

280 5405 438 5463 quam
466 5404 660 5446 cavere
686 5388 938 5446 delectet.

349 5480 585 5539 CAPUT
620 5481 684 5538 Ι..
711 5506 782 5522 --
802 5480 1022 5537 Peccata
1038 5495 1195 5552 parua
1213 5494 1326 5551 qua
1347 5478 1621 5548 subrepunt
1664 5477 1882 5550 vigilata.

282 5573 436 5642 tibus,
462 5572 972 5645 superbiturescunt,
994 5571 1278 5629 humilitate
1304 5570 1632 5642 perimuntur.
1668 5567 1732 5625 Si
1767 5569 1880 5639 quis

282 5672 418 5741 forte
438 5665 523 5721 hic
545 5665 656 5721 sine
680 5675 883 5738 peccato
908 5706 923 5731 ,
952 5672 1140 5736 quanto
1172 5679 1382 5737 magnus
1406 5671 1482 5718 est
1502 5703 1518 5729 ,
1553 5670 1693 5717 tanta
1717 5662 1880 5734 magis

347 5780 367 5813 '
390 5776 499 5831 Sola
513 5778 666 5831 editio
686 5785 794 5829 Lov.
817 5792 830 5827 :
852 5787 974 5829 cum
993 5789 1107 5828 vero
1114 5776 1225 5840 jam
1246 5775 1472 5842 baptizati
1493 5780 1650 5825 orant.

527 5863 757 5926 Sacr.
809 5865 1091 5925 Accusr.
1136 5863 1245 5923 VI.

1715 305 1917 362 LIBER
1956 306 2156 367 UNUS.

3468 317 3578 377 428

1991 421 2223 477 humiliat
2243 438 2313 477 se.
2339 422 2444 479 Sed
2467 424 2715 495 quoniam
2745 424 2905 481 etiam
2931 427 3293 499 satagentibus
3310 430 3578 503 vigilanti-

1990 512 2193 584 busque
2220 530 2286 569 ne
2311 525 2563 585 peccent,
2601 517 2894 588 subrepunt
2921 520 3153 590 quodam
3182 520 3344 579 modo
3369 538 3438 581 ex
3478 524 3579 583 bu-

1987 620 2143 660 mana
2191 605 2470 678 fragilitate
2508 617 2761 678 peccata,
2800 612 3043 683 quamvis
3087 627 3288 685 parva,
3332 619 3580 688 quamvis

1988 710 2153 766 pauca
2179 738 2195 764 ,
2225 713 2330 753 non
2364 707 2538 755 tamen
2569 701 2747 767 nulla;
2779 701 2967 758 eadem
3009 705 3124 776 ipsa
3148 705 3280 783 fiunt
3306 723 3498 780 magna
3520 718 3578 769 et
3642 696 3653 705 ἰ

1984 789 2163 859 gravia
2184 831 2199 857 ,
2241 790 2286 845 si
2311 790 2391 846 eis
2420 790 2666 862 superbia
2692 793 3077 851 incrementum
3108 805 3161 852 et
3189 798 3397 868 pondus
3420 801 3576 872 adje-

1984 882 2119 937 cerit
2149 899 2163 936 :
2194 898 2223 935 a
2253 884 2532 940 sacerdote
2556 894 2731 942 autem
2762 903 2919 958 quem
2946 887 3208 945 habemus
3232 892 3285 946 in
3308 892 3464 950 cinlis
3483 936 3499 963 ,
3527 896 3578 953 si

1983 975 2069 1045 pia
2108 974 2405 1032 humilitate
2428 978 2758 1047 perimantur
2778 1022 2795 1049 ,
2843 989 2955 1037 tota
2980 981 3233 1041 facilitate
3257 996 3572 1058 purgantur.

2053 1066 2142 1121 5i.
2171 1066 2277 1123 Sed
2316 1083 2421 1124 non
2451 1070 2715 1126 contendo
2735 1086 2857 1126 cum
2894 1073 2974 1129 eis
2998 1074 3089 1144 qui
3125 1085 3373 1132 asserunt
3400 1077 3577 1136 homi-

1984 1172 2105 1213 nem
2128 1174 2291 1231 posse
2318 1159 2373 1214 in
2402 1160 2502 1217 hac
2526 1161 2637 1217 vita
2674 1162 2790 1218 sine
2818 1162 2926 1220 ullo
2952 1175 3174 1235 peccato
3200 1166 3383 1226 vivere
3409 1186 3423 1225 :
3461 1186 3573 1229 non

1982 1252 2249 1308 contendo
2268 1294 2284 1320 ,
2322 1268 2431 1309 non
2452 1254 2779 1312 contradico.
2811 1255 3077 1314 Fortassis
3119 1258 3265 1316 enim
3290 1276 3360 1318 ex
3386 1272 3575 1322 nostra

1981 1344 2193 1401 miseria
2218 1361 2440 1418 magnos
2459 1348 2726 1416 metimur,
2750 1357 2804 1406 et
2825 1359 3198 1421 comparantes
3215 1354 3574 1427 nosmetipsos

1981 1436 2379 1508 nobismetipsis
2404 1437 2472 1512 (Il
2493 1437 2610 1494 Cor.
2638 1455 2673 1495 ι
2690 1480 2708 1507 ,
2738 1438 2847 1514 12),
2879 1457 2986 1498 non
3007 1442 3369 1516 intelligimus.
3391 1445 3574 1506 Unum

1982 1527 2122 1591 scio,
2171 1527 2311 1598 quod
2357 1529 2444 1585 isti
2492 1531 2704 1602 magni,
2753 1532 2936 1603 quales
2979 1549 3085 1590 non
3130 1549 3355 1605 sumus,
3386 1539 3574 1610 quales

1983 1616 2215 1672 nondum
2244 1620 2448 1690 experti
2471 1634 2677 1690 sumus,
2705 1631 2905 1693 quanto
2926 1624 3105 1697 magni
3123 1634 3268 1695 sunt,
3295 1634 3445 1684 tanto
3468 1628 3572 1685 hu—

1980 1708 2187 1765 miliant
2224 1726 2284 1767 se
2312 1711 2364 1766 in
2390 1712 2638 1768 omnibus
2660 1755 2676 1782 ,
2706 1723 2764 1770 ut
2791 1729 2973 1771 coram
3000 1716 3113 1772 Deo
3140 1716 3418 1776 inveniant
3442 1736 3572 1791 gra-

1981 1800 2128 1856 tiam.
2159 1800 2467 1870 Quamlibet
2490 1806 2634 1861 enim
2658 1807 2836 1878 magni
2865 1807 3009 1877 sint,
3040 1825 3142 1864 non
3167 1819 3241 1866 cst
3276 1828 3450 1868 seruus
3470 1830 3575 1870 ma-

1968 1892 2061 1963 jor
2086 1894 2290 1950 domino
2309 1913 2423 1963 suo,
2454 1897 2532 1953 uel
2552 1897 2834 1969 discipulus
2858 1900 3100 1973 magistro
3123 1918 3217 1957 suo
3236 1900 3418 1976 (Joan.
3449 1922 3572 1975 xm,

1981 1983 2096 2057 16).
2126 1986 2195 2041 Et
2217 1988 2399 2060 utique
2429 1988 2520 2044 ille
2548 1997 2633 2045 est
2661 1990 2917 2047 Dominus
2936 1991 3027 2063 qui
3052 1992 3212 2061 dicit,
3246 1993 3428 2051 Omnia
3445 1997 3576 2052 mihi

1980 2078 2167 2132 tradita
2185 2087 2302 2134 sunt
2319 2096 2352 2134 a
2375 2080 2533 2136 Patre
2556 2098 2666 2138 meo
2692 2099 2712 2137 :
2739 2092 2794 2140 et
2816 2083 2905 2140 ille
2923 2092 3005 2141 est
3028 2084 3275 2157 Magister
3302 2088 3391 2159 qui
3416 2088 3571 2159 dicit,

1986 2166 2164 2224 Venite
2190 2170 2259 2224 ad
2282 2187 2360 2225 me
2379 2212 2394 2238 ,
2418 2188 2591 2228 omnes
2615 2174 2702 2245 qui
2727 2173 2969 2230 laboratis
2991 2216 3007 2243 ,
3037 2185 3084 2231 et
3112 2176 3289 2233 discite
3307 2195 3339 2233 a
3367 2195 3465 2235 me.
3500 2181 3573 2238 Et

1980 2268 2156 2317 tamen
2194 2262 2322 2334 quid
2349 2263 2650 2321 discimus?
2682 2267 2934 2334 Quoniam
2960 2269 3094 2325 mitis
3116 2287 3261 2339 sum,
3288 2271 3493 2345 inquit,
3522 2281 3574 2331 et

1978 2351 2192 2408 humilis
2225 2355 2377 2410 corde
2398 2353 2611 2429 (Matth.
2645 2372 2726 2424 ιι,
2757 2359 2966 2433 27-29).

2048 2441 2275 2499 CAPUT
2312 2444 2398 2499 LI.
2437 2475 2510 2486 —
2533 2447 2622 2502 52.
2656 2446 2970 2521 Virginitatis
2994 2460 3161 2508 custos
3178 2451 3319 2510 Deus
3343 2456 3433 2530 qui
3457 2474 3587 2514 eam-

1978 2533 2135 2603 dedit,
2162 2536 2301 2605 apud
2326 2537 2541 2594 humiles
2559 2539 2786 2611 quiescit.
2811 2542 2909 2598 Hic
2928 2542 3075 2611 dicet
3089 2544 3281 2616 aliquis
3303 2564 3318 2602 :
3340 2547 3461 2605 Non
3484 2557 3572 2607 est

1979 2624 2081 2680 hoc
2101 2625 2213 2697 jam
2253 2627 2321 2683 de
2351 2629 2690 2700 virginitate,
2737 2632 2831 2689 sed
2857 2633 2925 2691 de
2966 2634 3266 2695 humilitate
3308 2640 3568 2701 scribere.

1976 2714 2139 2783 Quasi
2164 2732 2293 2774 vero
2317 2734 2669 2793 quaecumque
2692 2724 2987 2795 virginitas,
3011 2741 3075 2784 ac
3095 2743 3202 2783 non
3227 2729 3316 2786 illa
3334 2746 3455 2803 quae
3479 2747 3571 2789 se-

1976 2807 2210 2864 cundum
2242 2808 2409 2865 Deum
2437 2820 2552 2880 est,
2583 2826 2614 2866 a
2640 2813 2795 2869 nobis
2826 2816 3164 2886 praedicanda
3189 2829 3435 2893 suscepta
3463 2831 3569 2883 est.

1975 2899 2126 2968 Quod
2155 2902 2352 2958 bonum
2379 2914 2578 2975 quanto
2603 2922 2851 2979 magnum
2881 2909 3055 2977 video,
3077 2920 3225 2970 tanto
3244 2914 3295 2970 ei
3312 2957 3329 2983 ,
3354 2932 3422 2973 ne
3440 2933 3570 2989 per-

1974 3003 2082 3061 eat,
2110 2994 2278 3050 furem
2304 2998 2320 3029 ³
2342 2997 2647 3068 superbiam
2676 3002 3015 3070 pertimesco.
3044 3004 3161 3061 Non
3183 3021 3313 3079 ergo
3337 3010 3573 3068 custodit

1975 3085 2171 3142 bonum
2211 3088 2499 3160 virginale,
2544 3092 2643 3147 nisi
2673 3093 2814 3150 Deus
2843 3097 2956 3164 ipse
2981 3096 3074 3168 qui
3100 3098 3245 3155 dedit
3285 3118 3299 3152 :
3336 3111 3393 3158 et
3425 3103 3571 3160 Deus

1974 3177 2210 3232 charitas
2236 3188 2319 3236 est
2348 3181 2392 3251 (1
2420 3179 2576 3236 Joan.
2608 3199 2688 3250 ιν,
2733 3182 2815 3256 8).
2843 3184 3036 3242 Custos
3078 3204 3207 3262 ergo
3248 3191 3570 3264 virginitatis

1974 3268 2208 3327 charitas
2241 3290 2254 3326 :
2283 3271 2433 3329 locus
2458 3282 2635 3341 autem
2680 3275 2838 3348 hujus
2875 3279 3112 3336 custodis
3155 3280 3447 3342 humilitas.
3490 3287 3571 3345 lbi

1975 3361 2171 3433 quippe
2198 3360 2434 3432 habitat,
2473 3366 2563 3434 qui
2594 3366 2727 3422 dixit
2763 3382 2925 3439 super
2950 3368 3209 3428 humilem
3236 3384 3291 3431 et
3326 3375 3569 3448 quietum

1975 3458 2031 3506 et
2060 3460 2374 3510 trementem
2416 3457 2577 3513 verba
2606 3472 2701 3513 sua
2740 3461 3077 3530 requiescere
3119 3463 3380 3537 Spiritum
3408 3484 3567 3526 suum

1976 3544 2129 3618 (Isai.
2154 3564 2280 3605 LXVI
2302 3591 2316 3615 ,
2346 3549 2426 3624 2).
2460 3551 2600 3621 Quid
2628 3553 2807 3625 itaque
2834 3555 3066 3613 alienum
3110 3558 3211 3615 feci
3234 3600 3250 3626 ,
3281 3560 3327 3616 si
3368 3562 3570 3621 bonum

1976 3641 2116 3708 quod
2162 3639 2411 3707 laudavi,
2444 3645 2628 3698 volens
2659 3646 2822 3700 tutius
2848 3648 3143 3717 custodiri,
3184 3653 3365 3708 curavi
3402 3655 3570 3712 etiam

1976 3728 2152 3785 locum
2184 3747 2487 3803 praeparare
2513 3734 2762 3791 custodi?
2800 3735 3057 3793 Fidenter
3094 3741 3237 3795 enim
3278 3741 3432 3809 dico,
3465 3760 3571 3802 nec

1977 3822 2112 3897 mihi
2134 3839 2200 3879 ne
2226 3824 2523 3880 irascantur
2545 3826 2728 3892 timeo,
2756 3841 2888 3896 quos
2909 3835 2967 3882 ut
2987 3843 3195 3884 mecum
3219 3831 3322 3885 sibi
3346 3834 3571 3891 timeant

1976 3917 2237 3972 sollicitus
2284 3932 2476 3973 moneo
2524 3935 2537 3972 :
2590 3918 2795 3973 facilius
2843 3929 3137 3989 sequuntur
3163 3924 3413 3993 Agnum,
3464 3928 3569 3984 etsi

1978 4022 2082 4063 non
2108 4023 2443 4078 quocumque
2471 4009 2605 4075 ierit,
2635 4019 2781 4065 certe
2805 4025 3080 4081 quousque
3107 4015 3408 4085 potuerint,
3434 4032 3568 4075 con-

1969 4097 2137 4169 jugati
2166 4098 2415 4167 humiles,
2434 4115 2591 4171 quam
2612 4102 2983 4172 superbientes
3007 4105 3259 4177 virgines.
3284 4108 3569 4176 Quomodo

1978 4190 2121 4245 enim
2143 4191 2402 4261 sequitur,
2432 4192 2496 4247 ad
2525 4207 2682 4264 quem
2709 4209 2816 4249 non
2848 4194 2963 4250 vult
2979 4197 3279 4254 accedere?
3301 4201 3409 4257 Aut
3434 4219 3571 4273 quo-

1978 4284 2139 4340 modo
2163 4284 2388 4350 accedit,
2414 4286 2481 4341 ad
2511 4301 2671 4357 quem
2697 4303 2804 4344 non
2832 4290 2979 4345 venit
3007 4299 3065 4345 ut
3092 4290 3281 4359 discat,
3315 4294 3572 4361 Quoniam

1977 4377 2113 4430 mitis
2140 4392 2253 4431 sum
2289 4386 2335 4433 et
2362 4377 2564 4434 humilis
2599 4380 2791 4435 corde?
2819 4381 2945 4437 Illos
2984 4384 3207 4453 proinde
3246 4397 3568 4458 sequentes,

1978 4468 2160 4539 Agnus
2185 4483 2520 4540 quocumque
2546 4471 2665 4526 ierit
2687 4472 2851 4539 ducit,
2875 4473 2928 4528 in
2960 4476 3152 4544 quibus
3173 4478 3319 4545 prius
3340 4479 3455 4554 ipse
3480 4481 3570 4535 ubi

1977 4567 2140 4629 caput
2160 4559 2380 4615 inclinet
2418 4561 2700 4615 invenerit.
2731 4560 2862 4615 Nam
2893 4570 2950 4616 et
2973 4563 3190 4630 quidam
3222 4566 3486 4634 superbus
3515 4576 3572 4623 et

1979 4649 2194 4704 dolosus
2217 4649 2317 4703 hoc
2348 4649 2397 4704 ei
2422 4648 2665 4714 dixerat,
2692 4648 2911 4704 Domine
2933 4691 2948 4718 ,
2979 4667 3161 4722 sequar
3188 4661 3235 4706 te
3261 4671 3571 4724 quocumque

1977 4741 2096 4795 ieris
2119 4756 2138 4794 :
2155 4740 2241 4796 cui
2262 4739 2539 4808 respondit
2560 4781 2576 4807 ,
2610 4738 2796 4807 Vulpes
2821 4743 2990 4811 foveas
3019 4741 3232 4809 habent,
3275 4755 3320 4799 et
3344 4747 3571 4803 volatilia

1979 4832 2090 4887 caeli
2116 4831 2305 4897 nidos;
2330 4828 2498 4884 Filius
2537 4840 2704 4886 autem
2729 4832 2947 4887 hominis
2983 4850 3085 4888 non
3124 4832 3271 4889 habet
3297 4836 3381 4889 ubi
3415 4850 3571 4910 caput

1978 4940 2129 4979 suum
2152 4923 2356 4977 inclinet
2382 4920 2592 4993 (Matth.
2625 4938 2738 4989 vni,
2766 4922 2832 4977 19
2849 4932 2896 4977 et
2911 4923 3027 4995 20).
3058 4925 3327 4995 Arguebat
3352 4930 3571 4986 nomine

1980 5015 2217 5085 vulpium
2253 5021 2478 5068 astulam
2521 5011 2891 5079 dolositatem,
2937 5022 2991 5069 et
3035 5014 3252 5070 nomine
3295 5017 3569 5075 volucrum

1982 5115 2257 5163 ventosam
2287 5105 2570 5160 elationem
2596 5145 2611 5169 ,
2650 5104 2705 5158 in
2743 5119 2849 5175 quo
2891 5104 2980 5160 ubi
3020 5106 3385 5172 requiesceret
3428 5113 3569 5181 piam

1982 5212 2089 5253 non
2113 5196 2413 5252 inveniebat
2439 5197 2806 5251 humilitatem.
2828 5198 2907 5252 Ac
2928 5212 3024 5268 per
3043 5197 3143 5253 hoc
3160 5214 3422 5272 nusquam
3451 5221 3570 5258 om-

1983 5291 2110 5345 niuo
2154 5299 2367 5345 secutus
2396 5296 2478 5343 est
2506 5288 2786 5343 Dominum
2812 5329 2827 5354 ,
2864 5290 2952 5360 qui
2982 5306 3042 5346 se
3074 5304 3421 5363 promiserat,
3461 5312 3572 5354 non

1982 5398 2153 5454 usque
2186 5380 2253 5437 ad
2278 5380 2562 5453 quemdam
2591 5380 2885 5451 profectum
2905 5423 2922 5448 ,
2950 5383 3045 5439 sed
3066 5385 3286 5441 omnino
3308 5401 3571 5456 quocum-

1984 5492 2089 5548 que
2112 5476 2233 5533 ierit
2256 5484 2582 5532 secuturum.

2055 5566 2282 5625 CAPUT
2302 5567 2410 5623 LII.
2440 5596 2514 5608 —
2538 5567 2631 5624 53.
2665 5565 2944 5624 Humilitas
2971 5570 3358 5643 virginibusque:
3380 5573 3576 5631 ratione

1988 5660 2284 5718 exercenda.
2328 5659 2665 5731 Quapropter
2708 5661 2808 5715 hoc
2850 5662 3021 5731 agite,
3048 5662 3280 5733 virgines
3309 5662 3439 5733 Dei,
3472 5665 3575 5724 hoc

2056 5776 2072 5807 ι
2099 5773 2234 5835 aditi,
2253 5773 2485 5837 futuram.
2513 5772 2832 5823 Emendautur
2858 5785 2920 5821 ex
2936 5779 3042 5825 Mss.

2608 5857 3015 5949 (Quamne)
