4122 6212
586 359 691 416 427

585 475 724 546 agite
758 492 772 529 :
802 470 1083 546 sequimini
1111 471 1316 540 Agnum
1357 482 1695 539 quocumque
1725 465 1862 521 ierit.
1890 462 1995 519 Sed
2030 466 2173 533 prius

583 566 651 622 ad
693 581 814 622 eum
844 579 1000 635 quem
1030 560 1355 632 sequamini,
1390 559 1565 614 venite
1589 600 1602 619 ,
1631 567 1685 612 et
1709 554 1896 611 discite
1923 557 2172 627 quoniam

583 658 730 711 mitis
754 664 837 711 est
861 663 914 707 ct
938 650 1152 707 humilis
1180 644 1359 706 corde.
1393 648 1673 703 Huuiiliter
1701 647 1769 703 ad
1793 646 2048 702 humilem
2078 663 2171 702 ve-

582 749 694 803 nite
714 787 729 813 ,
758 747 802 801 si
822 747 1042 810 amatis;
1075 752 1127 800 'et
1158 759 1223 798 ne
1260 740 1544 797 discedatis
1569 740 1637 796 ab
1675 741 1764 795 illo
1788 783 1801 806 ,
1841 756 1907 795 ne
1950 736 2171 795 cadatis.

581 836 682 904 Qui
704 837 847 892 enim
879 835 1027 890 timet
1051 834 1117 889 ab
1141 835 1232 889 illo
1254 832 1528 888 discedere
1551 874 1565 898 ,
1591 839 1743 905 rogat
1768 842 1824 886 et
1842 830 1976 888 dicit
2007 850 2020 886 :
2054 832 2176 886 Non

583 928 709 982 mihi
738 926 902 983 veniat
944 943 1029 998 pes
1072 926 1318 997 superbire
1364 923 1535 998 (Psal.
1578 940 1768 992 xxxv,
1812 924 1923 997 1‘2).
1964 922 2176 997 Pergite

580 1019 721 1075 viam
749 1018 1123 1086 sublimitatis,
1162 1016 1298 1089 pede
1324 1012 1661 1072 humilitatis.
1694 1015 1811 1086 Ipse
1843 1012 2041 1071 exaltat
2078 1002 2176 1071 hb-

584 1106 784 1169 mili'ter
808 1120 1115 1183 sequentes,
1146 1126 1304 1181 quem
1335 1106 1663 1165 descendere
1690 1122 1794 1163 non
1826 1100 1991 1179 piguit
2011 1108 2077 1162 ad
2094 1108 2177 1178 ja-

582 1214 784 1260 centcs.
816 1192 962 1258 Dona
992 1202 1107 1272 ejus
1147 1201 1224 1257 illi
1250 1201 1506 1258 servanda
1526 1200 1843 1271 comniittite
1866 1242 1880 1267 ,
1911 1199 2177 1255 fortitudi-

582 1314 705 1351 nem
753 1290 984 1350 vestram
1036 1282 1101 1347 ad
1146 1288 1291 1347 illum
1341 1288 1605 1347 custodite
1648 1286 1820 1363 (Paul.
1852 1307 2017 1357 Lvm,
2059 1288 2172 1364 10).

586 1385 850 1457 Quidquid
875 1382 999 1440 mali
1034 1386 1148 1457 ipso
1168 1382 1500 1439 custodiente
1527 1401 1632 1439 non
1658 1383 1988 1440 committitis
2008 1425 2025 1452 ,
2055 1393 2174 1438 tan-

581 1472 741 1547 quam
766 1478 1050 1533 remissum
1080 1478 1147 1531 ab
1177 1477 1270 1530 illo
1296 1469 1546 1545 deputate
1589 1493 1600 1526 :
1632 1492 1700 1530 ne
1730 1474 1997 1529 modicum
2023 1474 2175 1530 vobis

579 1570 944 1627 existimantes
972 1570 1274 1635 dimissum,
1305 1565 1570 1623 modicum
1598 1564 1848 1639 diligatis,
1872 1575 1928 1623 et
1950 1558 2175 1623 tunden-

578 1654 661 1718 tes
688 1652 901 1732 pectora
931 1661 1239 1732 publicanos
1268 1661 1483 1714 ruinosa
1519 1659 1770 1737 iactantia
1790 1659 2171 1739 contemnatis.

577 1744 656 1811 De
694 1748 898 1810 viribus
935 1754 1128 1809 vestris
1148 1754 1382 1822 expertis
1408 1748 1592 1809 cavete
1612 1794 1628 1820 ,
1664 1767 1730 1806 ne
1758 1748 1881 1822 quia
1910 1751 2051 1808 ferre
2078 1752 2173 1807 ali—

578 1840 703 1916 quid
741 1838 985 1915 potuistis
1015 1839 1272 1897 inﬂemini
1303 1861 1315 1897 :
1345 1843 1412 1897 de
1451 1843 1745 1914 inexpertis
1774 1854 1951 1897 autem
1979 1851 2131 1897 orate
2152 1883 2171 1910 ,

578 1953 645 1992 ne
686 1952 843 2007 supra
883 1932 1040 2005 quam
1084 1937 1304 2005 potestis
1347 1932 1486 1989 ferre
1528 1932 1823 1989 tentemini.
1857 1924 2174 1989 Existimate
2243 1924 2247 1928 ’

577 2026 784 2100 aliquos
808 2026 861 2081 in
892 2024 1101 2082 Occulta
1136 2027 1440 2095 superiores
1465 2068 1478 2089 ,
1522 2026 1713 2096 quibus
1742 2020 1872 2081 estis
1912 2025 1967 2080 in
2002 2018 2175 2080 mani-

574 2121 716 2177 festo
742 2116 1008 2175 meliores.
1034 2119 1165 2173 Cum
1192 2118 1418 2172 aliorum
1441 2117 1599 2185 bona,
1625 2110 1761 2171 forte
1789 2117 1965 2186 ignota
1996 2112 2168 2183 vobis,

572 2208 806 2284 benigne
849 2208 1138 2267 creduntur
1185 2227 1214 2264 a
1257 2210 1442 2274 vobis,
1492 2217 1667 2263 vestra
1701 2208 1851 2264 vobis
1889 2218 2017 2263 nota
2064 2224 2173 2264 non

576 2298 973 2374 comparatione
1004 2303 1315 2356 minuuntur
1339 2342 1352 2366 ,
1381 2300 1475 2355 sed
1516 2300 1801 2355 dilectione
1842 2296 2123 2353 firmantur
2154 2315 2169 2354 :

576 2405 631 2450 et
673 2411 792 2467 qua:
842 2394 979 2449 forte
1009 2393 1182 2448 adhuc
1209 2390 1437 2459 desunt,
1487 2400 1634 2446 tanto
1683 2389 1878 2446 dantur
1920 2387 2128 2447 facilius
2153 2432 2169 2459 ,

574 2478 777 2558 quanto
820 2478 1196 2540 desiderantur
1219 2483 1492 2538 humilius.
1525 2481 1939 2538 Perseverantes
1978 2478 2031 2536 in
2069 2497 2172 2536 nu-

574 2578 723 2635 mero
752 2576 930 2633 vestro
959 2577 1228 2648 praebeant
1255 2575 1406 2631 vobis
1426 2574 1768 2644 exemplum;
1803 2572 2059 2628 cadentes
2079 2588 2174 2628 au-

576 2674 683 2727 tem
710 2680 933 2741 augeant
968 2670 1209 2724 timorem
1236 2677 1489 2722 vestrum.
1511 2662 1645 2719 Illud
1674 2672 1880 2731 amate,
1911 2673 1967 2717 ut
1994 2663 2173 2718 imite-

575 2760 705 2819 mini
729 2781 742 2829 ;
764 2744 869 2817 hoc
897 2764 1093 2835 lugete,
1120 2777 1186 2815 ne
1215 2758 1491 2813 inliemini.
1513 2748 1781 2811 Justitiam
1816 2762 2047 2809 vestram
2071 2748 2171 2808 no-

573 2853 667 2909 lite
710 2850 981 2917 statuere,
1036 2844 1148 2904 Deo
1191 2844 1285 2903 vos
1330 2845 1642 2917 justiﬁcanti
1683 2843 1914 2899 subdite.
1946 2840 2172 2898 Veniam

574 2946 807 3016 peccatis
833 2942 1026 2998 donate
1053 2940 1262 3003 alienis,
1288 2946 1435 2994 orate
1459 2953 1552 3006 pro
1579 2934 1770 2990 vestris
1803 2951 1816 2987 :
1844 2933 2020 2988 futura
2041 2932 2175 3005 vigi-

570 3032 735 3094 lando
763 3037 957 3104 vitate,
986 3032 1249 3105 pneterita
1284 3028 1590 3086 conﬁtendo
1616 3024 1811 3081 delete.

646 3110 875 3185 CAPUT
913 3120 1044 3182 LIII.
1087 3155 1156 3164 —
1199 3123 1288 3180 54.
1346 3120 1572 3192 Virgines
1624 3126 1810 3189 quanto
1862 3114 2168 3183 sanctiores,

578 3231 719 3277 tanto
741 3220 841 3276 sint
868 3216 1179 3273 humiliores.
1205 3214 1342 3270 Ecce
1369 3213 1478 3284 jam
1503 3212 1635 3266 tales
1660 3210 1815 3275 estis,
1846 3218 1902 3263 ut
1921 3208 2173 3278 prol'essm

575 3318 735 3387 atque
768 3310 995 3369 servatae
1024 3303 1311 3380 virginitati
1339 3309 1549 3361 cmteris
1579 3304 1738 3358 etiam
1771 3302 2009 3358 moribus
2038 3316 2171 3391 cou-

575 3405 798 3479 gruatis.
824 3402 964 3459 Ecce
984 3402 1094 3471 jam
1140 3414 1243 3452 non
1292 3397 1463 3451 solum
1513 3393 1851 3455 homicidiis.
1898 3391 2171 3446 sacriﬁciis

575 3476 850 3551 diabolicis
880 3496 934 3547 'et
955 3488 1453 3549 abominationibus,
1487 3485 1641 3539 furtis
1662 3526 1675 3549 ,
1709 3482 1908 3553 rapinis
1930 3526 1942 3547 ,
1973 3481 2171 3537 fraudi-

575 3586 697 3647 bus,
720 3584 989 3655 pe‘rjuriis,
1022 3564 1436 3642 ebriositatibus,
1468 3574 1718 3645 omnique
1747 3574 1955 3628 luxuria
1977 3582 2027 3627 et
2054 3572 2172 3627 av’a-

576 3679 698 3735 ritia
720 3720 734 3744 ,
782 3670 1206 3732 simulatiouihus
1226 3714 1239 3737 ,
1272 3668 1733 3734 aemulatiouibus,
1775 3666 2166 3736 impietatibus,

575 3752 975 3827 crudelitatibus
1017 3764 1294 3821 abstinetis
1337 3777 1564 3818 :verum
1604 3760 1765 3816 etiam
1807 3759 1893 3813 illa
1935 3774 2054 3829 quae
2094 3754 2173 3814 l‘e-

576 3863 724 3919 viora
766 3862 851 3917 vel
897 3867 1021 3916 sunt
1064 3857 1150 3912 vel
1195 3862 1483 3927 putantur,
1533 3869 1634 3907 non
1683 3849 2031 3905 inveniuntur
2071 3862 2170 3904 nec

576 3958 821 4013 oriuntur
858 3955 912 4009 in
954 3952 1138 4017 vobis;
1191 3966 1297 4004 non
1342 3947 1616 4017 improbus
1644 3945 1854 4009 vultus,
1903 3958 2008 3997 non
2052 3938 2170 4012 vagi

574 4050 715 4106 cculi
736 4092 749 4114 ,
790 4064 897 4103 non
931 4046 1153 4100 infrenis
1193 4042 1402 4112 lingua,
1433 4057 1536 4094 non
1572 4037 1814 4108 petulans
1852 4038 1993 4091 risus
2019 4077 2033 4102 ,
2064 4044 2167 4089 non

578 4138 819 4196 scurrilis
863 4134 1014 4206 iocus
1034 4176 1046 4197 ,
1095 4140 1198 4186 non
1246 4130 1498 4185 indecens
1522 4128 1736 4182 habitus
1758 4169 1773 4193 ,
1803 4142 1907 4181 non
1936 4124 2170 4181 tumidus

579 4239 671 4284 aut
717 4227 891 4281 fluxus
940 4224 1183 4277 incessus
1227 4238 1238 4272 :
1274 4220 1385 4288 jam
1413 4234 1515 4273 non
1562 4215 1787 4271 redditis
1829 4214 2025 4270 malum
2076 4222 2170 4285 pro

576 4321 737 4385 malo,
763 4331 865 4372 nec
891 4308 1230 4369 maledictum
1260 4327 1357 4381 pro
1389 4309 1670 4363 maledicto
1691 4307 1744 4377 (l
1778 4305 1920 4362 Petr.
1954 4323 2042 4374 ιιι,
2070 4298 2125 4379 9)
2152 4325 2166 4373 ;

575 4413 681 4483 jam
726 4418 997 4480 postremo
1028 4406 1170 4459 illam
1213 4418 1517 4458 mensuram
1558 4400 1855 4455 dilectionis
1901 4399 2166 4470 impletis,

576 4513 633 4558 ut
667 4499 879 4572 ponatis
920 4499 1124 4551 animas
1168 4508 1262 4565 pro
1300 4493 1551 4547 fratribus
1591 4490 1783 4545 vestris
1815 4486 1858 4560 (Ι
1882 4488 2037 4543 Joan.
2068 4500 2166 4559 ιιι,

577 4591 688 4666 16).
730 4593 868 4647 Ecce
893 4590 999 4659 jam
1034 4587 1164 4641 tales
1204 4586 1331 4639 estis
1355 4624 1371 4650 ,
1401 4583 1521 4654 quia
1557 4592 1611 4638 et
1636 4582 1769 4637 tales
1794 4595 1913 4637 esse
1938 4574 2165 4638 debetis.

574 4680 702 4739 llaec
728 4680 904 4737 addita
935 4675 1251 4748 virginitati,
1284 4675 1575 4745 angelicam
1624 4672 1784 4727 vitam
1826 4670 2166 4741 hominibus,

574 4784 629 4833 et
655 4775 777 4832 cmli
804 4786 981 4829 mores
1004 4770 1257 4827 exhibent
1276 4769 1453 4825 terris.
1471 4766 1575 4823 Sed
1596 4774 1794 4837 quanto
1817 4767 1991 4837 magni
2015 4768 2165 4833 estis,

573 4871 893 4941 quicumque
932 4866 1002 4920 ita
1034 4864 1211 4934 magni
1247 4862 1373 4916 estis
1398 4903 1411 4927 ,
1460 4869 1607 4916 tanto
1653 4859 1924 4915 humiliate
1973 4876 2067 4915 vos
2113 4858 2167 4916 iu

574 4962 841 5026 omnibus,
874 4969 931 5014 ut
958 4972 1139 5011 coram
1170 4955 1280 5008 Deo
1309 4954 1589 5008 inveniatis
1615 4954 1859 5023 gratiam,
1895 4969 1962 5008 ne
1982 4969 2167 5023 super-

570 5052 655 5107 bis
686 5053 926 5116 resistat,
957 5065 1024 5103 ne
1050 5063 1107 5103 se
1135 5046 1425 5101 exaltantes
1452 5045 1712 5107 humiliet,
1742 5060 1810 5100 ne
1838 5045 2047 5098 inflatos
2073 5061 2167 5131 per

572 5152 793 5213 augusta
825 5143 842 5173 ι
869 5158 973 5196 non
1000 5139 1225 5211 trajiciat
1256 5156 1267 5191 :
1297 5152 1596 5208 quanquam
1634 5138 1897 5207 superﬂua
1925 5137 1994 5192 sit
2022 5137 2168 5193 solli-

575 5235 775 5302 citudo,
805 5248 873 5288 ne
899 5234 985 5291 ubi
1017 5233 1185 5287 fervet
1210 5231 1461 5296 charitas,
1485 5230 1622 5285 desit
1643 5230 1930 5287 humilitas.

645 5325 872 5383 CAPUT
910 5316 1043 5379 LIV.
1077 5354 1145 5364 —
1193 5325 1281 5379 55.
1329 5322 1587 5394 Sponsum
1633 5332 1735 5377 toto
1782 5324 1934 5377 corde
1974 5334 2160 5379 ament.

590 5419 649 5477 Si
669 5435 797 5493 ergo
823 5418 1037 5489 nuptias
1062 5415 1460 5486 contempsistis
1490 5414 1719 5469 ﬁliorum
1758 5414 2033 5472 hominum
2055 5457 2071 5483 ,
2096 5432 2163 5472 ex

641 5576 664 5611 ι
682 5575 792 5627 uola
814 5568 964 5626 editio
982 5578 1118 5632 tom,
1141 5580 1228 5635 per
1250 5562 1726 5636 maturrimum.

1332 354 1421 411 DE
1460 354 1726 411 SANCTA
1770 344 2227 418 VlllGlNlTATE,
2266 351 2323 407 S.
2364 352 2728 409 AUGUSTINI
2765 354 2971 411 LIBER
3027 354 3226 414 UNUS.

3758 365 3874 423 49.8

2282 462 2476 537 quibus
2513 467 2801 536 gigneretis
2830 467 2965 523 lilios
3008 469 3320 538 hominum,
3359 482 3471 529 toto
3511 475 3672 532 corde
3692 489 3872 534 amate

2282 558 2585 630 speciosum
2630 559 2797 614 forma
2843 576 2955 632 prae
2982 560 3103 617 filiis
3133 562 3448 621 hominum:
3485 580 3639 624 vacat
3678 571 3832 625 vobis
3857 612 3876 635 .

2283 648 2510 706 liberum
2536 660 2618 706 est
2640 666 2735 707 cor
2761 667 2788 705 a
2815 653 3186 725 conjugaiibus
3204 655 3449 713 vinculis.
3482 656 3729 729 lllSpicile
3757 664 3880 730 pul-

2281 742 2638 800 chritudinem
2669 746 2925 802 amatoris
2951 748 3110 803 vestri
3144 768 3157 804 :
3199 750 3431 820 cogitate
3468 752 3726 821 aequalem
3773 754 3876 808 Pa-

2283 834 2385 903 tri,
2413 832 2681 891 subditum
2719 832 2773 893 et
2803 838 2989 906 matri;
3020 836 3180 894 etiam
3210 841 3260 895 in
3292 842 3446 898 cmlis
3466 842 3832 899 dominantem
3857 888 3875 913 ,

2282 932 2338 1001 et
2361 924 2415 980 in
2436 925 2595 982 terris
2615 927 2968 996 servientem;
2997 941 3266 987 creantem
3293 934 3471 989 omnia
3493 977 3507 1001 ,
3531 946 3767 992 creatum
3794 938 3880 992 in-

2287 998 2366 1070 ter
2391 1016 2588 1071 omnia.
2617 1017 2750 1073 illud
2789 1018 2963 1089 ipsum
2999 1020 3142 1093 quod
3172 1023 3227 1078 in
3251 1039 3316 1079 eo
3341 998 3588 1082 derident
3610 1028 3865 1099 superbi,

2284 1106 2528 1178 inspicite
2557 1124 2713 1180 quam
2758 1110 3040 1182 pulchrum
3081 1114 3194 1169 sit:
3225 1115 3444 1170 internis
3469 1117 3760 1174 luminibus
3788 1119 3876 1175 in-

2284 1198 2474 1269 spicite
2503 1200 2721 1259 vulnera
2748 1192 3046 1273 pendentis,
3072 1204 3347 1264 cicatrices
3366 1210 3721 1281 resurgentis,
3745 1227 3879 1267 san-

2283 1280 2497 1359 guinem
2526 1290 2837 1363 morientis,
2882 1298 3111 1366 pretium
3152 1284 3448 1366 credentis,
3484 1305 3874 1360 commercium

2284 1383 2624 1455 redimentis.

2353 1468 2579 1532 CAPUT
2754 1507 2828 1518 —
2854 1476 3055 1545 Quanta
3081 1476 3319 1552 felicitate
3345 1500 3405 1538 ac
3441 1485 3706 1540 securitate
3729 1504 3878 1541 ama-

2282 1573 2367 1619 tur
2391 1582 2622 1637 sponsus.
2654 1548 2778 1624 llazc
2802 1570 2985 1639 quanti
3007 1548 3218 1627 valeant
3256 1566 3504 1644 cogitate,
3532 1579 3643 1631 haec
3674 1577 3728 1631 in
3756 1588 3873 1633 sta-

2283 1664 2394 1711 tera
2420 1655 2694 1715 charitatis
2719 1660 3040 1731 appendité;
3083 1671 3136 1717 et
3171 1660 3426 1735 quidquid
3456 1666 3654 1722 amoris
3680 1665 3732 1722 in
3765 1684 3871 1723 nu-

2282 1746 2418 1825 ptias
2459 1748 2663 1805 vestras
2694 1738 3151 1820 iimpendentium
3191 1752 3501 1823 habebatis,
3552 1756 3626 1814 illi
3668 1758 3871 1830 repen-

2280 1835 2412 1893 dite.

2351 1924 2440 1983 56.
2471 1910 2615 1985 Bene
2644 1930 2785 2001 quod
2814 1926 3125 1990 interiorem
3152 1940 3385 1992 vestram
3419 1938 3872 2009 pulchritudinem

2282 2018 2510 2091 ’quzerit,
2550 2022 2641 2099 ubi
2685 2018 2836 2081 vobis
2877 2024 3025 2082 dedit
3068 2026 3382 2099 potestatem
3410 2035 3566 2090 .lilias
3612 2034 3704 2093 Dei
3751 2037 3874 2095 ﬁeri

2283 2109 2463 2184 (Joan.
2491 2131 2548 2193 li,
2579 2110 2668 2190 12)
2698 2134 2709 2168 :
2747 2112 2849 2172 non
2872 2119 3063 2189 quzerit
3085 2136 3114 2174 a
3146 2122 3296 2178 vobis
3323 2125 3596 2195 pulchram
3625 2143 3870 2197 carnem,

2280 2204 2377 2260 Sed
2402 2202 2649 2287 pulchros
2680 2222 2857 2265 mores
2878 2251 2893 2275 ,
2926 2206 3118 2280 quibus
3146 2210 3367 2270 frenetis
3393 2226 3447 2272 et
3475 2233 3714 2275 carnem.
3746 2220 3871 2277 Non

2279 2300 2362 2354 est
2388 2299 2473 2355 cui
2502 2298 2570 2356 de
2593 2301 2743 2356 vobis
2771 2298 3050 2376 quisquam
3077 2308 3380 2375 mentiatur,
3412 2319 3465 2366 et
3488 2309 3648 2369 faciat
3675 2314 3877 2371 smvire

2280 2390 2561 2445 zeiantem.
2594 2388 2782 2449 Videte
2824 2408 2946 2451 cum
2974 2406 3164 2467 quanta
3216 2396 3499 2456 securitate
3529 2404 3750 2472 ametis,
3783 2405 3876 2463 cui

2278 2478 2564 2549 diSplicere
2607 2480 2753 2538 falsis
2813 2484 3202 2555 suspicionibus
3259 2506 3362 2545 non
3407 2492 3624 2548 timetis.
3695 2492 3790 2549 Vir
3815 2505 3875 2552 et

2286 2572 2421 2622 uTxor
2445 2574 2628 2625 amant
2649 2588 2736 2636 se,
2768 2574 3018 2644 quoniam
3052 2579 3232 2633 vident
3260 2596 3351 2647 se;
3380 2592 3434 2636 et
3463 2580 3602 2651 quod
3633 2601 3738 2639 non
3785 2584 3872 2643 vi-

2283 2656 2452 2739 dent,
2483 2654 2668 2716 timent
2694 2663 2747 2718 in
2778 2676 2836 2719 se
2870 2684 2882 2719 :
2919 2682 3017 2721 nec
3041 2662 3172 2723 certi
3197 2671 3428 2741 gaudent
3454 2689 3520 2729 ex
3549 2689 3614 2729 eo
3642 2676 3784 2746 quod
3813 2674 3873 2734 in

2277 2742 2561 2807 inanifesto
2587 2760 2669 2808 est
2695 2796 2709 2823 ,
2734 2752 2856 2811 dum
2882 2758 2933 2811 in
2962 2762 3171 2815 occulto
3194 2764 3529 2835 suspicantur
3553 2742 3871 2841 plerumque

2277 2836 2421 2913 quod
2452 2854 2556 2898 noli
2595 2840 2698 2902 est.
2731 2842 2838 2904 Vos
2864 2849 2919 2904 in
2960 2849 3065 2907 isto
3107 2870 3265 2924 quem
3295 2857 3464 2913 oculis
3490 2875 3594 2913 non
3636 2836 3830 2918 videtis
3850 2905 3870 2933 ,

2277 2936 2332 3021 et
2352 2930 2461 3021 .ilde
2486 2939 2794 3010 conspicitis
2814 2982 2827 3007 ,
2853 2957 2951 2997 nec
2973 2940 3178 3000 habetis
3200 2962 3381 3002 verum
3405 2948 3543 3018 quod
3567 2930 3872 3021 reprehen;

2276 3014 2416 3081 datis
2438 3068 2453 3093 ,
2482 3043 2582 3084 nec
2611 3044 2732 3084 eum
2759 3033 2992 3088 metuitis
3022 3040 3089 3091 'ne
3118 3036 3186 3091 de
3212 3035 3346 3092 falso
3368 3014 3592 3096 forsitan
3620 3014 3870 3100 olfenda-

2277 3114 2367 3171 tis.
2398 3112 2456 3173 Si
2485 3110 2614 3189 ergo
2645 3126 2893 3191 magnum
2924 3136 3161 3180 amorem
3206 3128 3520 3199 conjugibus
3558 3130 3831 3190 deberetis
3851 3178 3869 3205 ,

2276 3216 2399 3265 eum
2429 3222 2647 3283 propter
2674 3224 2829 3283 quem
2857 3215 3113 3287 coniuges
3137 3216 3339 3275 habere
3378 3220 3627 3279 noluistis
3648 3264 3664 3292 ,
3691 3230 3873 3296 quan-

2277 3296 2388 3356 tum
2419 3317 2600 3360 amare
2630 3300 2870 3362 debetis?
2909 3304 3045 3362 Τοιο
3075 3309 3224 3363 vobis
3253 3308 3445 3381 figatur
3468 3313 3521 3367 in
3552 3317 3745 3384 corde,
3775 3320 3874 3392 ‘qui

2274 3400 2374 3463 pro
2400 3390 2551 3450 vobis
2582 3401 2666 3450 est
2707 3396 2843 3451 ﬁxus
2883 3397 2934 3451 in
2962 3410 3123 3454 cruce
3158 3418 3172 3454 :
3206 3409 3373 3456 totum
3404 3411 3583 3460 teneat
3608 3407 3658 3460 in
3684 3390 3873 3467 animo

2276 3478 2455 3540 vestro
2477 3527 2491 3551 ,
2524 3476 2778 3557 quidquid
2804 3482 3048 3546 noluistis
3073 3492 3323 3562 occupari
3352 3490 3640 3552 connubio.
3667 3482 3869 3558 Parum

2276 3564 2428 3631 vobis
2466 3585 2646 3633 amare
2674 3593 2777 3634 non
2806 3578 2968 3648 licet,
2997 3586 3215 3653 propter
3244 3592 3405 3653 quem
3437 3594 3542 3642 non
3569 3576 3789 3665 amastis
3812 3601 3874 3649 et

2275 3664 2417 3739 quod
2441 3667 2646 3727 liceret.
2673 3668 2763 3727 Sic
2800 3670 3100 3730 amantibus
3127 3677 3311 3732 mitem
3335 3688 3391 3734 et
3420 3664 3676 3737 humilem
3701 3674 3873 3742 corde

2276 3756 2489 3843 unllamr
2507 3756 2658 3818 vobis
2676 3763 2984 3847 superbiam
3006 3771 3361 3847 pertimesco.

2347 3850 2572 3912 CAPUT
2610 3844 2744 3911 LVI.
2767 3887 2841 3934 _—
2865 3844 2954 3913 57.
2996 3844 3265 3917 Conclusio
3294 3863 3480 3934 operis.
3512 3865 3617 3919 Pro
3648 3864 3871 3925 modulo

2274 3930 2452 4016 itaque
2500 3952 2683 4002 nostro
2731 3932 2785 4003 et
2827 3934 2895 4004 de
2937 3950 3219 4027 sanctitate
3266 3930 3367 4025 qua
3411 3956 3863 4017 Sanctimoniales

2275 4039 2489 4115 prdprie
2513 4036 2786 4125 dicimini,
2830 4051 2883 4125 et
2925 4032 2990 4098 de
3021 4038 3321 4125 humilitate
3364 4063 3465 4117 qua
3512 4054 3871 4107 censervatur

2277 4120 2532 4203 quidquid
2576 4150 2825 4205 magnum
2857 4120 3126 4206 dicimini,
3174 4140 3303 4194 satis
3351 4132 3512 4196 loculi
3540 4156 3745 4198 sumus.
3777 4144 3874 4200 Di-

2273 4225 2429 4303 gnius
2468 4225 2646 4282 autem
2695 4224 2771 4283 illi
2822 4236 2933 4284 tres
2975 4230 3165 4300 pueri,
3200 4228 3393 4301 quibus
3434 4233 3769 4304 refrigerium
3809 4216 3869 4293 in

2274 4312 2393 4386 igne
2420 4316 2717 4389 prmbcbat,
2751 4336 2907 4391 quem
2935 4320 3099 4377 corde
3126 4320 3516 4378 ferventissimo
3540 4320 3861 4398 diligebant,

2275 4422 2369 4461 vos
2413 4407 2480 4463 de
2520 4408 2623 4465 hoc
2661 4412 2919 4479 opusCulo
2948 4422 3166 4482 nostro,
3196 4414 3476 4468 verborum
3504 4414 3720 4485 quidem
3755 4436 3867 4475 uu-

2275 4513 2426 4553 mcro
2454 4501 2609 4571 longe
2650 4500 2899 4567 brevius,
2930 4486 3022 4558 sed
3063 4505 3298 4576 pondere
3325 4507 3657 4563 auctoritatis
3688 4512 3869 4571 multo

2273 4588 2559 4657 grandius,
2588 4592 2642 4646 in
2670 4591 2870 4665 hymno
2897 4608 3002 4666 quo
3031 4596 3096 4648 ah
3125 4595 3201 4649 eis
3230 4593 3369 4650 Deus
3411 4594 3729 4673 honoratur,
3761 4603 3866 4657 ad-

2276 4691 2551 4736 moneant.
2583 4670 2713 4737 Nam
2744 4684 3005 4739 sanctitati
3030 4685 3379 4741 humilitatem
3407 4688 3457 4742 in
3488 4672 3581 4744 Dei
3613 4676 3865 4749 laudato-

2275 4770 2420 4827 ribus
2444 4768 2859 4847 conjuugentes,
2891 4778 3223 4848 apertissime
3268 4780 3565 4837 docuerunt
3612 4794 3668 4839 ut
3712 4793 3866 4843 tanto

2272 4866 2496 4937 quisque
2520 4881 2701 4924 caveat
2743 4887 2810 4926 ne
2853 4854 3102 4940 superbia
3149 4862 3461 4942 decipiatur,
3504 4884 3704 4946 quanto
3730 4892 3864 4931 san-

2272 4958 2408 5012 ctius
2446 4959 2651 5037 aliquid
2686 4961 2983 5030 proﬁtetur.
3018 4952 3249 5019 Proinde
3278 4979 3371 5019 vos
3399 4970 3607 5035 quoque
3648 4962 3866 5025 laudate

2271 5065 2391 5104 eum
2422 5036 2509 5122 qui
2541 5036 2688 5107 vobis
2720 5058 2933 5131 praestat
2958 5063 3011 5109 ut
3041 5056 3092 5108 in
3119 5054 3309 5111 ardore
3334 5055 3513 5111 medio
3538 5056 3719 5113 saeculi
3761 5059 3866 5115 hu-

2266 5141 2387 5213 jus,
2419 5144 2661 5214 quamvis
2688 5145 2937 5215 conjugio
2970 5159 3073 5200 non
3116 5141 3468 5216 copulemiui,
3518 5164 3621 5202 non
3679 5156 3862 5211 tamen

2269 5228 2536 5299 uramiui‘;
2582 5232 2635 5289 et
2682 5243 2898 5290 orantes
2946 5237 3105 5289 etiam
3154 5250 3249 5305 pro
3305 5236 3486 5304 nobis,
3532 5232 3862 5311 Beucdicite,

2269 5326 2430 5379 sancti
2458 5336 2503 5379 et
2530 5326 2741 5381 Immites
2767 5326 2921 5382 corde
2939 5370 2954 5394 ,
2985 5325 3296 5392 Dominum;
3324 5326 3567 5399 Ity‘rnnum
3592 5328 3744 5386 dicite
3764 5372 3782 5401 ,
3812 5340 3867 5389 et

2268 5420 2636 5489 superexaltate
2654 5437 2766 5474 eum
2788 5421 2840 5475 in
2864 5421 3051 5475 saecula
3081 5420 3243 5494 (Dan.
3276 5428 3331 5477 iu
3352 5462 3367 5489 ,
3393 5406 3510 5495 εέι).

2333 5576 2349 5606 ι
2374 5572 2574 5627 stellas.
2600 5568 3543 5642 Atedtu,mptttsmﬂ;unisso,u.
