4142 6212
320 305 3586 373 W

533 447 1184 530 ADMONITIO
1234 446 1352 530 ΙΝ
1419 456 2087 530 OPUSCULUM
2118 452 2260 525 DE
2304 453 2594 526 BONO
2656 391 3369 527 VIDUlTATIé:

372 592 684 669 Desiderius
712 608 967 664 Erasmus
1025 610 1215 665 nititur
1259 609 1495 667 adimere
1551 612 1654 667 hoc
1688 610 2002 681 opusculum
2060 609 2377 680 Augustino,
2410 616 2464 663 et
2484 607 2789 663 adversario
2817 606 2985 678 ipsius
3011 604 3221 663 Iuliano
3269 604 3418 664 dare.
3455 606 3592 678 Qua

296 705 458 762 98ers
480 704 536 759 tu
560 702 753 759 Iuliani
772 701 993 773 gratiam
1023 713 1351 772 argumenta,
1382 702 1527 775 piget
1555 701 1821 758 refellere.
1852 696 2046 758 Contra
2077 700 2431 772 Augustinum
2461 700 2591 756 nihil
2621 700 2734 757 fere
2757 700 2999 756 obtendit
3042 701 3145 756 nisi
3163 698 3416 757 dictionis
3454 699 3590 758 1·ιεί-
3616 685 3647 782 ς

298 798 504 853 litatem
540 814 553 849 :
583 794 680 851 sed
716 794 830 849 h:ec
859 795 970 865 ipsa
1002 794 1224 851 facilitas
1248 796 1501 852 dictionis
1528 797 1768 852 clamitat
1791 812 1925 867 opus
1965 810 2085 852 esse
2111 796 2414 866 Augustini.
2459 794 2688 851 Jacobus
2727 796 2996 850 Pamelius
3028 795 3080 849 in
3106 794 3257 849 Notis
3280 794 3348 849 ad
3376 794 3593 852 Tertul-
3638 789 3645 795 ’

297 892 424 949 liaui
462 891 655 945 librum
692 896 877 942 contra
912 888 1296 959 llermogeuem
1324 930 1337 954 ,
1372 904 1490 960 cap.
1529 891 1579 956 1,
1612 906 1665 944 n.
1694 890 1748 955 7,
1780 889 1832 944 id
1892 889 2070 962 operis
2118 890 2289 944 citans
2324 888 2469 944 hisce
2494 888 2695 953 verbis,
2747 888 2937 942 Auctor
2962 888 3191 958 opusculi
3216 888 3279 942 de
3320 886 3466 942 Bono
3499 885 3619 967 Vi-‘

296 987 513 1041 unitatis
551 986 683 1039 inter
720 983 1093 1039 lucubrationes
1137 983 1207 1037 D.
1250 983 1539 1055 Augustini,
1572 980 1836 1057 signiﬁcat
1864 992 2051 1055 putare
2087 998 2146 1039 se
2175 966 2303 1037 illud
2333 980 2552 1037 minime
2576 976 2645 1038 ab
2677 976 2973 1052 Augustino
2994 979 3315 1037 confectum.
3353 979 3461 1038 Pro
3484 976 3597 1054 qua

301 1080 561 1149 opinione
587 1077 859 1132 Lindunus
885 1072 941 1131 in
970 1074 1242 1147 Panoplia,
1277 1076 1367 1133 lib.
1400 1077 1455 1143 4,
1505 1086 1623 1148 eap.
1655 1072 1747 1145 98,
1798 1072 2166 1149 argumentum
2210 1075 2480 1131 existimat
2530 1089 2637 1129 non
2686 1070 2801 1130 leve
2826 1074 2927 1129 sibi
2957 1070 3239 1147 suppetere
3289 1089 3355 1131 ex
3378 1075 3597 1133 concilii

297 1170 741 1242 Carthaginiensis
773 1168 970 1240 quarti,
998 1168 1083 1223 cui
1126 1168 1508 1240 subscripsisse
1539 1168 1863 1241 Augustinus
1920 1168 2135 1240 legitur,
2165 1181 2371 1223 canone
2412 1166 2536 1233 104,
2580 1181 2686 1237 quo
2733 1174 2987 1221 statutum
3016 1174 3172 1221 estut
3195 1164 3369 1221 viduae
3392 1181 3512 1237 quae
3532 1181 3596 1224 se

303 1264 535 1318 Domino
574 1262 905 1316 devoverant
936 1268 1186 1330 suscepto
1211 1260 1459 1333 religioso
1485 1258 1669 1315 habitu
1694 1302 1710 1328 ,
1738 1260 1782 1315 si
1820 1258 1889 1313 ad
1914 1258 2127 1330 nuptias
2154 1256 2441 1314 stecnlares
2468 1256 2581 1314 sive
2608 1257 2874 1314 secundas
2913 1265 3097 1328 postea
3128 1256 3453 1325 transierint,
3484 1259 3597 1314 sine

301 1354 707 1411 Christianorum
726 1355 1073 1406 commurdone
1098 1361 1354 1418 maneant,
1376 1359 1422 1406 et
1450 1351 1659 1407 crimine
1680 1350 1915 1406 adulterii
1934 1358 2184 1405 notentur.
2211 1349 2410 1420 Nempe
2425 1348 3022 1420 contra,subsequentis
3041 1345 3161 1404 libri
3197 1356 3402 1419 auctor,
3432 1362 3598 1421 capp.

304 1448 373 1505 10
398 1456 455 1503 et
482 1448 572 1515 11,
600 1461 694 1502 eos
733 1446 1004 1516 redarguit
1032 1445 1119 1515 qui
1143 1451 1331 1515 putant
1357 1444 1615 1517 lapsorum
1642 1458 1672 1498 α
1698 1454 1871 1500 sancto
1892 1445 2151 1517 preposito
2171 1444 2499 1516 feminarum,
2524 1444 2570 1499 si
2604 1444 2886 1515 nupserim,
2933 1461 3033 1499 non
3058 1461 3185 1521 esse
3209 1446 3473 1519 confugio,
3505 1445 3599 1502 sed

300 1541 585 1606 adulteria,
610 1548 658 1593 et
677 1555 762 1593 eas
788 1538 958 1592 votum
987 1536 1021 1590 ἁ
1046 1537 1240 1590 maritis
1265 1544 1527 1608 separatas
1547 1537 1757 1593 reddere
1779 1538 2117 1594 continentiae.
2146 1538 2339 1593 Verum
2357 1537 2492 1593 nihil
2519 1536 2605 1592 ltic
2626 1538 2949 1609 Augustinus
2965 1538 3033 1594 ab
3056 1538 3147 1593 illo
3158 1554 3365 1597 canone
3387 1539 3600 1596 dissen-

304 1634 393 1697 tit,
426 1631 519 1702 qui
573 1630 757 1684 talium
792 1628 1009 1700 quidem
1052 1629 1268 1699 nuptias
1314 1636 1419 1683 non
1472 1629 1668 1700 patitur
1690 1630 1900 1684 censeri
1950 1629 2207 1685 adulteria
2233 1672 2249 1697 ,
2278 1629 2371 1685 sed
2404 1628 2547 1700 ipsos
2580 1639 2759 1685 tamen
2792 1646 2822 1685 a
2851 1632 3127 1702 proposito
3180 1641 3368 1689 sancto
3417 1630 3601 1706 lapSus

304 1722 588 1778 adulteriis
610 1722 817 1791 pejores
834 1720 985 1775 dicit.
1026 1721 1206 1791 Itaque
1232 1732 1338 1775 non
1368 1719 1613 1791 prohibet
1660 1722 1943 1791 quominus
1971 1720 2231 1777 nubentes
2271 1731 2389 1791 post
2419 1731 2599 1777 votum
2626 1721 2800 1793 aliqua
2843 1725 3412 1781 excommunicationis
3436 1742 3601 1800 paena

302 1815 607 1872 multeutur
648 1812 868 1884 perinde
911 1820 1066 1883 atque
1113 1812 1392 1875 adulterae,
1437 1810 1730 1867 dummodo
1756 1828 1941 1867 earnm
1978 1811 2197 1881 nuptiae,
2246 1821 2525 1881 postquam
2555 1812 2840 1867 celebrata:
2868 1823 3013 1879 sunt,
3066 1830 3171 1869 non
3198 1815 3597 1873 rescindantur.

302 1908 451 1967 Nihil
480 1906 623 1962 aliud
670 1905 924 1961 adversus
952 1906 1217 1978 lapsarum
1257 1905 1469 1976 nuptias
1495 1908 1820 1975 praceptum
1849 1906 2114 1975 reperitur
2159 1907 2518 1973 antiquiorum
2565 1906 2914 1961 conciliorum
2940 1907 3193 1964 decretis.
3226 1909 3282 1964 in
3329 1911 3465 1967 hanc
3484 1927 3602 1969 rem

302 2001 542 2057 celebris
566 2007 829 2054 est'canon
847 2006 1026 2053 sextus
1047 1998 1286 2054 decimus
1313 1996 1762 2054 Chalcedonensis
1788 1996 1999 2053 concilii
2019 1999 2219 2067 aliquot
2249 2000 2403 2055 annis
2442 2007 2564 2069 post
2605 1999 2888 2070 Augustini
2927 2000 3130 2056 obitum
3156 2002 3233 2057 sic
3258 2002 3596 2060 deﬁnientis:

307 2092 374 2149 Si
394 2108 498 2163 qua
532 2091 674 2162 virgo
695 2106 748 2144 se
772 2090 1071 2144 dedicauerit
1098 2089 1229 2158 Deo,
1260 2088 1493 2144 similiter
1517 2101 1561 2143 et
1583 2088 1879 2157 monachus,
1903 2106 2003 2145 non
2049 2091 2198 2144 licere
2226 2092 2297 2145 eis
2316 2092 2469 2163 jungi
2494 2092 2702 2161 nuptiis.
2734 2091 2795 2147 Si
2825 2108 2940 2147 vero
2965 2093 3153 2146 inventi
3181 2096 3366 2166 fuerint
3406 2096 3501 2151 hoc
3520 2099 3604 2169 fit-

301 2185 519 2247 cientes,
538 2192 774 2236 maneant
815 2182 1253 2236 excommunicati.
1286 2180 1569 2237 Statuimu's
1587 2180 1701 2237 itero
1730 2198 1873 2254 posse
1897 2183 1951 2236 in
1972 2182 2041 2237 eis
2056 2184 2221 2251 facere
2249 2185 2633 2250 humanitatem,
2655 2184 2699 2238 si
2745 2183 2818 2238 ita
2871 2186 3150 2256 probaverit
3178 2188 3281 2243 loci
3309 2189 3596 2261 episcopus.

303 2280 574 2335 Caeterum
604 2275 881 2347 Augustini
907 2275 1179 2341 doctrinae,
1212 2290 1371 2345 quam
1397 2274 1484 2330 hic
1506 2273 1573 2330 de
1597 2273 1797 2345 nuptiis
1818 2284 1936 2345 post
1956 2282 2157 2342 votum,
2174 2277 2403 2347 itemque
2433 2277 2484 2331 in
2512 2275 2603 2330 lib.
2632 2276 2701 2331 de
2715 2274 2908 2342 Sancta
2926 2276 3256 2351 Virginitate,
3276 2295 3394 2351 cap.
3426 2283 3517 2347 54,
3543 2294 3604 2338 et

306 2373 368 2428 in
398 2371 557 2440 epist.
585 2369 693 2425 220
716 2368 784 2424 ad
814 2368 1140 2424 Bonifacium
1160 2369 1431 2436 comitem,
1459 2383 1514 2423 n.
1541 2366 1629 2435 12,
1663 2367 1842 2436 tradit,
1872 2366 2111 2423 nonnihil
2137 2369 2273 2423 favet
2294 2369 2591 2441 Cyprianus
2619 2369 2670 2424 in
2699 2370 2856 2439 epist.
2886 2370 2956 2425 6‘2
2978 2372 3045 2425 ad
3078 2371 3447 2443 Pomponium,
3476 2373 3606 2446 Epi-

310 2464 553 2536 phanius
594 2463 646 2519 in
672 2461 867 2518 hzrresi
896 2462 988 2530 61,
1017 2472 1139 2532 quae
1161 2472 1245 2518 eat
1282 2461 1734 2534 Apostolicorutn,
1774 2471 1877 2518 etc.
1926 2460 2111 2531 Neque
2142 2478 2314 2533 porro
2339 2462 2552 2528 desunt,
2579 2463 2774 2534 quibus
2815 2463 3097 2519 concilium
3137 2482 3295 2536 supra
3330 2467 3603 2526 laudatum

302 2559 756 2630 Carthagineuse,
805 2558 948 2628 Quod
997 2558 1050 2612 in
1092 2558 1276 2615 codice
1318 2570 1583 2615 canonum
1634 2556 1890 2615 Ecclesia:
1938 2549 2201 2613 Africanae
2232 2573 2352 2613 cum
2383 2559 2592 2613 caeteris
2632 2555 3143 2629 Carthaginensibus
3190 2560 3308 2631 ejus
3340 2563 3599 2633 temporis

302 2653 556 2709 conciliis
584 2668 691 2709 non
725 2659 921 2723 exstat,
945 2654 1123 2710 dubiae
1149 2652 1268 2710 ﬁ'dei
1300 2652 1560 2711 videatur.
1592 2653 1833 2710 Concilio
1882 2653 2212 2724 Augusﬁnus
2238 2695 2252 2718 ,
2282 2652 2526 2722 quamvis
2572 2650 2625 2707 id
2653 2666 2795 2707 anno
2823 2650 3061 2707 habitum
3082 2652 3429 2725 consignetur
3462 2656 3593 2723 398,

305 2762 425 2818 quo
448 2747 538 2803 ille
565 2756 804 2818 tempore
819 2748 1032 2819 juvenis
1046 2754 1101 2804 et
1126 2752 1316 2803 recens
1339 2755 1457 2803 erat
1484 2748 1789 2818 episc’Opus,
1821 2744 2137 2815 subscripsit
2165 2743 2431 2801 secundus
2457 2743 2525 2800 ab
2547 2743 2787 2800 Aurelio.
2817 2743 2954 2800 Hinc
2979 2743 3116 2801 forte
3140 2744 3356 2803 errandi
3385 2749 3598 2805 occasio

317 2842 450 2897 data
477 2841 734 2908 Lindauo,
761 2842 851 2912 qui
882 2841 1265 2911 subscripsisse
1285 2838 1638 2912 Augustinum
1669 2855 1852 2896 senem
1869 2838 2116 2893 aflirmat.

404 2933 792 3004 Snbsequentis
817 2933 1058 3005 opusculi
1080 2933 1405 2989 mentionem
1440 2932 1492 2986 in
1512 2932 1969 2988 Retractationum
2002 2928 2157 2985 libris
2184 2947 2288 2985 non
2308 2928 2432 2985 fecit
2468 2929 2816 3001 Augustinus,
2847 2930 2970 3001 quia
3008 2931 3247 3003 epistolae
3272 2931 3439 2988 forma
3469 2947 3600 2990 con-

309 3027 572 3097 scriptum
595 3032 697 3081 est.
716 3018 771 3080 ld
789 3033 1069 3096 propterea
1095 3020 1366 3080 Possidius
1392 3036 1510 3094 cap.
1531 3022 1563 3078 7
1624 3020 1762 3077 inter
1803 3021 2069 3092 Epistolas
2097 3029 2341 3077 recenset
2362 3021 2460 3075 hoc
2507 3021 2657 3075 titulo
2682 3039 2695 3074 :
2716 3020 2943 3080 Julianw
2961 3021 3024 3076 de
3069 3023 3262 3078 Sancta
3327 3023 3601 3081 Viduitate.

309 3121 461 3177 εἰμι
484 3128 540 3174 et
574 3118 684 3175 fere
726 3120 899 3175 totum
947 3118 1252 3175 transcribit
1278 3110 1471 3173 Florus
1501 3114 1594 3171 seu
1624 3110 1765 3172 Beda
1796 3108 2037 3189 vulgatus
2088 3116 2152 3171 ad
2183 3117 2197 3168 l
2231 3117 2355 3171 Cor.
2390 3125 2502 3170 net
2528 3132 2623 3182 vtt,
2650 3122 2715 3169 ad
2756 3114 2985 3186 Pltilipp.
3028 3133 3109 3181 tv,
3149 3128 3204 3173 et
3244 3119 3345 3172 adl
3373 3119 3513 3175 Titii.
3548 3138 3601 3176 ν.

320 3212 679 3284 Augustinum
710 3211 875 3268 refert
900 3211 1174 3283 inscriptio
1199 3209 1441 3280 epistola:
1479 3208 1530 3263 in
1554 3196 1798 3264 omnibus
1820 3210 2050 3280 antiquis
2080 3208 2351 3263 codicibus
2372 3206 2609 3278 praeﬁxa,
2638 3217 2691 3262 et
2712 3222 2770 3261 se
2797 3208 2910 3279 ipse
2930 3208 3161 3263 ostendit
3181 3224 3297 3280 cap.
3326 3211 3413 3277 15,
3447 3227 3603 3268 com-

318 3308 634 3362 memorans
672 3305 836 3360 libros
858 3319 890 3359 a
918 3316 981 3359 se
998 3303 1170 3359 editos
1194 3303 1260 3358 de
1284 3300 1433 3357 Bono
1452 3300 1724 3372 Conju‘gali
1748 3342 1762 3367 ,
1786 3301 1851 3356 de
1872 3301 2065 3356 Sancta
2096 3300 2428 3372 Virginitatc,
2459 3310 2511 3354 ct
2530 3298 2787 3354 adversus
2829 3300 3104 3368 Faustum,
3138 3317 3343 3358 necnon
3365 3319 3481 3375 cap.
3506 3305 3600 3374 23,

314 3397 599 3468 epistolam
633 3396 822 3452 Probus
846 3396 1102 3466 scriptam
1117 3394 1184 3450 de
1208 3393 1411 3449 orando
1428 3395 1557 3449 Deo.
1595 3392 1831 3448 Pertinet
1856 3392 2135 3447 Viduitatis
2180 3393 2316 3448 liber
2350 3391 2417 3446 ad
2442 3410 2637 3447 aunuu
2671 3394 2887 3450 circiter
2915 3395 3059 3460 lli;
3093 3396 3324 3467 scriptus
3349 3397 3596 3456 videlicet

318 3497 450 3559 post
479 3471 826 3544 Demetriadis
850 3484 1072 3559 virginis
1097 3486 1575 3551 consecrationem,
1595 3482 1862 3540 landatatn
1908 3485 1995 3539 ltic
2024 3500 2141 3554 cap.
2169 3484 2256 3551 19,
2292 3495 2537 3554 tanquam
2575 3494 2867 3553 recentem,
2896 3486 3031 3557 quod
3058 3487 3207 3541 modo
3246 3490 3395 3559 coepit
3416 3505 3435 3544 :
3460 3489 3599 3548 itane

312 3582 421 3638 sub
443 3582 607 3638 ﬁnem
633 3581 761 3635 anni
806 3580 913 3636 “3
944 3580 1136 3635 factam
1162 3576 1560 3635 observavimus
1591 3586 1735 3632 tomo
1763 3572 1819 3641 2,
1848 3576 1914 3631 ad
1942 3576 2223 3647 epistolam
2268 3577 2371 3633 150
2412 3576 2598 3633 Proba:
2628 3576 2921 3633 ctJuliantc
2948 3578 3227 3635 directam.
3265 3580 3320 3636 ln
3343 3583 3516 3652 capite
3538 3584 3607 3639 17

311 3684 347 3728 a
396 3674 800 3745 Pelagianorum
834 3682 1041 3738 errore,
1072 3676 1230 3743 quem
1268 3682 1485 3742 serpere
1526 3666 1757 3740 coepisse
1783 3669 1949 3736 dicit,
1983 3670 2144 3723 tacito
2170 3684 2354 3724 eorum
2384 3669 2620 3734 nomine,
2664 3684 2857 3725 cavere
2874 3670 3045 3740 jubet.
3077 3672 3153 3728 De
3182 3673 3283 3729 bac
3309 3674 3421 3743 ipsa
3466 3675 3605 3735 forte

312 3765 685 3823 admonitione
711 3764 919 3821 Iuliana
964 3764 1160 3836 gratias
1186 3761 1292 3834 agit
1336 3760 1632 3834 Augustino
1683 3760 1871 3817 litteris
1914 3762 2090 3817 citatis
2140 3761 2191 3814 in
2231 3760 2455 3831 epistola
2502 3761 2604 3816 188
2653 3761 2720 3815 ad
2745 3761 2987 3817 eamdem
3016 3762 3281 3818 Julianam
3309 3766 3492 3832 missa,
3513 3767 3606 3823 ubi

312 3860 439 3932 eius
459 3860 574 3917 bzec
587 3860 753 3917 verba
771 3860 932 3915 refe-rt
953 3857 1277 3930 Augustinus
1309 3872 1322 3911 :
1359 3855 1496 3913 Sane
1540 3852 1677 3926 quod
1704 3870 1781 3909 me
1805 3852 2035 3909 hortatur
2065 3856 2357 3911 Reverentia
2394 3865 2573 3920 vestra,
2604 3872 2666 3909 ne
2692 3872 2839 3910 aures
2862 3856 3156 3927 indulgeam
3175 3859 3255 3913 Itis
3283 3858 3594 3931 hominibus,

313 3952 408 4020 qui
433 3952 602 4024 puris
630 3948 924 4006 tractatibus
956 3948 1293 4005 venerandam
1320 3946 1472 4019 ﬁdem
1502 3962 1637 4019 stupe
1651 3954 2001 4016 corruntpunt,
2027 3947 2219 4016 gratias
2246 3947 2419 4000 uberes
2445 3962 2543 4018 ago
2567 3955 2671 4000 tant
2697 3947 2798 4017 piw
2814 3946 3168 4003 admonitioni.

2444 4132 2467 4135 _
2672 4133 2701 4135 Α
2764 4134 2781 4137 _
3441 4132 3503 4138 _-

2764 4134 2781 4137 -
2806 4134 3285 4142 —————v—_—_—.
3300 4130 3503 4140 ——a———--

934 4228 1077 4346 s.
1153 4214 1916 4344 AUBELII
1993 4132 2996 4345 Δυαύῖτῶί

1502 4406 2018 4484 HIPPONENSIS
2057 4421 2414 4486 EPISCOPI

602 4540 922 4704 DE
998 4545 1620 4710 ΒΟΝΟ
1703 4527 3201 4914 [ΧΞΕΙΡΙΤΑΤΙς

1908 4968 2042 5027 SEU

355 5082 1268 5217 EPISTOLA
1296 5082 1651 5211 (“AD
1712 5094 2675 5209 JULIANAM
2748 5092 3548 5215 VIDUAM.

1796 5316 2163 5372 ΰζαΞΟὩΈθὲϐν

367 5463 558 5515 viduas
575 5456 657 5514 inc
675 5463 821 5530 docet
844 5470 897 5513 et
920 5463 1224 5530 exhortatur.
1248 5461 1463 5530 Primum
1473 5457 1695 5530 docendo
1710 5457 1883 5519 probat
1900 5462 2080 5508 sanctae
2120 5455 2364 5530 viduitatis
2380 5453 2732 5530 professionem
2764 5462 2945 5530 nuptiis
2965 5462 3396 5530 anteponendam;
3422 5466 3618 5530 nuptias

290 5536 483 5583 men
504 5526 749 5577 secundas
765 5561 779 5586 ,
806 5526 901 5576 imo
919 5518 971 5575 et
987 5526 1157 5575 tertias
1179 5531 1234 5575 et
1244 5520 1539 5588 quotaslibet
1556 5517 1840 5571 licitas—esse
1856 5553 1872 5580 ,
1896 5532 1992 5570 nec
2005 5530 2218 5583 unquam
2238 5517 2396 5570 maias
2413 5531 2427 5568 :
2454 5526 2509 5570 et
2527 5520 2774 5571 nubentes
2785 5517 2985 5585 quidem
3005 5517 3114 5586 pos't
3135 5534 3297 5575 votum
3321 5517 3618 5580 viduas'sive

360 5631 672 5698 (inscripta
693 5628 1292 5698 fortecirgztannumiu.
1486 5688 1506 5698 Δ
1578 5685 1590 5698 ,
1825 5685 1853 5698 ,Δ
1890 5685 1923 5698 Δ,

364 5685 384 5730 ἲ
412 5685 614 5763 Titulus
636 5693 694 5763 in_
717 5692 1005 5763 quibusdam
1026 5700 1144 5763 μεθ.
1167 5697 1275 5741 est:
1303 5685 1677 5755 Deprofessione
1693 5685 1978 5750 Viduitatis;
2001 5694 2112 5738 aut:
2135 5695 2207 5738 De
2227 5687 2517 5752 professione
2537 5695 2718 5743 sancta
2737 5690 3011 5744 Vidrcitatis.
3030 5693 3161 5758 Apud
3182 5694 3257 5745 Er.
3286 5699 3339 5747 et
3368 5694 3509 5749 Lam:
3540 5706 3614 5749 De

289 5760 433 5811 ιοηο
457 5755 559 5807 sive
576 5753 865 5815 perfectione
895 5753 1165 5803 Viduitatis.
