4142 6212
512 269 617 327 451

1746 243 1802 300 S.
1842 236 2115 298 AUGUST
2124 234 2212 290 ιΝι
2252 234 2552 293 EPISCOPI

3697 230 3818 288 ιδε

514 387 734 451 virgines
753 384 930 433 merito
950 378 1192 436 damnari;
1242 376 1369 435 ipsas
1391 379 1557 422 autem
1580 379 1748 418 earum
1769 362 1963 436 nuptias
1985 372 2080 430 nec
2097 356 2268 429 haberi
2290 368 2387 432 pro.
2402 355 2676 430 adulteriis,
2699 371 2795 432 nec
2815 360 2972 434 dirimi
2994 364 3244 422 oportere.
3279 358 3447 408 uerita
3462 354 3717 408 viduarum
3739 365 3816 405 ex

952 445 961 451 .
1069 442 1099 451 ..
1265 438 1275 447 ι
1294 449 1302 451 Α
1317 445 1324 451 .
1342 438 1424 451 -.ζμ
1440 449 1463 451 _
1480 431 1630 451 -..ηιμ-ε
1656 427 1753 451 ...ειη
1773 440 1785 451 .
1804 425 2012 451 ιιΙΛΛΠΙΙΔ
2035 421 2236 451 Ιιιυιιιῃηι
2258 431 2460 451 “nuru-In
2479 420 2636 451 υιιιιιω
2651 420 2908 451 (ιιητινληΑΛ
2927 433 3037 451 ιιι-ιο
3061 418 3277 451 nmfmi
3294 418 3595 451 Anmnnctml
3637 422 3814 451 0min,

513 418 1215 513 {ESB'FJtLFE’EHtiﬁBBiﬁHc
1233 418 1633 498 pietatﬁpensari
1656 427 1785 485 vult;
1804 418 2014 497 ideoque
2035 420 2237 468 hiviram
2258 418 2460 491 univirae
2479 419 2636 492 viduae
2651 418 2908 484 aliquando
2924 418 3043 484 jure
3061 418 3280 513 p‘raaferri
3294 418 3617 492 dempnstrat.
3636 422 3818 467 Postea

590 512 597 513 ,
779 508 788 513 .
994 510 1000 513 Α
1038 510 1045 513 .
1086 500 1114 513 ι·
1246 512 1249 513 ,
1344 506 1354 513 .
1384 498 1425 513 ,Α
1457 494 1619 513 __:M:,.
1641 490 1981 513 ΑΛ-ιιῖιιηιιθισὶιη
2005 493 2138 513 cnam
2163 479 2401 513 hnnnﬂmn
2421 488 2503 513 nm
2523 483 2699 513 smhnns
2751 490 3022 513 Μνοαιηιιο
3045 495 3070 513 α)
3128 479 3448 513 ροηηηιιηηιια
3498 481 3581 513 ιηιί
3603 488 3818 513 eam

519 479 823 560 ἒνῖιῖὁι-ᾌἯίῐό
838 479 1433 557 ἱῖἱιῖιῖἓὶῖἱὶῖῐῖιέιῖτῖιὲιΪιὶῖίἷι
1443 479 1624 560 ruinis
1637 479 2141 560 miliﬁleliliii‘lﬂ‘ﬂ‘,‘
2162 479 2401 560 9292‘}???
2420 479 3483 560 PB?iF‘PFliifmiﬁil‘ﬁE‘ka;
3498 481 3819 560 (ῐὲἓὲιζὲἓὲἒ

461 572 476 584 “
519 542 1433 633 Tel-36??13313131116535551355
1448 542 1751 633 ῖυξὶιξὶορτυτη
1766 542 3819 633 .εξ’ἓέἓῖειθηῗ¹ὲ¹ῗὲξί.;ἐὲ¹¹ὶέξη¹ἐξςΞἪἮηίξὲτξίἓὶυᾳέῗηυῗοὲᾞὲῗηέἱξὲξῐῗηὲίξὲἓὲἓ

456 632 459 639 ·
518 602 1423 692 $131;ﬁiiii.iiii;i'Eii‘BiiESaaiiiifdéé
1445 602 1685 668 Ξ-ἇὲιίὸίίιε
1706 602 1986 676 spirituales
2000 606 2215 657 habeant;
2235 602 2499 653 carnalium
2518 604 2801 657 deliciarum
2824 606 2961 669 loco;
2987 613 3041 657 et
3062 604 3237 657 famam
3250 602 3470 670 dénique
3490 617 3627 656 stram
3646 607 3818 654 alato-

521 696 631 745 dire
654 689 1043 753 non—negligant.

1953 777 2360 815 ψ

523 922 859 976 AUGUSTINUS
883 916 1208 985 Episcopus,
1251 922 1440 965 servus
1463 904 1663 963 Christi
1687 945 1703 969 ,
1734 906 2120 963 servorumque

599 1010 795 1066 Christi
824 1008 865 1074 ί,
885 1006 1145 1075 religiosm
1173 1000 1383 1056 famulae
1408 996 1502 1053 Dei
1530 995 1796 1059 JULIANE,
1816 991 1871 1046 in
1893 985 2122 1044 Domino

601 1101 937 1156 dominorum
969 1095 1218 1149 salutem.

601 1205 823 1263 CAPUT
847 1200 1128 1257 PRIMUM.
1157 1228 1232 1238 -
1260 1194 1558 1266 l.Rogatus
1579 1209 1608 1245 a
1634 1172 2039 1244 Juliana‘scribit
2064 1181 2127 1234 de

530 1299 841 1373 professione
868 1293 1148 1348 viduitatis.
1181 1288 1409 1356 Apostoli
1439 1286 1502 1340 de
1530 1286 1624 1337 hac
1658 1298 1713 1335 re
1739 1277 2128 1373 doctrinam-ea:-

532 1367 703 1466 pon’et.
737 1390 814 1445 Ne
861 1386 1102 1458 petitioni
1133 1395 1237 1439 tute
1264 1390 1318 1436 et
1345 1383 1400 1435 in
1432 1378 1645 1434 Christo
1673 1370 1943 1466 dilectio-ni
1971 1370 1991 1401 ²
2013 1367 2129 1422 diu-

533 1463 641 1540 tius
670 1496 843 1537 essem
873 1479 1084 1534 debitor
1107 1472 1474 1545 promissionis
1496 1484 1629 1524 mete
1653 1507 1669 1531 ,
1701 1463 1900 1534 arripui
1924 1468 2132 1515 utcum-

534 1591 639 1646 que
678 1574 820 1628 inter
857 1570 988 1623 alias
1026 1566 1427 1637 urgentiSsimas
1462 1559 1837 1628 occupationes
1881 1566 2028 1646 meas
2062 1548 2133 1605 de

537 1643 871 1737 professione
918 1668 1117 1713 sanctae
1147 1655 1417 1711 viduitatis
1443 1650 1642 1720 aliquid
1668 1649 1733 1703 ad
1775 1655 1825 1701 te
1851 1643 2085 1700 scribere
2118 1657 2131 1693 ε

540 1755 793 1828 quoniam
822 1761 876 1807 et
901 1760 1221 1821 praesentem
1247 1763 1330 1801 me
1352 1743 1588 1816 rogando
1617 1738 1851 1795 on‘erasti
1878 1738 1919 1801 ³,
1939 1744 2135 1792 etcum

537 1847 637 1901 tibi
667 1846 768 1899 hoc
797 1842 1215 1911 non'potuissem
1251 1852 1445 1907 negare
1465 1876 1479 1901 ,
1513 1848 1654 1903 smpe
1686 1846 1862 1886 meum
1906 1840 2136 1899 pronus-

540 1955 660 1993 sum
683 1938 873 1992 litteris
902 1933 1168 2003 flagitasti.
1199 1930 1253 1984 In
1303 1944 1410 1999 quo
1454 1942 1584 1981 sane
1614 1940 1775 1994 cperc
1803 1929 1985 1976 nostro
2013 1932 2136 1972 cum

542 2032 717 2099 aliqua
747 2030 938 2100 legeris
972 2025 1037 2081 ad
1069 2036 1209 2079 tuam
1238 2023 1317 2078 vel
1349 2021 1414 2075 ad
1461 2029 1688 2074 vestram
1708 2058 1723 2082 ,
1751 2030 1869 2085 qua:
1899 2011 2058 2068 simul
2084 2011 2138 2065 in

541 2123 761 2180 Christo
781 2121 975 2181 vivitis,
997 2133 1277 2189 personam
1297 2115 1513 2170 minime
1532 2112 1819 2183 pertinere.
1839 2122 1937 2162 nec
1958 2106 2143 2159 admo-

543 2216 734 2271 nitioni
764 2215 883 2269 vitae
910 2222 1100 2267 vestrm.
1143 2210 1358 2281 proprie
1400 2204 1698 2260 necessaria
1720 2245 1732 2269 ,
1762 2215 1868 2255 non
1900 2198 2020 2253 ideo
2049 2196 2143 2253 de-

545 2309 699 2364 bebis
728 2307 749 2338 ⁸
776 2305 1039 2376 superflua
1066 2304 1325 2372 judicare.
1358 2301 1474 2354 ista:
1516 2299 1710 2368 quippe
1740 2296 1930 2348 litterae
1961 2305 2146 2362 quam-

544 2401 628 2454 vis
672 2398 739 2453 ad
782 2407 862 2461 te,
897 2409 1004 2450 non
1052 2404 1228 2448 tamen
1278 2388 1644 2446 tantummodo
1705 2384 1797 2439 tibi
1851 2380 2146 2460 scribenda:

545 2491 761 2545 fuerunt
786 2506 799 2542 :
827 2487 921 2543 sed
949 2494 1007 2541 ut
1035 2485 1153 2539 aliis
1199 2499 1295 2554 per
1339 2493 1391 2537 te
1428 2484 1638 2552 quoque
1661 2477 2011 2548 prodessent,
2040 2489 2146 2527 non

546 2582 731 2653 utique
756 2596 783 2633 a
808 2579 960 2633 nobis
977 2575 1350 2647 negligendum
1380 2573 1494 2627 fuit.
1523 2569 1786 2638 Quidquid
1804 2584 1931 2637 ergo
1960 2566 2043 2620 hic
2070 2565 2149 2618 in-

545 2672 781 2736 veneris,
815 2670 957 2740 quod
997 2670 1148 2722 vobis
1173 2664 1533 2720 necessarium
1559 2661 1641 2715 vel
1674 2673 1945 2728 nunquam
1969 2653 2146 2723 fuerit,

547 2764 638 2820 vel
663 2763 771 2833 jam
797 2776 904 2816 non
926 2759 1023 2825 sit,
1058 2767 1113 2813 et
1137 2767 1314 2811 tamen
1344 2756 1462 2809 aliis
1489 2768 1609 2808 esse
1645 2749 2023 2837 perspexeris,
2052 2761 2151 2803 nec

550 2854 752 2910 habere
778 2861 832 2908 te
871 2852 1082 2922 pigeat,
1110 2862 1212 2904 nec
1240 2846 1369 2902 dare
1397 2844 1714 2915 legendum;
1740 2853 1796 2897 ut
1823 2849 1880 2897 et
1906 2848 1994 2894 tua
2018 2837 2149 2894 cha-

555 2947 693 3002 ritas
714 2946 785 3000 sit
806 2943 1006 2999 utilitas
1028 2941 1299 2996 aliorum.‘

624 3038 683 3093 2.
708 3038 840 3094 Cum
864 3037 1023 3107 igitur
1043 3035 1095 3090 in
1117 3032 1263 3087 omni
1284 3031 1579 3103 quaestione
1608 3043 1725 3098 quae
1754 3027 1821 3082 ad
1853 3026 2014 3081 vitam
2044 3040 2156 3081 mo-

551 3146 751 3203 resque
782 3129 1011 3202 pertinet
1036 3169 1051 3195 ,
1084 3141 1193 3181 non
1218 3125 1330 3179 sola
1372 3122 1636 3187 doctrina,
1659 3135 1845 3174 verum
1873 3119 2033 3173 etiam
2057 3133 2153 3172 ex-

554 3224 789 3280 hortatio
812 3223 881 3277 sit
912 3218 1211 3275 necessaria
1235 3233 1250 3281 ;
1280 3225 1339 3271 ut
1361 3214 1603 3270 doctrina
1643 3212 1767 3283 quid
1795 3211 2058 3283 agendum
2087 3210 2156 3265 sit

556 3314 887 3378 noverimus,
917 3309 1285 3365 exhortatione
1333 3316 1511 3360 autem
1542 3305 1852 3369 excitemur,
1887 3318 1955 3356 ne
1983 3302 2158 3372 pigeat

457 3435 460 3438 η
558 3423 721 3479 agere
762 3403 903 3474 quod
949 3400 1213 3471 agendum
1267 3412 1385 3452 esse
1427 3397 1537 3465 jam
1586 3395 1829 3450 novimus
1858 3412 1870 3446 :
1903 3392 2027 3463 quid
2059 3409 2158 3463 ego

559 3496 791 3564 amplius
822 3503 872 3546 te
900 3490 1120 3545 doceam
1144 3529 1157 3554 ,
1203 3503 1361 3557 quam
1405 3485 1458 3539 id
1496 3485 1637 3555 quod
1677 3483 1817 3553 apud
1842 3482 2157 3552 Apostolum

561 3584 823 3656 legimus?
848 3582 1043 3638 Sancta
1069 3579 1210 3635 enim
1239 3578 1509 3647 Scriptura
1551 3584 1747 3631 nostrae
1780 3574 2037 3629 doctrinae
2068 3589 2158 3629 re-

561 3679 737 3750 gulam
767 3675 907 3746 figit,
940 3689 1005 3729 ne
1031 3672 1319 3727 audeamus
1340 3685 1517 3740 sapere
1541 3669 1654 3738 plus
1673 3683 1821 3737 quam
1860 3676 2052 3738 oportet
2076 3682 2160 3720 sa-

566 3788 721 3842 pere;
747 3770 839 3824 sed
864 3768 1156 3837 sapiamus,
1185 3776 1241 3818 ut
1268 3769 1381 3833 Ipse
1411 3762 1500 3827 ait,
1534 3761 1601 3814 ad
1626 3760 2036 3829 temperantiam,
2058 3760 2158 3813 sic-

486 3875 497 3883 ‘
562 3873 619 3918 ut
653 3863 921 3932 unicuique
957 3859 1096 3913 Deus
1142 3859 1356 3927 partitus
1376 3866 1447 3910 est
1485 3871 1768 3909 mensuram
1805 3854 1922 3923 ﬁdei
1963 3846 2157 3926 (liam.

564 3970 639 4008 xu
666 3996 678 4018 ,
708 3954 786 4021 5).
816 3952 933 4006 Νοιι
960 3952 1027 4004 sit
1055 3964 1182 4019 ergo
1223 3947 1353 4001 mihi
1375 3945 1516 4000 aliud
1544 3955 1594 4001 te
1625 3945 1847 4011 docere,
1878 3945 1977 3999 nisi
1999 3945 2160 4000 verba

566 4047 662 4101 tibi
690 4043 926 4100 doctoris
953 4056 1222 4111 exponere
1248 4082 1262 4108 ,
1293 4046 1349 4094 et
1376 4040 1444 4093 de
1472 4039 1538 4093 iis
1564 4038 1707 4108 quod
1727 4038 1979 4093 Dominus
1999 4037 2162 4093 dede-

566 4137 637 4190 rit
667 4136 959 4202 disputare.

642 4225 867 4282 CAPUT
908 4224 1071 4277 ll.——
1125 4225 1177 4277 '5.
1235 4223 1476 4292 Innupta:
1522 4223 1661 4293 apud
1712 4224 2010 4294 Apostolum
2062 4240 2163 4278 non

575 4318 699 4371 sola:
720 4316 955 4386 virgines,
990 4312 1079 4368 sed
1119 4314 1271 4367 etiam
1297 4312 1477 4366 vidum.
1520 4313 1606 4366 Ait
1634 4314 1808 4381 itaque
1836 4314 2118 4382 Apostolus
2146 4356 2161 4382 ,

574 4409 763 4463 doctor
790 4404 1074 4469 Gentium,
1120 4420 1212 4458 vas
1243 4403 1518 4458 electionis
1549 4421 1560 4456 :
1594 4402 1721 4457 Dico
1750 4414 1912 4457 autem
1940 4406 2165 4475 innuptis

575 4509 620 4554 et
645 4497 842 4564 viduis,
875 4498 1061 4550 bonum
1100 4513 1206 4551 esse
1228 4495 1332 4550 illis
1369 4497 1411 4549 si
1442 4496 1513 4549 sic
1546 4498 1942 4567 permanserint,
1967 4498 2095 4551 sicut
2120 4509 2166 4553 et

576 4614 685 4667 ego.
713 4594 837 4648 Htec
881 4593 1040 4648 verba
1083 4593 1152 4646 ita
1199 4590 1540 4660 intelligenda
1569 4600 1723 4658 sunt,
1749 4601 1805 4646 ut
1834 4607 1936 4646 non
1986 4592 2168 4647 existi«

578 4702 788 4742 memns
818 4685 1004 4740 viduas
1035 4700 1139 4739 non
1171 4692 1420 4754 oportere
1452 4684 1699 4753 innuptas
1728 4684 1829 4738 dici
1853 4726 1867 4750 ,
1899 4686 2019 4755 quia
2065 4702 2163 4740 nu-

575 4782 714 4851 ptias
752 4779 999 4834 videntur
1049 4786 1284 4848 experta:
1317 4794 1330 4830 :
1363 4778 1699 4847 innuptarum
1757 4778 1899 4832 enim
1951 4777 2167 4833 nomine

2234 893 2353 949 illas
2399 894 2693 967 signiﬁcat,
2729 911 2849 968 quae
2891 893 3000 953 non
3042 906 3168 954 sunt
3190 898 3389 969 nuptiis
3413 899 3672 969 alligatae,
3706 898 3823 954 sive

2232 987 2462 1054 fuerint,
2494 989 2607 1044 sive
2632 1004 2738 1044 non
2780 989 2994 1047 fuerint.
3021 989 3175 1058 Quod
3219 990 3325 1046 alio
3347 991 3466 1047 loco
3493 990 3697 1061 aperit,
3729 988 3823 1046 ubi

2232 1080 2343 1136 ait:
2367 1079 2543 1137 Divisa
2566 1092 2639 1136 est
2677 1083 2861 1137 mulier
2885 1084 3098 1155 innupta
3132 1092 3181 1137 et
3204 1083 3361 1155 virgo.
3389 1081 3609 1151 Quando
3637 1083 3826 1154 utique

2234 1184 2288 1229 et
2314 1173 2570 1245 virginem
2600 1175 2872 1247 adiungit,
2901 1174 3027 1246 quid
3071 1175 3349 1231 mulierem
3385 1175 3689 1246 innuptam,
3719 1173 3829 1230 nisi

2235 1268 2445 1323 viduam
2471 1269 2584 1324 vult
2607 1260 2863 1340 intelligi?
2890 1268 3045 1325 Unde
3058 1270 3221 1325 etiam
3245 1268 3501 1339 deinceps
3530 1282 3634 1322 uno
3662 1268 3826 1324 innu-

2239 1370 2343 1432 ptae
2373 1362 2587 1418 nomine
2626 1361 3010 1433 professionem
3038 1370 3321 1434 utramque
3343 1362 3712 1433 complectitur
3738 1363 3828 1418 di-

2239 1468 2366 1510 cens
2391 1472 2405 1507 :
2440 1454 2568 1521 Qum
2601 1455 2814 1525 innupta
2841 1464 2952 1522 est,
2983 1454 3202 1509 sollicita
3226 1464 3301 1509 est
3327 1470 3389 1510 ea
3413 1470 3529 1526 qua
3570 1464 3688 1509 sunt
3718 1453 3831 1510 Do-

2240 1545 2399 1611 mini,
2424 1546 2675 1616 quomodo
2704 1544 2902 1617 placeat
2927 1544 3186 1613 Domino;
3213 1561 3329 1617 quae
3346 1554 3514 1601 autem
3538 1554 3698 1618 nupta
3718 1554 3827 1614 est,

2241 1637 2458 1691 sollicita
2484 1646 2556 1692 est
2593 1654 2651 1692 ea
2675 1653 2787 1710 qua:
2810 1646 2926 1693 sunt
2967 1637 3142 1693 mundi
3164 1678 3179 1703 ,
3207 1638 3459 1709 quomodo
3485 1636 3680 1709 placeat
3719 1638 3830 1692 uiro

2244 1728 2296 1802 (l
2318 1727 2436 1784 Cor.
2471 1744 2548 1784 vn
2570 1756 2589 1795 ι
2616 1729 2668 1796 8,
2696 1729 2821 1802 54).
2849 1728 3129 1799 lnnuptam
3167 1736 3312 1785 certe
3340 1742 3448 1784 non
3476 1743 3595 1784 eam
3623 1737 3831 1783 tantum

2244 1823 2470 1895 intelligi
2495 1824 2660 1878 voluit
2678 1865 2693 1890 ,
2722 1838 2842 1894 qum
2871 1837 3141 1894 nunquam
3168 1822 3377 1893 nupsit;
3405 1821 3499 1878 sed
3525 1822 3685 1877 etiam
3711 1836 3832 1878 eam

2245 1931 2364 1985 quae
2384 1901 2692 1985 nuptiarum
2714 1914 2926 1970 vinculo
2949 1928 3042 1985 per
3065 1913 3377 1969 viduitatem
3405 1913 3649 1979 liberata,
3669 1920 3834 1983 nupta

2245 2021 2367 2062 esse
2384 2006 2587 2063 destitit
2615 2024 2628 2060 :
2664 2006 2785 2060 nam
2806 2004 2927 2061 ideo
2945 2014 3000 2061 et
3022 2014 3244 2075 nuptam
3271 2021 3378 2060 non
3397 2004 3527 2061 dicit
3550 2047 3564 2070 ,
3588 2006 3688 2061 nisi
3711 2019 3833 2062 eam

2246 2114 2365 2170 qua:
2381 2097 2555 2153 virum
2579 2096 2772 2163 habet;
2796 2111 2904 2152 non
2932 2096 3091 2152 etiam
3117 2111 3237 2153 eam
3256 2111 3377 2167 quae
3395 2095 3616 2164 habuit,
3642 2105 3698 2152 et
3726 2111 3835 2152 non

2250 2190 2429 2246 habet.
2453 2190 2792 2261 Quapropter
2810 2188 2967 2244 vidua
2991 2188 3168 2243 omnis
3193 2188 3408 2259 innupta
3434 2196 3517 2244 est
3546 2204 3559 2242 :
3591 2187 3686 2243 sed
3710 2187 3838 2259 quia

2249 2299 2360 2339 non
2385 2282 2559 2337 omnis
2586 2282 2805 2352 innupta
2832 2280 2992 2337 vidua
3020 2289 3141 2346 est;
3173 2288 3297 2336 sunt
3328 2279 3468 2335 enim
3494 2289 3550 2335 et
3572 2278 3838 2351 virgines;

2252 2376 2373 2430 ideo
2413 2374 2500 2431 hic
2545 2383 2828 2444 utrumque
2870 2373 3082 2444 posuit,
3113 2372 3203 2427 ubi
3251 2372 3358 2439 ait,
3393 2370 3520 2426 Dico
3556 2382 3728 2426 autem
3758 2372 3843 2427 in-

2252 2468 2426 2540 nuptis
2449 2476 2499 2522 et
2518 2467 2683 2523 viduis
2703 2482 2724 2521 :
2740 2475 2990 2538 tanquam
3011 2466 3244 2534 diceret,
3271 2465 3425 2535 Quod
3442 2464 3563 2521 dico
3579 2464 3839 2536 innuptis,

2256 2577 2362 2616 non
2385 2562 2466 2617 eis
2513 2561 2641 2617 solis
2682 2559 2803 2616 dico
2846 2575 2965 2631 qum
2993 2559 3228 2631 virgines
3256 2566 3418 2624 sunt,
3446 2556 3542 2613 sed
3563 2557 3723 2613 etiam
3761 2557 3844 2614 eis

2254 2668 2374 2724 qua:
2402 2652 2575 2709 vidua:
2604 2660 2763 2720 sunt;
2790 2651 2975 2708 bonum
3002 2668 3109 2708 esse
3131 2652 3234 2708 illis
3257 2652 3303 2707 si
3327 2652 3403 2707 sic
3443 2651 3841 2724 manserint,

2256 2746 2385 2801 sicut
2410 2754 2457 2800 et
2498 2763 2611 2818 ego.

2325 2835 2554 2894 CAPUT
2593 2836 2681 2894 Ill.
2717 2866 2795 2882 ι·-
2837 2838 2892 2894 4.
2937 2837 3138 2892 Bonum
3183 2836 3441 2892 uiduitatis
3484 2838 3651 2909 majus
3691 2852 3847 2908 quam

2257 2930 2516 3003 conjugii,
2555 2930 2692 2998 quod
2742 2939 2909 2985 tamen
2932 2946 3043 2985 uere
3083 2930 3288 2985 bonum.
3328 2929 3564 3003 Conjugii
3599 2930 3765 3000 ﬁdes,
3796 2938 3848 2985 et

2259 3023 2363 3077 alia
2381 3024 2491 3096 ejus
2514 3023 2645 3078 bona
2662 3065 2677 3089 ,
2702 3023 2815 3079 licet
2839 3023 3083 3078 uiduitate
3127 3025 3343 3079 minora.
3366 3024 3507 3080 Ecce
3539 3032 3622 3080 est
3645 3024 3847 3080 bonum

2260 3125 2411 3199 tuum
2457 3117 2508 3172 ei
2549 3116 2690 3173 bono
2738 3126 3141 3199 comparatum,
3178 3117 3320 3189 quod
3374 3118 3505 3175 dicit
3556 3119 3849 3189 Apostolus

2260 3192 2434 3275 suum,
2460 3208 2508 3264 si
2534 3208 2667 3265 ﬁdes
2690 3208 2871 3276 adest;
2903 3211 3012 3266 imo
3033 3192 3158 3282 quia
3182 3210 3319 3267 fides
3346 3210 3518 3268 adest.
3545 3212 3733 3268 Brevis
3762 3221 3852 3269 est

2261 3301 2363 3356 ista
2406 3298 2646 3357 doctrina
2668 3343 2683 3368 ,
2717 3316 2816 3358 nec
2860 3301 2982 3358 ideo
3009 3303 3399 3360 contemnenda
3420 3344 3436 3370 ,
3460 3304 3584 3375 quia
3623 3303 3804 3361 brevis
3831 3322 3847 3361 :

2263 3390 2357 3447 sed
2383 3390 2503 3447 ideo
2523 3390 2731 3449 facilius
2754 3400 2811 3449 et
2836 3393 3050 3450 cbarius
3080 3394 3330 3463 tenenda,
3357 3395 3481 3466 quia
3506 3395 3562 3451 in
3589 3396 3850 3453 brevitate

2263 3498 2370 3538 non
2392 3483 2533 3541 vilis.
2562 3483 2680 3540 Non
2718 3484 2862 3541 enim
2906 3486 3295 3557 qualecumque
3320 3486 3523 3544 bonum
3572 3487 3662 3544 hic
3701 3502 3853 3544 como

2265 3577 2542 3633 mcndaret
2586 3578 2876 3650 Apostolus
2898 3620 2914 3647 ,
2944 3579 3087 3651 quod
3114 3577 3243 3637 ﬁdei
3265 3589 3551 3652 nuptarum
3586 3582 3704 3637 sine
3740 3581 3848 3638 ulla

2265 3671 2606 3742 ambiguitate
2646 3673 2953 3743 praeposuit.
2993 3672 3261 3740 Quantum
3288 3682 3468 3731 autem
3508 3675 3710 3731 bonum
3757 3674 3853 3731 ha-

2265 3766 2391 3821 beat
2418 3772 2705 3834 nuptarum
2734 3763 2867 3819 ﬁdes
2889 3805 2906 3831 ,
2935 3763 2989 3819 id
3032 3773 3114 3820 est
3133 3805 3148 3830 ,
3191 3764 3602 3821 christianarum
3644 3774 3701 3821 et
3726 3765 3854 3821 reli-

2265 3855 2537 3926 giosarum
2582 3853 3017 3925 conjugatarum,
3049 3854 3173 3911 hinc
3213 3854 3438 3925 intelligi
3476 3861 3679 3925 potest,
3708 3855 3852 3926 quod

2266 3961 2388 4002 eum
2416 3946 2482 4002 de
2521 3946 2767 4017 fugienda
2794 3946 3141 4002 fornicntionc
3165 3948 3510 4017 praeciperet,
3543 3947 3629 4003 ubi
3673 3948 3854 4019 utique

2266 4049 2321 4096 et
2348 4040 2660 4110 conjugatos
2684 4039 3074 4110 alloquebatur,
3104 4037 3346 4106 Nescitis,
3372 4040 3572 4109 inquit,
3597 4042 3713 4109 quia
3740 4055 3857 4095 cor-

2268 4150 2393 4205 pora
2440 4143 2599 4189 vestra
2624 4132 2844 4187 membra
2871 4141 2988 4187 sunt
3012 4132 3194 4188 Christi
3219 4130 3336 4203 (Id.
3370 4148 3456 4201 vr,
3487 4131 3596 4205 i9).
3626 4132 3853 4187 Tantum

2268 4241 2395 4297 ergo
2459 4226 2655 4281 bonum
2707 4234 2791 4280 est
2850 4225 3021 4280 ﬁdelis
3069 4225 3335 4297 coniugii,
3404 4234 3459 4281 ut
3509 4226 3670 4281 etiam
3739 4226 3853 4295 ipsa

2271 4317 2509 4372 membra
2540 4317 2647 4372 sint
2672 4316 2892 4372 Christi.
2930 4317 3044 4372 Hoc
3070 4326 3247 4373 autem
3270 4316 3412 4374 bono
3434 4317 3682 4387 quoniam
3703 4318 3721 4349 ί
3744 4332 3857 4374 meo

2271 4411 2371 4465 lius
2401 4421 2480 4466 est
2506 4412 2701 4466 bonum
2727 4410 3068 4465 continentia:
3095 4409 3319 4465 vidualis
3339 4451 3354 4476 ,
3381 4423 3487 4463 non
3518 4407 3621 4463 hac
3649 4407 3859 4479 profes-

2273 4503 2423 4557 sione
2451 4502 2502 4556 id
2550 4502 2744 4571 agitur,
2798 4510 2855 4556 ut
2897 4500 3097 4572 aliquid
3144 4502 3263 4572 plus
3304 4501 3374 4556 sit
3409 4499 3673 4557 catholica
3700 4501 3857 4557 vidua

2272 4609 2430 4665 quam
2458 4594 2754 4647 membrum
2784 4592 3011 4660 Christi;
3035 4593 3129 4647 sed
3154 4602 3210 4647 ut
3241 4593 3513 4649 meliorem
3543 4608 3700 4663 quam
3729 4607 3860 4647 con-

2268 4688 2448 4758 jugata
2496 4686 2671 4742 locum
2728 4685 2920 4741 habeat
2969 4687 3108 4742 inter
3166 4687 3404 4742 membra
3450 4685 3669 4741 Christi.
3721 4685 3861 4741 Dicit

2274 4778 2469 4848 quippe
2513 4774 2653 4831 idem
2698 4776 2972 4846 apostolus
3003 4795 3016 4832 :
3046 4776 3191 4833 Sicut
3233 4776 3365 4830 enim
3405 4776 3459 4830 in
3502 4791 3602 4830 uno
3650 4790 3863 4846 corpore

1752 4905 2041 4945 ADMONITIO
2079 4906 2161 4945 PP.
2201 4903 2681 4944 BENEDICTINOBUM.

642 4986 694 5035 In
747 4985 859 5035 libri
898 4985 1042 5047 hujus
1087 4984 1423 5047 recognitione
1467 4981 1759 5047 contulimus
1790 4995 1900 5047 cum
1945 4984 2146 5047 Erasmig
2175 4994 2233 5031 ac
2286 4981 2652 5047 levaniensium
2697 4982 2844 5033 editis
2886 4989 3089 5035 veteres
3128 4983 3321 5035 codices
3374 4982 3639 5035 Gallicanos
3679 4982 3867 5047 duode-

578 5050 689 5107 cim,
716 5048 931 5109 Regium,
954 5043 1280 5103 sorbonieum,
1306 5044 1597 5109 Victorinum
1612 5079 1627 5103 ,
1660 5045 2083 5109 Augustinenscm,
2102 5044 2151 5094 id
2167 5049 2245 5093 est
2266 5057 2296 5109 e
2310 5043 2607 5093 bibliotheca
2632 5047 3082 5109 Augustiniauorum
3117 5048 3263 5109 Paris.
3284 5052 3635 5109 Carnutensem
3656 5046 3865 5095 abbatis:

580 5118 626 5160 s.
654 5106 808 5168 Petri',
832 5108 1198 5157 taudunensem
1235 5106 1459 5169 Ecclesia:
1481 5106 1706 5165 majoris,
1740 5107 2143 5165 eistereiensem,
2181 5108 2951 5169 Cygirannensem,Beccensem,
2973 5107 3335 5167 Michaelinum,
3372 5106 3773 5166 Audoenensem,
3814 5113 3866 5156 et

580 5171 963 5232 vetustissimum
986 5169 1138 5226 mille,
1163 5176 1247 5217 aut
1270 5167 1753 5232 ampliustaltttut'um
1792 5175 2174 5219 Germauenscm
2191 5167 2421 5228 ;‘n'eenon
2446 5174 2676 5219 humanos
2691 5167 2944 5221 vatieanos
2968 5178 3090 5232 tres,
3125 5182 3183 5221 ac
3207 5170 3450 5219 variantes
3484 5169 3724 5220 lectiones
3745 5181 3867 5232 quas

580 5241 694 5285 tuor
718 5231 1021 5295 Belgicorum
1043 5243 1155 5293 quze
1176 5236 1369 5279 exstant
1387 5230 1513 5292 apud
1536 5232 1873 5279 lmanienses.

660 5315 1173 5396 Comparavimus
1200 5322 1493 5393 prater-ea
1526 5332 1622 5374 eas
1650 5332 1853 5374 omnes
1879 5313 2181 5376 editiones
2211 5313 2401 5376 initio
2429 5314 2604 5377 Retr.
2628 5326 2683 5376 et
2713 5315 2999 5378 Confess.
3032 5324 3078 5378 t.
3115 5318 3173 5391 1,
3204 5323 3593 5380 memoratas.
3675 5315 3762 5378 Μ.

647 5421 666 5453 ί
684 5420 756 5469 sic
770 5424 846 5466 Fr.
866 5423 919 5467 et
940 5414 1157 5467 nonnulli
1177 5424 1281 5465 uss.
1302 5423 1357 5465 Αι
1372 5422 1501 5465 t.ov.:
1517 5423 1686 5467 Servus
1707 5427 1951 5467 sanorum
1973 5412 2167 5465 Christi.

582 5481 952 5553 vetustissimus
966 5478 1276 5528 Corbeiensis
1300 5478 1476 5538 codex,
1503 5490 1667 5528 servus
1698 5475 1894 5539 Christi,
1920 5489 2171 5529 seruorum

582 5541 1029 5655 Chygis'terciensis
1047 5608 1153 5661 Ms,
1176 5607 1274 5651 tua:
1294 5599 1345 5651 in
1363 5600 1549 5651 Citrile
1572 5599 1857 5653 dilectionis.

651 5669 673 5699 ³
694 5670 766 5718 sic
783 5673 889 5716 Mss.
916 5664 1035 5714 mliti
1051 5671 1233 5721 autem,
1260 5661 1520 5713 honorasti.

648 5727 671 5760 ⁸
693 5730 765 5777 Sic
800 5734 876 5776 Er.
904 5733 955 5775 et
972 5732 1078 5773 Mss.
1099 5723 1342 5785 [debetis.]

2344 5416 2361 5448 ί
2387 5415 2523 5479 Editi,
2540 5429 2649 5481 quo.
2674 5417 2977 5480 MeliUSMss.,
3000 5428 3244 5483 quamam.
