4122 6212
227 364 330 429 633

227 484 385 541 multa
403 477 633 536 membra
657 473 915 541 habenuts,
940 469 1111 527 omnia
1132 479 1301 527 autem
1325 472 1549 528 membra
1574 488 1674 525 non
1703 486 1814 524 eos-

225 578 340 633 dem
386 585 533 632 actus
575 575 798 639 habent;
837 572 909 625 ita
955 569 1103 625 multi
1137 585 1295 624 unum
1337 584 1522 640 corpus
1551 582 1724 622 sumus
1766 565 1820 619 in

226 670 425 727 Christo
447 710 466 738 ,
509 666 701 740 singuli
747 673 915 720 autem
960 663 1089 718 alter
1126 662 1337 718 alterius
1371 660 1598 717 membra
1627 661 1643 692 ¹
1676 677 1691 714 ;
1722 661 1819 714 Ita.

224 764 393 820 bentes
445 763 582 818 dona
632 761 834 816 diversa
875 757 1153 815 secundum
1193 758 1412 830 gratiam
1447 772 1562 829 qua:
1602 755 1723 810 data
1751 763 1821 810 est

225 859 369 914 nobis
388 857 570 932 (Rom.
604 872 683 912 XII
702 896 718 923 ,
746 854 880 928 ιδ).

295 954 353 1009 5.
380 952 508 1007 ideo
531 950 693 1007 etiam
723 963 846 1004 cum
896 953 1140 1003 moneret
1161 944 1474 1016 coniugatos
1492 984 1508 1011 ,
1553 958 1621 1000 ne
1645 942 1825 1003 debito

226 1045 460 1102 carnalis
483 1039 881 1100 commixtionis
906 1038 1217 1095 l'raudarent
1242 1037 1494 1119 invicem;
1524 1045 1578 1090 et
1602 1050 1697 1106 per
1720 1034 1825 1090 hoc

227 1139 363 1193 alter
382 1149 571 1192 eorum
600 1143 795 1204 negato
818 1130 921 1187 sibi
963 1129 1144 1186 debito
1177 1128 1442 1199 coniugali
1461 1167 1478 1194 ,
1508 1141 1604 1197 per
1628 1126 1821 1182 intem-

228 1227 533 1301 perantiam
566 1238 718 1281 suam
771 1230 1006 1279 tentatus
1038 1236 1071 1277 a
1096 1229 1280 1277 satana
1302 1260 1318 1288 ,
1341 1218 1398 1274 in
1423 1218 1824 1274 fornicationem

229 1320 606 1391 prolaberetur
630 1334 644 1371 :
678 1314 793 1370 Iloc
840 1323 1009 1368 autem
1047 1313 1161 1366 dico
1184 1353 1200 1379 ,
1225 1310 1430 1381 inquit,
1452 1310 1726 1365 secundum
1744 1324 1822 1362 ve-

230 1411 369 1464 niam
391 1450 409 1476 ,
436 1424 540 1462 non
557 1404 832 1462 secundum
860 1404 1145 1474 imperium.
1185 1400 1313 1456 Volo
1336 1412 1507 1456 autem
1533 1416 1702 1456 omnes
1728 1401 1824 1454 lto-

233 1503 392 1557 ηιξκιε
410 1503 434 1534 ²
461 1514 570 1555 esse
592 1500 721 1553 sicut
745 1512 826 1551 me
862 1496 1028 1567 ipsum
1052 1511 1071 1549 :
1092 1494 1183 1551 sed
1202 1494 1539 1565 unusquisque
1564 1493 1827 1564 proprium

232 1593 422 1651 donum
462 1591 611 1646 habet
638 1606 670 1644 a
698 1587 840 1653 Deo;
868 1588 1000 1643 alius
1039 1586 1240 1658 quidem
1267 1586 1370 1651 sic,
1392 1584 1526 1640 alius
1548 1600 1663 1639 vero
1681 1585 1751 1638 sic
1781 1583 1822 1638 ³.

301 1682 534 1741 CAPUT
556 1681 648 1738 1V.
672 1710 747 1723 —
781 1679 1056 1735 Viduilalis
1097 1678 1407 1750 professione
1454 1693 1556 1732 non
1591 1676 1827 1732 damnari

232 1776 482 1833 madas
520 1776 744 1846 nuptias.
771 1771 1214 1846 Catapltrygarum
1244 1780 1294 1826 et
1323 1769 1725 1826 Novatianorum
1753 1785 1828 1825 er-

236 1885 323 1925 ror
343 1886 377 1924 a
409 1866 730 1923 Tertulliano
759 1864 1075 1936 prapalatus.
1110 1863 1269 1920 Vides
1309 1862 1470 1919 etiam
1494 1862 1827 1933 coniugalem

235 1960 545 2033 pudicitiam
592 1968 649 2015 et
674 1957 815 2014 thori
858 1955 1136 2012 christiani
1179 1953 1625 2010 matrimonialem
1668 1952 1827 2008 tidem

236 2052 437 2109 donum
464 2065 616 2116 esse,
639 2058 695 2105 et
720 2049 823 2104 hoc
846 2063 878 2103 a
906 2047 1020 2103 Deo
1047 2065 1060 2100 :
1092 2056 1147 2102 ut
1189 2044 1319 2100 illud
1355 2044 1498 2115 quod
1527 2044 1664 2099 ultra
1694 2042 1829 2098 libe-

237 2159 420 2202 rorum
450 2139 901 2215 procreandorum
922 2136 1296 2194 necessitatem
1324 2134 1540 2191 modum
1573 2148 1829 2191 concum-

237 2234 399 2293 beudi
443 2234 781 2305 aliquatenus
825 2228 1254 2300 concupiscentia
1300 2226 1530 2283 carnalis
1579 2224 1825 2292 excedit,

238 2344 344 2385 non
362 2327 671 2398 nuptiarum
697 2325 770 2380 sit
793 2323 898 2379 hoc
922 2323 1143 2388 malum,
1161 2320 1258 2377 sed
1278 2320 1488 2376 veniale
1516 2318 1586 2375 sit
1613 2326 1830 2390 propter

238 2422 545 2495 nuptiarum
569 2420 788 2475 bonum.
817 2415 933 2473 Non
958 2415 1101 2471 enim
1143 2413 1211 2469 de
1257 2412 1507 2484 coniugio
1523 2453 1538 2479 ,
1565 2409 1708 2480 quod
1734 2425 1829 2467 co-

238 2513 455 2585 pulatur
477 2510 769 2568 liberorum
810 2506 1262 2579 procreandorum
1291 2519 1452 2561 causa
1470 2543 1489 2571 ,
1509 2512 1565 2560 et
1606 2500 1709 2558 (ide
1730 2518 1830 2571 pu-

239 2604 437 2661 dicitis
477 2600 804 2672 coniugalis,
854 2608 910 2655 et
959 2597 1350 2664 indissolubili,
1377 2594 1633 2667 quamdiu
1671 2594 1831 2651 ambo

239 2698 424 2754 vivunt
447 2739 464 2764 ,
507 2694 833 2751 matrimonii
887 2701 1225 2749 sacramento
1248 2733 1264 2759 ,
1307 2706 1428 2762 quae
1475 2691 1654 2746 omnia
1692 2689 1831 2745 bona

242 2801 399 2857 sunt;
430 2790 531 2846 sed
553 2790 619 2845 de
638 2789 729 2844 illo
758 2786 1043 2843 immodico
1088 2786 1265 2841 carnis
1303 2801 1435 2852 usu,
1466 2785 1557 2855 qui
1601 2785 1655 2839 in
1684 2783 1834 2838 intir-

247 2885 427 2940 mitate
457 2882 746 2954 coniugum
786 2879 1111 2950 agnoscitur,
1140 2888 1195 2934 et
1241 2878 1544 2933 interventu
1571 2876 1695 2933 boni
1727 2892 1830 2932 nu—

245 2976 417 3047 ptialis
467 2975 766 3046 ignoscitur
788 3014 805 3041 ,
835 2972 913 3028 ait
942 2971 1264 3042 Apostolus,
1301 2970 1595 3026 Secundum
1640 2970 1834 3025 ueniam

248 3065 375 3133 dico,
399 3081 505 3120 non
529 3063 806 3122 secundum
834 3062 1121 3133 imperium.
1146 3060 1277 3116 Item
1302 3075 1425 3116 cum
1450 3059 1612 3128 dicit,
1646 3058 1834 3114 Mulier

247 3157 455 3229 alligata
490 3167 566 3212 est
590 3155 612 3187 ⁸
632 3196 649 3221 ,
674 3154 917 3224 quamdiu
944 3154 1020 3208 vir
1055 3154 1164 3224 ejus
1193 3152 1309 3206 vivit
1331 3169 1352 3219 ;
1379 3150 1517 3221 quod
1543 3150 1587 3204 si
1609 3160 1835 3205 mortuus

250 3249 392 3319 fuerit
423 3249 499 3302 vir
524 3248 637 3319 ejus
657 3288 673 3313 ,
704 3246 912 3301 liberata
938 3254 1052 3301 est:
1080 3244 1163 3299 cui
1189 3244 1294 3297 vult
1342 3242 1495 3296 nubat
1518 3284 1534 3310 ,
1561 3251 1755 3296 tantum
1781 3242 1835 3296 in

249 3337 464 3395 Domino
486 3357 505 3394 :
528 3338 719 3394 beatior
756 3347 923 3393 autem
960 3336 1089 3403 erit,
1139 3336 1183 3391 si
1225 3335 1297 3392 sic
1347 3334 1709 3405 permanserit,
1756 3349 1836 3388 se-

249 3433 465 3487 cundum
488 3447 657 3486 meum
675 3430 940 3484 consilium
962 3445 980 3494 ;
1009 3427 1138 3483 satis
1157 3425 1393 3482 ostendit
1410 3425 1618 3481 beatam
1638 3438 1756 3481 esse
1782 3425 1835 3478 in

249 3520 469 3578 Domino
508 3522 669 3577 etiam
709 3529 832 3591 post
854 3528 1080 3576 mortem
1107 3517 1206 3573 viri
1232 3518 1423 3572 iterum
1461 3517 1748 3573 nubentem
1776 3515 1837 3570 li-

247 3614 440 3684 delem,
458 3615 556 3671 sed
583 3616 638 3671 in
663 3613 854 3672 eodem
881 3613 1108 3669 Domino
1130 3610 1343 3666 viduam
1374 3608 1702 3666 beatiorem:
1732 3609 1836 3664 hoc

249 3715 354 3773 est,
381 3716 439 3762 ut
457 3705 857 3777 Scripturarum
882 3720 989 3760 non
1015 3711 1227 3759 tantum
1250 3701 1445 3767 verbis,
1464 3716 1649 3756 verum
1674 3701 1834 3756 etiam

248 3798 501 3869 exemplis
524 3797 733 3869 loquar,
759 3796 969 3853 beatam
996 3810 1116 3851 esse
1140 3793 1284 3850 Ruth
1308 3833 1326 3860 ,
1356 3792 1451 3850 sed
1471 3792 1682 3848 Annam
1712 3793 1836 3849 bea-

247 3889 454 3947 liorem.

316 3984 367 4038 6.
395 3982 737 4052 Quapropter
756 3979 858 4036 hoc
878 3979 1104 4051 primum
1126 3987 1337 4049 oportet
1356 3986 1415 4033 ut
1435 3977 1664 4044 noveris,
1687 3976 1828 4031 bono

247 4076 387 4146 quod
417 4075 627 4147 elegisti
662 4090 768 4130 non
792 4074 1034 4129 damnari
1073 4072 1335 4129 secundas
1362 4071 1594 4142 nuptias,
1627 4069 1723 4124 sed
1751 4071 1834 4123 in-

247 4166 420 4222 terius
438 4168 708 4221 honorari.
736 4165 869 4222 Nam
890 4168 1027 4222 sicut
1052 4165 1251 4222 bonum
1272 4173 1469 4221 sanctae
1495 4162 1832 4233 virginitatis,

243 4258 388 4327 quod
415 4257 583 4328 elegit
606 4256 711 4314 lilia
742 4268 850 4324 tua,
882 4273 991 4313 non
1016 4257 1235 4313 damnat
1270 4271 1403 4311 unas
1432 4256 1644 4326 nuptias
1686 4264 1833 4321 tuas;

242 4350 323 4405 sic
353 4364 454 4405 nec
477 4348 707 4404 viduitas
732 4358 841 4418 tua,
873 4349 1182 4421 cuiusquam
1213 4346 1498 4405 secundas.
1530 4346 1664 4402 Hinc
1691 4348 1836 4402 enim

243 4443 484 4497 maxime
513 4439 971 4512 Cataphrygarum
1022 4455 1086 4496 ac
1134 4439 1550 4496 Novatianorum
1605 4439 1836 4493 hatreses

242 4541 576 4600 tumuerunt,
618 4548 755 4604 quas
776 4533 956 4588 buccis
984 4532 1320 4596 sonantibus,
1343 4546 1453 4586 non
1482 4530 1834 4601 sapientibus,

240 4624 408 4678 etiam
452 4622 811 4678 Tertullianus
863 4622 1083 4689 inflavit,
1139 4623 1266 4676 dum
1315 4621 1579 4677 secundas
1624 4622 1836 4692 nuptias

241 4724 497 4787 tanquam
528 4714 739 4771 illicitas
783 4713 1042 4771 maledico
1068 4714 1227 4769 dente
1255 4714 1511 4780 concidit,
1561 4727 1695 4783 quas
1722 4727 1839 4767 om-

242 4809 376 4863 nino
409 4808 584 4862 licitas
609 4806 897 4876 Apostolus
926 4805 1103 4861 sobria
1134 4815 1312 4861 mente
1338 4804 1602 4860 concedit.
1636 4804 1719 4859 Ab
1740 4804 1840 4858 hac

238 4901 478 4954 sanitate
522 4897 805 4962 doctrinm,
845 4898 1039 4952 nullius
1065 4896 1295 4961 indocti,
1332 4896 1526 4951 nullius
1555 4896 1695 4951 docti
1725 4894 1836 4949 dis-

238 4992 524 5063 putatione
576 4990 876 5056 movearis;
909 5006 1008 5046 nec
1052 4990 1123 5044 ita
1150 4989 1376 5045 extollas
1421 4989 1617 5044 bonum
1669 4996 1835 5053 tuum,

235 5099 291 5136 ut
323 5081 479 5154 quod
510 5081 712 5135 malum
742 5096 848 5136 non
897 5089 1002 5147 est,
1036 5090 1288 5150 tanquam
1317 5078 1516 5133 malum
1544 5077 1842 5131 crimineris

1379 356 1469 415 DE
1507 352 1685 415 ΒΟΝο
1724 354 2111 415 V’lDUlTATlS
2145 358 2366 417 LIBER.

3405 372 3513 433 454

1932 471 2100 541 magis
2125 471 2274 527 vides
2305 488 2412 528 non
2441 481 2646 531 tantum
2676 472 2766 532 illo
2794 474 3019 533 devitari
3050 480 3209 548 mala,
3237 482 3332 538 sed
3365 500 3513 555 quae-

1928 560 2048 615 dam
2078 563 2215 618 bona
2242 564 2403 621 etiam
2429 568 2690 638 superari.
2718 568 2851 624 Mala
2875 579 2999 625 sunt
3024 573 3167 631 enim
3188 574 3511 634 adulterium

1928 656 2009 710 vel
2038 655 2339 714 fornicatio.

1999 748 2223 805 CAPUT
2260 749 2326 805 V.
2357 781 2431 792 —
2464 752 2748 810 Honestum
2776 756 2878 811 dici
2903 758 3163 816 uiduitatis
3188 761 3372 817 bonum
3392 765 3516 834 quia

1930 838 2206 909 honestius,
2239 858 2340 897 non
2369 854 2424 897 ut
2452 854 2597 917 turpe
2621 856 2823 917 putetur
2847 851 3162 922 conjugium.
3194 852 3277 909 Ab
3303 853 3388 909 his
3421 872 3519 911 au-

1930 941 2036 986 tem
2068 931 2262 988 illicitis
2298 935 2451 991 valde
2480 936 2637 1008 longe
2664 949 2749 995 est
2770 956 2888 1010 qua:
2916 943 3026 997 voti
3055 942 3304 1000 libertate
3333 960 3392 1001 se
3410 947 3512 1001 ob.

1930 1024 2177 1093 strinxit,
2209 1035 2263 1081 et
2288 1026 2389 1082 sibi
2414 1029 2573 1084 etiam
2598 1030 2742 1085 licita
2774 1048 2839 1087 ne
2865 1032 3107 1101 licerent,
3138 1050 3246 1091 non
3290 1036 3517 1106 imperio

1928 1113 2081 1185 legis,
2110 1116 2207 1173 sed
2232 1119 2457 1175 consilio
2483 1120 2757 1177 charitatis
2782 1122 2978 1178 ell‘ecit.
3008 1124 3075 1179 Et
3099 1124 3301 1181 bonum
3326 1137 3411 1182 est
3426 1142 3519 1197 pu-

1929 1204 2109 1260 dieitia
2135 1207 2448 1279 coniugalis,
2488 1211 2583 1267 sed
2614 1213 2801 1269 melius
2830 1214 3030 1270 bonum
3067 1225 3150 1273 est
3181 1217 3514 1274 continentia

1930 1299 2174 1355 vidualis.
2207 1300 2321 1358 Hoc
2348 1318 2476 1375 ergo
2501 1305 2691 1361 melius
2713 1306 2855 1362 illius
2884 1308 3009 1364 boni
3033 1309 3390 1366 submissione
3417 1311 3520 1367 ho-

1930 1403 2149 1449 noratur
2180 1413 2195 1449 :
2224 1410 2331 1451 non
2358 1397 2489 1452 illud
2516 1398 2715 1455 bonum
2759 1401 2993 1458 melioris
3029 1402 3187 1473 huius
3224 1404 3381 1461 laude
3416 1404 3518 1460 da-

1932 1495 2164 1543 mnatur.

2004 1582 2056 1634 7.
2095 1582 2247 1649 Quod
2277 1592 2454 1640 autem
2497 1587 2803 1656 Apostolus,
2834 1603 2957 1644 cum
2984 1590 3230 1646 caelibum
3273 1598 3330 1645 et
3353 1590 3513 1645 innu-

1932 1682 2142 1744 ptarum
2193 1679 2597 1735 commendaret
2644 1679 2897 1748 fructum,
2948 1683 3071 1753 quia
3116 1685 3354 1753 cogitant
3397 1699 3518 1753 quae

1934 1778 2062 1821 sunt
2089 1767 2322 1837 Domini,
2347 1771 2614 1840 quomodo
2647 1773 2890 1843 placeant
2912 1774 3042 1840 Deo,
3075 1774 3302 1843 subiecit
3339 1784 3393 1830 et
3420 1776 3515 1844 ait,

1935 1854 2049 1911 Hoc
2073 1867 2239 1913 autem
2264 1861 2332 1914 ad
2359 1863 2629 1916 utilitatem
2655 1875 2870 1918 vestram
2896 1865 3030 1929 dico,
3064 1881 3165 1918 non
3192 1874 3247 1918 ut
3280 1866 3518 1936 laqueum

1933 1951 2070 2004 vobis
2112 1952 2360 2021 injiciam,
2412 1952 2466 2007 id
2495 1963 2597 2023 est,
2624 1969 2730 2010 non
2758 1963 2818 2009 ut
2855 1970 2951 2010 vos
3000 1970 3217 2026 cogam;
3254 1956 3343 2010 sed
3365 1956 3433 2010 ad
3462 1956 3517 2010 id

1932 2044 2067 2113 quod
2094 2044 2357 2100 honestum
2382 2056 2455 2100 est
2484 2062 2503 2101 :
2534 2062 2642 2102 non
2671 2049 2794 2117 quia
2823 2049 3165 2117 innuptarum
3194 2049 3392 2104 bonum
3422 2048 3524 2104 ho-

1933 2143 2143 2192 nestum
2170 2135 2324 2204 dixit,
2364 2136 2484 2192 ideo
2517 2147 2701 2208 putare
2728 2140 2986 2197 debemus
3014 2150 3167 2211 turpe
3195 2155 3317 2197 esse
3338 2142 3523 2196 vincu-

1935 2223 2044 2278 lum
2074 2225 2386 2297 coniugale;
2419 2228 2657 2299 alioquin
2685 2230 2846 2285 etiam
2901 2231 3098 2300 primas
3139 2232 3519 2302 nuptias,con-

1933 2314 2324 2383 demnabimus,
2367 2336 2498 2389 quas
2527 2336 2626 2377 nec
2655 2322 3040 2394 Cataphryges,
3074 2338 3173 2380 nec
3216 2324 3517 2391 Novatiani,

1935 2426 2036 2466 nec
2092 2411 2479 2468 disertissimus
2535 2430 2723 2471 eorum
2781 2416 3096 2484 astipulator
3164 2416 3525 2491 Tertullianus

1938 2512 2119 2574 turpes
2147 2520 2308 2562 ausus
2333 2517 2415 2561 est
2442 2507 2644 2563 dicere.
2669 2508 2774 2563 Sed
2802 2508 3247 2578 quemadmodum
3278 2525 3398 2564 cum
3423 2511 3520 2576 ait,

1937 2597 2065 2653 Dico
2090 2609 2256 2653 autem
2300 2602 2527 2671 innuptis
2554 2612 2603 2655 et
2645 2602 2828 2667 viduis,
2858 2602 3045 2656 bonum
3074 2619 3179 2657 esse
3223 2603 3326 2658 illis
3377 2604 3422 2657 si
3449 2603 3524 2657 sic

1938 2694 2332 2759 permanserint;
2365 2693 2544 2762 utique
2569 2693 2769 2748 bonum
2796 2694 2971 2762 posuit
2993 2709 3088 2763 pro
3116 2694 3358 2757 meliore,
3386 2708 3523 2764 quo-

1936 2785 2082 2838 niam
2114 2798 2272 2840 omne
2299 2784 2440 2854 quod
2474 2784 2614 2840 bono
2657 2794 3023 2855 comparatum
3063 2785 3254 2840 melius
3300 2784 3515 2851 dicitur,

1938 2876 2096 2932 etiam
2144 2876 2248 2932 hoc
2290 2877 2474 2947 procul
2520 2876 2684 2932 dubio
2710 2877 2911 2933 bonum
2938 2886 3021 2932 est
3066 2895 3080 2931 :
3125 2876 3400 2946 namquid
3445 2885 3529 2933 cst

1937 2970 2079 3026 aliud
2103 2970 2246 3041 quod
2274 2971 2344 3024 ita
2370 2971 2565 3026 dicitur
2593 2972 2807 3037 melius,
2837 2972 2936 3026 nisi
2958 2971 3100 3042 quod
3127 2970 3298 3041 magis
3329 2970 3528 3026 bonum

1939 3062 2060 3118 est?
2087 3077 2187 3118 nec
2208 3062 2328 3118 ideo
2352 3072 2742 3133 consequenter
2761 3078 2882 3117 eum
2913 3063 3148 3119 sensisse
3170 3064 3516 3137 arbitramur,

1941 3154 2137 3209 malum
2166 3168 2287 3209 esse
2325 3154 2369 3207 si
2410 3154 2707 3223 nupserim,
2732 3155 2983 3223 quoniam
3012 3154 3164 3219 dixit,
3209 3154 3397 3208 bonum
3423 3171 3530 3209 esse

1938 3246 2041 3299 illis
2064 3246 2110 3300 si
2129 3248 2201 3299 sic
2232 3246 2597 3316 permanserint
2630 3262 2648 3299 :
2688 3246 2761 3300 ita
2786 3246 2947 3301 etiam
2970 3261 3092 3301 cum
3122 3249 3215 3310 ait.
3252 3246 3340 3300 sed
3379 3245 3448 3299 ad
3472 3245 3529 3299 id

1940 3338 2076 3409 quod
2122 3338 2382 3392 honestum
2433 3347 2537 3401 est;
2584 3352 2689 3394 non
2750 3337 3148 3392 matrimonium
3202 3344 3357 3405 turpe
3404 3350 3524 3391 esse

1942 3430 2278 3497 monstravit,
2307 3429 2402 3485 sed
2429 3430 2569 3500 quod
2599 3429 2825 3484 honesto
2849 3439 2963 3482 crat
2993 3428 3270 3483 honestius
3297 3441 3525 3497 genera-

1941 3524 2007 3579 lis
2060 3523 2269 3579 honesti
2321 3524 2538 3579 nomine
2593 3522 3005 3578 commendavit.
3066 3522 3199 3589 Quia
3250 3521 3526 3576 honestius

1941 3615 2066 3685 quid
2097 3624 2200 3683 est,
2230 3615 2331 3670 nisi
2353 3614 2495 3685 quod
2516 3616 2683 3685 magis
2710 3615 2992 3670 honestmn
3019 3614 3137 3668 est?
3162 3612 3323 3682 Magis
3347 3620 3527 3666 autem

1942 3707 2226 3762 honestum
2280 3707 2462 3776 utique
2503 3706 2786 3761 honestum
2827 3715 2928 3760 est.
2972 3706 3167 3772 Aperte
3208 3704 3403 3771 quippe
3427 3701 3527 3756 de—

1940 3800 2160 3855 claravit
2210 3801 2311 3854 llOC
2358 3814 2478 3854 esse
2524 3798 2664 3853 bono
2691 3798 2783 3850 illo
2813 3797 3030 3861 melius,
3057 3796 3148 3849 ubi
3166 3796 3263 3859 ait,
3301 3794 3528 3859 Quiwlat

1942 3901 2189 3957 nuptum,
2237 3890 2356 3943 bene
2402 3890 2557 3961 facit;
2598 3899 2646 3942 et
2678 3889 2765 3957 qui
2815 3904 2914 3940 non
2961 3886 3047 3938 dat
3082 3895 3313 3951 nuptum,
3346 3883 3527 3937 melius

1942 3982 2063 4051 facit
2092 3997 2110 4034 :
2145 3990 2199 4034 et
2229 3980 2329 4034 hoc
2374 3980 2466 4033 illo
2492 3979 2648 4033 beato
2675 3978 2901 4041 beatius,
2946 3975 3034 4030 ubi
3076 3976 3168 4040 ait,
3202 3973 3407 4026 Beutior
3434 3988 3528 4025 uu-

1943 4084 2039 4127 tem
2070 4074 2189 4137 erit,
2218 4073 2259 4126 si
2309 4072 2378 4126 sic
2418 4071 2749 4141 permanserit
2781 4070 2821 4141 (l
2869 4068 2986 4125 Cor.
3030 4083 3120 4131 vit,
3151 4068 3270 4130 5-8,
3313 4064 3525 4137 55-40).

1942 4166 2090 4222 Sicut
2113 4181 2241 4236 ergo
2272 4166 2410 4220 bono
2445 4164 2636 4217 melius
2676 4174 2729 4217 et
2755 4164 2912 4218 beato
2939 4162 3159 4225 beatius,
3193 4160 3271 4214 sic
3302 4159 3528 4214 honesto
3580 4222 3583 4227 _

1942 4259 2220 4314 honestius
2245 4266 2346 4323 est,
2375 4256 2519 4327 quod
2547 4256 2833 4310 honestum
2866 4254 3029 4309 voluit
3050 4252 3345 4324 appellare.
3377 4250 3532 4306 Absit

1943 4351 2087 4406 enim
2120 4358 2177 4404 ut
2204 4358 2355 4419 turpe
2394 4349 2464 4402 sit
2489 4347 2630 4402 unde
2657 4347 2880 4417 loquens
2905 4346 3180 4416 apostolus
3200 4343 3390 4398 Petrus
3414 4342 3490 4395 ait
3514 4359 3528 4395 :

1955 4442 2085 4511 Viri,
2105 4443 2345 4498 uxoribus
2372 4442 2544 4497 vestris
2567 4451 2806 4511 tanquam
2833 4440 2939 4493 vasi
2954 4438 3227 4507 inﬁrmiori
3246 4445 3290 4490 et
3310 4435 3533 4506 subjecto

1945 4536 2146 4591 tribuite
2172 4535 2431 4596 honorent,
2456 4533 2602 4604 quasi
2628 4530 2972 4585 coltwredibus
2997 4513 3193 4598 gratim.
3226 4527 3291 4580 Et
3314 4527 3432 4579 illas
3454 4526 3533 4577 al-

1942 4628 2187 4697 loquens,
2230 4624 2467 4679 subditas
2515 4637 2635 4676 esse
2661 4622 2787 4675 viris
2823 4620 2933 4675 suis
2959 4619 3214 4686 exemplo
3260 4617 3407 4671 Sara:
3432 4615 3533 4670 ad-

1945 4719 2186 4773 hortatur
2214 4735 2225 4769 :
2257 4714 2393 4768 Nam
2419 4715 2491 4767 sic
2517 4713 2769 4784 quwdam,
2813 4711 3004 4781 inquit,
3040 4717 3230 4764 sancta:
3259 4707 3525 4776 mulieres,

1944 4827 2057 4882 qua:
2074 4812 2126 4863 in
2160 4808 2321 4862 Deum
2348 4807 2641 4877 sperabant,
2670 4804 2919 4859 ornabant
2949 4819 3022 4870 se,
3054 4802 3374 4871 obsequentes
3408 4802 3530 4857 viris

1944 4904 2050 4958 suis
2080 4901 2369 4972 :quontodo
2399 4900 2533 4955 Sara
2555 4897 2813 4952 obediebat
2842 4896 3077 4963 Abrahae,
3106 4895 3366 4950 dominunt
3380 4892 3529 4950 illum

1945 5009 2149 5058 uocans,
2192 4993 2337 5062 cujus
2389 4994 2536 5061 factae
2561 4990 2677 5044 estis
2707 4989 2831 5057 lilia:
2858 4986 3239 5057 benefacientes,
3263 4995 3308 5039 et
3334 5002 3433 5039 non
3462 4985 3532 5039 ti-

1946 5094 2134 5139 mentes
2164 5081 2321 5136 ullam
2356 5080 2781 5152 perlu'rbutionem
2811 5078 2851 5150 (l
2884 5077 3028 5131 Patr.
3060 5094 3136 5141 ιιι,
3168 5076 3314 5146 5-7).

224 5179 481 5238 alienum
516 5192 532 5230 :
562 5175 659 5230 sed
690 5182 835 5230 tanto
861 5174 1030 5244 magis
1054 5173 1227 5244 gaude
1254 5172 1321 5228 de
1350 5181 1440 5226 tuo
1465 5170 1627 5238 bono,
1646 5178 1844 5239 quanto
2019 5173 2241 5231 CAPUT
2281 5171 2368 5227 Vl.
2392 5202 2462 5212 —
2481 5172 2535 5227 8.
2565 5169 2770 5242 Nuplas
2786 5170 2938 5224 etiam
2952 5184 3159 5239 corpore
3189 5176 3389 5222 sanctas
3404 5183 3528 5233 esse,

1949 5268 2061 5322 licet
2108 5264 2272 5319 minus
2309 5279 2459 5334 quam
2488 5263 2748 5332 innuptas.
2795 5260 2995 5315 Bonum
3020 5258 3277 5314 viduitatis
3306 5274 3407 5312 non
3436 5258 3533 5310 nti-

1950 5361 2123 5414 nuitur
2167 5356 2375 5412 laudato
2403 5356 2532 5411 bono
2560 5354 2806 5425 coniugii,
2837 5353 2925 5407 sed
2953 5361 3182 5425 augetur.
3225 5350 3303 5404 An
3342 5349 3535 5403 beatior

1950 5454 2100 5508 Anna
2127 5451 2296 5516 vidua,
2324 5465 2476 5521 quam
2506 5447 2645 5501 Ruth
2672 5446 2748 5501 bis
2773 5454 2951 5515 nupta.
2975 5442 3128 5500 Unde
3153 5451 3207 5497 et
3235 5440 3366 5497 illud
3385 5438 3534 5510 quod

1951 5545 2018 5601 de
2067 5546 2284 5614 innupta
2334 5540 2532 5596 Paulus
2582 5537 2853 5610 apostolus
2882 5535 3033 5600 dixit,
3075 5533 3143 5589 Ut
3190 5534 3255 5587 sit
3280 5540 3457 5587 sancta
3483 5537 3531 5584 et

1952 5652 2163 5709 corpore
2190 5645 2235 5689 et
2262 5634 2442 5704 spiritu
2465 5631 2507 5705 (ι
2532 5630 2650 5687 Cor.
2674 5646 2766 5697 vn,
2795 5629 2909 5700 54),
2930 5644 3038 5683 non
3059 5626 3137 5681 sic
3164 5622 3536 5693 accipiendum

1955 5738 2058 5789 est.
2094 5727 2245 5798 quasi
2275 5734 2439 5796 nupta
2467 5723 2640 5779 ﬁdelis
2670 5731 2725 5780 et
2750 5729 2895 5777 casta
2917 5760 2934 5784 ,
2972 5728 3026 5773 et
3063 5716 3355 5774 secundum
3392 5713 3541 5771 Scri-

1960 5832 2144 5896 pturas
2164 5818 2370 5879 subdita
2393 5818 2528 5889 viro,
2562 5831 2669 5875 non
2706 5818 2772 5873 sit
2814 5822 2997 5872 sancta
3021 5826 3271 5885 corpore,
3296 5807 3392 5870 sed
3418 5818 3549 5868 tan.

294 5352 311 5383 ι
341 5348 508 5410 Editi,
559 5345 685 5398 alter
730 5344 929 5398 alterius
970 5349 1081 5397 sunt
1124 5341 1357 5396 membra.
1401 5341 1579 5403 Abest,
1630 5345 1769 5400 sunt,
1816 5351 1844 5388 a

222 5416 399 5526 1⁵1ξίιι
440 5473 593 5524 editis
640 5472 871 5523 omissum
913 5477 1047 5531 erat,
1090 5467 1338 5529 homines;
1368 5466 1498 5531 quod
1530 5466 1580 5515 in
1611 5470 1718 5514 uss.
1757 5464 1843 5514 ba-

225 5537 490 5658 ῢεξῗέη,
509 5594 640 5660 alius
659 5593 751 5660 sic,
774 5591 899 5660 alius
922 5592 1118 5660 quidem
1139 5593 1229 5660 sic.

287 5662 314 5693 ⁸
342 5669 461 5715 Eon
476 5651 696 5719 additur,
722 5651 816 5719 legi
839 5651 969 5708 :vo'x
987 5670 1051 5706 ex
1074 5653 1283 5719 Epistula
1301 5653 1372 5719 ad
1392 5660 1639 5719 Romanos,
1663 5663 1768 5713 cap.
1794 5651 1824 5700 7

287 5683 314 5693 '
342 5683 461 5715 ῠυΙι
480 5683 696 5719 ilUullul',
722 5683 762 5707 κ’
799 5683 813 5706 t
839 5695 850 5708 .
878 5683 969 5707 νυλ
987 5683 1051 5706 cn
1077 5683 1283 5718 cynosura
1301 5683 1360 5703 du
1394 5683 1639 5710 ιιυιιωιιιυο,
1663 5683 1768 5713 ων.
1802 5683 1814 5700 ι

224 5725 277 5794 γε
301 5724 359 5787 2.
388 5722 596 5794 penei.
618 5730 739 5794 aut
764 5683 1009 5794 Ἇροὲοαξ
1032 5715 1490 5794 transfugiens
1508 5683 1846 5794 ὲςεὲιξῑεξξξίί

224 5779 409 5903 ais?
448 5797 485 5836 a
743 5785 935 5845 scriptis
979 5779 1356 5832 Corbeiensibus
1406 5785 1459 5829 et
1505 5779 1845 5829 Germanensi-
