4122 6212
518 269 626 327 ιδδ

517 386 796 443 tummodo
838 386 1048 459 spiritu.
1093 385 1234 443 Fieri
1262 385 1405 442 enim
1433 398 1539 441 non
1564 393 1740 457 potest
1769 394 1827 441 ut
1866 384 2102 441 sanctiﬁ-

519 488 642 533 cato
680 479 900 551 spiritu,
951 493 1057 533 non
1109 477 1180 533 sit
1230 486 1475 533 sanctum
1530 478 1690 532 etiam
1737 493 1952 548 corpus,
1999 493 2106 549 quo

519 568 883 624 sanctiﬁcatus
908 570 1071 624 utitur
1096 570 1335 639 spiritus.
1364 569 1472 625 Sed
1512 585 1580 625 ne
1603 570 1848 641 cuiquam
1880 586 1976 626 nos
2003 587 2103 641 po-

519 659 626 714 tius
653 660 1033 731 argumentari,
1073 676 1235 730 quam
1277 660 1380 716 hoc
1419 661 1605 716 divino
1634 662 1851 733 eloquio
1878 664 2105 733 probare

522 750 824 818 videamur;
877 751 1127 822 quoniam
1174 751 1364 809 Petrus
1410 753 1600 810 Saram
1648 769 2100 820 commemorans,

518 839 741 907 Sancte,
794 842 986 913 inquit,
1034 844 1273 903 mulieres
1314 847 1727 913 tantummodo;
1772 863 1877 903 non
1932 849 2025 917 ait,
2057 858 2106 903 et

517 947 728 1003 corpore
751 949 774 988 :
795 934 926 990 illud
951 934 1191 1006 ejusdem
1229 937 1376 993 Pauli
1403 937 1823 1004 consideremus,
1858 940 1943 994 ubi
1974 954 2105 1010 pro-

519 1020 707 1078 hibens
736 1025 1118 1083 fornicationes
1164 1030 1258 1093 ait,
1294 1027 1518 1084 Nescitis
1546 1032 1665 1101 quia
1692 1046 1913 1101 corpora
1942 1042 2106 1086 vestra

515 1116 740 1172 membra
792 1128 910 1172 sunt
936 1117 1170 1176 Christi?
1203 1120 1411 1177 Totiens
1461 1140 1581 1195 ergo
1627 1124 1851 1178 membra
1895 1124 2102 1193 Christi,

517 1208 705 1278 faciam
734 1211 953 1266 membra
978 1215 1291 1270 meretricis?
1313 1216 1477 1271 Absit.
1520 1216 1727 1273 Audeat
1758 1233 1884 1289 ergo
1913 1217 2106 1289 aliquis

515 1295 694 1354 dicere
741 1301 981 1357 membra
1028 1300 1226 1358 Christi
1259 1317 1438 1360 sancta
1490 1324 1595 1361 non
1638 1324 1759 1364 esse
1810 1315 1946 1363 :aut
1975 1324 2103 1364 vero

514 1389 706 1447 audeat
729 1406 762 1447 a
789 1396 1042 1452 membris
1066 1396 1260 1453 Christi
1290 1398 1525 1456 ﬁdelium
1553 1401 1959 1472 conjugatarum
1985 1418 2103 1458 cor-

515 1495 646 1552 pora
674 1498 945 1555 separare.
994 1488 1147 1545 Unde
1176 1492 1336 1546 etiam
1393 1493 1549 1562 paulo
1598 1505 1721 1565 post
1759 1497 1833 1550 ait
1866 1514 1879 1550 :
1909 1495 2106 1570 Corpus

513 1587 737 1629 vestrum
761 1579 1007 1651 templum
1025 1579 1079 1635 in
1108 1581 1245 1636 vobis
1265 1593 1335 1636 est
1368 1584 1598 1654 Spiritus
1623 1588 1809 1651 sancti,
1832 1604 1977 1657 quem
2007 1589 2104 1642 ha-

515 1664 640 1723 betis
665 1685 699 1731 a
728 1668 837 1725 Deo
873 1686 893 1725 :
916 1681 965 1727 et
992 1688 1096 1727 non
1124 1676 1242 1731 estis
1262 1676 1443 1739 vestri:
1461 1679 1619 1748 empti
1640 1682 1772 1733 enim
1800 1683 1918 1737 estis
1947 1684 2106 1752 pretio

513 1777 699 1834 magno
725 1762 769 1835 (1
796 1762 917 1821 Cor.
964 1781 1039 1831 τι,
1085 1768 1174 1833 15,
1224 1770 1292 1825 l9
1311 1779 1357 1823 et
1378 1769 1495 1839 20).
1541 1771 1749 1843 Corpus
1789 1774 2021 1830 ﬁdelium
2052 1786 2108 1832 et

513 1856 755 1910 membra
779 1856 980 1913 Christi
1011 1873 1131 1916 esse
1158 1860 1312 1929 dixit,
1340 1871 1396 1917 et
1422 1864 1677 1933 templum
1720 1865 1950 1935 Spiritus
1976 1883 2101 1923 san-

513 1944 608 2011 cti,
637 1945 725 2001 ubi
756 1946 997 2016 proiecto
1019 1950 1295 2022 utriusque
1321 1967 1481 2009 sexus
1506 1954 1688 2010 ﬁdeles
1715 1957 2101 2028 intelliguntur.

513 2033 593 2090 lbi
619 2051 750 2108 ergo
785 2047 912 2095 sunt
952 2050 1152 2112 nuptae,
1197 2044 1267 2099 ibi
1312 2054 1367 2100 et
1409 2046 1679 2116 iuuuptce;
1719 2050 1813 2105 sed
1843 2051 2105 2107 distinctae

513 2128 741 2195 meritis,
770 2139 824 2186 et
856 2139 1108 2205 tanquam
1152 2137 1408 2192 membris
1434 2141 1672 2195 membra
1703 2141 1941 2211 praelata,
1973 2159 2107 2213 quo-

515 2234 637 2276 rum
655 2231 830 2279 tamen
853 2234 1038 2282 neutra
1054 2227 1161 2283 sint
1182 2243 1213 2284 a
1232 2243 1457 2299 corpore
1486 2242 1753 2301 separata.
1775 2234 1928 2301 Quod
1951 2236 2109 2307 igitur

516 2309 587 2367 de
614 2313 835 2385 innupta
873 2315 1100 2388 loquens
1142 2320 1236 2384 ait,
1281 2318 1349 2375 Ut
1392 2322 1458 2376 sit
1499 2333 1677 2377 sancta
1723 2334 1772 2378 et
1806 2342 2016 2397 corpore
2060 2338 2109 2383 et

515 2404 733 2474 api-itu;
765 2409 1079 2478 ampliorem
1108 2411 1450 2482 innuptarum
1492 2423 1547 2469 et
1589 2416 1643 2469 in
1687 2431 1915 2487 corpore
1960 2426 2014 2473 et
2050 2419 2103 2474 in

515 2495 708 2565 spiritu
734 2498 1209 2556 sanctiﬁcationem
1256 2505 1481 2576 intelligi
1530 2508 1719 2574 voluit,
1771 2524 1875 2565 non
1907 2525 2105 2581 corpus

514 2597 801 2661 nuptarum
827 2595 976 2649 omni
1004 2597 1429 2655 sanctiﬁcatione
1467 2602 1712 2671 privavit.

589 2679 644 2737 9.
687 2681 844 2741 Disce
868 2685 1047 2756 itaque
1076 2689 1275 2743 bonum
1298 2700 1468 2758 tuum,
1509 2695 1617 2748 imo
1645 2706 1917 2752 memento
1955 2699 2098 2769 quod

516 2769 775 2842 didicisti,
824 2776 1023 2833 bonum
1075 2788 1223 2836 tuum
1252 2784 1371 2853 plus
1416 2785 1643 2851 laudari,
1677 2790 1797 2858 quia
1842 2800 1926 2845 est
1963 2791 2106 2847 aliud

514 2862 718 2920 bonum
746 2882 853 2938 quo
883 2867 954 2923 sit
975 2869 1077 2925 hoc
1098 2873 1308 2941 melius,
1338 2891 1496 2945 quam
1530 2877 1578 2932 si
1604 2878 1761 2934 aliter
1787 2880 1890 2938 hoc
1911 2881 2106 2937 bonum

517 2968 642 3013 esse
670 2971 776 3012 non
819 2970 1019 3027 posset,
1046 2961 1149 3018 nisi
1186 2963 1317 3020 illud
1344 2968 1541 3024 malum
1564 2979 1726 3037 esset,
1759 2982 1849 3026 aut
1886 2974 2107 3029 omnino

516 3059 628 3105 non
655 3055 819 3104 esset.
858 3050 1066 3108 Habent
1106 3056 1247 3110 oculi
1286 3056 1339 3112 in
1384 3073 1610 3127 corpore
1641 3078 1892 3133 magnum
1937 3063 2107 3121 hono-

515 3150 654 3205 rem,
700 3140 796 3196 sed
825 3143 1087 3200 minorem
1117 3145 1397 3217 haberent,
1444 3151 1489 3205 si
1531 3153 1633 3208 soli
1683 3162 1865 3209 essent
1905 3164 1958 3210 et
2002 3156 2104 3211 alia

515 3230 743 3286 minoris
785 3231 1007 3290 honoris
1040 3239 1280 3294 membra
1309 3256 1415 3296 non
1455 3253 1655 3299 essent.
1694 3244 1750 3299 In
1801 3247 1940 3302 ctelo
1987 3249 2106 3317 ipso

515 3335 614 3378 sua
641 3323 763 3380 luce
788 3326 872 3383 sol
899 3327 1078 3383 lunam
1110 3343 1348 3400 superat,
1372 3352 1478 3389 non
1513 3338 1780 3407 vituperat
1813 3357 1827 3394 :
1865 3350 1919 3393 et
1950 3340 2103 3395 stella

514 3413 586 3468 ab
605 3414 758 3470 stella
786 3416 965 3474 diﬁ‘ert
991 3420 1043 3473 in
1070 3422 1239 3490 gloria
1271 3423 1379 3492 (Id.
1413 3441 1502 3491 xv,
1527 3427 1640 3499 ιι),
1669 3445 1775 3484 non
1805 3431 2027 3486 dissidet
2047 3432 2101 3487 in

516 3508 790 3576 superbia.
824 3510 949 3566 Ideo
977 3514 1094 3583 fecit
1138 3513 1270 3570 Deus
1298 3521 1486 3584 omnia,
1528 3531 1574 3575 et
1601 3539 1714 3575 ecce
1744 3527 1874 3578 bona
1914 3527 2060 3580 valde
2084 3545 2102 3581 :

513 3613 624 3653 non
653 3607 858 3658 tantum
880 3603 1040 3669 bona,
1058 3607 1153 3662 sed
1176 3609 1335 3664 etiam
1362 3611 1550 3678 valde;
1585 3629 1689 3669 non
1717 3616 1786 3668 ob
1813 3616 1980 3685 aliud,
2002 3620 2103 3674 nisi

515 3692 639 3761 quia
667 3701 866 3749 omnia.
896 3694 1030 3751 Nam
1051 3708 1104 3755 et
1135 3715 1229 3770 per
1247 3703 1451 3771 singula
1481 3721 1642 3775 opera
1670 3708 1964 3776 dicebatur,
2003 3711 2102 3765 Vi-

515 3781 595 3837 dit
626 3782 767 3840 Deus
790 3789 912 3860 quia
932 3790 1115 3846 bonum
1145 3802 1235 3847 est.
1278 3794 1373 3849 Ubi
1406 3806 1582 3852 autem
1612 3802 1780 3853 omnia
1823 3803 2101 3858 nOminata

512 3886 658 3942 sunt,
701 3877 937 3934 additum
974 3891 1057 3937 est
1102 3885 1285 3950 valde;
1315 3895 1368 3941 et
1392 3888 1587 3942 dictum
1634 3901 1735 3956 est,
1779 3891 1916 3946 Vidit
1960 3892 2102 3948 Deus

514 3973 685 4026 omnia
714 3990 828 4046 qua:
856 3976 991 4045 fecit,
1024 3988 1069 4032 et
1104 3997 1213 4034 ecce
1249 3981 1379 4035 bona
1424 3985 1570 4037 valde
1595 3985 1748 4055 (Gen.
1783 3984 1842 4059 ι).
1883 3989 2100 4044 Meliora

513 4064 657 4119 enim
681 4065 924 4134 quaedam
948 4069 1150 4138 singula
1174 4087 1332 4140 quam
1355 4074 1457 4126 alia
1480 4076 1688 4144 singula
1714 4095 1727 4131 :
1758 4078 1851 4132 sed
1877 4080 2099 4134 meliora

508 4154 673 4211 simul
696 4157 874 4210 omnia
915 4174 1071 4227 quam
1117 4164 1367 4230 quaelibet
1410 4166 1635 4233 singula.
1681 4167 1878 4223 Christi
1924 4173 2100 4241 itaque

511 4248 753 4303 doctrina
802 4264 930 4304 sana
978 4252 1027 4306 iu
1067 4253 1184 4321 ejus
1222 4270 1447 4323 corpore
1494 4273 1676 4313 sanam
1729 4271 1778 4315 te
1820 4264 1976 4318 faciat
2006 4281 2101 4334 per

513 4334 631 4407 ejus
658 4339 901 4409 gratiam,
926 4350 983 4395 ut
1008 4342 1058 4396 id
1078 4344 1218 4412 quod
1245 4345 1363 4398 aliis
1394 4348 1581 4403 melius
1610 4350 1774 4405 habes
1800 4354 1851 4406 in
1874 4371 2099 4426 corpore

512 4437 568 4485 et
594 4431 803 4501 spiritu,
848 4432 987 4489 idem
1031 4436 1145 4504 ipse
1193 4438 1411 4507 spiritus
1454 4448 1576 4497 tuus
1616 4445 1702 4514 qui
1747 4450 1956 4516 corpori
2004 4450 2098 4506 do-

510 4524 763 4589 minatur,
803 4541 902 4581 nec
949 4528 1171 4585 extollat
1213 4530 1524 4599 insolenter,
1560 4550 1656 4592 nec
1696 4538 1962 4596 discernat
2007 4544 2092 4599 in-

510 4615 761 4671 scienter.

583 4707 670 4763 iit.
710 4706 819 4764 Nec
847 4710 969 4781 quia
989 4710 1099 4767 dixi
1120 4712 1261 4769 Ruth
1284 4715 1517 4786 beatam,
1543 4720 1752 4777 Annam
1774 4724 2091 4796 beatiorem,

508 4810 630 4855 cum
661 4801 748 4856 illa
778 4803 860 4858 bis
898 4807 1156 4876 nupserit,
1195 4809 1310 4864 haec
1351 4827 1456 4865 uno
1485 4814 1600 4868 viro
1627 4817 1735 4871 cito
1767 4818 1978 4875 viduata
2004 4821 2095 4878 diu

507 4889 722 4958 vixerit,
750 4893 1005 4950 continuo
1028 4895 1187 4952 etiam
1212 4907 1266 4954 te
1304 4901 1580 4958 meliorem
1601 4915 1755 4975 putes
1782 4923 1902 4965 esse
1930 4928 2095 4982 quam

507 4983 673 5042 Ruth.

577 5076 806 5135 CAPUT
843 5079 954 5137 VH.
997 5114 1069 5125 —
1088 5084 1298 5143 Sancta
1325 5089 1528 5158 femina:
1562 5101 1785 5165 tempore
1812 5095 1963 5170 Legis
1989 5116 2089 5155 non

504 5170 912 5242 concupiscentia
941 5215 957 5242 ,
999 5177 1089 5232 sed
1125 5177 1407 5235 obedientia
1454 5185 1780 5255 compellente
1816 5188 2087 5248 nubebant.

503 5262 622 5318 Alia
647 5264 845 5335 quippe
869 5269 1196 5338 propheticis
1222 5276 1553 5345 temporibus
1586 5289 1891 5337 sanctarum
1940 5284 2091 5339 femi—

502 5368 694 5410 narum
723 5356 1048 5427 dispensatio
1076 5360 1194 5429 fuit,
1227 5380 1360 5434 quas
1388 5367 1591 5424 nubere
1616 5371 1944 5443 obedientia,
1978 5393 2083 5432 non

501 5448 930 5538 concupiscentia
956 5455 1333 5525 compellebat,
1362 5469 1418 5514 ut
1442 5474 1827 5534 propagaretur
1857 5470 2084 5538 populus

501 5536 618 5604 Dei,
654 5540 705 5593 in
736 5556 842 5611 quo
870 5545 1319 5612 praemitterentur
1363 5551 1642 5623 Propheta:
1673 5536 1873 5614 Christi
1918 5536 2082 5617 :icum

499 5633 957 5724 etipseipopulus
986 5654 1082 5710 per
1104 5657 1165 5697 ca
1195 5658 1313 5713 quae
1340 5646 1390 5699 in
1420 5645 1587 5716 ﬁgura
1615 5653 1997 5724 contingebant
2025 5658 2077 5713 iu

496 5720 605 5781 illis
628 5724 671 5796 (l
691 5723 811 5784 Cor.
854 5745 908 5795 x,
945 5730 1058 5802 ii),
1096 5734 1209 5791 sive
1233 5735 1286 5792 in
1325 5736 1389 5794 iis
1413 5738 1502 5805 qui
1532 5741 1751 5808 scirent,
1775 5720 1889 5802 sive
1927 5747 1983 5805 in
2015 5749 2080 5806 iis

1746 269 1804 325 S.
1844 262 2208 327 AUGUSTINI
2251 266 2548 325 EPISCOPI

3701 285 3809 344 458

2214 385 2302 453 qui
2339 386 2425 441 illa
2466 386 2754 455 nescirent,
2788 386 2919 443 nihil
2963 389 3108 471 aliud
3152 400 3296 449 esset
3340 410 3500 466 quam
3534 398 3795 471 propheta

2210 474 2429 545 Christi,
2452 493 2516 533 ex
2542 494 2650 549 quo
2671 488 2980 537 nasceretur
2996 466 3157 537 etiam
3182 499 3310 540 caro
3332 466 3552 544 Christi.
3575 466 3651 548 Ut
3665 506 3799 563 ergo

2213 570 2304 625 ille
2333 572 2560 642 populus
2582 580 2981 644 propagaretur,
3023 576 3342 633 maledictus
3372 578 3668 638 habebatur
3702 597 3801 652 per

2212 663 2345 733 legis
2374 666 2690 720 sententiam
2729 666 2819 736 qui
2863 681 2969 721 non
2997 669 3282 725 suscitaret
3324 686 3511 729 semen
3546 673 3603 729 in
3630 673 3802 732 lsrael

2213 753 2390 819 (Deut.
2421 771 2551 824 xxv,
2580 757 2744 828 5-10).
2770 755 2925 815 Unde
2948 767 3002 812 et
3024 768 3227 815 sanctae
3256 762 3506 819 mulieres
3530 765 3795 822 accende-

2210 846 2405 902 bantur
2431 864 2535 902 non
2584 848 2873 918 cupiditate
2898 851 3309 920 concumbendi,
3350 854 3448 909 sed
3479 856 3677 925 pietate
3704 872 3802 928 pa-

2212 938 2416 1004 ricndi;
2465 948 2521 993 ut
2566 939 2867 999 rectissime
2918 941 3212 998 credantur
3251 945 3448 1001 coitum
3478 962 3584 1002 non
3633 948 3801 1005 tuisse

2213 1029 2533 1099 quaesitura),
2569 1032 2613 1084 si
2641 1030 2821 1101 proles
2848 1040 3028 1101 posset
3047 1033 3205 1090 aliter
3232 1036 3538 1106 provenire.
3571 1038 3641 1094 Et
3665 1040 3798 1096 viris

2213 1134 2343 1175 usus
2387 1120 2733 1189 plurimarum
2777 1122 3019 1181 vivarum
3066 1125 3464 1186 concedebatur
3504 1143 3731 1185 uxorum
3781 1147 3796 1184 :

2213 1211 2365 1282 cujus
2389 1212 2466 1267 rei
2496 1228 2602 1269 non
2629 1214 3119 1284 concupiscentiam
3153 1219 3353 1288 carnis,
3389 1221 3484 1277 sed
3510 1220 3819 1293 providen-‘

2212 1305 2341 1359 tiam
2370 1307 2733 1377 generationis
2767 1306 2936 1366 fuisse
2953 1324 3180 1379 causam
3209 1312 3339 1368 illud
3366 1315 3623 1383 ostendit,
3654 1316 3799 1388 quod

2213 1397 2351 1453 sicut
2372 1398 2500 1453 viris
2523 1400 2723 1455 sanctis
2747 1399 2945 1456 habere
2971 1402 3148 1471 plures
3175 1419 3371 1460 uxores
3398 1406 3563 1473 vivas,
3584 1422 3691 1464 non
3724 1409 3797 1464 ita

2213 1489 2372 1543 etiam
2402 1490 2600 1549 sanctis
2630 1490 2841 1551 feminis
2866 1492 3061 1549 licebat
3089 1495 3297 1553 misceri
3327 1497 3533 1553 maritis
3562 1499 3803 1569 pluribus

2212 1580 2347 1635 vivis
2367 1597 2381 1646 ;
2400 1583 2649 1652 quoniam
2673 1582 2833 1638 'tauto
2860 1593 3041 1640 essent
3075 1585 3361 1657 turpiores,
3404 1598 3605 1658 quanto
3628 1590 3803 1661 magis

2214 1682 2527 1742 appeterent
2545 1673 2688 1730 unde
2704 1689 2810 1730 non
2827 1684 3012 1733 essent
3033 1675 3391 1733 fectindiores.
3415 1678 3650 1736 Proinde
3677 1694 3805 1736 sano

2213 1774 2298 1818 cta
2323 1764 2484 1831 Ruth,
2512 1780 2633 1821 cum
2654 1781 2841 1824 semen
2879 1766 3037 1839 quale
3058 1768 3149 1831 illo
3173 1777 3415 1841 tempore
3434 1771 3801 1831 necessarium

2213 1856 2312 1910 fuit
2350 1858 2404 1911 in
2433 1858 2593 1913 Israel
2620 1873 2726 1914 non
2773 1860 3015 1927 haberet,
3051 1871 3261 1919 mortuo
3296 1863 3414 1918 viro
3437 1865 3687 1934 quaesivit
3721 1867 3802 1921 al-

2214 1958 2385 2004 terum
2411 1950 2479 2006 de
2505 1966 2613 2021 quo
2639 1951 2878 2008 haberet.
2915 1953 3024 2008 Hac
3054 1952 3230 2023 itaque
3257 1953 3342 2009 bis
3368 1955 3652 2026 coniugata
3676 1956 3802 2013 ideo

2213 2046 2364 2095 Anna
2391 2042 2595 2097 univira
2625 2042 2782 2099 vidua
2803 2046 2819 2076 ¹
2845 2043 3050 2099 beatior
3071 2045 3187 2113 fuit,
3223 2046 3344 2115 quia
3376 2055 3432 2102 et
3462 2046 3800 2118 prephetissa

2212 2132 2411 2189 Christi
2458 2150 2578 2190 esse
2616 2136 2841 2201 meruit;
2883 2151 3043 2207 quam
3079 2137 3409 2194 credendum
3447 2148 3549 2208 est,
3587 2142 3799 2201 etiamsi

2215 2226 2354 2282 ﬁlios
2373 2228 2547 2283 nullos
2573 2228 2775 2294 habuit,
2805 2229 2946 2301 quod
2968 2230 3181 2300 quidem
3212 2230 3485 2301 Scriptura
3520 2232 3799 2292 reticendo

2212 2320 2425 2391 reliquit
2450 2322 2732 2386 incertum,
2765 2338 2831 2378 eo
2858 2321 3058 2393 Spiritu
3087 2324 3393 2394 pricvidisse
3420 2323 3703 2385 Christum
3730 2341 3800 2382 ex

2213 2412 2417 2481 virgine
2461 2414 2705 2483 proxime
2758 2429 2878 2471 esse
2924 2424 3229 2481 venturum,
3278 2432 3385 2487 quo
3416 2418 3583 2487 potuit
3631 2432 3804 2489 agno,

2212 2518 2365 2560 scere
2405 2514 2459 2559 et
2488 2507 2762 2575 parvulum
2798 2525 2811 2561 :
2846 2508 2987 2564 unde
3028 2509 3220 2565 merito
3245 2510 3405 2566 etiam
3433 2510 3550 2565 sine
3579 2510 3720 2578 ﬁliis,
3753 2511 3800 2568 sl

2212 2605 2391 2652 tamen
2418 2613 2512 2653 eos
2546 2614 2653 2654 non
2707 2600 2910 2668 habuit,
2943 2602 3207 2659 secundas
3254 2603 3469 2674 nuptias
3497 2605 3798 2673 recusavit;

2212 2691 2335 2760 quia
2376 2702 2597 2748 noverat
2637 2694 2747 2763 jam
2776 2705 2986 2767 tempus
3013 2711 3134 2754 esse
3163 2714 3268 2768 quo
3305 2699 3517 2755 Christo
3547 2715 3651 2755 non
3677 2698 3802 2756 οιιι-

2213 2783 2297 2836 cio
2327 2784 2587 2853 pariendi,
2617 2786 2712 2841 sed
2740 2787 2919 2844 studio
2943 2791 3272 2858 continendi,
3300 2806 3398 2848 nec
3424 2793 3799 2864 eoujugalibus

2212 2876 2441 2932 tetandis
2465 2879 2779 2947 visceribus,
2808 2881 2901 2937 sed
2935 2882 3332 2939 castiﬁcandis’
3358 2883 3655 2941 vidualibus
3686 2899 3803 2941 iuo-

2213 2970 2380 3036 ribus,
2408 2971 2600 3026 melius
2632 2973 2942 3029 serviretur.
2976 2974 3033 3030 Si
3061 2991 3190 3031 vero
3215 2976 3378 3032 etiam
3418 2976 3620 3033 sciebat
3650 2976 3797 3032 Ruth

2212 3077 2311 3132 per
2337 3080 2487 3119 suam
2519 3080 2735 3121 carnem
2786 3069 3063 3139 propagari
3113 3084 3322 3136 semen,
3371 3069 3511 3125 unde
3554 3069 3800 3126 Christus

2212 3169 2428 3209 carnem
2474 3155 2645 3212 fuerat
2677 3158 2973 3226 habiturus,
3004 3167 3061 3216 et
3107 3161 3233 3217 huic
3280 3162 3519 3218 scientia:
3550 3163 3801 3218 nubendo

2213 3248 2453 3304 exhibuit
2474 3252 2849 3318 ministerium,
2872 3268 2974 3309 non
2994 3254 3164 3310 audeo
3178 3256 3287 3325 jam
3307 3256 3487 3311 dicere
3502 3257 3798 3313 beatiorem

2210 3338 2374 3395 fuiS>e
2400 3344 2566 3395 Anum
2591 3344 2899 3401 viduitatem
2929 3361 3087 3417 quam
3119 3347 3262 3402 illius
3290 3348 3692 3405 fecunditatem.

2282 3433 2506 3491 CAPUT
2548 3436 2675 3491 Vill.
2707 3467 2778 3477 —
2800 3438 2886 3492 li.
2929 3437 3143 3508 Nuptiae
3182 3449 3227 3493 et
3259 3441 3493 3495 secunda
3530 3448 3578 3495 et
3611 3440 3792 3511 prima

2211 3526 2303 3579 hoc
2325 3535 2576 3597 tempore,
2609 3530 2705 3583 nisi
2740 3530 3102 3585 incontinentia
3140 3532 3207 3585 sit
3243 3531 3629 3603 impedimento,
3678 3550 3801 3589 con-

2212 3619 2506 3673 temnendaz.
2535 3618 2745 3690 Nuptiae
2772 3619 2895 3674 olim
2920 3621 3045 3693 legis
3070 3622 3381 3691 obsequium,
3406 3640 3539 3678 nunc
3567 3625 3797 3694 inﬁrmi-

2210 3711 2326 3763 talis
2353 3712 2646 3775 remedium,
2667 3720 2711 3767 et
2739 3713 3064 3767 humanitatis
3083 3714 3338 3770 solatium.
3366 3714 3448 3770 Tu
3468 3730 3643 3771 autem
3678 3732 3800 3788 qua:

2211 3817 2263 3858 et
2282 3805 2415 3858 lilios
2434 3806 2619 3874 habes,
2640 3816 2692 3861 et
2705 3808 2755 3861 in
2769 3822 2833 3863 eo
2850 3808 3029 3864 smculi
3055 3807 3159 3865 ﬁne
3171 3811 3325 3875 vivis,
3339 3827 3445 3882 quo
3456 3811 3565 3882 jam
3588 3821 3799 3883 tempus

2208 3906 2414 3951 estnon
2442 3897 2685 3953 mittendi
2712 3899 2944 3969 lapides,
2977 3900 3072 3957 sed
3097 3902 3416 3973 colligendi;
3447 3919 3551 3960 non
3592 3906 3793 3977 ample-

2208 3990 2406 4059 ctendi,
2424 3990 2517 4047 sed
2539 3991 2844 4047 continendi
2873 3993 2940 4049 ab
2960 3993 3205 4064 amplexu
3225 3993 3422 4066 (Eccle.
3452 4012 3529 4061 in,
3551 3998 3609 4068 5)
3632 4014 3645 4062 ;
3669 4013 3794 4053 cum

2206 4082 2401 4137 clamet
2433 4084 2751 4153 Apostolus,
2806 4082 2919 4138 Hoc
2955 4095 3119 4140 autem
3158 4086 3292 4151 dico,
3338 4090 3523 4160 fratres
3547 4105 3567 4142 :
3591 4100 3791 4161 tempus
3850 4096 3861 4099 ’

2207 4172 2349 4226 breve
2368 4185 2476 4238 est;
2500 4175 2747 4245 reliquam
2770 4184 2840 4229 est
2868 4186 2924 4229 ut
2950 4184 2994 4230 et
3012 4177 3099 4246 qui
3125 4177 3309 4231 habent
3327 4195 3525 4244 uxores,
3552 4189 3794 4253 tanquam

2206 4281 2305 4318 non
2332 4265 2565 4322 habentes
2588 4269 2687 4321 sint
2710 4283 2730 4321 :
2752 4268 2985 4338 profecto
3013 4269 3057 4323 si
3089 4269 3349 4325 secundas
3378 4271 3591 4340 nuptias
3625 4286 3793 4340 appe-

2205 4358 2389 4424 tisscs,
2434 4360 2634 4414 nullum
2666 4361 2959 4431 prophetia:
2989 4361 3071 4417 vel
3117 4362 3247 4433 legis
3290 4364 3600 4433 obsequium
3624 4406 3638 4430 ,
3670 4365 3792 4421 nul-

2204 4447 2309 4501 lum
2345 4450 2506 4519 prolis
2532 4452 2716 4506 Saltem
2749 4452 2962 4507 carnale
2982 4453 3303 4508 desiderium
3326 4497 3340 4522 ,
3378 4453 3474 4509 sed
3499 4455 3668 4511 solius
3701 4456 3791 4512 in-

2202 4540 2539 4595 continentiae
2563 4541 2752 4598 luisset
2778 4543 3048 4598 indicium.
3083 4544 3324 4600 Fecisses
3362 4546 3504 4600 enim
3539 4548 3681 4617 quod
3711 4550 3790 4605 ait

2202 4630 2522 4698 Apostolus,
2556 4648 2676 4688 cum
2699 4634 2948 4702 dixisset,
2978 4635 3165 4690 bonum
3211 4652 3319 4691 esse
3336 4635 3442 4691 illis
3485 4638 3530 4692 si
3576 4641 3648 4693 sic
3674 4657 3790 4711 per-

2202 4724 2476 4777 manserint
2505 4725 2631 4779 sicut
2655 4736 2701 4780 et
2721 4745 2810 4799 ego
2837 4744 2857 4784 :
2885 4728 3136 4785 continuo
3156 4730 3352 4801 quippe
3378 4731 3601 4798 addidit,
3631 4733 3784 4801 Quod

2200 4814 2243 4867 si
2267 4831 2321 4868 se
2345 4832 2444 4868 non
2466 4818 2738 4883 continent,
2759 4821 2948 4874 nubant
2965 4837 2985 4875 :
3007 4821 3141 4876 malo
3162 4821 3294 4875 enim
3314 4838 3398 4876 cas
3418 4823 3604 4878 nubere
3631 4840 3786 4895 quam

2198 4906 2281 4959 uri
2313 4906 2354 4979 (Ι
2383 4905 2499 4961 Cor.
2535 4925 2624 4973 vn,
2652 4910 2860 4977 29,8et
2880 4913 2959 4983 9).
2991 4914 3103 4970 Hoc
3143 4914 3284 4971 enim
3321 4914 3484 4984 dixit,
3530 4925 3586 4970 ut
3629 4915 3790 4973 cﬁ‘re-

2200 5010 2337 5054 nata:
2367 4999 2597 5056 libidinis
2640 5004 2837 5059 malum
2884 5021 2991 5061 non
3021 5008 3441 5079 prmeipitaretur
3468 5008 3521 5064 in
3551 5009 3788 5079 turpitu-

2196 5090 2374 5147 dinem
2406 5091 2900 5163 ﬁagitiorum,cum
2955 5101 3293 5170 exciperetur
3341 5100 3622 5157 honestate
3681 5116 3788 5157 nu-

2196 5188 2444 5255 ptiarum.
2475 5187 2684 5244 Gratias
2709 5198 2889 5246 autem
2933 5191 3182 5259 Domino,
3232 5194 3482 5263 quoniam
3529 5195 3787 5264 peperisti

2195 5281 2336 5349 quod
2384 5296 2503 5336 esse
2550 5280 2802 5349 noluisti,
2851 5292 2906 5337 et
2947 5284 3222 5355 virginitas
3260 5286 3428 5356 prolis
3478 5295 3582 5347 tuae
3626 5301 3785 5359 coni-

2194 5374 2435 5442 peusavit
2459 5373 2794 5443 dispendium
2822 5373 3139 5443 virginitatis
3168 5384 3290 5430 tum.
3327 5376 3458 5433 Nam
3499 5378 3786 5450 diligenter

2194 5464 2516 5536 interrogata
2540 5465 2779 5520 doctrina
2806 5464 3117 5532 christiana,
3141 5473 3196 5521 et
3222 5468 3419 5537 primas
3433 5471 3650 5539 nuptias
3665 5470 3783 5547 iani

2194 5557 2293 5613 icto
2323 5567 2599 5627 tempore,
2647 5558 2745 5611 nisi
2804 5558 3190 5619 incontinentis
3233 5561 3301 5617 sit
3346 5562 3733 5632 impedimento
3758 5607 3777 5636 ,

2255 5697 2273 5767 ξ
2298 5697 2370 5767 sic
2391 5703 2547 5767 Eruet
2559 5695 2909 5767 potioresJMss.
2930 5700 2987 5767 At
3009 5701 3140 5759 Lam,
3163 5708 3260 5751 ulto
3275 5696 3380 5753 viro
3392 5696 3609 5759 viduata.

2256 5760 2276 5797 ³
2297 5757 2510 5809 Nonnulli
2534 5765 2664 5818 ωειλ,
2690 5756 3003 5824 castigandis.
