4122 6212
264 278 367 333 437

262 391 683 447 contemnendas
707 405 830 449 esse
856 388 1167 461 respondet.
1195 385 1295 456 Qui
1338 387 1479 442 enim
1508 385 1658 451 dixit,
1704 384 1764 439 Si
1803 399 1857 437 se

259 498 360 536 non
381 484 659 553 continent,
686 484 877 539 nubant
906 500 927 539 :
948 484 1119 555 potuit
1138 482 1317 538 dicere
1335 521 1352 548 ,
1379 480 1436 537 Si
1460 479 1598 535 ﬁlios
1627 495 1730 533 non
1762 478 1856 535 ha-

257 572 419 637 bent,
452 576 690 643 nubant;
732 577 775 631 si
819 583 943 647 post
980 574 1424 631 resurrectionem
1456 573 1471 603 ¹
1513 570 1851 642 praedicatio-

258 681 488 736 nemque
515 666 714 722 Christi
736 667 994 738 ,-quando
1017 667 1129 738 jam
1160 666 1410 721 omnibus
1438 664 1684 735 gentibus
1714 661 1849 717 ﬁlio-

257 773 374 810 rum
402 758 749 827 spiritualiter
773 758 1157 830 gignendorum
1200 765 1342 812 tanta
1392 755 1627 826 suppetit
1660 754 1846 824 copia,

258 852 363 906 tale
392 850 629 907 ofﬁcium
659 861 803 909 esset
849 869 915 908 ex
944 868 1105 909 carne
1152 850 1286 906 ﬁlios
1337 864 1630 927 propagare
1651 891 1664 913 ,
1697 847 1853 918 quale

257 943 443 1012 primis
473 946 804 1018 temporibus
832 945 947 1000 fuit.
978 946 1043 1001 Et
1068 944 1209 1017 quod
1239 943 1364 998 alibi
1397 943 1546 1010 dicit,
1589 940 1718 996 Volo
1755 941 1851 1012 igi-

257 1045 338 1089 tur
356 1038 603 1108 juniores
646 1040 851 1105 nubere,
896 1038 1031 1110 ﬁlios
1090 1056 1390 1107 procreare,
1439 1034 1851 1106 matresfamilias
1887 1076 1895 1083 .

256 1144 362 1183 esse
386 1143 405 1182 :
430 1131 733 1199 nuptiarum
778 1130 974 1185 bonum
1000 1130 1292 1203 apostolica
1324 1114 1631 1183 sobrietate
1654 1138 1707 1182 ct
1749 1142 1848 1180 au-

256 1220 500 1276 ctoritate
529 1221 897 1287 commendat;
928 1239 1032 1276 non
1071 1220 1383 1293 procreandi
1414 1220 1651 1277 ofﬁcium
1688 1219 1848 1274 etiam

256 1312 360 1378 eis,
408 1328 528 1383 quae
572 1314 912 1369 continentiae
953 1313 1153 1368 bonum
1197 1313 1451 1385 capiunt,
1501 1321 1755 1380 tauquam
1781 1307 1850 1363 ad

257 1403 599 1474 obsequelam
628 1404 759 1474 legis
787 1405 1029 1474 imponit.
1076 1403 1315 1476 Denique
1347 1419 1443 1458 cur
1489 1401 1591 1457 hoc
1616 1400 1850 1467 dixerit,

256 1495 471 1564 pandit,
520 1511 642 1551 cum
692 1496 929 1567 adjungit
964 1507 1017 1573 ct
1054 1496 1216 1561 dicit,
1276 1494 1490 1551 Nullam
1537 1493 1850 1547 occasionem

255 1589 376 1641 dare
394 1589 687 1643 adversario
712 1590 965 1643 maledicti
986 1593 1179 1661 gratia;
1193 1590 1310 1661 jam
1328 1594 1464 1643 enim
1484 1587 1715 1660 quaedam
1736 1602 1852 1639 con-

255 1696 406 1735 versa:
448 1693 568 1735 sunt
598 1693 732 1737 retro
768 1693 879 1753 post
904 1694 1137 1737 satanam
1162 1699 1180 1737 :
1210 1690 1267 1737 ut
1294 1681 1376 1738 his
1416 1682 1594 1738 verbis
1624 1682 1741 1754 ejus
1768 1680 1852 1735 in-

256 1775 590 1845 telligamus,
624 1792 714 1831 eas
739 1792 871 1847 quas
894 1778 1095 1833 nubere
1122 1777 1326 1869 voluit,
1379 1776 1571 1833 melius
1612 1776 1849 1851 potuisse

255 1868 529 1923 continere
549 1884 706 1940 quam
731 1870 959 1936 nubere;
991 1869 1088 1925 sed
1118 1868 1541 1941 tnelius'nubere
1571 1885 1730 1940 quam
1764 1886 1849 1925 re-

255 1970 334 2015 tro
363 1971 481 2032 post
505 1971 745 2018 satanam
778 1963 890 2031 ire,
921 1961 968 2018 id
993 1973 1106 2035 est,
1140 1963 1325 2035 abillo
1368 1961 1648 2020 excellenti
1688 1961 1848 2037 virgie

256 2053 385 2108 nalis
410 2054 494 2108 vel
526 2054 753 2109 vidualis
791 2055 1052 2111 castitatis
1094 2042 1370 2128 proposito
1394 2096 1413 2123 ι
1458 2055 1508 2123 ip
1551 2048 1847 2127 posteridra

257 2145 610 2214 reSpiciendo,
641 2147 834 2203 cadere
864 2156 916 2203 et
952 2147 1189 2203 interire.
1216 2144 1450 2205 Proinde
1472 2137 1595 2218 quae
1637 2162 1695 2200 se
1739 2160 1847 2225 non

255 2236 550 2304 continent,
581 2238 800 2305 nubant,
823 2249 1105 2315 antequam
1134 2238 1517 2295 continentiam
1554 2236 1844 2311 proﬁtean-

256 2335 357 2391 tur,
388 2338 677 2399 antequam
708 2330 817 2385 Deo
845 2341 1069 2385 voveant
1094 2348 1106 2384 :
1136 2330 1276 2401 quod
1306 2329 1407 2384 nisi
1445 2322 1688 2405 reddant,
1725 2329 1848 2405 jure

255 2416 592 2472 damnantur.
632 2420 752 2476 Alio
781 2419 975 2491 quippe
1004 2420 1123 2476 loco
1162 2418 1229 2476 de
1289 2420 1481 2497 talibus
1529 2419 1683 2487 dicit,
1719 2418 1846 2495 Cum

256 2509 381 2561 enim
410 2511 461 2562 in
496 2510 690 2565 deliciis
720 2512 907 2585 egerint
950 2511 1003 2565 in
1047 2509 1267 2579 Christo,
1288 2511 1471 2575 nubere
1515 2511 1722 2575 volunt;
1752 2511 1848 2565 ha-

256 2602 414 2657 bentes
442 2603 822 2657 damnationem
850 2604 1088 2670 quoniam
1118 2605 1335 2695 primam
1363 2605 1516 2673 ﬁdem
1539 2603 1735 2663 irritam
1763 2604 1847 2675 fe-

257 2693 541 2747 cerunt:id
592 2703 696 2761 est,
744 2694 1072 2749 voluntatem
1118 2693 1184 2749 ad
1231 2695 1443 2767 nuptias
1488 2710 1518 2769 a
1571 2695 1847 2775 proposito

257 2784 595 2838 continentia:
644 2783 977 2845 deﬂexerunt
1018 2786 1060 2839 ’.
1115 2784 1321 2839 irritam
1366 2780 1849 2863 quippe'fecerunt

258 2874 431 2941 ﬁdem,
457 2891 563 2945 qua
582 2877 729 2946 prius
756 2886 1014 2932 voverant
1035 2876 1174 2948 quod
1198 2878 1595 2957 perseverantia
1623 2876 1847 2948 implere

259 2968 543 3022 noluerunt
573 2967 615 3038 (Ι
642 2966 771 3021 Tim.
795 2967 870 3041 v).
895 2969 1051 3041 NUpIi
1070 2986 1203 3023 trum
1228 2968 1385 3039 igitur
1408 2968 1606 3043 bonum
1629 2985 1846 3047 semper

260 3070 330 3112 est
358 3059 574 3130 quidem
604 3060 804 3114 bonum
836 3078 848 3113 :
879 3059 972 3115 sed
1002 3060 1053 3114 in
1088 3060 1281 3141 populo
1310 3061 1399 3134 Dei
1425 3059 1523 3117 fuit
1560 3054 1845 3131 aliquando

260 3150 384 3222 legis
411 3153 760 3222 obsequium;
809 3168 947 3207 nunc
991 3162 1072 3209 est
1100 3144 1422 3207 inﬁrmitatis
1443 3152 1759 3227 remedium,
1791 3155 1844 3233 in

262 3244 570 3313 quibusdam
634 3261 761 3309 vero
828 3243 1170 3299 humanitatis
1242 3245 1509 3301 solatium.
1586 3244 1842 3300 Filiorum

264 3336 451 3406 quippe
476 3336 831 3406 procreationi
859 3352 1076 3406 operam
1102 3337 1229 3392 dare
1250 3379 1263 3402 ,
1301 3352 1407 3391 non
1455 3336 1647 3393 canino
1694 3351 1845 3393 more

264 3440 345 3497 per
373 3443 530 3483 usum
564 3427 923 3497 promiscuum
943 3427 1260 3483 feminarum
1279 3470 1293 3494 ,
1325 3426 1419 3483 sed
1445 3427 1673 3483 honesto
1699 3426 1845 3483 ordi-

262 3521 641 3593 neconjugali,
668 3536 775 3576 non
813 3530 895 3578 est
926 3522 980 3577 in
1024 3521 1239 3577 homine
1284 3520 1663 3590 improbandus
1705 3520 1840 3579 affe-

262 3620 370 3669 ctus
401 3632 415 3668 :
446 3614 608 3668 etiam
641 3614 814 3685 ipsum
862 3623 1036 3669 tamen
1083 3612 1402 3668 laudabilius
1431 3611 1760 3668 transcendit
1787 3620 1841 3667 et

260 3707 415 3762 vincit
443 3706 685 3763 coelestia
713 3706 951 3777 cogitans
992 3707 1201 3761 animus
1228 3705 1572 3763 Christianus.

324 3798 550 3854 CAPUT
579 3797 672 3853 iX.
702 3829 772 3839 —
794 3798 882 3854 12.
913 3797 1118 3853 Nubere
1161 3806 1271 3868 post
1296 3797 1617 3852 continentia:
1647 3806 1836 3873 potum,

262 3891 542 3947 damnabile
564 3902 636 3946 est
656 3907 795 3963 {non
821 3900 985 3946 tamen
1014 3890 1320 3945 damnanda:
1350 3891 1477 3945 tales
1504 3891 1711 3961 nuptiis.
1735 3884 1841 3943 Sed

261 3984 525 4052 quoniam,
551 3984 688 4038 sicut
712 3984 785 4038 ait
821 3983 1075 4037 Dominus
1096 4024 1110 4047 ,
1150 3981 1269 4037 Non
1297 3998 1468 4045 omnes
1495 3983 1702 4053 capiunt
1733 3997 1843 4041 ver-

258 4072 369 4126 bum
396 4075 489 4127 hoc
516 4074 728 4147 (Matth.
758 4089 874 4140 xxx,
901 4074 992 4144 ll)
1028 4091 1040 4126 :
1071 4089 1189 4144 quae
1230 4082 1404 4143 potest
1453 4085 1580 4143 ergo
1625 4085 1837 4140 capere,

256 4167 466 4235 capiat;
501 4176 554 4220 et
576 4182 691 4236 qua:
721 4181 778 4221 se
802 4179 906 4220 non
937 4167 1196 4229 continet,
1230 4148 1394 4219 nubat
1418 4181 1430 4217 :
1457 4179 1576 4234 quae
1603 4177 1706 4216 non
1731 4178 1840 4217 cte-

254 4257 347 4325 pit,
376 4257 670 4323 deliberet;
694 4273 813 4327 quae
845 4272 1095 4328 aggressa
1140 4265 1261 4333 est,
1310 4263 1621 4329 perseveret
1650 4272 1664 4311 :
1698 4254 1839 4333 nulla

253 4348 559 4403 adversario
587 4349 743 4404 detur
784 4351 1025 4415 occasio,
1069 4348 1213 4403 nulla
1242 4330 1454 4403 Christo
1499 4330 1842 4407 subtrahatur

253 4440 447 4493 oblatio
474 4440 516 4495 ³.
540 4437 596 4494 In
624 4440 887 4511 conjugali
912 4441 1107 4511 quippe
1130 4439 1346 4494 vinculo
1368 4440 1410 4493 si
1442 4438 1689 4509 pudicitia
1711 4454 1841 4493 eon-

252 4543 514 4597 servatnr,
545 4532 818 4586 damnatio
858 4548 961 4586 non
1012 4533 1229 4585 timetur
1259 4550 1272 4585 :
1298 4531 1391 4586 sed
1444 4532 1494 4591 in
1550 4530 1744 4591 viduali
1788 4540 1841 4591 et

251 4625 490 4693 virginali
538 4624 897 4691 continentia,
929 4624 1241 4678 excellentia
1292 4622 1527 4679 muneris
1566 4624 1842 4699 amplioris

248 4719 553 4787 eleetitnr;
614 4732 718 4787 qua
784 4718 1014 4787 expetita
1070 4725 1123 4771 et
1175 4716 1343 4770 electa
1394 4723 1443 4769 et
1508 4717 1615 4770 voti
1661 4715 1842 4777 debito

247 4810 425 4864 oblata
450 4808 496 4875 ⁸,
540 4808 654 4881 jam
705 4824 813 4864 non
866 4809 1039 4864 solum
1089 4809 1422 4880 capessere”
1463 4809 1696 4879 nuptias,
1747 4809 1841 4864 sed

245 4904 455 4958 etiamsi
480 4917 586 4957 non
606 4902 854 4968 nubatur,
881 4902 1081 4957 nubere
1108 4884 1243 4956 velle
1269 4902 1571 4955 damnabile
1588 4909 1687 4957 est.
1709 4900 1841 4955 Nam

242 5006 300 5052 ut
326 4998 433 5053 hoc
461 4996 856 5051 demonstraret
887 4996 1204 5066 Apostolus,
1235 5012 1337 5050 non
1361 4996 1454 5067 ait,
1483 4993 1607 5050 Cum
1638 4996 1690 5049 in
1710 4994 1841 5050 deli-

239 5090 331 5144 ciis
354 5088 553 5162 egerint
578 5088 632 5142 in
658 5085 876 5153 Christo,
905 5087 1145 5152 nubunt;
1174 5085 1291 5153 sed,
1321 5086 1505 5140 nubere
1533 5087 1702 5140 volunt
1720 5087 1845 5141 :ha-

302 5208 317 5235 ι
348 5206 428 5253 sie
457 5203 720 5267 μςεᾈωιιί
754 5215 894 5262 vero,
930 5200 1017 5255 sed
1038 5208 1143 5267 post
1166 5196 1598 5261 resurrectionem;
1622 5205 1677 5251 et
1698 5199 1843 5262 paulo

235 5276 364 5331 post,
382 5264 492 5331 _tale
515 5262 728 5328 oﬂicitnn
753 5268 920 5331 cesset.

298 5333 317 5361 ³
348 5320 689 5389 impositas,
716 5324 1041 5378 naviumad
1068 5320 1845 5389 αφείωιιρτοραὶωοαιείκω-

231 5390 317 5441 tia:
342 5387 683 5453 deﬂuxertmt.

256 5513 269 5523 .
296 5454 320 5486 ³
346 5443 524 5501 Probae
573 5457 704 5501 nota:
755 5457 862 5502 uss.
882 5486 898 5512 ,
944 5447 1081 5501 nulla
1129 5445 1311 5500 Christi
1355 5443 1666 5498 subtrahatur
1708 5444 1841 5497 obla-

229 5521 317 5609 ωί
346 5575 550 5638 Aliquot
587 5581 695 5625 Mss.
712 5609 727 5638 ,
768 5580 814 5625 et
843 5574 943 5638 voti
959 5572 1118 5627 debito
1151 5571 1320 5626 oblato,
1345 5572 1470 5625 Beda
1492 5584 1585 5623 seu
1605 5569 1773 5625 Florus
1793 5572 1845 5625 iu

226 5609 1044 5703 ιὲῖὶῗὶίευῖιονὸἱξίἕιῖιῗ

290 5696 1394 5765 Ξωὶααωασεηξλὼεεῳιαινειιεε.
1430 5704 1483 5747 et
1518 5709 1546 5747 a
1588 5696 1711 5747 Beda
1751 5707 1844 5745 seu

221 5761 398 5819 limo.

1385 270 1471 324 DE
1512 268 1689 325 BONO
1730 265 2118 325 VIDUITA'I‘IS
2149 268 2369 324 LIBER.

3444 278 3550 336 438

1964 383 2153 452 bentes,
2195 385 2382 455 inquit,
2426 385 2817 453 damnationem,
2865 392 3104 456 quoniam
3133 390 3351 460 prinum
3393 393 3601 463 fidem?

1964 475 2160 529 irritam
2182 478 2441 546 fecerunt;
2463 477 2561 531 etsi
2589 492 2694 531 non
2726 477 2975 534 nubendo
3000 522 3015 548 ,
3040 490 3246 536 tantum
3278 483 3547 541 volendo:

1964 582 2069 621 non
2099 567 2218 637 quia
2246 566 2373 637 ipsae
2402 568 2599 639 nuptias
2624 569 2708 623 vel
2754 570 2936 625 talium
2964 570 3279 629 damnanda:
3302 573 3552 646 judican-

1966 668 2088 723 tur;
2115 658 2210 713 sed
2238 658 2523 713 damnatur
2568 662 2826 732 propositi
2864 664 3005 717 fraus
3034 705 3049 729 ,
3070 663 3355 723 damnatur
3376 666 3544 726 fracta

1963 753 2068 806 Voti
2097 751 2245 819 ﬁdes,
2278 752 2561 807 damnatur
2588 770 2691 808 non
2718 757 2986 826 susceptio
3030 772 3057 809 a
3089 758 3229 813 bono
3262 738 3539 832 inferiore,

1961 848 2056 904 sed
2097 850 2245 903 ruina
2288 864 2351 903 ex
2398 847 2539 903 bono
2586 852 2860 922 superiore
2888 863 3192 923 :postremo
3225 854 3548 913 damnantur

1962 942 2109 1009 tales,
2138 958 2242 997 non
2274 943 2393 1011 quia
2422 945 2751 1015 conjugalem
2788 945 2943 1001 ﬁdem
2983 949 3253 1019 posterius
3284 951 3539 1020 inierunt,

1959 1034 2054 1088 sed
2082 1035 2204 1104 quia
2232 1037 2573 1091 continentiae
2600 1039 2820 1106 primam
2855 1038 3009 1093 ﬁdem
3039 1040 3242 1094 irritam
3272 1040 3534 1098 fecerunt.

1959 1124 2110 1193 Quod
2135 1137 2190 1181 ut
2219 1128 2450 1187 breviter
2478 1129 2768 1183 insinuaret
2795 1131 3102 1199 Apostolus,
3146 1133 3315 1188 noluit
3343 1150 3435 1190 eas
3460 1135 3541 1195 di-

1958 1233 2081 1273 cere
2121 1218 2319 1293 habere
2363 1220 2781 1289 damnationem,
2815 1238 2933 1295 quae
2964 1234 3082 1294 post
3115 1225 3393 1294 amplioris
3419 1243 3544 1283 san-

1957 1309 2155 1364 ctitatis
2183 1313 2508 1382 propositum
2536 1312 2737 1366 nubunt
2757 1311 2885 1389 (non
2911 1315 3030 1385 quia
3061 1332 3164 1370 non
3192 1316 3534 1388 damnantur,

1957 1399 2050 1455 sed
2083 1416 2149 1455 ne
2171 1390 2327 1457 in‘eis
2378 1404 2504 1473 ipsa:
2536 1404 2731 1473 nuptis:
2778 1405 3017 1460 damnari
3051 1408 3381 1481 putarentur)
3409 1429 3421 1465 :
3447 1412 3543 1467 sed

1956 1511 2077 1551 cum
2104 1496 2342 1564 dixisset,
2359 1497 2540 1553 nubere
2561 1499 2752 1566 volunt,
2768 1501 3021 1555 continuo
3041 1501 3266 1569 addidit,
3298 1503 3540 1562 habentes

1957 1586 2348 1641 damnationem.
2380 1588 2446 1643 Et
2466 1588 2598 1644 dixit
2643 1605 2826 1660 quare,
2860 1593 3096 1665 quoniam
3142 1594 3361 1664 priorem
3387 1595 3543 1665 ﬁdem

1954 1676 2151 1731 irritam
2175 1677 2397 1747 fecerunt
2425 1695 2443 1733 :
2466 1690 2521 1734 ut
2544 1681 2867 1735 voluntatem
2898 1698 3062 1752 quam
3090 1685 3361 1756 proposito
3397 1686 3542 1741 ceci-

1954 1771 2052 1835 dit,
2084 1782 2338 1843 appareat
2368 1789 2487 1828 esse
2515 1773 2840 1851 damnatam,
2883 1774 2997 1832 sive
3023 1776 3416 1849 subsequantur
3435 1795 3540 1837 nu-

1956 1862 2100 1930 ptim,
2129 1860 2243 1917 sive
2272 1864 2465 1921 desint.

2025 1952 2251 2009 CAPUT
2292 1953 2357 2007 Χ.
2385 1986 2457 1994 -
2482 1956 2563 2011 l3.
2597 1954 2662 2009 In
2680 1972 2763 2010 eos
2788 1956 2874 2026 qui
2898 1957 3206 2026 lapsaruma
3225 1968 3400 2015 sancto
3422 1978 3543 2033 pro-

1955 2045 2116 2116 posito
2144 2048 2345 2116 nuptias
2375 2048 2626 2101 adulteria
2651 2064 2759 2103 esse
2778 2049 2970 2103 dicunt.
3002 2049 3228 2105 Ecclesia
3255 2060 3361 2108 tota
3380 2028 3539 2125 virgo.

1956 2137 2187 2194 Proinde
2209 2141 2293 2211 qui
2324 2140 2508 2195 dicunt
2536 2142 2720 2196 talium
2752 2142 2964 2213 nuptias
3007 2158 3117 2199 non
3152 2159 3272 2203 esse
3302 2147 3541 2216 nuptias,

1953 2232 2050 2289 sed
2078 2235 2249 2303 potius
2277 2234 2559 2299 adulteria,
2588 2251 2697 2289 non
2727 2235 2858 2290 mihi
2883 2235 3127 2292 videntur
3148 2240 3276 2294 satis
3296 2247 3455 2299 acute
3478 2255 3544 2296 ac

1953 2325 2233 2397 diligenter
2273 2328 2614 2383 considerare
2656 2327 2785 2399 quid
2813 2326 2995 2383 dicant
3022 2346 3034 2383 :
3063 2327 3199 2384 fallit
3226 2346 3319 2387 eos
3342 2333 3540 2403 quippe

1953 2418 2248 2473 similitudo
2274 2420 2527 2473 veritatis.
2562 2419 2693 2486 Quia
2722 2420 2866 2475 enim
2887 2420 3194 2490 conjugium
3234 2408 3432 2478 Christi
3459 2422 3540 2478 di-

1953 2518 2144 2564 cuntur
2170 2510 2365 2580 eligere
2388 2526 2506 2582 qua:
2534 2509 2827 2565 christiana
2862 2511 3143 2569 sanctitate
3169 2527 3276 2571 non
3303 2512 3530 2589 nubunt,

1955 2599 2077 2655 hinc
2124 2608 2563 2671 argumentantur
2609 2600 2824 2672 quidam
2866 2600 3227 2659 dicentes:Si
3278 2604 3393 2658 viro
3442 2620 3540 2661 suo

1954 2695 2078 2749 vivo
2100 2710 2217 2767 qua?
2246 2695 2398 2749 alteri
2433 2694 2601 2758 nubit,
2630 2694 2870 2767 adultera
2899 2703 3002 2763 est,
3035 2696 3171 2751 sicut
3201 2696 3315 2767 ipse
3355 2697 3539 2763 Domi-

1952 2803 2053 2842 nus
2075 2764 2131 2841 in
2155 2787 2439 2861 Evangelio
2467 2789 2705 2844 definivit
2731 2764 2941 2860 (Maith.
2970 2805 3081 2857 xtx,
3116 2764 3368 2862 9);_vivo
3411 2805 3540 2861 ergo

1952 2878 2183 2944 Christo,
2207 2881 2287 2935 cui
2319 2897 2463 2935 mors
2493 2882 2627 2937 ultra
2658 2896 2761 2936 non
2797 2880 3104 2937 dominatur
3124 2880 3301 2953 (Rom.
3337 2898 3413 2951 v1,
3433 2883 3537 2956 9)‘,

1952 2985 2069 3040 quae
2097 2972 2396 3042 conjugium
2434 2972 2549 3053 ejus
2590 2973 2857 3045 elegerat,
2887 2976 2932 3028 si
2959 2973 3161 3029 homini
3193 2972 3363 3040 nubit,
3393 2974 3541 3033 adul-

1953 3070 2064 3117 tera
2104 3073 2203 3119 est.
2237 3064 2335 3133 Qui
2369 3064 2467 3119 hoc
2493 3064 2698 3143 dicunt,
2734 3076 2889 3121 acute
2946 3066 3163 3138 quidem
3212 3076 3537 3134 moventur;

1951 3154 2045 3209 sed
2073 3169 2257 3224 parum
2285 3154 2565 3210 attendunt
2598 3155 2733 3211 hanc
2780 3158 3294 3226 argumentationem
3336 3167 3537 3230 quanta

1949 3262 2127 3302 rerum
2160 3256 2409 3317 sequatur
2454 3247 2775 3303 absurditas.
2830 3248 2967 3303 Cum
3011 3248 3154 3304 enim
3197 3248 3533 3304 laudabiliter

1950 3337 2109 3395 etiam
2133 3339 2341 3393 vivente
2374 3339 2484 3394 viro
2510 3356 2575 3393 ex
2597 3339 2714 3409 ejus
2734 3354 3000 3394 consensu
3036 3340 3419 3396 continentiam
3451 3340 3535 3395 l'e-

1951 3429 2091 3484 mina
2119 3428 2330 3484 Christo
2353 3439 2563 3495 voveat,
2580 3429 2691 3499 jam
2716 3429 3007 3485 secundum
3031 3430 3253 3485 istorum
3272 3430 3535 3487 rationem

1950 3523 2091 3577 nulla
2120 3522 2221 3576 hoc
2263 3522 2439 3578 facere
2486 3521 2662 3587 debet,
2716 3538 2783 3578 ne
2825 3522 2998 3593 ipsum
3052 3520 3346 3591 Christum,
3391 3522 3535 3593 quod

1949 3615 2147 3669 sentire
2171 3615 2316 3670 nefas
2333 3626 2433 3679 est,
2459 3615 2756 3670 adulterum
2780 3614 2957 3681 faciat,
2982 3615 3066 3671 cui
3094 3616 3307 3671 vivente
3335 3616 3528 3671 marito

1950 3707 2121 3761 nubit.
2155 3707 2357 3762 Deinde
2381 3723 2499 3761 cum
2528 3708 2713 3777 prima:
2741 3707 2940 3777 nuptis:
2968 3706 3202 3762 melioris
3232 3707 3339 3761 sint
3360 3706 3535 3763 meriti

1948 3815 2105 3869 quam
2154 3799 2422 3865 secundm,
2465 3798 2601 3851 absit
2649 3807 2705 3851 ut
2743 3806 3045 3851 sanctarum
3095 3796 3374 3855 viduarum
3434 3798 3535 3854 iste

1949 3890 2019 3945 sit
2046 3904 2256 3954 sensus,
2309 3898 2363 3941 nt
2399 3887 2643 3942 Christus
2693 3888 2770 3941 eis
2806 3887 3047 3942 videatur
3073 3887 3223 3957 quasi
3264 3886 3531 3942 secundus

1949 3980 2192 4052 maritus.
2224 3978 2395 4048 Ipsum
2424 3978 2563 4033 enim
2590 3977 2859 4031 habebant
2885 3987 2934 4031 et
2963 3986 3138 4043 antea,
3169 3976 3381 4047 quando
3401 3976 3532 4032 viris

1948 4071 2058 4125 suis
2125 4067 2349 4123 ﬁdeliter
2409 4068 2713 4122 serviebant
2761 4067 3026 4132 subditae,
3059 4082 3163 4121 non
3216 4067 3527 4135 carnaliter,

1948 4161 2044 4218 sed
2093 4159 2440 4231 spiritualiter
2499 4161 2716 4213 virum:
2752 4159 2836 4213 cui
2889 4158 3125 4214 Ecclesia
3172 4157 3283 4230 ipsa
3313 4201 3329 4224 ,
3381 4157 3534 4230 cujus

1949 4255 2188 4312 membra
2236 4262 2380 4319 sunt,
2427 4254 2620 4323 conjux
2665 4260 2774 4319 est;
2821 4268 2939 4325 qua:
2990 4252 3148 4320 lidei,
3201 4251 3353 4324 spei,
3406 4253 3535 4306 cha-

1947 4350 2118 4406 ritatis
2148 4348 2480 4420 integritate,
2531 4363 2636 4401 non
2682 4348 2733 4402 in
2785 4347 2914 4403 solis
2959 4347 3255 4418 virginibus
3310 4345 3529 4415 sanctis,

1948 4440 2042 4497 sed
2073 4442 2230 4496 etiam
2264 4440 2313 4494 iu
2349 4439 2519 4493 viduis
2542 4447 2593 4493 et
2619 4439 2915 4511 conjugatis
2945 4437 3209 4503 ﬁdelibus,
3240 4445 3345 4491 tota
3378 4436 3527 4508 virgo

1948 4540 2048 4589 est.
2076 4533 2342 4589 Universm
2368 4532 2562 4601 quippe
2583 4531 2859 4593 Ecclesiae,
2882 4530 3034 4597 cujus
3056 4529 3140 4581 illa
3161 4528 3337 4582 omnia
3365 4543 3537 4580 mem-

1948 4626 2044 4682 bra
2072 4636 2227 4692 sunt,
2278 4624 2560 4694 Apostolus
2590 4621 2717 4677 dicit
2746 4640 2756 4673 :
2789 4621 2971 4690 Αριαυὶ
2995 4636 3081 4673 vos
3110 4620 3202 4675 uni
3226 4621 3333 4673 viro
3379 4608 3535 4691 virgii

1948 4737 2062 4775 nem
2088 4730 2278 4773 castam
2302 4716 2531 4771 exhibere
2553 4713 2752 4769 Christo
2782 4712 2848 4785 (ll
2874 4710 2992 4767 Cor.
3026 4729 3097 4777 xt,
3126 4711 3205 4783 2).
3246 4710 3404 4765 Novit
3431 4726 3529 4765 au-

1950 4820 2056 4865 tem
2087 4809 2176 4863 ille
2213 4808 2491 4877 eoujugem
2519 4804 2777 4879 virginem
2823 4803 2937 4857 sine
2967 4804 3309 4871 corruptione
3334 4802 3531 4867 fetare,

1950 4916 2104 4973 quem
2136 4901 2186 4955 in
2210 4900 2321 4970 ipsa
2349 4898 2507 4954 etiam
2536 4911 2694 4952 carne
2722 4896 2891 4967 potuit
2913 4904 3079 4965 mater
3098 4894 3210 4949 sine
3236 4880 3536 4963 corruptio;

1950 5010 2016 5049 ne
2045 5007 2341 5064 procreare.
2378 4990 2461 5045 Fit
2507 4999 2682 5044 autem
2728 5002 2823 5058 per
2851 4987 2989 5041 hanc
3021 4985 3197 5040 minus
3226 4984 3535 5039 considera-

1951 5098 2056 5144 tam
2085 5087 2387 5158 Opinionem
2408 5125 2423 5149 ,
2455 5098 2556 5154 qua
2589 5091 2776 5153 putant
2809 5081 3074 5150 lapsarum
3119 5093 3149 5132 a
3195 5085 3380 5137 saneto
3409 5091 3534 5146 pro-

1950 5180 2122 5251 posito
2161 5176 2481 5231 feminarum
2504 5216 2516 5238 ,
2550 5173 2596 5228 si
2620 5170 2918 5243 nupserim,
2960 5184 3066 5225 non
3099 5183 3220 5223 esse
3244 5167 3527 5237 coniugia,

1950 5288 2054 5326 non
2081 5286 2294 5347 parvum
2320 5268 2515 5323 malum
2538 5308 2551 5333 ,
2584 5273 2641 5319 ut
2683 5281 2711 5318 a
2759 5263 2961 5318 maritis
2990 5273 3310 5333 separentur
3339 5274 3535 5315 uxores

1948 5362 2097 5434 quasi
2128 5360 2380 5414 adultera:
2424 5358 2560 5423 sint,
2596 5373 2698 5411 non
2737 5371 2972 5422 mores;
3002 5364 3056 5411 et
3084 5369 3205 5411 cum
3233 5352 3417 5407 volunt
3443 5365 3537 5407 eas

1949 5462 2216 5524 separatas
2233 5451 2455 5506 reddere
2482 5448 2844 5512 continentiae,
2869 5446 3071 5503 faciunt
3099 5445 3321 5501 maritos
3349 5459 3532 5500 earnm

1951 5548 2218 5601 adulteros
2264 5559 2422 5599 veros
2450 5545 2486 5605 ί,
2529 5558 2649 5596 cum
2700 5542 2812 5597 suis
2864 5541 3121 5596 uxoribus
3160 5539 3292 5595 vivis
3338 5539 3535 5593 alteras

1950 5638 2215 5711 duxerint.

2015 5754 2035 5787 ³
2049 5759 2123 5801 Er.
2144 5757 2195 5803 et
2217 5750 2442 5813 plerique
2458 5756 2584 5813 Mss,
2610 5748 2757 5800 uiros.
