4142 6212
504 290 606 356 ιὸθ
635 307 642 314 ’

568 403 794 462 CAPUT
823 401 914 459 XI.
932 432 1001 445 —-
1022 401 1110 457 14.
1136 398 1335 472 Lapsus
1355 416 1386 454 a
1409 409 1581 456 sancto
1602 400 1862 470 proposito
1893 400 2076 464 malus,

495 499 692 569 nuptiis
721 508 886 552 tamen
910 497 1170 566 lapsorum
1191 494 1352 548 bonae.
1381 493 1713 563 Quapropter
1743 509 1846 548 non
1869 508 2086 563 possum

495 590 713 661 quidem
741 589 939 653 dicere,
963 603 993 642 a
1023 587 1297 658 proposito
1325 587 1545 641 meliore
1573 587 1778 655 lapsas,
1812 587 1856 641 si
1887 602 2086 657 nupse-

493 682 624 749 rint,
672 680 898 736 feminas
922 721 937 746 ,
999 678 1260 734 adulteria
1313 694 1437 735 esse
1461 720 1475 743 ,
1531 693 1636 734 non
1675 677 1917 748 conjugia
1952 695 1963 730 :
1994 676 2086 732 sed

493 775 652 844 plane
680 787 791 828 non
818 771 1170 827 dubitaverim
1202 771 1412 837 dicere,
1437 772 1616 841 lapsus
1641 779 1694 827 et
1720 771 1901 826 ruinas
1932 785 1960 824 a
1991 785 2082 824 ca-

494 865 674 919 stitate
698 864 982 932 sanctiore,
1009 879 1128 934 qua:
1153 874 1376 920 vovetur
1394 864 1641 930 Domino,
1666 862 1941 918 adulteriis
1966 877 2087 917 esse

492 954 726 1026 pejores.
750 954 805 1010 Si
835 956 999 1020 enim,
1033 955 1175 1025 quod
1207 956 1356 1011 nullo
1397 956 1559 1010 modo
1587 954 1939 1010 dubitandum
1968 963 2048 1008 est
2067 998 2081 1023 ,

490 1046 563 1102 ad
589 1046 944 1103 offensionem
974 1047 1170 1102 Christi
1196 1047 1461 1117 pertinet,
1488 1063 1608 1104 cum
1637 1046 1937 1102 membrum
1966 1045 2083 1116 ejus

494 1137 658 1200 fidem
685 1154 792 1194 non
813 1147 990 1194 servat
1019 1140 1211 1194 marito
1237 1157 1251 1206 ;
1279 1148 1480 1210 quanto
1523 1139 1737 1210 gravius
1775 1137 2081 1204 offenditur,

494 1244 618 1286 cum
644 1230 718 1285 illi
747 1231 847 1301 ipsi
874 1245 980 1285 non
1004 1240 1249 1288 servatur
1275 1231 1407 1287 fides
1427 1231 1480 1286 in
1505 1246 1570 1287 eo
1593 1231 1735 1300 quod
1756 1230 1920 1302 exigit
1937 1231 2086 1285 obla-

491 1309 608 1378 tum
628 1363 644 1390 ,
675 1322 765 1393 qui
796 1339 902 1379 non
926 1332 1177 1394 exegerat
1200 1323 1572 1380 offerendum?
1599 1323 1734 1379 Cum
1761 1323 1904 1379 enim
1926 1325 2082 1394 quis-

494 1430 602 1485 que
627 1431 731 1470 non
763 1415 954 1483 reddit,
997 1416 1140 1486 quod
1193 1431 1301 1472 non
1345 1416 1572 1488 imperio
1623 1417 1954 1486 compulsus,
1989 1415 2082 1472 sed

493 1505 722 1567 consilio
751 1507 1108 1562 commonitus
1136 1508 1311 1573 vovit;
1333 1515 1478 1562 tanto
1500 1507 1668 1578 magis
1697 1506 1924 1562 fraudati
1973 1508 2083 1563 voti

493 1606 652 1668 auget
672 1597 1034 1668 iniquitatem,
1059 1607 1258 1670 quanto
1289 1599 1466 1655 minus
1505 1597 1691 1654 habuit
1720 1599 1950 1654 vovendi
1983 1615 2083 1655 ne-

492 1688 819 1745 cessitatem.
850 1689 976 1745 Haec
1001 1690 1122 1746 ideo
1146 1690 1391 1761 disputo,
1415 1706 1482 1746 ne
1510 1691 1786 1747 arbitreris
1799 1693 1879 1747 vel
1894 1707 2084 1748 secun-

493 1779 590 1835 das
615 1781 825 1850 nuptias
854 1781 1055 1837 crimen
1082 1798 1200 1838 esse
1220 1825 1236 1852 ,
1288 1783 1374 1839 vel
1423 1798 1783 1855 quascumque
1827 1786 2038 1855 nuptias
2063 1828 2078 1853 ,

491 1884 615 1925 cum
643 1873 750 1925 sint
777 1873 1003 1943 nuptiae,
1035 1856 1234 1929 malum
1258 1888 1380 1930 esse
1407 1875 1448 1927 ί.
1479 1874 1596 1930 Νοη
1627 1875 1807 1945 itaque
1836 1877 1953 1931 illas
1983 1875 2081 1933 abs

491 1966 546 2014 te
565 1959 842 2016 damnatas
870 1963 1004 2018 velis
1027 1978 1169 2030 esse,
1195 1964 1290 2020 sed
1320 1973 1547 2034 spretas.
1571 1965 1776 2020 Bonum
1798 1980 1927 2038 ergo
1951 1981 2081 2022 con-

490 2051 729 2108 tinentia:
757 2051 987 2108 vidualis
1027 2053 1349 2110 luculentius
1388 2055 1560 2122 decet,
1600 2071 1719 2110 cum
1747 2071 1844 2125 pro
1872 2057 1963 2111 illo
1989 2072 2082 2112 vo-

489 2143 667 2198 vendo
692 2153 746 2200 et
774 2144 1074 2215 profitendo
1093 2155 1324 2217 possunt
1347 2156 1694 2203 contemnere
1710 2146 1924 2204 femina:
1940 2149 2082 2219 quod

490 2243 547 2291 et
572 2235 701 2292 libet
727 2247 781 2292 et
810 2238 956 2293 licet.
987 2237 1098 2294 Sed
1133 2249 1253 2308 post
1280 2240 1388 2295 voti
1416 2242 1802 2311 professionem
1833 2257 2082 2312 perseve-

487 2337 672 2384 ranter
700 2329 1017 2386 frenandum
1037 2340 1092 2388 et
1113 2332 1434 2389 vincendum
1465 2343 1548 2390 est
1578 2334 1720 2405 quod
1749 2334 1914 2402 libet,
1960 2335 2081 2406 quia

488 2418 601 2490 jam
621 2438 729 2477 non
758 2423 902 2478 licet.

561 2514 788 2572 CAPUT
804 2515 1083 2574 Xll.—15.
1099 2516 1290 2573 Nullas
1300 2519 1595 2590 quotaslibet
1611 2520 1813 2592 nuptias
1829 2520 2081 2575 damnan-

487 2605 582 2661 das
610 2624 734 2662 esse.
766 2607 843 2663 De
880 2610 1050 2665 tertiis
1075 2619 1130 2665 et
1155 2611 1223 2666 de
1251 2613 1454 2681 quartis
1479 2621 1534 2667 et
1566 2610 1634 2667 de
1671 2613 1808 2667 ultra
1842 2613 2080 2682 pluribus

487 2699 689 2767 nuptiis
711 2701 887 2755 solent
919 2701 1164 2758 homines
1191 2719 1410 2759 movere
1434 2705 1803 2774 quaestionem.
1845 2704 1994 2760 Unde
2022 2713 2082 2759 ut

486 2790 722 2846 breviter
736 2793 1088 2862 respondeam
1098 2838 1113 2862 ,
1132 2811 1232 2850 nec
1251 2795 1383 2850 ullas
1395 2797 1604 2867 nuptias
1621 2796 1791 2852 audeo
1801 2796 2074 2866 damnare,

485 2895 589 2938 nec
608 2883 684 2938 eis
699 2885 1074 2941 verecundiam
1093 2888 1492 2944 numerositatis
1510 2888 1739 2946 auferre.
1757 2889 1862 2946 Sed
1881 2906 1948 2946 ne
1964 2892 2080 2946 cui-

486 2988 648 3044 quam
669 2973 902 3032 brevitas
921 2976 1075 3047 hujus
1095 2979 1459 3048 responsionis
1479 2995 1612 3035 mea:
1629 2980 1763 3036 forte
1777 2980 2076 3051 displiceat,

486 3063 706 3120 uberius
726 3065 1081 3134 disputantem
1104 3069 1550 3139 reprehensorem
1574 3087 1752 3127 meum
1779 3073 1965 3130 audire
1979 3089 2076 3144 pa-
2120 3135 2129 3142 ,

485 3164 635 3211 ratus
645 3171 785 3210 sum.
800 3155 1065 3214 Fortassis
1077 3160 1220 3214 enim
1233 3159 1388 3216 affert
1398 3161 1627 3232 aliquam
1641 3163 1923 3231 rationem,
1943 3180 2075 3235 qua-

485 3258 549 3301 re
597 3247 847 3303 secunda:
877 3251 1075 3319 nuptiae
1103 3267 1209 3306 non
1239 3251 1578 3320 damnentur,
1613 3255 1781 3310 tertiae
1815 3255 2078 3312 damnen-
2120 3254 2128 3320 Ῐ

2118 3341 2140 3426 ς
2186 3349 2297 3396 tam
2319 3341 2426 3398 cito
2448 3342 2733 3398 extulisset
2755 3343 2949 3411 virum,
2980 3358 3076 3414 per
3101 3344 3362 3415 prolixam
3392 3352 3604 3400 aetatem
3625 3359 3778 3400 suam

2120 3429 2129 3507 ξ
2187 3435 2280 3491 diu
2305 3450 2427 3491 cum
2455 3451 2619 3492 carne
2641 3435 2915 3504 conflixit,
2945 3445 2999 3492 et
3023 3437 3170 3493 vicit.
3209 3436 3300 3494 Sic
3337 3437 3480 3493 enim
3521 3437 3778 3508 scriptum

485 3345 593 3394 tur.
622 3339 757 3395 Nam
781 3340 1062 3412 ego,’sicut
1087 3343 1139 3397 in
1168 3345 1388 3399 exordio
1414 3348 1679 3401 sermonis
1706 3347 1864 3418 hujus
1890 3349 2078 3404 admo-

486 3433 610 3498 nui,
644 3447 748 3488 non
802 3434 973 3490 audeo
1020 3437 1138 3504 plus
1181 3452 1371 3507 sapere
1424 3455 1581 3508 quam
1623 3450 1838 3510 oportet
1879 3457 2072 3512 sapere

487 3523 663 3594 (Rom.
696 3542 792 3594 xu,
823 3527 902 3599 5).
931 3528 1060 3595 Quis
1108 3531 1250 3583 enim
1276 3547 1415 3595 sum,
1454 3533 1542 3601 qui
1597 3543 1776 3602 putem
1821 3533 2080 3590 delinien-
2125 3593 2132 3603 ,

489 3614 638 3683 dum,
661 3618 800 3687 quod
830 3631 928 3676 nec
952 3621 1268 3690 Apostolum
1291 3624 1444 3678 video
1460 3623 1752 3680 delinisse?
1778 3627 1867 3681 Ait
1892 3628 2034 3683 enim
2062 3649 2075 3684 :
2123 3684 2131 3694 ,

2185 3714 2294 3768 viro
2325 3730 2416 3769 suo
2444 3714 2592 3769 annis
2615 3722 2806 3785 septem
2842 3731 2873 3769 a
2911 3715 3197 3786 virginitate
3224 3731 3351 3782 sua;
3389 3723 3438 3770 et
3479 3714 3586 3769 lucc
3624 3713 3779 3768 uidua

487 3705 679 3761 Mulier
707 3710 919 3780 alligata
963 3721 1052 3776 est,
1085 3715 1325 3784 quamdiu
1353 3716 1427 3769 vir
1453 3717 1560 3786 ejus
1585 3718 1721 3771 vivit.
1755 3718 1871 3773 Non
1901 3720 2034 3776 dixit
2059 3765 2074 3789 ,

486 3798 730 3868 primus;
761 3809 884 3870 aut,
917 3804 1213 3870 secundus;
1246 3815 1356 3872 aut,
1388 3809 1607 3875 tertius;
1641 3819 1750 3878 aut,
1783 3817 2074 3880 quartus':

485 3891 612 3957 sed,
636 3891 846 3959 Mulier,
874 3894 1063 3966 inquit,
1101 3897 1315 3970 alligata
1352 3909 1446 3968 est,
1487 3901 1731 3972 quamdiu
1756 3904 1832 3958 vir
1856 3907 1966 3975 ejus
1996 3908 2073 3961 vi-

484 3984 555 4036 vit
578 3985 667 4038 nsi
695 3996 863 4040 autem
889 3998 1115 4046 mortuus
1140 3991 1292 4058 fuerit
1330 3995 1406 4046 vir
1443 3995 1574 4066 ejus,
1614 3996 1825 4052 liberata
1851 4009 1966 4067 est;
1994 4001 2078 4056 cui

2188 4081 2346 4137 vidua
2373 4098 2479 4138 non
2507 4082 2682 4138 solum
2707 4097 2774 4139 eo
2805 4082 3124 4153 prmdicatur
3165 4083 3307 4155 quod
3335 4083 3544 4140 univira
3581 4083 3774 4150 fuerit,

484 4167 558 4220 sic
583 4171 913 4238 permanserit
945 4171 988 4241 (l
1015 4171 1132 4226 Cor.
1161 4191 1252 4238 vu,
1288 4175 1376 4242 '59,
1404 4177 1517 4246 40).
1552 4181 1687 4246 Quid
1711 4181 1832 4237 huic
1862 4195 2078 4241 sentcn-

486 4257 610 4319 tiae,
644 4267 900 4328 quantum
931 4261 996 4315 ad
1028 4261 1165 4318 hanc
1193 4281 1307 4320 rem
1339 4267 1549 4333 attinet,
1593 4269 1713 4324 addi
1743 4273 1823 4326 vel
1865 4275 2072 4331 detrahi

456 4076 589 4131 mult
631 4080 820 4144 nubat,
855 4090 1048 4134 tantum
1096 4084 1148 4136 in
1197 4084 1437 4140 Domino.
1471 4086 1676 4143 Beatior
1703 4102 1873 4146 autem
1893 4095 2005 4160 erit,
2034 4096 2080 4150 si

483 4347 675 4415 possit,
711 4348 916 4416 ignoro.
940 4350 1139 4407 Deinde
1169 4353 1343 4422 ipsum
1371 4370 1586 4426 quoque
1609 4361 1986 4429 Apostolorum
2008 4381 2074 4424 ac

483 4447 730 4495 nostrum
760 4439 1066 4511 Magistrum
1119 4453 1173 4500 et
1223 4445 1508 4502 Dominum
1557 4450 1715 4505 audio
1768 4452 2076 4514 Sadducmis
2123 4509 2138 4532 κ

485 4534 901 4604 respondentem
933 4579 946 4602 ,
1001 4553 1122 4593 cum
1169 4542 1581 4611 proposuissent
1637 4547 1920 4605 mulierem
1964 4567 2074 4609 non
2125 4587 2135 4623 τ

2128 4629 2138 4706 '_
2186 4625 2384 4683 viduas.
2428 4627 2654 4684 Julianus
2690 4629 2856 4687 vidua:
2881 4633 2979 4687 tria
3005 4642 3209 4704 exaptat
3248 4650 3360 4705 qua:
3386 4633 3547 4689 Annae
3572 4635 3776 4704 fuerunt

483 4627 748 4682 univiram
777 4629 858 4683 vel
885 4629 1142 4699 biviram,
1187 4633 1323 4702 sed,
1376 4635 1422 4690 si
1457 4635 1561 4693 dici
1608 4648 1804 4708 potest,
1857 4644 2076 4714 septivi-

482 4731 599 4771 ram
622 4761 635 4784 ,
664 4719 716 4772 in
749 4722 1143 4778 resurrectione
1163 4725 1314 4795 cujus
1337 4724 1514 4784 futura
1542 4740 1686 4787 esset
1706 4748 1860 4788 uxor.
1893 4734 2074 4794 lncre—
2127 4781 2136 4790 .

481 4821 617 4876 pans
647 4809 786 4864 enim
817 4825 940 4876 eos,
973 4815 1046 4867 ait
1073 4832 1085 4867 :
1120 4812 1344 4884 Erratis,
1380 4834 1481 4872 non
1507 4823 1717 4878 scientes
1746 4823 2064 4896 Scripturas,

483 4916 643 4970 neque
662 4903 892 4957 virtutem
917 4903 1032 4959 Dei.
1057 4905 1125 4960 In
1165 4910 1530 4966 resurrectione
1568 4915 1702 4967 enim
1747 4932 1835 4968 nec
1861 4918 2070 4987 nubent,

483 5007 576 5044 nec
613 5010 794 5047 uxores
821 4995 1003 5050 ducent
1029 5013 1045 5050 :
1071 5015 1172 5052 non
1197 4999 1331 5053 enim
1357 5002 1598 5072 incipient
1624 5007 1773 5073 mori,
1802 5010 1889 5062 sed
1926 5021 2074 5064 erunt

483 5083 702 5152 aequales
727 5086 933 5157 Angelis
956 5088 1051 5142 Dei
1085 5089 1296 5161 (Matth.
1315 5108 1446 5161 xxii,
1465 5092 1534 5150 29
1553 5105 1599 5151 et
1615 5095 1727 5169 50).
1759 5097 1953 5154 Eorum
1972 5102 2074 5156 ita-

482 5191 588 5247 que
610 5182 1056 5236 resurrectionem
1081 5188 1550 5255 commemoravit,
1573 5189 1662 5258 qui
1687 5203 1968 5264 resurgent
1998 5197 2067 5251 ad

480 5271 666 5337 vitam,
696 5286 802 5325 non
830 5272 920 5342 qui
950 5286 1228 5345 resurgent
1256 5275 1323 5330 ad
1363 5293 1596 5348 poenam.
1629 5280 1808 5337 Potuit
1827 5299 1954 5354 ergo
1982 5286 2066 5340 di-

480 5373 605 5415 cere
625 5402 640 5428 ,
681 5361 885 5417 Erratis
904 5404 919 5428 ,
944 5365 1243 5422 nescientes
1268 5368 1588 5441 Scripturas.
1618 5389 1791 5444 neque
1813 5377 2064 5434 virtutem

481 5452 614 5520 Dei;
644 5455 697 5509 in
728 5455 816 5510 illa
850 5457 992 5512 enim
1018 5461 1412 5520 resurrectione
1449 5465 1762 5524 multinuba:
1799 5470 1914 5526 ista:
1946 5486 2068 5529 esse

545 5610 711 5691 193°.
719 5612 998 5691 !€"!%2_!’€‘.
1009 5626 1334 5691 quemue
1351 5619 1564 5691 eum.
1586 5635 1700 5676 cum
1732 5623 1829 5677 sint
1858 5625 2062 5691 πυρείων

683 5685 807 5741 esse,
827 5669 1002 5741 absunt
1022 5669 1054 5728 a
1074 5669 1326 5741 plerisq'ue
1351 5669 1456 5734 Mss.

547 5735 567 5764 ί
588 5735 710 5787 Libri
727 5735 940 5801 quidam,
955 5744 1039 5793 aut
1060 5735 1360 5804 quotaslibet.

1735 283 1790 338 S.
1833 275 2194 338 AUGUSTINI
2231 274 2528 335 EPISCOPI

3682 283 3790 343 440

2198 409 2302 449 ηοη
2329 403 2580 465 poterunt
2605 413 2618 449 :
2646 393 2838 450 deinde
2866 393 3082 462 addere,
3105 396 3228 467 quia
3253 411 3354 455 nec
3380 399 3560 472 aliqua
3587 401 3662 456 ibi
3695 417 3798 476 nu-l

2194 486 2291 541 bit.
2315 486 2420 542 Sed
2451 502 2548 542 nec
2577 487 2767 556 ipsam,
2803 497 2858 541 ut
2888 487 3128 542 videmus
3151 531 3165 554 ,
3205 499 3282 545 tot
3307 493 3621 547 maritorum
3658 499 3797 548 mu-‘

2195 576 2379 632 lierem
2412 579 2514 632 ulla
2557 593 2667 633 sua:
2714 580 2991 634 sententia:
3039 581 3433 652 significatione
3483 585 3778 641 damnavit.

2195 667 2528 740 Quapropter
2563 686 2661 726 nec
2688 681 2872 726 contra
2919 670 3165 728 humanae
3191 676 3530 730 verecundia:
3561 692 3782 733 sensum

2195 761 2366 816 audeo
2400 761 2581 816 dicere
2602 805 2616 827 ,
2652 772 2710 818 ut
2734 763 2943 833 quoties
2973 764 3240 831 voluerit,
3267 768 3395 821 viris
3423 770 3650 824 mortuis
3679 786 3784 824 nu-

2194 852 2285 908 bat
2310 851 2504 908 femina
2538 872 2552 910 :
2581 869 2679 908 nec
2703 869 2769 909 ex
2799 870 2920 910 meo
2945 855 3105 910 corde
3135 867 3329 926 praeter
3355 857 3645 929 Scriptura:
3662 875 3787 915 san-

2194 951 2293 998 cta:
2337 944 2705 999 auctoritatem
2742 947 3062 1016 quotaslibet
3092 948 3348 1018 ‘nuptias
3375 950 3545 1006 audeo
3589 951 3789 1008 conde-

2193 1050 2398 1092 mnare.
2430 1035 2584 1103 Quod
2623 1047 2801 1092 autem
2850 1037 2971 1093 dico
3017 1039 3238 1095 univira:
3266 1040 3460 1108 vidum,
3509 1042 3612 1098 hoc
3661 1043 3784 1100 dico

2193 1127 2338 1181 omni
2367 1126 2540 1182 vidua:
2569 1145 2582 1180 :
2608 1126 2813 1183 beatior
2838 1129 2964 1195 eris,
2993 1129 3037 1184 si
3067 1130 3142 1184 sic
3171 1133 3551 1200 permanseris.

2262 1219 2490 1276 CAPUT
2515 1219 2654 1275 Xlll.
2679 1252 2750 1261 —
2772 1221 2859 1276 16.
2902 1221 3120 1276 Viduam
3141 1222 3350 1276 biviram
3380 1225 3654 1294 aliquando
3677 1242 3786 1281 esse

2194 1312 2561 1381 praferendam
2586 1313 2816 1368 univiraz.
2861 1313 3140 1368 Viduarunt
3170 1315 3347 1370 merita
3377 1332 3442 1371 ex
3472 1318 3632 1387 ipsius
3656 1335 3782 1373 con-

2193 1405 2414 1460 tinentia:
2460 1405 2646 1461 viribus
2692 1407 2972 1478 pensanda.
3025 1407 3155 1461 Nam
3209 1419 3264 1464 et
3313 1409 3444 1464 illud
3495 1424 3602 1464 non
3646 1410 3782 1466 insi-

2191 1497 2400 1566 pienter
2427 1497 2653 1568 proponi
2677 1499 2851 1566 solet,
2889 1507 2944 1552 ut
2976 1499 3118 1554 dicat
3157 1500 3247 1570 qui
3284 1509 3494 1570 potest,
3530 1517 3779 1572 quaenam

2190 1586 2348 1642 vidua
2387 1588 2591 1643 meritis
2630 1587 2963 1658 prmferenda
3001 1589 3070 1644 sit
3113 1607 3125 1643 :
3166 1598 3344 1645 utrum
3388 1591 3629 1658 univira,
3658 1607 3780 1662 qua:

2190 1693 2313 1734 cum
2343 1679 2563 1736 vixisset
2588 1679 2785 1736 diutius
2807 1695 2927 1735 cum
2958 1681 3171 1751 marito,
3205 1681 3329 1737 filiis
3358 1685 3651 1754 procreatis
3677 1683 3784 1740 sal-

2189 1773 2376 1843 visque
2404 1772 2635 1839 viduata,
2661 1773 3040 1829 continentiam
3069 1775 3308 1845 professa
3337 1787 3449 1843 est;
3476 1791 3549 1831 an
3576 1792 3637 1831 ea
3658 1792 3779 1848 qua:

2190 1863 2591 1921 adolescentula
2621 1864 2759 1921 intra
2789 1866 2924 1922 duos
2946 1882 3115 1923 annos
3149 1870 3359 1925 amissis
3380 1869 3589 1926 duobus
3611 1871 3738 1926 viris
3757 1911 3774 1936 ,

2189 1957 2352 2013 nullis
2393 1957 2462 2013 ad
2507 1959 2926 2015 consolationem
2969 1961 3304 2017 exstantibus
3351 1960 3568 2028 liberis,
3609 1962 3782 2017 conti-

2189 2048 2425 2104 nentiam
2454 2048 2562 2104 Deo
2583 2049 2748 2116 vovit,
2770 2057 2826 2105 et
2850 2050 2903 2105 in
2926 2065 2987 2106 ea
3016 2052 3543 2122 perseverantissima
3575 2053 3777 2108 sancti-

2190 2149 2297 2197 tate
2322 2142 2621 2198 consenuit.
2657 2141 2757 2198 Hic
2781 2158 2840 2198 se
2872 2157 3188 2212 exerceant,
3216 2146 3262 2200 si
3303 2155 3558 2216 possunt,
3593 2145 3780 2216 dispu-

2134 2249 2141 2255 ’
2189 2233 2372 2303 tando,
2404 2243 2459 2291 et
2486 2235 2640 2290 nobis
2660 2235 2860 2306 aliquid
2880 2235 3316 2303 demonstrando,
3343 2239 3432 2308 qui
3457 2239 3524 2294 de
3555 2254 3780 2296 numero

2187 2325 2422 2380 virorum
2449 2367 2464 2394 ,
2499 2341 2606 2382 non
2643 2326 2710 2382 de
2745 2327 2913 2397 ipsius
2949 2329 3292 2383 continentiae
3322 2329 3523 2384 viribus
3547 2339 3781 2400 pensant

2123 2485 2129 2490 _
2187 2421 2378 2474 merita
2405 2417 2707 2474 viduarum.
2738 2418 2794 2476 Si
2821 2421 2964 2475 enim
2994 2421 3262 2488 dixerint,
3297 2421 3370 2476 illi
3413 2421 3595 2477 bivira:
3632 2421 3777 2478 illam

2188 2508 2450 2563 univiram
2476 2524 2599 2565 esse
2627 2509 3013 2580 praeferendam
3035 2528 3050 2576 ;
3071 2511 3172 2567 nisi
3190 2512 3467 2567 attulerint
3489 2513 3779 2582 specialem

2187 2600 2417 2670 aliquam
2459 2600 2722 2658 rationem
2768 2603 2849 2658 vel
2892 2604 3260 2660 auctoritatem
3287 2645 3303 2672 ,
3346 2602 3588 2675 profecto
3630 2605 3781 2661 inve-

2187 2692 2404 2748 nientur
2436 2694 2618 2748 virtuti
2659 2694 2824 2749 animi
2862 2710 2968 2751 non
3006 2695 3264 2766 majorem
3293 2696 3546 2752 virtutem
3573 2697 3736 2753 animi
3757 2739 3777 2768 ,

2186 2783 2285 2841 sed
2327 2785 2505 2841 carnis
2562 2785 2874 2842 felicitatem
2928 2795 3277 2859 anteponere.
3332 2787 3416 2843 Ad
3467 2787 3778 2845 felicitatem

2187 2876 2386 2947 quippe
2425 2878 2604 2933 carnis
2644 2878 2934 2950 pertinuit,
2964 2889 3020 2936 et
3043 2879 3137 2936 diu
3165 2895 3289 2936 cum
3322 2880 3438 2937 viro
3475 2882 3692 2950 vivere,
3723 2892 3780 2939 et

2186 2967 2326 3025 filios
2359 2985 2661 3040 procreare.
2693 2969 2798 3027 Sed
2827 2971 2874 3027 si
2910 2987 3018 3027 non
3045 2986 3164 3029 eam
3193 2973 3265 3028 ob
3299 2972 3403 3029 hoc
3429 2983 3775 3045 praponunt,

2187 3061 2311 3130 quia
2340 3061 2478 3117 filios
2507 3061 2720 3130 habuit;
2763 3061 2996 3133 idipsum
3024 3073 3171 3120 certe
3195 3063 3337 3134 quod
3372 3064 3465 3119 diu
3500 3080 3622 3120 cum
3661 3065 3778 3122 viro

2185 3155 2350 3221 vixit,
2392 3155 2519 3227 quid
2545 3156 2689 3212 aliud
2716 3172 2875 3227 quam
2901 3157 3080 3214 carnis
3108 3157 3334 3214 felicitas
3360 3157 3495 3212 fuit?
3533 3157 3778 3214 Meritum

2185 3264 2350 3320 porro
2372 3251 2540 3306 Annae
2560 3250 2704 3306 illius
2721 3265 2785 3306 eo
2804 3251 3036 3307 maxime
3055 3250 3480 3318 commendatur,
3510 3252 3633 3324 quia
3653 3266 3778 3308 cum

2187 3535 2272 3582 est
2300 3545 2314 3580 :
2343 3525 2413 3581 Et
2436 3536 2543 3582 erat
2569 3530 2716 3582 Anna
2753 3527 3071 3598 prophetissa
3101 3528 3214 3598 ﬁlia
3235 3527 3511 3615 .Phanuel,
3550 3529 3614 3582 de
3645 3527 3779 3582 tribu

2186 3620 2314 3675 Aser
2345 3636 2365 3676 :
2388 3621 2497 3676 lucc
2518 3631 2828 3692 processerat
2856 3621 2908 3676 in
2937 3622 3110 3676 diebus
3137 3623 3307 3677 multis
3330 3664 3346 3691 ,
3374 3631 3422 3677 et
3447 3622 3638 3676 vixerat
3663 3638 3778 3676 cum

2186 3821 2345 3877 usque
2368 3805 2437 3860 ad
2470 3822 2630 3863 annos
2663 3809 2916 3880 octoginta
2939 3817 3187 3880 quatuor,
3218 3823 3332 3879 quae
3365 3824 3468 3863 non
3492 3807 3779 3863 discedebat

2188 3897 2252 3951 de
2279 3898 2467 3970 templo
2487 3939 2502 3965 ,
2519 3899 2736 3970 jejuniis
2771 3907 2822 3954 et
2856 3898 3279 3954 obsecrationibus
3303 3900 3522 3955 seruiens
3547 3908 3689 3954 nocte
3714 3915 3777 3954 ac

2188 3987 2272 4042 die
2303 3986 2464 4062 (Luc.
2498 4004 2566 4055 ιι,
2607 3989 2710 4057 36,
2757 3988 2884 4060 57).
2921 3989 3081 4046 Vides
3117 3990 3565 4061 quemadmodum
3595 3999 3775 4046 sancta

2186 4187 2375 4228 verum
2402 4174 2561 4229 etiam
2597 4173 2739 4244 quod
2770 4189 2969 4245 paucos
3006 4189 3176 4231 annos
3206 4191 3330 4232 cum
3358 4177 3551 4232 marito
3586 4175 3777 4231 vixerit

2186 4277 2219 4320 a
2244 4263 2547 4333 virginitate
2577 4278 2704 4332 sua,
2738 4273 2794 4321 et
2818 4264 3045 4321 vidualis
3089 4267 3434 4324 continentia:
3463 4281 3653 4323 munus
3679 4281 3745 4322 us
3771 4295 3779 4301 -

2187 4369 2293 4424 que
2337 4353 2405 4409 ad
2450 4363 2651 4410 tantam
2695 4365 3024 4414 senectutem
3069 4365 3217 4414 tanta
3267 4358 3478 4429 pietatis
3519 4358 3777 4415 servitute

2186 4445 2516 4515 perduxerit.

2257 4536 2485 4594 CAPUT
2515 4537 2656 4595 XIV.
2691 4568 2764 4581 —
2790 4541 2876 4596 Π.
2908 4540 3233 4613 Comparatio
3260 4543 3364 4598 alia
3395 4543 3525 4598 inter
3557 4543 3779 4617 triplices

2187 4724 2339 4779 bona.
2378 4722 2778 4780 Constituamus
2820 4725 2982 4797 igitur
3025 4736 3149 4782 ante
3192 4728 3379 4783 oculos
3426 4737 3642 4784 nostros
3688 4727 3770 4782 vi-

2186 4816 2321 4872 duas
2341 4823 2482 4882 tres,
2509 4815 2769 4873 habentes
2794 4817 3004 4890 singula
3035 4833 3221 4873 eorum
3257 4835 3376 4890 qua:
3409 4819 3534 4875 huic
3571 4821 3776 4874 inerant

2187 4907 2368 4964 omnia
2401 4925 2413 4961 :
2443 4923 2601 4963 unam
2630 4923 2890 4978 ponamus
2929 4911 3188 4965 univiram
3212 4952 3227 4978 ,
3259 4911 3345 4966 cui
3370 4910 3511 4966 desit
3539 4919 3593 4966 et
3631 4918 3774 4965 tanta

2186 4998 2469 5069 prolixitas
2495 4997 2785 5066 viduitatis,
2819 4999 2960 5071 quod
2985 4999 3075 5055 diu
3103 5016 3226 5056 cum
3257 5000 3450 5055 marito
3486 5001 3697 5066 vixerit,
3725 5007 3802 5071 eti

2189 5063 2395 5145 tantum
2425 5089 2658 5146 studium
2685 5063 2919 5161 pietatis,
2947 5092 3088 5162 quod
3121 5107 3226 5146 non
3257 5092 3328 5146 ita
3352 5090 3572 5162 jejuniis
3599 5099 3653 5147 et
3680 5063 3810 5146 ὁδοί

2189 5182 2580 5237 secrationibus
2600 5183 2800 5238 serviat
2834 5201 2846 5237 :
2874 5183 3119 5250 alteram,
3153 5198 3272 5254 qua:
3297 5190 3418 5253 post
3448 5183 3641 5252 prioris
3667 5197 3780 5237 ma-

2188 5274 2281 5328 riti
2300 5273 2670 5329 brevissimam
2691 5275 2876 5342 vitam,
2892 5275 3053 5330 etiam
3077 5276 3366 5331 secundum
3389 5275 3497 5330 cito
3512 5275 3776 5342 amiserit,

2188 5374 2247 5421 et
2270 5366 2519 5421 diuturna
2547 5375 2704 5422 aztate
2730 5367 2800 5422 sit
2823 5367 2980 5422 vidua
2999 5410 3012 5433 ,
3043 5367 3139 5423 sed
3167 5367 3330 5422 etiam
3372 5367 3486 5437 ipsa
3513 5380 3620 5421 non
3653 5375 3777 5421 tan-

2189 5467 2298 5513 tam
2326 5459 2417 5514 det
2436 5473 2652 5528 operam
2672 5459 2998 5530 jejuniorum
3030 5470 3084 5516 et
3107 5461 3536 5516 obsecrationum
3564 5459 3780 5530 religio-

2189 5551 2416 5605 sissima:
2438 5551 2680 5604 servituti
2707 5567 2719 5602 :
2745 5551 2977 5616 tertiam,
3001 5567 3120 5622 qua:
3149 5568 3253 5607 non
3279 5553 3453 5608 solum
3477 5551 3613 5606 duos
3634 5549 3778 5605 viros

2134 5625 2141 5634 ’
2185 5641 2468 5709 habuerit,
2509 5641 2603 5697 sed
2642 5641 2802 5695 etiam
2844 5657 2966 5696 cum
3007 5643 3266 5701 ambobus
3311 5642 3657 5716 singillatim,
3693 5637 3780 5697 vel

2135 5753 2186 5836 τι
2265 5755 2280 5784 ί
2303 5755 2377 5805 sic
2397 5761 2504 5806 Mss.
2531 5760 2587 5806 At
2603 5752 2737 5815 editi,
2759 5751 3098 5816 quantaslibet.
