4142 6212
325 315 446 372 441

327 445 467 486 cum
495 427 675 501 aliquo
699 439 886 484 eorum
911 424 1109 482 diutius
1136 425 1349 492 vixerit,
1375 433 1430 481 et
1455 425 1753 496 posteriore
1781 433 1936 480 aetate

327 521 582 587 viduata,
613 519 666 574 in
693 534 798 590 qua
826 518 1041 590 quidem
1067 519 1110 573 si
1138 518 1339 573 nubere
1361 518 1634 582 voluisset,
1669 525 1850 587 posset
1883 526 1939 571 et

329 611 484 666 ﬁlios
525 624 840 681 procreare,
873 609 1166 679 susceperit
1203 609 1586 664 continentiam
1627 607 1935 671 vidualem;

329 702 437 759 sed
479 702 600 773 plus
633 702 836 758 intenta
873 701 926 756 in
972 701 1173 766 Deum,
1213 701 1332 771 plus
1357 701 1425 756 sit
1458 701 1683 756 sollicita
1714 717 1832 772 quae
1862 701 1936 755 illi

331 795 592 866 placeant
621 795 844 850 actitare
866 835 880 859 ,
909 792 997 848 die
1025 808 1088 848 ac
1114 803 1272 850 nocte
1297 795 1434 848 sicut
1464 794 1616 847 Anna
1638 791 1856 862 jejuniis
1885 801 1938 848 et

330 888 806 944 obsecrationibus
852 887 1113 943 serviens.
1165 886 1223 944 Si
1277 886 1637 942 eontendatur
1689 901 1934 957 quaenam

332 983 570 1038 istarum
605 983 675 1038 sit
717 982 924 1038 meritis
956 982 1166 1052 potior,
1210 982 1330 1053 quis
1373 998 1478 1037 non
1522 981 1700 1036 videat
1739 982 1792 1036 in
1836 981 1937 1036 hoc

331 1076 638 1132 certamine
667 1075 896 1146 palmam
919 1074 1150 1130 dandam
1171 1088 1291 1130 esse
1312 1074 1499 1143 majori
1522 1073 1936 1143 ferventiorique

334 1173 570 1243 pietati?
595 1172 669 1226 Ita
697 1181 750 1227 et
783 1172 828 1228 si
857 1181 966 1228 tres
999 1173 1119 1228 alia:
1154 1172 1567 1237 constituantur,
1595 1173 1787 1242 quibus
1813 1172 1934 1226 illo-

335 1279 463 1318 rum
496 1266 511 1294 ⁸
543 1264 701 1318 trium
727 1263 851 1319 bina
893 1264 1090 1327 insint.
1119 1264 1325 1335 singula
1353 1264 1558 1330 desint;
1588 1264 1706 1334 quis
1731 1263 1937 1318 dubitet

338 1373 441 1412 eas
471 1357 722 1412 meliores
747 1356 880 1422 fore,
909 1357 1100 1428 quibus
1128 1357 1526 1427 przepollentius
1554 1357 1710 1412 fuerit
1739 1357 1790 1412 in
1821 1356 1934 1411 suis

334 1448 498 1504 bonis
524 1449 734 1504 duobus
762 1449 845 1518 pia
874 1447 1144 1503 humilitas
1165 1491 1178 1515 ,
1205 1459 1261 1502 ut
1281 1449 1387 1503 alta
1416 1449 1482 1502 sit
1511 1449 1722 1518 pietas?

412 1541 503 1596 18.
527 1539 678 1595 Nulla
706 1540 920 1610 quidem
942 1542 1161 1596 istarum
1184 1557 1278 1596 sex
1301 1541 1579 1596 viduarum
1605 1551 1708 1596 tua:
1730 1557 1932 1596 normae

315 1632 673 1704 adaequatur.
721 1631 798 1686 Tu
844 1633 988 1687 enim
1033 1633 1076 1686 si
1123 1632 1224 1687 hoc
1269 1641 1450 1687 votum
1495 1632 1561 1686 ad
1602 1642 1930 1687 senectutem

336 1739 512 1795 usque
555 1724 890 1794 perduxeris,
933 1726 1112 1779 omnia
1149 1725 1246 1779 tria
1288 1735 1440 1795 potes
1478 1725 1672 1781 habere
1695 1767 1708 1790 ,
1742 1727 1932 1795 quibus

337 1819 513 1872 Anna:
537 1817 782 1871 meritum
815 1816 1084 1872 excelluit.
1109 1817 1240 1871 Nam
1265 1827 1320 1872 et
1349 1833 1510 1871 unum
1543 1818 1710 1871 virum
1742 1817 1929 1871 habui-

336 1911 444 1977 sti,
475 1919 529 1964 et
565 1923 670 1965 non
711 1909 799 1963 diu
838 1919 1011 1964 tecum
1047 1911 1177 1965 vixit
1213 1911 1265 1965 in
1309 1926 1470 1966 carne
1505 1930 1515 1964 :
1546 1927 1609 1966 ac
1641 1927 1734 1980 per
1760 1911 1860 1966 hoc
1884 1911 1928 1964 si

337 2006 651 2062 exhibueris
674 2005 1031 2061 obedientiam
1061 2005 1239 2060 verbis
1264 2004 1500 2075 Apostoli
1525 2004 1773 2069 dicentis,
1804 2004 1932 2070 Quae

335 2107 508 2152 autem
538 2113 649 2150 uere
674 2097 825 2150 vidua
847 2106 919 2150 est
946 2108 990 2150 et
1013 2097 1264 2162 desolata,
1291 2097 1506 2166 speravit
1533 2097 1585 2150 in
1613 2095 1887 2150 Dominum
1910 2138 1924 2160 ,

335 2200 386 2246 et
426 2189 644 2261 persistit
675 2191 695 2220 ²
721 2188 774 2242 in
817 2189 1126 2243 orationibus
1172 2199 1318 2242 nocte
1350 2205 1408 2241 ac
1446 2188 1561 2253 die;
1607 2197 1765 2257 atque
1801 2189 1927 2243 illud

336 2281 482 2351 quod
510 2281 752 2349 sequitur
781 2280 957 2334 sobria
988 2281 1256 2352 vigilantia
1285 2280 1608 2334 devitaveris
1631 2321 1644 2345 ,
1679 2279 1804 2345 Qua:
1833 2295 1928 2332 au-

335 2381 436 2426 tem
464 2373 516 2426 in
543 2373 728 2426 diliciis
756 2374 891 2443 agit,
916 2374 1082 2427 vivens
1111 2382 1310 2426 mortua
1332 2382 1405 2427 est
1430 2375 1447 2444 (
1471 2372 1487 2425 Ι
1514 2371 1644 2426 Tim.
1669 2389 1720 2439 v,
1752 2373 1807 2439 5,
1833 2370 1888 2445 6)
1911 2392 1922 2428 :

335 2466 515 2520 omnia
547 2466 633 2520 illa
662 2467 761 2520 tria
788 2467 922 2521 bona
944 2483 1062 2537 qum
1088 2468 1255 2522 Anna:
1283 2465 1516 2531 fuerunt,
1549 2475 1606 2522 et
1625 2474 1713 2522 tua
1743 2476 1921 2523 erunt.

334 2554 454 2610 Tibi
482 2566 659 2610 autem
689 2565 813 2610 sunt
849 2566 904 2611 et
947 2557 1060 2622 ﬁlii,
1099 2571 1232 2627 quos
1271 2555 1406 2610 forte
1432 2556 1520 2611 illa
1559 2571 1662 2612 non
1693 2555 1877 2612 habuit
1909 2575 1922 2610 :

334 2661 437 2702 nec
467 2646 589 2702 ideo
615 2648 874 2702 laudanda
905 2661 964 2704 es
985 2691 1000 2713 ,
1029 2648 1150 2718 quia
1186 2663 1280 2704 eos
1309 2647 1474 2704 habes
1494 2691 1509 2716 ,
1547 2649 1640 2703 sed
1680 2649 1802 2720 quia
1841 2649 1925 2719 pie

335 2738 539 2792 nutrire
565 2747 724 2809 atque
749 2737 978 2794 educare
1005 2739 1207 2794 studes.
1236 2739 1304 2794 Ut
1332 2741 1476 2794 enim
1511 2740 1601 2794 tibi
1636 2754 1922 2794 nasceren-

333 2838 453 2896 tur,
485 2829 857 2898 fecunditatis;
886 2841 944 2887 ut
970 2833 1178 2894 vivant,
1205 2832 1472 2886 felicitatis
1497 2841 1578 2886 est
1613 2849 1626 2885 :
1655 2841 1712 2886 ut
1744 2840 1921 2886 autem

335 2924 415 2977 sic
445 2925 820 2988 instituantur,
846 2923 1132 2977 voluntatis
1173 2930 1228 2977 et
1266 2924 1562 2992 potestatis.
1608 2922 1664 2976 In
1698 2923 1799 2977 illis
1826 2923 1921 2977 tibi

335 3013 582 3068 homines
608 3015 942 3084 gratulentur
963 3014 1004 3079 ³,
1029 3015 1080 3067 in
1110 3013 1211 3068 hoc
1234 3023 1285 3068 te
1317 3015 1606 3068 imitentur.
1641 3016 1792 3068 Anna
1824 3029 1922 3084 per

337 3106 703 3175 prapheticam
733 3104 753 3135 "
789 3105 1067 3160 scientiam
1096 3106 1342 3175 cognovit
1379 3105 1517 3174 apud
1558 3114 1780 3160 matrem
1811 3107 1916 3160 vir-

334 3195 511 3266 ginem
547 3195 852 3260 Christum;
898 3207 946 3250 te
989 3197 1288 3266 evangeliea
1319 3197 1486 3266 gratia
1533 3195 1656 3251 fecit
1700 3207 1920 3252 matrem

334 3287 553 3357 virginis
572 3285 790 3342 Christi.
815 3287 905 3342 Illa
933 3289 1108 3358 itaque
1128 3297 1312 3344 sancta
1335 3289 1502 3358 virgo,
1525 3305 1686 3358 quam
1705 3289 1922 3344 Christo

334 3381 604 3434 volentem
633 3388 686 3434 et
711 3388 981 3449 petentem
1016 3381 1300 3443 obtulistis,
1335 3380 1636 3435 vitlualibus
1656 3381 1787 3435 avia:
1812 3397 1922 3436 ma-

336 3474 534 3544 trisque
560 3473 764 3528 meritis
789 3473 990 3527 addidit
1016 3473 1214 3542 aliquid
1245 3473 1310 3526 de
1337 3476 1526 3528 merito
1553 3475 1792 3545 virginali
1815 3474 1918 3545 (ιι).

334 3563 456 3620 Νοιι
483 3565 624 3619 enim
645 3564 776 3619 nihil
804 3563 925 3618 inde
951 3563 1172 3629 habetis,
1200 3581 1317 3634 qua:
1350 3565 1484 3620 hanc
1514 3565 1721 3621 habetis
1751 3586 1762 3620 :
1793 3569 1917 3622 etin

335 3655 425 3708 illa
451 3657 602 3719 estis,
632 3655 769 3725 quod
793 3656 843 3709 in
877 3655 1027 3709 vobis
1054 3672 1156 3708 non
1185 3657 1332 3710 estis.
1361 3656 1490 3710 Nam
1521 3669 1575 3712 ut
1601 3669 1785 3714 sancta
1811 3661 1918 3714 vir-

332 3745 529 3816 ginitas
549 3744 875 3801 adimeretur
895 3745 1219 3801 nubentibus
1250 3747 1418 3810 vobis,
1445 3748 1564 3803 ideo
1589 3750 1783 3804 factum
1815 3761 1916 3819 est,

335 3847 395 3893 ut
414 3849 727 3894 nasceretur
751 3855 813 3895 ex
846 3839 1018 3893 vobis.

403 3931 630 3988 CAPUT
660 3931 773 3986 XV.
805 3961 874 3971 -—
905 3933 992 3986 l9.
1028 3929 1274 4003 Epilogus
1295 3934 1631 4002 superiorum.
1658 3933 1784 3989 llaec
1815 3935 1918 3988 ita-

332 4038 436 4095 que
459 4023 528 4079 de
552 4025 756 4080 meritis
796 4023 1022 4079 diversis
1055 4025 1456 4095 conjugatarum
1483 4025 1918 4095 diversarumque

330 4113 616 4170 viduarum
639 4115 737 4170 hoc
765 4130 929 4185 Opere
952 4131 1056 4170 non
1086 4116 1437 4185 disputarem,
1462 4117 1505 4170 si
1536 4117 1587 4171 id
1614 4117 1755 4186 quod
1777 4117 1842 4172 ad
1867 4126 1918 4174 te

330 4204 538 4272 scribo,
565 4204 656 4258 tibi
679 4207 1036 4262 tantummodo
1057 4207 1367 4262 scriberem.
1396 4207 1499 4263 Sed
1523 4208 1770 4276 quoniam
1793 4219 1917 4265 sunt

235 4371 240 4378 ι
331 4298 581 4370 quasdam
612 4297 668 4353 in
693 4298 793 4353 hoc
813 4315 1006 4370 genere
1031 4302 1294 4356 sermonis
1316 4301 1640 4356 difﬁcillima:
1661 4303 1916 4372 qurestio-

332 4405 452 4459 nes,
482 4390 682 4461 aliquid
711 4390 935 4461 amplius
958 4407 1117 4463 quam
1147 4392 1288 4462 quod
1318 4392 1383 4446 ad
1426 4403 1476 4447 te
1503 4392 1716 4462 proprie
1752 4395 1916 4462 perti-

333 4493 446 4552 net,
477 4483 654 4541 dicere
683 4485 844 4552 volui,
877 4494 1094 4557 propter
1122 4486 1378 4556 quosdam
1405 4486 1492 4556 qui
1519 4485 1617 4541 sibi
1640 4486 1781 4542 docti
1811 4503 1916 4542 non

333 4574 598 4643 videntur,
628 4577 727 4632 nisi
751 4577 955 4633 alienos
986 4576 1197 4632 labores
1224 4594 1327 4632 non
1346 4577 1636 4648 judicando
1657 4588 1918 4636 conentur

332 4667 618 4735 discutere,
635 4670 729 4726 sed
752 4670 1034 4727 laceranda
1055 4670 1404 4726 conscindere
1429 4689 1441 4726 :
1465 4671 1659 4727 deinde
1682 4681 1738 4727 ut
1757 4673 1915 4728 etiam

332 4769 391 4816 tu
416 4760 530 4831 ipsa
557 4777 660 4817 non
683 4761 856 4818 solum
891 4777 1075 4817 serves
1098 4763 1238 4832 quod
1270 4763 1488 4828 vovisti,
1519 4774 1573 4819 et
1598 4766 1647 4819 in
1675 4781 1740 4820 eo
1776 4766 1917 4820 bono

332 4852 610 4925 proﬁcias;
631 4869 814 4910 verum
837 4856 996 4910 etiam
1019 4854 1326 4925 diligentius
1348 4856 1655 4927 ﬁrmiusque
1679 4855 1912 4922 noveris,

332 4943 472 5000 idem
500 4945 700 5000 bonum
729 4954 876 5002 tuum
906 4961 1010 5002 non
1043 4962 1072 5002 a
1102 4949 1242 5002 malo
1284 4950 1585 5018 nuptiarum
1627 4950 1913 5020 distingui,

330 5037 426 5092 sed
454 5037 598 5094 bono
637 5042 941 5110 nuptiarum
984 5041 1256 5111 anteponi.
1301 5041 1430 5096 Nam
1463 5044 1550 5113 qui
1583 5044 1914 5099 viduatarum

329 5130 648 5188 feminarum
693 5134 904 5205 nuptias
948 5135 1232 5204 damnant,
1281 5137 1489 5192 etiamsi
1534 5137 1914 5192 continentiam

394 5336 411 5367 ι
427 5341 477 5384 tn
496 5343 625 5396 Mss,
648 5334 864 5390 illarum.

390 5398 413 5467 ξ
435 5398 508 5447 sic
528 5401 742 5468 potiores
763 5408 872 5452 Mss.
906 5403 1048 5468 juxta
1075 5415 1306 5468 grtecurn,
1323 5402 1520 5468 _élpiken
1534 5401 1620 5468 cpi
1641 5403 1720 5454 tim
1744 5403 1914 5467 Theon,

448 5455 735 5531 prdaménei.
778 5471 834 5514 Λι
871 5455 1022 5527 editi,
1073 5455 1688 5530 Eperalritin'mmiﬁum,
1727 5472 1772 5517 et
1803 5455 1915 5531 per;

381 5645 413 5682 -⁸
433 5645 580 5708 anu,
616 5645 907 5713 prophetici?
935 5654 1098 5715 Aptius
1255 5689 1270 5716 ,
1309 5651 1652 5719 propheticum.

389 5728 463 5802 _(a)
495 5731 638 5802 virgo
660 5735 947 5802 Demetrias,
989 5737 1260 5802 cujus_av_ia
1298 5737 1445 5802 Proba
1479 5735 1718 5801 Faltouia,
1763 5741 1917 5788 mater

320 5789 528 5843 Juliana.
549 5789 633 5844 uili
658 5794 890 5859 epistolas
904 5789 1152 5860 Augustini
1177 5797 1263 5851 150
1285 5805 1338 5852 et
1363 5799 1465 5850 150.

1486 311 1574 367 DE
1613 309 1792 367 ΒΟΝο
1836 309 2222 366 VIDUITATIS
2259 309 2478 370 LIBER.

3535 321 3648 384 ιιι

2048 439 2195 478 suam
2224 425 2506 481 multarum
2530 467 2544 489 .
2577 427 2768 498 quibus
2792 437 2850 487 tu
2873 431 3042 489 uteris
3059 473 3077 502 ,
3105 447 3289 491 rerum
3316 434 3639 498 abstinentia

2049 517 2359 572 mirabiliter
2383 528 2438 574 et
2463 521 2733 578 ferventer
2759 535 3080 592 exerceant,
3111 541 3216 582 non
3243 527 3364 584 ideo
3395 537 3446 586 te
3471 529 3638 586 sedu-

2047 618 2202 673 caot,
2236 619 2292 664 ut
2335 612 2536 668 sentias
2579 615 2720 685 quod
2769 617 3045 688 sentiunt,
3079 620 3287 676 etiamsi
3332 621 3505 679 facere
3528 639 3636 680 non

2048 701 2220 769 possis
2235 703 2374 772 quod
2393 705 2610 761 faciunt.
2634 707 2802 764 Nemo
2828 710 2970 765 enim
2993 713 3103 766 vult
3126 727 3246 768 esse
3265 714 3628 784 phreneticus,

2046 793 2256 848 etiamsi
2290 794 2466 851 videat
2501 798 2794 867 phrenetici
2830 801 2972 856 vires
2999 803 3201 860 viribus
3231 820 3484 862 sanorum
3512 823 3636 866 esse

2046 881 2318 941 fortiores.
2375 888 2647 959 Prmcipue
2694 893 2852 963 igitur
2888 894 3136 950 doctrina
3176 914 3300 953 sana
3340 900 3631 958 bonitatem

2046 979 2302 1046 prapositi
2351 991 2404 1035 et
2445 994 2599 1038 ornet
2634 994 2688 1039 et
2723 988 2944 1042 muniat.
2989 988 3116 1046 Inde
3145 999 3227 1046 est
3255 993 3449 1063 quippe
3488 997 3632 1065 quod

2044 1068 2321 1125 catholica:
2361 1072 2574 1129 feminae
2617 1078 2774 1131 etiam
2821 1081 3015 1147 saepius
3058 1091 3234 1154 nuptae
3259 1126 3274 1150 ,
3309 1101 3416 1140 non
3456 1087 3630 1144 solum

2045 1160 2265 1216 univiris
2295 1163 2470 1219 viduis
2491 1208 2504 1229 ,
2539 1167 2632 1222 sed
2663 1179 2716 1223 et
2743 1169 3035 1241 virginibus
3070 1173 3444 1232 hazreticorum
3485 1180 3632 1248 justo

2038 1251 2242 1321 judicio
2271 1257 2644 1324 przel'eruntur.
2679 1261 2824 1317 Multi
2851 1274 2979 1319 sunt
3002 1267 3216 1336 quidem
3242 1269 3310 1325 de
3340 1270 3424 1326 his
3454 1273 3626 1329 tribus

2042 1343 2221 1410 rebus,
2249 1348 2500 1419 conjugii,
2528 1351 2798 1408 viduitatis
2824 1363 2879 1409 et
2909 1356 3243 1426 virginitatis,
3267 1362 3625 1431 quzestiouum

2041 1437 2210 1502 sinus,
2241 1439 2420 1494 multa:
2447 1443 2822 1512 pcrplexitates
2853 1465 2866 1500 :
2897 1447 3090 1516 quibus
3118 1449 3438 1520 disputando
3465 1469 3630 1524 pene-

2043 1527 2242 1583 trandis
2269 1530 2350 1584 vel
2379 1530 2731 1590 dissolvendis
2750 1577 2765 1603 ,
2795 1545 2850 1591 et
2878 1538 3080 1608 majore
3109 1556 3236 1595 cura
3268 1558 3404 1614 opus
3429 1553 3547 1613 est,
3571 1555 3629 1602 et

2039 1619 2338 1689 copiosiore
2368 1638 2645 1691 sermone;
2687 1638 2744 1682 ut
2770 1629 2851 1684 vel
2886 1629 2936 1684 in
2965 1632 3212 1688 omnibus
3245 1635 3323 1690 eis
3359 1648 3504 1694 recte
3531 1653 3622 1694 sa-

2039 1711 2246 1780 piamus
2267 1755 2281 1778 ,
2311 1714 2394 1768 vel
2417 1716 2460 1769 si
2491 1717 2615 1786 quid
2652 1719 2808 1774 aliter
2841 1722 3078 1791 sapimus
3097 1765 3112 1791 ,
3148 1724 3198 1780 id
3229 1741 3440 1798 quoque
3470 1729 3627 1786 nobis

2038 1801 2180 1856 Deus
2218 1805 2435 1860 revolet.
2481 1807 2885 1875 Verumtamen,
2916 1814 3057 1883 quod
3085 1816 3246 1872 etiam
3288 1818 3394 1874 illic
3437 1836 3626 1880 conse-

2036 1905 2263 1963 quenter
2302 1897 2430 1952 dicit
2474 1900 2790 1968 Apostolus,
2819 1901 2885 1958 In
2909 1906 3045 1976 quod
3076 1910 3418 1976 peruenimus,
3462 1914 3517 1968 in
3555 1931 3614 1970 eo

2035 1987 2348 2042 ambulemus
2370 1990 2624 2062 (Philipp.
2654 2009 2730 2059 Ill,
2761 1995 2849 2064 15,
2884 1997 2995 2067 16).
3027 1999 3374 2059 Pervenimus
3397 2014 3578 2062 autem
3600 2047 3618 2074 ,

2036 2078 2176 2146 quod
2207 2079 2273 2132 ad
2306 2079 2443 2136 hanc
2473 2098 2610 2152 rem,
2640 2086 2707 2140 de
2731 2104 2833 2158 qua
2861 2089 3149 2160 loquimur,
3172 2095 3380 2162 attinet,
3410 2107 3470 2152 ut
3494 2113 3624 2155 con-

2035 2170 2311 2227 tinentiam
2343 2176 2589 2246 conjugio
2614 2193 3006 2250 praeponamus,
3037 2195 3274 2241 sanctam
3305 2203 3433 2244 vero
3461 2189 3623 2262 virgi-

2033 2261 2253 2317 nitatem
2299 2265 2459 2319 etiam
2511 2269 2856 2325 continentia:
2908 2273 3136 2340 viduali;
3189 2284 3243 2331 et
3299 2293 3367 2333 ne
3418 2280 3622 2351 aliquas

2034 2353 2267 2422 nuptias,
2307 2371 2426 2424 qua:
2455 2366 2630 2413 tamen
2665 2375 2768 2414 non
2795 2363 3052 2418 adulteria
3074 2407 3089 2431 ,
3119 2367 3213 2421 sed
3245 2369 3440 2438 nuptia:
3462 2380 3616 2438 sunt,

2032 2447 2316 2515 cujuslibet
2343 2451 2508 2504 nostri
2532 2461 2905 2509 nostrorumve
2927 2459 3185 2526 propositi
3215 2460 3367 2516 laude
3394 2461 3620 2518 damne-

2032 2554 2171 2594 mus.
2206 2538 2365 2594 Multa
2405 2542 2507 2595 alia
2544 2542 2611 2598 de
2652 2544 2765 2599 istis
2812 2546 2971 2602 rebus
2996 2548 3136 2604 dicta
3163 2560 3288 2606 sunt
3315 2568 3345 2605 a
3373 2552 3524 2608 nobis
3565 2555 3618 2610 in

2030 2632 2169 2686 libro
2192 2633 2259 2687 de
2287 2632 2436 2688 Bono
2464 2634 2738 2706 Conjugali
2758 2679 2772 2702 ,
2806 2647 2860 2693 et
2889 2639 2940 2694 in
2981 2641 3088 2695 alio
3123 2641 3262 2698 libro
3290 2646 3307 2676 ⁸
3330 2643 3396 2699 de
3424 2643 3617 2701 Sancta

2029 2722 2382 2794 Virginitate;
2434 2735 2487 2780 et
2539 2729 2590 2782 in
2650 2743 2813 2798 opere
2866 2731 3006 2800 quod
3054 2732 3312 2790 adversus
3361 2734 3616 2792 Faustum

2028 2815 2374 2872 Maniclueum
2413 2829 2612 2888 quanto
2643 2822 2912 2890 potuimus
2940 2824 3122 2882 labore
3150 2829 3566 2899 conscripsimus
3599 2845 3614 2884 :

2033 2909 2282 2979 quoniam
2313 2910 2736 2967 Patriarcharnm
2763 2925 2816 2970 et
2847 2916 3230 2987 PrOphetarum
3249 2929 3398 2976 casta
3423 2922 3604 2992 conju-

2029 2999 2115 3070 gia
2143 3001 2541 3058 mordacissime
2572 3007 3014 3075 reprehendendo
3053 3011 3268 3081 scriptis
3297 3014 3408 3068 suis
3429 3055 3444 3080 ,
3477 3029 3615 3085 quo-

2028 3091 2270 3146 rumdam
2298 3093 2630 3150 indoctorum
2664 3099 2872 3155 animos
2901 3116 2930 3155 a
2960 3100 3084 3156 ﬁdei
3111 3105 3341 3158 sanitate
3364 3105 3612 3162 detorsit.

2097 3182 2322 3241 CAPUT
2353 3185 2488 3240 XVI.
2515 3219 2582 3226 —
2601 3189 2690 3244 20.
2714 3188 2845 3244 Pars
2865 3195 3096 3262 opusculi
3117 3197 3339 3250 secunda
3361 3199 3616 3267 pertinens

2027 3276 2094 3328 ad
2124 3278 2538 3332 exhortationem.
2572 3279 2942 3337 Continentium
2976 3301 3082 3339 esse
3115 3287 3304 3341 donum
3336 3287 3450 3342 Dei.
3481 3289 3613 3346 Pro-

2028 3369 2152 3424 inde
2182 3371 2430 3440 quoniam
2459 3371 2508 3425 in
2537 3374 2759 3428 exordio
2788 3374 2944 3444 hujus
2964 3377 3208 3446 opusculi
3234 3379 3341 3435 duo
3366 3381 3613 3451 quzedam

2026 3463 2325 3516 necessaria
2343 3474 2801 3533 proposueram,et
2813 3469 3146 3538 exsequenda
3161 3471 3430 3541 pollicitus
3440 3488 3610 3540 eram;

2027 3567 2192 3606 unum
2219 3554 2360 3623 quod
2385 3554 2451 3609 ad
2477 3555 2774 3612 doctrinam
2796 3600 2809 3622 ,
2837 3559 3066 3616 alterum
3096 3563 3238 3632 quod
3265 3564 3332 3618 ad
3361 3565 3613 3622 exhorta-

2027 3643 2226 3698 tionem
2259 3648 2521 3715 pertinet;
2554 3659 2605 3703 et
2637 3651 2796 3719 priori
2824 3654 2986 3722 parti,
3019 3666 3075 3708 ut
3106 3657 3272 3725 potui,
3301 3673 3401 3728 pro
3429 3675 3613 3716 susceo

2025 3744 2116 3803 pto
2153 3739 2364 3805 negotio
2392 3753 2495 3791 non
2522 3738 2662 3792 defui
2698 3759 2711 3793 :
2743 3742 2808 3794 ad
2838 3742 3266 3801 exhortationem
3298 3750 3607 3817 veniamus,

2027 3834 2084 3878 ut
2108 3826 2247 3895 quod
2287 3827 2484 3881 bonum
2518 3829 2804 3897 prudenter
2834 3833 3018 3899 scitur,
3051 3836 3212 3890 etiam
3243 3837 3492 3908 diligatur
3519 3857 3610 3897 ar-

2025 3915 2236 3970 denter.
2262 3917 2375 3982 Qua
2404 3917 2454 3972 in
2481 3933 2538 3972 re
2563 3920 2709 3987 prius
2732 3921 2858 3975 illud
2885 3938 3098 3990 moneo,
3124 3935 3183 3981 ut
3203 3937 3609 3997 quantamcum-

2024 4023 2128 4078 que
2159 4009 2252 4062 tibi
2295 4009 2472 4064 inesse
2506 4011 2672 4065 sentis
2713 4012 2814 4081 pia:
2842 4015 3189 4073 continentia:
3230 4018 3604 4092 dilectionem,

2023 4099 2286 4154 benelicio
2315 4101 2406 4154 Dei
2439 4101 2661 4165 tribuas,
2692 4104 2846 4174 eique
2869 4107 3067 4177 gratias
3094 4124 3245 4180 agas,
3273 4113 3362 4183 qui
3399 4113 3467 4170 de
3488 4115 3610 4186 Spi-

2024 4192 2128 4246 ritu
2153 4206 2250 4246 suo
2276 4191 2367 4245 tibi
2399 4201 2602 4248 tantum
2639 4194 2860 4266 largitus
2886 4208 2988 4265 est,
3023 4209 3081 4255 ut
3103 4201 3222 4272 ejus
3251 4203 3304 4258 in
3328 4205 3489 4262 corde
3517 4217 3608 4264 tuo

2025 4286 2284 4344 eharitate
2311 4288 2524 4356 diffusa,
2547 4290 2706 4346 licita:
2734 4294 2811 4348 rei
2836 4294 3106 4351 licentiam
3128 4299 3221 4354 tibi
3244 4314 3397 4356 amor
3415 4302 3608 4359 melio-

2024 4381 2100 4436 ris
2121 4381 2246 4438 boni
2266 4382 2519 4438 auferret.
2547 4384 2772 4440 Donavit
2793 4387 2936 4442 enim
2958 4403 3026 4444 ne
3046 4389 3239 4446 liberet
3260 4392 3464 4450 nubere
3482 4410 3606 4452 cum

2023 4473 2228 4538 liceret,
2262 4474 2446 4546 utjam
2473 4491 2579 4530 non
2603 4477 2788 4532 liceret
2813 4479 2832 4510 ²
2860 4480 3070 4534 etiamsi
3093 4481 3316 4548 liberet;
3339 4493 3394 4539 et
3415 4500 3479 4539 ex
3505 4485 3608 4542 hoc

2023 4565 2230 4622 ﬁrmius
2253 4583 2358 4621 non
2383 4568 2602 4634 liberet,
2633 4585 2700 4623 ne
2733 4569 2885 4625 ﬁeret
2911 4571 3054 4640 quod
3081 4588 3188 4627 non
3217 4575 3436 4643 liceret,
3464 4578 3608 4646 quod

2023 4657 2217 4712 factum
2243 4673 2348 4711 non
2373 4667 2458 4712 est
2480 4659 2640 4713 etiam
2677 4674 2799 4714 cum
2832 4660 3018 4716 liceret
3045 4679 3058 4714 :
3085 4671 3399 4734 tantumque
3427 4681 3606 4724 mere-

2023 4752 2160 4806 reris
2193 4751 2348 4806 vidua
2375 4751 2612 4818 Christi,
2650 4761 2707 4808 ut
2737 4753 2897 4809 ﬁliam
2924 4770 3139 4825 quoque
3165 4756 3186 4788 ³
3213 4757 3422 4814 videres
3449 4760 3610 4833 virgi-

2024 4858 2148 4897 nem
2176 4841 2373 4896 Christi
2407 4860 2419 4896 :
2443 4841 2570 4897 dum
2593 4844 2737 4899 enim
2759 4852 2815 4899 tu
2838 4860 2961 4901 oras
2987 4847 3125 4902 sicut
3149 4848 3324 4915 Anna,
3357 4848 3495 4906 facta
3523 4863 3607 4909 est

2024 4934 2111 4989 illa
2141 4933 2284 5004 quod
2319 4933 2502 4990 Maria.
2549 4934 2674 4990 Haec
2717 4935 2854 4992 dona
2898 4937 2991 4993 Dei
3037 4954 3158 4995 esse
3195 4952 3396 5010 quanto
3437 4943 3608 5014 magis

2023 5025 2187 5087 nosti.
2219 5034 2369 5080 tanto
2421 5027 2588 5096 magis
2632 5042 2691 5083 es
2736 5027 2937 5084 eisdem
2965 5029 3119 5087 donis
3143 5031 3295 5088 beata
3326 5051 3338 5086 :
3372 5034 3480 5090 imo
3507 5035 3608 5092 ali-

2025 5125 2107 5173 ter
2134 5133 2239 5172 non
2271 5132 2331 5173 es
2351 5157 2366 5184 ,
2395 5118 2498 5173 nisi
2527 5119 2670 5189 quod
2703 5119 2867 5177 habes
2893 5122 3040 5178 noris
3069 5139 3100 5178 a
3129 5140 3235 5196 quo
3260 5125 3478 5183 habeas.
3507 5129 3606 5184 At-

2025 5210 2185 5266 tende
2228 5212 2370 5267 enim
2412 5213 2538 5283 quid
2587 5213 2654 5269 de
2703 5213 2802 5270 hac
2850 5231 2909 5272 re
2954 5216 3242 5287 Apostolus
3287 5220 3420 5276 dixit
3453 5239 3466 5276 :
3496 5219 3610 5276 Nos

2024 5313 2192 5358 autem
2215 5320 2314 5358 non
2345 5305 2576 5373 spiritum
2601 5306 2751 5377 hujus
2773 5309 2949 5363 mundi
2978 5313 3263 5382 accepimus
3283 5355 3298 5380 ,
3321 5312 3412 5368 sed
3437 5312 3610 5385 Spiri-

2027 5401 2130 5448 tum
2151 5395 2236 5465 qui
2257 5411 2317 5449 ea:
2342 5393 2450 5450 Deo
2480 5405 2586 5461 est;
2627 5407 2680 5450 ut
2709 5398 2927 5454 sciamus
2951 5418 3064 5470 qtae
3089 5419 3121 5454 a
3149 5401 3256 5458 Deo
3279 5404 3468 5458 donata
3494 5412 3610 5460 sunt

2092 5552 2107 5623 ξ
2130 5550 2284 5623 editio
2306 5556 2379 5599 Er.
2402 5551 2504 5623 sola
2517 5554 2712 5623 omittit,
2733 5554 2926 5623 dettom
2946 5557 3196 5623 conjugali
3217 5566 3264 5611 et
3285 5559 3338 5612 in
3358 5559 3455 5613 alio
3469 5559 3610 5615 libro.

2088 5614 2268 5678 fusa,
2285 5626 2394 5678 cum
2418 5613 2597 5674 liceret,
2617 5623 2661 5665 et
2679 5623 2729 5666 ut
2743 5616 2852 5678 jam
2874 5631 2966 5667 non
2992 5613 3169 5670 liceret.

2090 5673 2462 5745 "sicplerique.
2476 5673 2651 5745 atssiftt
2670 5673 2801 5737 [λογξ.ν
2817 5686 3042 5743 tantaque
3060 5683 3333 5745 morereris,
3351 5693 3402 5738 ut
3417 5691 3462 5738 te
3480 5684 3613 5739 exis-

2025 5740 2150 5811 W
2173 5734 2326 5811 υίέιτιτι.
2348 5734 2720 5811 street/itm
2752 5734 3076 5811 σξιοιιιιείςιο.
3105 5734 3466 5811 “nomine;
3485 5734 3610 5802 me

2027 5797 2258 5852 existente
2281 5797 2428 5854 vidua
2440 5797 2634 5864 Christi,
2657 5797 2789 5868 virgo
2805 5797 2950 5860 etiam
2969 5802 3108 5872 ﬁeret
3122 5814 3205 5863 tua
3223 5805 3330 5876 ﬁlia
3349 5797 3546 5870 Christi.
