  <div class='ocr_page' id='page_1' title='image "/cluster/home/n/w/nwhite01/storage/ocr_20150623/40/hvd.32044096580626/229.png"; bbox 0 0 4122 6212; ppageno 0'>
   <div class='ocr_carea' id='block_1_1' title="bbox 469 184 576 244">
    <p class='ocr_par' dir='ltr' id='par_1_1' title="bbox 469 184 576 244">
     <span class='ocr_line' id='line_1_1' title="bbox 469 184 576 244; baseline -0.009 0"><span class='ocrx_word' id='word_1_1' title='bbox 469 184 576 244; x_wconf 63' lang='grc' dir='ltr'><strong>με</strong></span> 
     </span>
    </p>
   </div>
   <div class='ocr_carea' id='block_1_2' title="bbox 467 280 2055 371">
    <p class='ocr_par' dir='ltr' id='par_1_2' title="bbox 467 280 2055 371">
     <span class='ocr_line' id='line_1_2' title="bbox 467 280 2055 371; baseline -0.009 -18"><span class='ocrx_word' id='word_1_2' title='bbox 467 291 613 353; x_wconf 76' lang='lat' dir='ltr'><strong>nobis</strong></span> <span class='ocrx_word' id='word_1_3' title='bbox 641 295 845 371; x_wconf 85' lang='lat' dir='ltr'><strong>(ICor.</strong></span> <span class='ocrx_word' id='word_1_4' title='bbox 880 311 954 360; x_wconf 85' lang='grc' dir='ltr'>ιι,</span> <span class='ocrx_word' id='word_1_5' title='bbox 980 292 1104 367; x_wconf 70' lang='grc'><strong>12).</strong></span> <span class='ocrx_word' id='word_1_6' title='bbox 1136 290 1285 348; x_wconf 83' lang='lat' dir='ltr'><strong>Multi</strong></span> <span class='ocrx_word' id='word_1_7' title='bbox 1310 280 1507 362; x_wconf 81' lang='lat' dir='ltr'><strong>quippe</strong></span> <span class='ocrx_word' id='word_1_8' title='bbox 1534 287 1735 344; x_wconf 87' lang='lat' dir='ltr'><strong>habent</strong></span> <span class='ocrx_word' id='word_1_9' title='bbox 1761 285 1926 340; x_wconf 92' lang='lat' dir='ltr'><strong>multa</strong></span> <span class='ocrx_word' id='word_1_10' title='bbox 1958 284 2055 341; x_wconf 91' lang='lat' dir='ltr'><strong>Dei</strong></span> 
     </span>
    </p>
   </div>
   <div class='ocr_carea' id='block_1_3' title="bbox 470 376 2057 456">
    <p class='ocr_par' dir='ltr' id='par_1_3' title="bbox 470 376 2057 456">
     <span class='ocr_line' id='line_1_3' title="bbox 470 376 2057 456; baseline -0.008 -12"><span class='ocrx_word' id='word_1_11' title='bbox 470 389 610 448; x_wconf 87' lang='lat' dir='ltr'><strong>dona</strong></span> <span class='ocrx_word' id='word_1_12' title='bbox 627 430 643 456; x_wconf 94' lang='lat'><strong>,</strong></span> <span class='ocrx_word' id='word_1_13' title='bbox 664 398 719 446; x_wconf 87' lang='lat' dir='ltr'><strong>et</strong></span> <span class='ocrx_word' id='word_1_14' title='bbox 746 385 1037 446; x_wconf 73' lang='lat' dir='ltr'><strong>nesciendo</strong></span> <span class='ocrx_word' id='word_1_15' title='bbox 1062 400 1095 453; x_wconf 71' lang='grc' dir='ltr'>ει</span> <span class='ocrx_word' id='word_1_16' title='bbox 1118 399 1226 455; x_wconf 83' lang='lat' dir='ltr'><strong>quo</strong></span> <span class='ocrx_word' id='word_1_17' title='bbox 1262 381 1496 448; x_wconf 78' lang='lat' dir='ltr'><strong>habent,</strong></span> <span class='ocrx_word' id='word_1_18' title='bbox 1528 380 1689 450; x_wconf 90' lang='lat' dir='ltr'><strong>impia</strong></span> <span class='ocrx_word' id='word_1_19' title='bbox 1720 379 1952 437; x_wconf 84' lang='lat' dir='ltr'><strong>vanitate</strong></span> <span class='ocrx_word' id='word_1_20' title='bbox 1974 376 2057 447; x_wconf 88' lang='lat' dir='ltr'><strong>ja-</strong></span> 
     </span>
    </p>
   </div>
   <div class='ocr_carea' id='block_1_4' title="bbox 470 468 2061 541">
    <p class='ocr_par' dir='ltr' id='par_1_4' title="bbox 470 468 2061 541">
     <span class='ocr_line' id='line_1_4' title="bbox 470 468 2061 541; baseline -0.007 -7"><span class='ocrx_word' id='word_1_21' title='bbox 470 487 703 537; x_wconf 87' lang='lat' dir='ltr'><strong>ctantur.</strong></span> <span class='ocrx_word' id='word_1_22' title='bbox 748 479 914 535; x_wconf 83' lang='lat' dir='ltr'><strong>Nemo</strong></span> <span class='ocrx_word' id='word_1_23' title='bbox 952 485 1037 533; x_wconf 87' lang='lat' dir='ltr'><strong>est</strong></span> <span class='ocrx_word' id='word_1_24' title='bbox 1071 483 1247 531; x_wconf 90' lang='lat' dir='ltr'><strong>autem</strong></span> <span class='ocrx_word' id='word_1_25' title='bbox 1278 473 1434 531; x_wconf 89' lang='lat' dir='ltr'><strong>donis</strong></span> <span class='ocrx_word' id='word_1_26' title='bbox 1466 472 1561 528; x_wconf 91' lang='lat' dir='ltr'><strong>Dei</strong></span> <span class='ocrx_word' id='word_1_27' title='bbox 1591 471 1781 528; x_wconf 89' lang='lat' dir='ltr'><strong>beatus</strong></span> <span class='ocrx_word' id='word_1_28' title='bbox 1802 512 1816 535; x_wconf 90' lang='lat'><strong>,</strong></span> <span class='ocrx_word' id='word_1_29' title='bbox 1845 469 1936 541; x_wconf 86' lang='lat' dir='ltr'><strong>qui</strong></span> <span class='ocrx_word' id='word_1_30' title='bbox 1964 468 2061 524; x_wconf 93' lang='lat' dir='ltr'><strong>do-</strong></span> 
     </span>
    </p>
   </div>
   <div class='ocr_carea' id='block_1_5' title="bbox 474 562 2059 639">
    <p class='ocr_par' dir='ltr' id='par_1_5' title="bbox 474 562 2059 639">
     <span class='ocr_line' id='line_1_5' title="bbox 474 562 2059 639; baseline -0.007 -13"><span class='ocrx_word' id='word_1_31' title='bbox 474 575 622 627; x_wconf 85' lang='lat' dir='ltr'><strong>nanti</strong></span> <span class='ocrx_word' id='word_1_32' title='bbox 654 571 839 629; x_wconf 70' lang='lat' dir='ltr'><strong>existit</strong></span> <span class='ocrx_word' id='word_1_33' title='bbox 866 571 1121 639; x_wconf 88' lang='lat' dir='ltr'><strong>ingratus.</strong></span> <span class='ocrx_word' id='word_1_34' title='bbox 1156 566 1291 634; x_wconf 84' lang='lat' dir='ltr'><strong>Quia</strong></span> <span class='ocrx_word' id='word_1_35' title='bbox 1318 573 1375 620; x_wconf 86' lang='lat' dir='ltr'><strong>et</strong></span> <span class='ocrx_word' id='word_1_36' title='bbox 1399 563 1526 621; x_wconf 89' lang='lat' dir='ltr'><strong>illud</strong></span> <span class='ocrx_word' id='word_1_37' title='bbox 1557 562 1700 633; x_wconf 85' lang='lat' dir='ltr'><strong>quod</strong></span> <span class='ocrx_word' id='word_1_38' title='bbox 1739 563 1882 617; x_wconf 90' lang='lat' dir='ltr'><strong>inter</strong></span> <span class='ocrx_word' id='word_1_39' title='bbox 1907 576 2059 618; x_wconf 88' lang='lat' dir='ltr'><strong>sacra</strong></span> 
     </span>
    </p>
   </div>
   <div class='ocr_carea' id='block_1_6' title="bbox 476 655 2061 738">
    <p class='ocr_par' dir='ltr' id='par_1_6' title="bbox 476 655 2061 738">
     <span class='ocr_line' id='line_1_6' title="bbox 476 655 2061 738; baseline -0.004 -20"><span class='ocrx_word' id='word_1_40' title='bbox 476 666 725 738; x_wconf 83' lang='lat' dir='ltr'><strong>mysteria</strong></span> <span class='ocrx_word' id='word_1_41' title='bbox 748 679 844 718; x_wconf 83' lang='lat' dir='ltr'><strong>cor</strong></span> <span class='ocrx_word' id='word_1_42' title='bbox 864 663 1063 716; x_wconf 87' lang='lat' dir='ltr'><strong>habere</strong></span> <span class='ocrx_word' id='word_1_43' title='bbox 1089 674 1303 717; x_wconf 83' lang='lat' dir='ltr'><strong>sursum</strong></span> <span class='ocrx_word' id='word_1_44' title='bbox 1325 659 1600 728; x_wconf 90' lang='lat' dir='ltr'><strong>jubemur,</strong></span> <span class='ocrx_word' id='word_1_45' title='bbox 1634 656 1755 727; x_wconf 91' lang='lat' dir='ltr'><strong>ipso</strong></span> <span class='ocrx_word' id='word_1_46' title='bbox 1774 655 2061 726; x_wconf 87' lang='lat' dir='ltr'><strong>adjuvante</strong></span> 
     </span>
    </p>
   </div>
   <div class='ocr_carea' id='block_1_7' title="bbox 474 749 2056 825">
    <p class='ocr_par' dir='ltr' id='par_1_7' title="bbox 474 749 2056 825">
     <span class='ocr_line' id='line_1_7' title="bbox 474 749 2056 825; baseline -0.006 -12"><span class='ocrx_word' id='word_1_47' title='bbox 474 760 525 813; x_wconf 98' lang='lat' dir='ltr'><strong>id</strong></span> <span class='ocrx_word' id='word_1_48' title='bbox 558 758 823 819; x_wconf 85' lang='lat' dir='ltr'><strong>valemus,</strong></span> <span class='ocrx_word' id='word_1_49' title='bbox 854 770 961 825; x_wconf 93' lang='lat' dir='ltr'><strong>quo</strong></span> <span class='ocrx_word' id='word_1_50' title='bbox 986 754 1207 823; x_wconf 88' lang='lat' dir='ltr'><strong>jubente</strong></span> <span class='ocrx_word' id='word_1_51' title='bbox 1230 752 1584 807; x_wconf 81' lang='lat' dir='ltr'><strong>admonemur</strong></span> <span class='ocrx_word' id='word_1_52' title='bbox 1610 767 1626 805; x_wconf 91' lang='lat'><strong>:</strong></span> <span class='ocrx_word' id='word_1_53' title='bbox 1657 759 1712 807; x_wconf 90' lang='lat' dir='ltr'><strong>et</strong></span> <span class='ocrx_word' id='word_1_54' title='bbox 1734 749 1855 806; x_wconf 90' lang='lat' dir='ltr'><strong>ideo</strong></span> <span class='ocrx_word' id='word_1_55' title='bbox 1883 750 2056 820; x_wconf 84' lang='lat' dir='ltr'><strong>sequi-</strong></span> 
     </span>
    </p>
   </div>
   <div class='ocr_carea' id='block_1_8' title="bbox 476 842 2062 912">
    <p class='ocr_par' dir='ltr' id='par_1_8' title="bbox 476 842 2062 912">
     <span class='ocr_line' id='line_1_8' title="bbox 476 842 2062 912; baseline -0.006 -8"><span class='ocrx_word' id='word_1_56' title='bbox 476 859 578 912; x_wconf 90' lang='lat' dir='ltr'><strong>tur,</strong></span> <span class='ocrx_word' id='word_1_57' title='bbox 614 856 673 903; x_wconf 91' lang='lat' dir='ltr'><strong>ut</strong></span> <span class='ocrx_word' id='word_1_58' title='bbox 699 847 765 902; x_wconf 89' lang='lat' dir='ltr'><strong>de</strong></span> <span class='ocrx_word' id='word_1_59' title='bbox 791 846 889 900; x_wconf 91' lang='lat' dir='ltr'><strong>hoc</strong></span> <span class='ocrx_word' id='word_1_60' title='bbox 923 854 1069 901; x_wconf 87' lang='lat' dir='ltr'><strong>tanto</strong></span> <span class='ocrx_word' id='word_1_61' title='bbox 1099 845 1242 900; x_wconf 93' lang='lat' dir='ltr'><strong>bono</strong></span> <span class='ocrx_word' id='word_1_62' title='bbox 1267 859 1480 900; x_wconf 87' lang='lat' dir='ltr'><strong>sursum</strong></span> <span class='ocrx_word' id='word_1_63' title='bbox 1511 842 1671 899; x_wconf 89' lang='lat' dir='ltr'><strong>levati</strong></span> <span class='ocrx_word' id='word_1_64' title='bbox 1706 842 1921 909; x_wconf 89' lang='lat' dir='ltr'><strong>cordis,</strong></span> <span class='ocrx_word' id='word_1_65' title='bbox 1954 856 2062 896; x_wconf 93' lang='lat' dir='ltr'><strong>non</strong></span> 
     </span>
    </p>
   </div>
   <div class='ocr_carea' id='block_1_9' title="bbox 474 932 2064 1009">
    <p class='ocr_par' dir='ltr' id='par_1_9' title="bbox 474 932 2064 1009">
     <span class='ocr_line' id='line_1_9' title="bbox 474 932 2064 1009; baseline -0.003 -16"><span class='ocrx_word' id='word_1_66' title='bbox 474 940 627 995; x_wconf 61' lang='lat' dir='ltr'><strong>nobis</strong></span> <span class='ocrx_word' id='word_1_67' title='bbox 650 938 876 1009; x_wconf 89' lang='lat' dir='ltr'><strong>gloriam</strong></span> <span class='ocrx_word' id='word_1_68' title='bbox 906 938 1055 1008; x_wconf 85' lang='lat' dir='ltr'><strong>quasi</strong></span> <span class='ocrx_word' id='word_1_69' title='bbox 1080 946 1382 993; x_wconf 74' lang='lat' dir='ltr'><strong>noetrarum</strong></span> <span class='ocrx_word' id='word_1_70' title='bbox 1402 935 1596 991; x_wconf 87' lang='lat' dir='ltr'><strong>virium</strong></span> <span class='ocrx_word' id='word_1_71' title='bbox 1624 934 1941 1000; x_wconf 72' lang='lat' dir='ltr'><strong>tribuamus,</strong></span> <span class='ocrx_word' id='word_1_72' title='bbox 1966 932 2064 989; x_wconf 87' lang='lat' dir='ltr'><strong>sed</strong></span> 
     </span>
    </p>
   </div>
   <div class='ocr_carea' id='block_1_10' title="bbox 474 1026 2063 1099">
    <p class='ocr_par' dir='ltr' id='par_1_10' title="bbox 474 1026 2063 1099">
     <span class='ocr_line' id='line_1_10' title="bbox 474 1026 2063 1099; baseline -0.002 -14"><span class='ocrx_word' id='word_1_73' title='bbox 474 1031 700 1085; x_wconf 89' lang='lat' dir='ltr'><strong>Domino</strong></span> <span class='ocrx_word' id='word_1_74' title='bbox 728 1032 836 1086; x_wconf 88' lang='lat' dir='ltr'><strong>Deo</strong></span> <span class='ocrx_word' id='word_1_75' title='bbox 870 1039 1056 1085; x_wconf 88' lang='lat' dir='ltr'><strong>nostro</strong></span> <span class='ocrx_word' id='word_1_76' title='bbox 1081 1028 1277 1099; x_wconf 79' lang='lat' dir='ltr'><strong>gratias</strong></span> <span class='ocrx_word' id='word_1_77' title='bbox 1304 1044 1543 1099; x_wconf 79' lang='lat' dir='ltr'><strong>agamus.</strong></span> <span class='ocrx_word' id='word_1_78' title='bbox 1573 1027 1685 1083; x_wconf 83' lang='lat' dir='ltr'><strong>Hoc</strong></span> <span class='ocrx_word' id='word_1_79' title='bbox 1715 1026 1859 1084; x_wconf 86' lang='lat' dir='ltr'><strong>enim</strong></span> <span class='ocrx_word' id='word_1_80' title='bbox 1885 1027 2063 1083; x_wconf 88' lang='lat' dir='ltr'><strong>conti-</strong></span> 
     </span>
    </p>
   </div>
   <div class='ocr_carea' id='block_1_11' title="bbox 473 1119 2062 1192">
    <p class='ocr_par' dir='ltr' id='par_1_11' title="bbox 473 1119 2062 1192">
     <span class='ocr_line' id='line_1_11' title="bbox 473 1119 2062 1192; baseline -0.002 -15"><span class='ocrx_word' id='word_1_81' title='bbox 473 1138 580 1177; x_wconf 89' lang='lat' dir='ltr'><strong>nuo</strong></span> <span class='ocrx_word' id='word_1_82' title='bbox 608 1137 1030 1185; x_wconf 83' lang='lat' dir='ltr'><strong>comtnouetnur,</strong></span> <span class='ocrx_word' id='word_1_83' title='bbox 1064 1123 1186 1192; x_wconf 88' lang='lat' dir='ltr'><strong>quia</strong></span> <span class='ocrx_word' id='word_1_84' title='bbox 1218 1120 1322 1177; x_wconf 89' lang='lat' dir='ltr'><strong>hoc</strong></span> <span class='ocrx_word' id='word_1_85' title='bbox 1348 1120 1567 1190; x_wconf 86' lang='lat' dir='ltr'><strong>dignum</strong></span> <span class='ocrx_word' id='word_1_86' title='bbox 1593 1129 1677 1176; x_wconf 90' lang='lat' dir='ltr'><strong>est</strong></span> <span class='ocrx_word' id='word_1_87' title='bbox 1694 1161 1713 1188; x_wconf 96' lang='lat'><strong>,</strong></span> <span class='ocrx_word' id='word_1_88' title='bbox 1740 1119 1846 1175; x_wconf 88' lang='lat' dir='ltr'><strong>hoc</strong></span> <span class='ocrx_word' id='word_1_89' title='bbox 1857 1119 2062 1191; x_wconf 89' lang='lat' dir='ltr'><strong>justum</strong></span> 
     </span>
    </p>
   </div>
   <div class='ocr_carea' id='block_1_12' title="bbox 475 1212 2065 1293">
    <p class='ocr_par' dir='ltr' id='par_1_12' title="bbox 475 1212 2065 1293">
     <span class='ocr_line' id='line_1_12' title="bbox 475 1212 2065 1293; baseline 0.001 -26"><span class='ocrx_word' id='word_1_90' title='bbox 475 1222 576 1267; x_wconf 90' lang='lat' dir='ltr'><strong>est.</strong></span> <span class='ocrx_word' id='word_1_91' title='bbox 618 1214 941 1273; x_wconf 81' lang='lat' dir='ltr'><strong>Recordaris</strong></span> <span class='ocrx_word' id='word_1_92' title='bbox 985 1216 1002 1247; x_wconf 85' lang='grc'>¹</span> <span class='ocrx_word' id='word_1_93' title='bbox 1030 1213 1161 1293; x_wconf 61' lang='lat' dir='ltr'><strong>haec</strong></span> <span class='ocrx_word' id='word_1_94' title='bbox 1206 1214 1368 1271; x_wconf 83' lang='lat' dir='ltr'><strong>verba</strong></span> <span class='ocrx_word' id='word_1_95' title='bbox 1412 1212 1554 1269; x_wconf 89' lang='lat' dir='ltr'><strong>unde</strong></span> <span class='ocrx_word' id='word_1_96' title='bbox 1590 1213 1728 1280; x_wconf 91' lang='lat' dir='ltr'><strong>sint,</strong></span> <span class='ocrx_word' id='word_1_97' title='bbox 1772 1213 1917 1270; x_wconf 88' lang='lat' dir='ltr'><strong>intus</strong></span> <span class='ocrx_word' id='word_1_98' title='bbox 1958 1226 2065 1283; x_wconf 87' lang='lat' dir='ltr'><strong>qua</strong></span> 
     </span>
    </p>
   </div>
   <div class='ocr_carea' id='block_1_13' title="bbox 475 1307 2064 1379">
    <p class='ocr_par' dir='ltr' id='par_1_13' title="bbox 475 1307 2064 1379">
     <span class='ocr_line' id='line_1_13' title="bbox 475 1307 2064 1379; baseline 0.001 -19"><span class='ocrx_word' id='word_1_99' title='bbox 475 1308 752 1363; x_wconf 83' lang='lat' dir='ltr'><strong>sanctione</strong></span> <span class='ocrx_word' id='word_1_100' title='bbox 786 1318 842 1364; x_wconf 91' lang='lat' dir='ltr'><strong>et</strong></span> <span class='ocrx_word' id='word_1_101' title='bbox 877 1318 1072 1379; x_wconf 85' lang='lat' dir='ltr'><strong>quanta</strong></span> <span class='ocrx_word' id='word_1_102' title='bbox 1100 1309 1387 1364; x_wconf 84' lang='lat' dir='ltr'><strong>sanctitate</strong></span> <span class='ocrx_word' id='word_1_103' title='bbox 1423 1307 1866 1364; x_wconf 90' lang='lat' dir='ltr'><strong>commendentur</strong></span> <span class='ocrx_word' id='word_1_104' title='bbox 1897 1322 2064 1378; x_wconf 89' lang='lat' dir='ltr'><strong>agno-</strong></span> 
     </span>
    </p>
   </div>
   <div class='ocr_carea' id='block_1_14' title="bbox 477 1398 2064 1470">
    <p class='ocr_par' dir='ltr' id='par_1_14' title="bbox 477 1398 2064 1470">
     <span class='ocr_line' id='line_1_14' title="bbox 477 1398 2064 1470; baseline 0.001 -19"><span class='ocrx_word' id='word_1_105' title='bbox 477 1398 603 1455; x_wconf 86' lang='lat' dir='ltr'><strong>scis.</strong></span> <span class='ocrx_word' id='word_1_106' title='bbox 649 1399 797 1455; x_wconf 82' lang='lat' dir='ltr'><strong>Tene</strong></span> <span class='ocrx_word' id='word_1_107' title='bbox 832 1399 994 1469; x_wconf 75' lang='lat' dir='ltr'><strong>igitur</strong></span> <span class='ocrx_word' id='word_1_108' title='bbox 1030 1408 1086 1456; x_wconf 88' lang='lat' dir='ltr'><strong>et</strong></span> <span class='ocrx_word' id='word_1_109' title='bbox 1128 1401 1262 1456; x_wconf 85' lang='lat' dir='ltr'><strong>habe</strong></span> <span class='ocrx_word' id='word_1_110' title='bbox 1303 1400 1444 1470; x_wconf 89' lang='lat' dir='ltr'><strong>quod</strong></span> <span class='ocrx_word' id='word_1_111' title='bbox 1475 1398 1771 1469; x_wconf 89' lang='lat' dir='ltr'><strong>accepisti,</strong></span> <span class='ocrx_word' id='word_1_112' title='bbox 1803 1409 1861 1455; x_wconf 91' lang='lat' dir='ltr'><strong>et</strong></span> <span class='ocrx_word' id='word_1_113' title='bbox 1886 1398 2064 1453; x_wconf 88' lang='lat' dir='ltr'><strong>datori</strong></span> 
     </span>
    </p>
   </div>
   <div class='ocr_carea' id='block_1_15' title="bbox 477 1491 2063 1562">
    <p class='ocr_par' dir='ltr' id='par_1_15' title="bbox 477 1491 2063 1562">
     <span class='ocr_line' id='line_1_15' title="bbox 477 1491 2063 1562; baseline -0.001 -17"><span class='ocrx_word' id='word_1_114' title='bbox 477 1491 678 1560; x_wconf 77' lang='lat' dir='ltr'><strong>gratias</strong></span> <span class='ocrx_word' id='word_1_115' title='bbox 711 1507 828 1562; x_wconf 88' lang='lat' dir='ltr'><strong>age.</strong></span> <span class='ocrx_word' id='word_1_116' title='bbox 862 1491 1116 1561; x_wconf 82' lang='lat' dir='ltr'><strong>Quamvis</strong></span> <span class='ocrx_word' id='word_1_117' title='bbox 1140 1492 1282 1547; x_wconf 89' lang='lat' dir='ltr'><strong>enim</strong></span> <span class='ocrx_word' id='word_1_118' title='bbox 1313 1492 1563 1561; x_wconf 84' lang='lat' dir='ltr'><strong>accipere</strong></span> <span class='ocrx_word' id='word_1_119' title='bbox 1594 1501 1650 1546; x_wconf 91' lang='lat' dir='ltr'><strong>et</strong></span> <span class='ocrx_word' id='word_1_120' title='bbox 1678 1493 1874 1545; x_wconf 56' lang='lat' dir='ltr'><strong>habere</strong></span> <span class='ocrx_word' id='word_1_121' title='bbox 1913 1500 2063 1544; x_wconf 91' lang='lat' dir='ltr'><strong>tuum</strong></span> 
     </span>
    </p>
   </div>
   <div class='ocr_carea' id='block_1_16' title="bbox 475 1583 2063 1654">
    <p class='ocr_par' dir='ltr' id='par_1_16' title="bbox 475 1583 2063 1654">
     <span class='ocr_line' id='line_1_16' title="bbox 475 1583 2063 1654; baseline -0.001 -18"><span class='ocrx_word' id='word_1_122' title='bbox 475 1583 565 1650; x_wconf 86' lang='lat' dir='ltr'><strong>sit,</strong></span> <span class='ocrx_word' id='word_1_123' title='bbox 591 1583 644 1643; x_wconf 94' lang='lat' dir='ltr'><strong>id</strong></span> <span class='ocrx_word' id='word_1_124' title='bbox 673 1593 848 1644; x_wconf 88' lang='lat' dir='ltr'><strong>tamen</strong></span> <span class='ocrx_word' id='word_1_125' title='bbox 879 1583 1077 1645; x_wconf 85' lang='lat' dir='ltr'><strong>habes.</strong></span> <span class='ocrx_word' id='word_1_126' title='bbox 1105 1583 1247 1654; x_wconf 90' lang='lat' dir='ltr'><strong>quod</strong></span> <span class='ocrx_word' id='word_1_127' title='bbox 1273 1583 1525 1652; x_wconf 78' lang='lat' dir='ltr'><strong>accepisti</strong></span> <span class='ocrx_word' id='word_1_128' title='bbox 1555 1600 1569 1635; x_wconf 89' lang='lat'><strong>:</strong></span> <span class='ocrx_word' id='word_1_129' title='bbox 1597 1583 1846 1653; x_wconf 90' lang='lat' dir='ltr'><strong>quoniam</strong></span> <span class='ocrx_word' id='word_1_130' title='bbox 1874 1596 2063 1650; x_wconf 88' lang='lat' dir='ltr'><strong>super-</strong></span> 
     </span>
    </p>
   </div>
   <div class='ocr_carea' id='block_1_17' title="bbox 473 1674 2066 1747">
    <p class='ocr_par' dir='ltr' id='par_1_17' title="bbox 473 1674 2066 1747">
     <span class='ocr_line' id='line_1_17' title="bbox 473 1674 2066 1747; baseline -0.004 -12"><span class='ocrx_word' id='word_1_131' title='bbox 473 1679 663 1746; x_wconf 86' lang='lat' dir='ltr'><strong>bienti,</strong></span> <span class='ocrx_word' id='word_1_132' title='bbox 692 1687 748 1735; x_wconf 89' lang='lat' dir='ltr'><strong>et</strong></span> <span class='ocrx_word' id='word_1_133' title='bbox 767 1694 831 1734; x_wconf 80' lang='lat' dir='ltr'><strong>ex</strong></span> <span class='ocrx_word' id='word_1_134' title='bbox 860 1693 925 1743; x_wconf 89' lang='lat' dir='ltr'><strong>eo</strong></span> <span class='ocrx_word' id='word_1_135' title='bbox 953 1677 1096 1747; x_wconf 88' lang='lat' dir='ltr'><strong>quod</strong></span> <span class='ocrx_word' id='word_1_136' title='bbox 1127 1677 1355 1733; x_wconf 86' lang='lat' dir='ltr'><strong>habebat</strong></span> <span class='ocrx_word' id='word_1_137' title='bbox 1380 1718 1397 1743; x_wconf 95' lang='lat'><strong>,</strong></span> <span class='ocrx_word' id='word_1_138' title='bbox 1436 1676 1588 1746; x_wconf 90' lang='lat' dir='ltr'><strong>quasi</strong></span> <span class='ocrx_word' id='word_1_139' title='bbox 1616 1691 1645 1730; x_wconf 91' lang='lat' dir='ltr'><strong>a</strong></span> <span class='ocrx_word' id='word_1_140' title='bbox 1674 1691 1732 1730; x_wconf 90' lang='lat' dir='ltr'><strong>se</strong></span> <span class='ocrx_word' id='word_1_141' title='bbox 1760 1676 1875 1744; x_wconf 89' lang='lat' dir='ltr'><strong>ipso</strong></span> <span class='ocrx_word' id='word_1_142' title='bbox 1900 1674 2066 1729; x_wconf 84' lang='lat' dir='ltr'><strong>habe-</strong></span> 
     </span>
    </p>
   </div>
   <div class='ocr_carea' id='block_1_18' title="bbox 473 1766 2063 1842">
    <p class='ocr_par' dir='ltr' id='par_1_18' title="bbox 473 1766 2063 1842">
     <span class='ocr_line' id='line_1_18' title="bbox 473 1766 2063 1842; baseline -0.004 -15"><span class='ocrx_word' id='word_1_143' title='bbox 473 1780 577 1839; x_wconf 82' lang='lat' dir='ltr'><strong>ret,</strong></span> <span class='ocrx_word' id='word_1_144' title='bbox 600 1770 761 1842; x_wconf 83' lang='lat' dir='ltr'><strong>impie</strong></span> <span class='ocrx_word' id='word_1_145' title='bbox 785 1771 1033 1841; x_wconf 81' lang='lat' dir='ltr'><strong>glorianti</strong></span> <span class='ocrx_word' id='word_1_146' title='bbox 1055 1769 1267 1825; x_wconf 82' lang='lat' dir='ltr'><strong>Veritas</strong></span> <span class='ocrx_word' id='word_1_147' title='bbox 1290 1784 1386 1839; x_wconf 90' lang='lat' dir='ltr'><strong>per</strong></span> <span class='ocrx_word' id='word_1_148' title='bbox 1407 1769 1723 1839; x_wconf 79' lang='lat' dir='ltr'><strong>Apostolum</strong></span> <span class='ocrx_word' id='word_1_149' title='bbox 1748 1767 1898 1833; x_wconf 87' lang='lat' dir='ltr'><strong>dicit,</strong></span> <span class='ocrx_word' id='word_1_150' title='bbox 1926 1766 2063 1832; x_wconf 78' lang='lat' dir='ltr'><strong>Quid</strong></span> 
     </span>
    </p>
   </div>
   <div class='ocr_carea' id='block_1_19' title="bbox 475 1861 2062 1933">
    <p class='ocr_par' dir='ltr' id='par_1_19' title="bbox 475 1861 2062 1933">
     <span class='ocr_line' id='line_1_19' title="bbox 475 1861 2062 1933; baseline -0.001 -16"><span class='ocrx_word' id='word_1_151' title='bbox 475 1863 606 1921; x_wconf 80' lang='lat' dir='ltr'><strong>enim</strong></span> <span class='ocrx_word' id='word_1_152' title='bbox 629 1864 779 1918; x_wconf 70' lang='lat' dir='ltr'><strong>habes</strong></span> <span class='ocrx_word' id='word_1_153' title='bbox 803 1863 937 1933; x_wconf 76' lang='lat' dir='ltr'><strong>quod</strong></span> <span class='ocrx_word' id='word_1_154' title='bbox 958 1880 1058 1917; x_wconf 84' lang='lat' dir='ltr'><strong>non</strong></span> <span class='ocrx_word' id='word_1_155' title='bbox 1085 1863 1367 1931; x_wconf 81' lang='lat' dir='ltr'><strong>accepisti?</strong></span> <span class='ocrx_word' id='word_1_156' title='bbox 1390 1861 1452 1917; x_wconf 91' lang='lat' dir='ltr'><strong>Si</strong></span> <span class='ocrx_word' id='word_1_157' title='bbox 1472 1872 1641 1917; x_wconf 84' lang='lat' dir='ltr'><strong>autem</strong></span> <span class='ocrx_word' id='word_1_158' title='bbox 1661 1863 1917 1932; x_wconf 81' lang='lat' dir='ltr'><strong>accepisti,</strong></span> <span class='ocrx_word' id='word_1_159' title='bbox 1940 1863 2062 1933; x_wconf 87' lang='lat' dir='ltr'><strong>quid</strong></span> 
     </span>
    </p>
   </div>
   <div class='ocr_carea' id='block_1_20' title="bbox 472 1950 1741 2025">
    <p class='ocr_par' dir='ltr' id='par_1_20' title="bbox 472 1950 1741 2025">
     <span class='ocr_line' id='line_1_20' title="bbox 472 1950 1741 2025; baseline -0.002 -17"><span class='ocrx_word' id='word_1_160' title='bbox 472 1954 709 2025; x_wconf 80' lang='lat' dir='ltr'><strong>gloriaris</strong></span> <span class='ocrx_word' id='word_1_161' title='bbox 733 1954 878 2024; x_wconf 78' lang='lat' dir='ltr'><strong>quasi</strong></span> <span class='ocrx_word' id='word_1_162' title='bbox 902 1969 1005 2008; x_wconf 86' lang='lat' dir='ltr'><strong>non</strong></span> <span class='ocrx_word' id='word_1_163' title='bbox 1029 1953 1279 2023; x_wconf 78' lang='lat' dir='ltr'><strong>acceperis</strong></span> <span class='ocrx_word' id='word_1_164' title='bbox 1304 1952 1361 2023; x_wconf 87' lang='grc' dir='ltr'>(ι</span> <span class='ocrx_word' id='word_1_165' title='bbox 1391 1950 1509 2006; x_wconf 88' lang='lat' dir='ltr'><strong>Cor.</strong></span> <span class='ocrx_word' id='word_1_166' title='bbox 1540 1968 1616 2020; x_wconf 86' lang='lat' dir='ltr'><strong>tv,</strong></span> <span class='ocrx_word' id='word_1_167' title='bbox 1647 1951 1741 2023; x_wconf 89' lang='lat'><strong>7)?</strong></span> 
     </span>
    </p>
   </div>
   <div class='ocr_carea' id='block_1_21' title="bbox 544 2044 2057 2117">
    <p class='ocr_par' dir='ltr' id='par_1_21' title="bbox 544 2044 2057 2117">
     <span class='ocr_line' id='line_1_21' title="bbox 544 2044 2057 2117; baseline -0.001 -14"><span class='ocrx_word' id='word_1_168' title='bbox 544 2045 770 2103; x_wconf 83' lang='lat' dir='ltr'><strong>CAPUT</strong></span> <span class='ocrx_word' id='word_1_169' title='bbox 813 2044 975 2102; x_wconf 78' lang='lat' dir='ltr'><strong>XVII.</strong></span> <span class='ocrx_word' id='word_1_170' title='bbox 1015 2074 1087 2087; x_wconf 90' lang='lat'><strong>-—-</strong></span> <span class='ocrx_word' id='word_1_171' title='bbox 1119 2046 1208 2101; x_wconf 75' lang='grc'><strong>21.</strong></span> <span class='ocrx_word' id='word_1_172' title='bbox 1250 2044 1437 2100; x_wconf 81' lang='lat' dir='ltr'><strong>Contra</strong></span> <span class='ocrx_word' id='word_1_173' title='bbox 1467 2044 1792 2117; x_wconf 78' lang='lat' dir='ltr'><strong>Pelagianos,</strong></span> <span class='ocrx_word' id='word_1_174' title='bbox 1844 2046 2057 2102; x_wconf 82' lang='lat' dir='ltr'><strong>liberum</strong></span> 
     </span>
    </p>
   </div>
   <div class='ocr_carea' id='block_1_22' title="bbox 474 2136 2062 2209">
    <p class='ocr_par' dir='ltr' id='par_1_22' title="bbox 474 2136 2062 2209">
     <span class='ocr_line' id='line_1_22' title="bbox 474 2136 2062 2209; baseline 0.003 -18"><span class='ocrx_word' id='word_1_175' title='bbox 474 2137 738 2193; x_wconf 80' lang='lat' dir='ltr'><strong>arbitrium</strong></span> <span class='ocrx_word' id='word_1_176' title='bbox 768 2137 841 2192; x_wconf 83' lang='lat' dir='ltr'><strong>sic</strong></span> <span class='ocrx_word' id='word_1_177' title='bbox 868 2136 1210 2208; x_wconf 73' lang='lat' dir='ltr'><strong>defendentes,</strong></span> <span class='ocrx_word' id='word_1_178' title='bbox 1242 2145 1298 2190; x_wconf 88' lang='lat' dir='ltr'><strong>ut</strong></span> <span class='ocrx_word' id='word_1_179' title='bbox 1323 2146 1500 2208; x_wconf 80' lang='lat' dir='ltr'><strong>negent</strong></span> <span class='ocrx_word' id='word_1_180' title='bbox 1542 2136 1640 2191; x_wconf 86' lang='lat' dir='ltr'><strong>Dei</strong></span> <span class='ocrx_word' id='word_1_181' title='bbox 1665 2140 1901 2209; x_wconf 84' lang='lat' dir='ltr'><strong>gratiam.</strong></span> <span class='ocrx_word' id='word_1_182' title='bbox 1936 2138 2062 2195; x_wconf 74' lang='lat' dir='ltr'><strong>Htec</strong></span> 
     </span>
    </p>
   </div>
   <div class='ocr_carea' id='block_1_23' title="bbox 473 2229 2061 2302">
    <p class='ocr_par' dir='ltr' id='par_1_23' title="bbox 473 2229 2061 2302">
     <span class='ocr_line' id='line_1_23' title="bbox 473 2229 2061 2302; baseline 0.003 -17"><span class='ocrx_word' id='word_1_183' title='bbox 473 2245 561 2286; x_wconf 89' lang='lat' dir='ltr'><strong>me</strong></span> <span class='ocrx_word' id='word_1_184' title='bbox 601 2229 892 2286; x_wconf 89' lang='lat' dir='ltr'><strong>admonere</strong></span> <span class='ocrx_word' id='word_1_185' title='bbox 938 2230 1264 2300; x_wconf 89' lang='lat' dir='ltr'><strong>compellunt</strong></span> <span class='ocrx_word' id='word_1_186' title='bbox 1313 2231 1538 2286; x_wconf 88' lang='lat' dir='ltr'><strong>cavendi</strong></span> <span class='ocrx_word' id='word_1_187' title='bbox 1591 2239 1751 2302; x_wconf 90' lang='lat' dir='ltr'><strong>atque</strong></span> <span class='ocrx_word' id='word_1_188' title='bbox 1791 2232 2061 2290; x_wconf 82' lang='lat' dir='ltr'><strong>devitandi</strong></span> 
     </span>
    </p>
   </div>
   <div class='ocr_carea' id='block_1_24' title="bbox 470 2322 2061 2393">
    <p class='ocr_par' dir='ltr' id='par_1_24' title="bbox 470 2322 2061 2393">
     <span class='ocr_line' id='line_1_24' title="bbox 470 2322 2061 2393; baseline 0.003 -17"><span class='ocrx_word' id='word_1_189' title='bbox 470 2322 823 2393; x_wconf 84' lang='lat' dir='ltr'><strong>quorumdam</strong></span> <span class='ocrx_word' id='word_1_190' title='bbox 869 2322 1213 2389; x_wconf 86' lang='lat' dir='ltr'><strong>sermonculi,</strong></span> <span class='ocrx_word' id='word_1_191' title='bbox 1260 2324 1350 2393; x_wconf 88' lang='lat' dir='ltr'><strong>qui</strong></span> <span class='ocrx_word' id='word_1_192' title='bbox 1397 2339 1494 2393; x_wconf 91' lang='lat' dir='ltr'><strong>per</strong></span> <span class='ocrx_word' id='word_1_193' title='bbox 1543 2337 1700 2379; x_wconf 85' lang='lat' dir='ltr'><strong>aures</strong></span> <span class='ocrx_word' id='word_1_194' title='bbox 1743 2324 1811 2379; x_wconf 88' lang='lat' dir='ltr'><strong>ad</strong></span> <span class='ocrx_word' id='word_1_195' title='bbox 1852 2323 2061 2381; x_wconf 87' lang='lat' dir='ltr'><strong>animos</strong></span> 
     </span>
    </p>
   </div>
   <div class='ocr_carea' id='block_1_25' title="bbox 469 2415 2060 2490">
    <p class='ocr_par' dir='ltr' id='par_1_25' title="bbox 469 2415 2060 2490">
     <span class='ocr_line' id='line_1_25' title="bbox 469 2415 2060 2490; baseline 0.003 -20"><span class='ocrx_word' id='word_1_196' title='bbox 469 2415 763 2471; x_wconf 86' lang='lat' dir='ltr'><strong>multorum</strong></span> <span class='ocrx_word' id='word_1_197' title='bbox 805 2430 1023 2486; x_wconf 85' lang='lat' dir='ltr'><strong>serpere</strong></span> <span class='ocrx_word' id='word_1_198' title='bbox 1050 2424 1347 2486; x_wconf 71' lang='lat' dir='ltr'><strong>cmperunt,</strong></span> <span class='ocrx_word' id='word_1_199' title='bbox 1375 2416 1517 2487; x_wconf 86' lang='lat' dir='ltr'><strong>quod</strong></span> <span class='ocrx_word' id='word_1_200' title='bbox 1542 2432 1661 2471; x_wconf 91' lang='lat' dir='ltr'><strong>eum</strong></span> <span class='ocrx_word' id='word_1_201' title='bbox 1705 2417 1953 2490; x_wconf 83' lang='lat' dir='ltr'><strong>lacrymis</strong></span> <span class='ocrx_word' id='word_1_202' title='bbox 1977 2418 2060 2474; x_wconf 92' lang='lat' dir='ltr'><strong>di-</strong></span> 
     </span>
    </p>
   </div>
   <div class='ocr_carea' id='block_1_26' title="bbox 469 2507 2055 2581">
    <p class='ocr_par' dir='ltr' id='par_1_26' title="bbox 469 2507 2055 2581">
     <span class='ocr_line' id='line_1_26' title="bbox 469 2507 2055 2581; baseline 0.001 -18"><span class='ocrx_word' id='word_1_203' title='bbox 469 2507 695 2564; x_wconf 83' lang='lat' dir='ltr'><strong>cendum</strong></span> <span class='ocrx_word' id='word_1_204' title='bbox 715 2516 820 2575; x_wconf 91' lang='lat' dir='ltr'><strong>est,</strong></span> <span class='ocrx_word' id='word_1_205' title='bbox 848 2508 1049 2564; x_wconf 90' lang='lat' dir='ltr'><strong>inimici</strong></span> <span class='ocrx_word' id='word_1_206' title='bbox 1071 2510 1257 2581; x_wconf 69' lang='lat' dir='ltr'><strong>gratia:</strong></span> <span class='ocrx_word' id='word_1_207' title='bbox 1278 2509 1494 2577; x_wconf 86' lang='lat' dir='ltr'><strong>Christi,</strong></span> <span class='ocrx_word' id='word_1_208' title='bbox 1519 2526 1611 2580; x_wconf 88' lang='lat' dir='ltr'><strong>per</strong></span> <span class='ocrx_word' id='word_1_209' title='bbox 1626 2526 1762 2581; x_wconf 90' lang='lat' dir='ltr'><strong>quos</strong></span> <span class='ocrx_word' id='word_1_210' title='bbox 1779 2512 2055 2581; x_wconf 84' lang='lat' dir='ltr'><strong>suadetur,</strong></span> 
     </span>
    </p>
   </div>
   <div class='ocr_carea' id='block_1_27' title="bbox 469 2600 2055 2672">
    <p class='ocr_par' dir='ltr' id='par_1_27' title="bbox 469 2600 2055 2672">
     <span class='ocr_line' id='line_1_27' title="bbox 469 2600 2055 2672; baseline 0.003 -18"><span class='ocrx_word' id='word_1_211' title='bbox 469 2607 531 2654; x_wconf 87' lang='lat' dir='ltr'><strong>ut</strong></span> <span class='ocrx_word' id='word_1_212' title='bbox 554 2613 655 2656; x_wconf 87' lang='lat' dir='ltr'><strong>nec</strong></span> <span class='ocrx_word' id='word_1_213' title='bbox 679 2600 852 2656; x_wconf 87' lang='lat' dir='ltr'><strong>oratio</strong></span> <span class='ocrx_word' id='word_1_214' title='bbox 875 2601 1028 2656; x_wconf 88' lang='lat' dir='ltr'><strong>nobis</strong></span> <span class='ocrx_word' id='word_1_215' title='bbox 1051 2600 1119 2656; x_wconf 89' lang='lat' dir='ltr'><strong>ad</strong></span> <span class='ocrx_word' id='word_1_216' title='bbox 1149 2602 1430 2656; x_wconf 90' lang='lat' dir='ltr'><strong>Dominum</strong></span> <span class='ocrx_word' id='word_1_217' title='bbox 1465 2603 1765 2657; x_wconf 85' lang='lat' dir='ltr'><strong>necessaria</strong></span> <span class='ocrx_word' id='word_1_218' title='bbox 1795 2603 2055 2672; x_wconf 89' lang='lat' dir='ltr'><strong>videatur,</strong></span> 
     </span>
    </p>
   </div>
   <div class='ocr_carea' id='block_1_28' title="bbox 470 2693 2060 2753">
    <p class='ocr_par' dir='ltr' id='par_1_28' title="bbox 470 2693 2060 2753">
     <span class='ocr_line' id='line_1_28' title="bbox 470 2693 2060 2753; baseline 0.004 -7"><span class='ocrx_word' id='word_1_219' title='bbox 470 2706 541 2747; x_wconf 90' lang='lat' dir='ltr'><strong>ne</strong></span> <span class='ocrx_word' id='word_1_220' title='bbox 572 2693 832 2749; x_wconf 87' lang='lat' dir='ltr'><strong>intremus</strong></span> <span class='ocrx_word' id='word_1_221' title='bbox 879 2694 933 2749; x_wconf 91' lang='lat' dir='ltr'><strong>in</strong></span> <span class='ocrx_word' id='word_1_222' title='bbox 975 2694 1344 2752; x_wconf 83' lang='lat' dir='ltr'><strong>teutationem.</strong></span> <span class='ocrx_word' id='word_1_223' title='bbox 1386 2695 1478 2753; x_wconf 89' lang='lat' dir='ltr'><strong>Sic</strong></span> <span class='ocrx_word' id='word_1_224' title='bbox 1505 2697 1647 2750; x_wconf 91' lang='lat' dir='ltr'><strong>enim</strong></span> <span class='ocrx_word' id='word_1_225' title='bbox 1678 2707 1940 2751; x_wconf 87' lang='lat' dir='ltr'><strong>conantur</strong></span> <span class='ocrx_word' id='word_1_226' title='bbox 1966 2697 2060 2753; x_wconf 85' lang='lat' dir='ltr'><strong>de-</strong></span> 
     </span>
    </p>
   </div>
   <div class='ocr_carea' id='block_1_29' title="bbox 468 2784 2055 2855">
    <p class='ocr_par' dir='ltr' id='par_1_29' title="bbox 468 2784 2055 2855">
     <span class='ocr_line' id='line_1_29' title="bbox 468 2784 2055 2855; baseline -0.001 -10"><span class='ocrx_word' id='word_1_227' title='bbox 468 2784 689 2845; x_wconf 83' lang='lat' dir='ltr'><strong>fendere</strong></span> <span class='ocrx_word' id='word_1_228' title='bbox 717 2787 947 2842; x_wconf 87' lang='lat' dir='ltr'><strong>hominis</strong></span> <span class='ocrx_word' id='word_1_229' title='bbox 971 2787 1198 2842; x_wconf 89' lang='lat' dir='ltr'><strong>liberum</strong></span> <span class='ocrx_word' id='word_1_230' title='bbox 1224 2787 1524 2855; x_wconf 87' lang='lat' dir='ltr'><strong>arbitrium,</strong></span> <span class='ocrx_word' id='word_1_231' title='bbox 1558 2797 1617 2842; x_wconf 89' lang='lat' dir='ltr'><strong>ut</strong></span> <span class='ocrx_word' id='word_1_232' title='bbox 1643 2804 1707 2842; x_wconf 88' lang='lat' dir='ltr'><strong>eo</strong></span> <span class='ocrx_word' id='word_1_233' title='bbox 1736 2790 1870 2855; x_wconf 91' lang='lat' dir='ltr'><strong>solo,</strong></span> <span class='ocrx_word' id='word_1_234' title='bbox 1895 2790 2055 2844; x_wconf 88' lang='lat' dir='ltr'><strong>etiam</strong></span> 
     </span>
    </p>
   </div>
   <div class='ocr_carea' id='block_1_30' title="bbox 469 2875 2059 2953">
    <p class='ocr_par' dir='ltr' id='par_1_30' title="bbox 469 2875 2059 2953">
     <span class='ocr_line' id='line_1_30' title="bbox 469 2875 2059 2953; baseline 0.004 -20"><span class='ocrx_word' id='word_1_235' title='bbox 469 2875 568 2934; x_wconf 90' lang='lat' dir='ltr'><strong>Dei</strong></span> <span class='ocrx_word' id='word_1_236' title='bbox 604 2879 772 2950; x_wconf 88' lang='lat' dir='ltr'><strong>gratia</strong></span> <span class='ocrx_word' id='word_1_237' title='bbox 798 2894 904 2934; x_wconf 91' lang='lat' dir='ltr'><strong>non</strong></span> <span class='ocrx_word' id='word_1_238' title='bbox 924 2879 1115 2950; x_wconf 89' lang='lat' dir='ltr'><strong>adjuti,</strong></span> <span class='ocrx_word' id='word_1_239' title='bbox 1142 2880 1432 2941; x_wconf 83' lang='lat' dir='ltr'><strong>valeamus,</strong></span> <span class='ocrx_word' id='word_1_240' title='bbox 1463 2881 1602 2951; x_wconf 85' lang='lat' dir='ltr'><strong>quod</strong></span> <span class='ocrx_word' id='word_1_241' title='bbox 1627 2881 1881 2937; x_wconf 80' lang='lat' dir='ltr'><strong>divinitus</strong></span> <span class='ocrx_word' id='word_1_242' title='bbox 1902 2882 2059 2953; x_wconf 85' lang='lat' dir='ltr'><strong>jube-</strong></span> 
     </span>
    </p>
   </div>
   <div class='ocr_carea' id='block_1_31' title="bbox 468 2969 2058 3043">
    <p class='ocr_par' dir='ltr' id='par_1_31' title="bbox 468 2969 2058 3043">
     <span class='ocr_line' id='line_1_31' title="bbox 468 2969 2058 3043; baseline 0.004 -19"><span class='ocrx_word' id='word_1_243' title='bbox 468 2977 573 3035; x_wconf 89' lang='lat' dir='ltr'><strong>tur,</strong></span> <span class='ocrx_word' id='word_1_244' title='bbox 604 2969 847 3042; x_wconf 82' lang='lat' dir='ltr'><strong>implere.</strong></span> <span class='ocrx_word' id='word_1_245' title='bbox 880 2975 958 3026; x_wconf 79' lang='lat' dir='ltr'><strong>Ac</strong></span> <span class='ocrx_word' id='word_1_246' title='bbox 982 2969 1078 3043; x_wconf 87' lang='lat' dir='ltr'><strong>per</strong></span> <span class='ocrx_word' id='word_1_247' title='bbox 1102 2971 1204 3027; x_wconf 91' lang='lat' dir='ltr'><strong>hoc</strong></span> <span class='ocrx_word' id='word_1_248' title='bbox 1229 2972 1470 3042; x_wconf 88' lang='lat' dir='ltr'><strong>sequitur</strong></span> <span class='ocrx_word' id='word_1_249' title='bbox 1489 2980 1546 3027; x_wconf 91' lang='lat' dir='ltr'><strong>ut</strong></span> <span class='ocrx_word' id='word_1_250' title='bbox 1576 2972 1770 3028; x_wconf 80' lang='lat' dir='ltr'><strong>frustra</strong></span> <span class='ocrx_word' id='word_1_251' title='bbox 1798 2974 2058 3031; x_wconf 83' lang='lat' dir='ltr'><strong>Dominus</strong></span> 
     </span>
    </p>
   </div>
   <div class='ocr_carea' id='block_1_32' title="bbox 467 3058 2058 3135">
    <p class='ocr_par' dir='ltr' id='par_1_32' title="bbox 467 3058 2058 3135">
     <span class='ocr_line' id='line_1_32' title="bbox 467 3058 2058 3135; baseline 0.004 -18"><span class='ocrx_word' id='word_1_252' title='bbox 467 3058 681 3130; x_wconf 80' lang='lat' dir='ltr'><strong>dixerit,</strong></span> <span class='ocrx_word' id='word_1_253' title='bbox 733 3059 973 3135; x_wconf 60' lang='lat' dir='ltr'><strong>Vigila“,</strong></span> <span class='ocrx_word' id='word_1_254' title='bbox 1029 3071 1077 3118; x_wconf 82' lang='lat' dir='ltr'><strong>et</strong></span> <span class='ocrx_word' id='word_1_255' title='bbox 1119 3073 1288 3130; x_wconf 89' lang='lat' dir='ltr'><strong>orate,</strong></span> <span class='ocrx_word' id='word_1_256' title='bbox 1320 3081 1383 3118; x_wconf 91' lang='lat' dir='ltr'><strong>ne</strong></span> <span class='ocrx_word' id='word_1_257' title='bbox 1424 3065 1618 3120; x_wconf 81' lang='lat' dir='ltr'><strong>intretis</strong></span> <span class='ocrx_word' id='word_1_258' title='bbox 1657 3067 1709 3120; x_wconf 87' lang='lat' dir='ltr'><strong>in</strong></span> <span class='ocrx_word' id='word_1_259' title='bbox 1740 3069 2058 3123; x_wconf 88' lang='lat' dir='ltr'><strong>tentationem</strong></span> 
     </span>
    </p>
   </div>
   <div class='ocr_carea' id='block_1_33' title="bbox 467 3152 2057 3230">
    <p class='ocr_par' dir='ltr' id='par_1_33' title="bbox 467 3152 2057 3230">
     <span class='ocr_line' id='line_1_33' title="bbox 467 3152 2057 3230; baseline 0.006 -21"><span class='ocrx_word' id='word_1_260' title='bbox 467 3152 683 3229; x_wconf 75' lang='lat' dir='ltr'><strong>(Matth.</strong></span> <span class='ocrx_word' id='word_1_261' title='bbox 706 3171 856 3225; x_wconf 72' lang='lat' dir='ltr'><strong>xxvn,</strong></span> <span class='ocrx_word' id='word_1_262' title='bbox 883 3156 976 3227; x_wconf 75' lang='grc' dir='ltr'><strong>Η)</strong></span> <span class='ocrx_word' id='word_1_263' title='bbox 1001 3165 1088 3214; x_wconf 92' lang='lat' dir='ltr'><strong>:et</strong></span> <span class='ocrx_word' id='word_1_264' title='bbox 1111 3156 1306 3215; x_wconf 78' lang='lat' dir='ltr'><strong>frustra</strong></span> <span class='ocrx_word' id='word_1_265' title='bbox 1331 3159 1568 3229; x_wconf 86' lang='lat' dir='ltr'><strong>quotidie</strong></span> <span class='ocrx_word' id='word_1_266' title='bbox 1588 3160 1639 3213; x_wconf 93' lang='lat' dir='ltr'><strong>in</strong></span> <span class='ocrx_word' id='word_1_267' title='bbox 1655 3160 1766 3230; x_wconf 89' lang='lat' dir='ltr'><strong>ipsa</strong></span> <span class='ocrx_word' id='word_1_268' title='bbox 1793 3160 2057 3218; x_wconf 87' lang='lat' dir='ltr'><strong>dominica</strong></span> 
     </span>
    </p>
   </div>
   <div class='ocr_carea' id='block_1_34' title="bbox 465 3246 2055 3323">
    <p class='ocr_par' dir='ltr' id='par_1_34' title="bbox 465 3246 2055 3323">
     <span class='ocr_line' id='line_1_34' title="bbox 465 3246 2055 3323; baseline 0.003 -21"><span class='ocrx_word' id='word_1_269' title='bbox 465 3246 710 3305; x_wconf 79' lang='lat' dir='ltr'><strong>oratione</strong></span> <span class='ocrx_word' id='word_1_270' title='bbox 737 3248 998 3313; x_wconf 86' lang='lat' dir='ltr'><strong>dicamus,</strong></span> <span class='ocrx_word' id='word_1_271' title='bbox 1043 3248 1128 3304; x_wconf 86' lang='lat' dir='ltr'><strong>Ne</strong></span> <span class='ocrx_word' id='word_1_272' title='bbox 1156 3267 1247 3305; x_wconf 84' lang='lat' dir='ltr'><strong>nos</strong></span> <span class='ocrx_word' id='word_1_273' title='bbox 1274 3251 1466 3322; x_wconf 78' lang='lat' dir='ltr'><strong>inferas</strong></span> <span class='ocrx_word' id='word_1_274' title='bbox 1493 3251 1548 3305; x_wconf 85' lang='lat' dir='ltr'><strong>in</strong></span> <span class='ocrx_word' id='word_1_275' title='bbox 1590 3253 1909 3307; x_wconf 80' lang='lat' dir='ltr'><strong>tentationem</strong></span> <span class='ocrx_word' id='word_1_276' title='bbox 1940 3252 2055 3323; x_wconf 87' lang='lat' dir='ltr'><strong>(Id.</strong></span> 
     </span>
    </p>
   </div>
   <div class='ocr_carea' id='block_1_35' title="bbox 464 3338 2059 3413">
    <p class='ocr_par' dir='ltr' id='par_1_35' title="bbox 464 3338 2059 3413">
     <span class='ocr_line' id='line_1_35' title="bbox 464 3338 2059 3413; baseline 0.004 -19"><span class='ocrx_word' id='word_1_277' title='bbox 464 3352 542 3407; x_wconf 72' lang='lat' dir='ltr'><strong>vn,</strong></span> <span class='ocrx_word' id='word_1_278' title='bbox 570 3338 681 3411; x_wconf 74' lang='grc'><strong>15).</strong></span> <span class='ocrx_word' id='word_1_279' title='bbox 723 3339 779 3395; x_wconf 84' lang='lat' dir='ltr'><strong>Si</strong></span> <span class='ocrx_word' id='word_1_280' title='bbox 807 3339 951 3397; x_wconf 88' lang='lat' dir='ltr'><strong>enim</strong></span> <span class='ocrx_word' id='word_1_281' title='bbox 997 3349 1195 3397; x_wconf 69' lang='lat' dir='ltr'><strong>nostra:</strong></span> <span class='ocrx_word' id='word_1_282' title='bbox 1239 3340 1607 3398; x_wconf 86' lang='lat' dir='ltr'><strong>tantummodo</strong></span> <span class='ocrx_word' id='word_1_283' title='bbox 1652 3345 1928 3413; x_wconf 86' lang='lat' dir='ltr'><strong>potestatis</strong></span> <span class='ocrx_word' id='word_1_284' title='bbox 1976 3353 2059 3400; x_wconf 89' lang='lat' dir='ltr'><strong>est</strong></span> 
     </span>
    </p>
   </div>
   <div class='ocr_carea' id='block_1_36' title="bbox 468 3432 2057 3504">
    <p class='ocr_par' dir='ltr' id='par_1_36' title="bbox 468 3432 2057 3504">
     <span class='ocr_line' id='line_1_36' title="bbox 468 3432 2057 3504; baseline 0.003 -18"><span class='ocrx_word' id='word_1_285' title='bbox 468 3446 540 3486; x_wconf 89' lang='lat' dir='ltr'><strong>ne</strong></span> <span class='ocrx_word' id='word_1_286' title='bbox 563 3432 857 3489; x_wconf 88' lang='lat' dir='ltr'><strong>tentatione</strong></span> <span class='ocrx_word' id='word_1_287' title='bbox 878 3447 1215 3504; x_wconf 88' lang='lat' dir='ltr'><strong>superemur,</strong></span> <span class='ocrx_word' id='word_1_288' title='bbox 1254 3433 1438 3504; x_wconf 91' lang='lat' dir='ltr'><strong>utquid</strong></span> <span class='ocrx_word' id='word_1_289' title='bbox 1466 3448 1679 3489; x_wconf 88' lang='lat' dir='ltr'><strong>oramus</strong></span> <span class='ocrx_word' id='word_1_290' title='bbox 1706 3450 1773 3490; x_wconf 93' lang='lat' dir='ltr'><strong>ne</strong></span> <span class='ocrx_word' id='word_1_291' title='bbox 1800 3436 2057 3491; x_wconf 88' lang='lat' dir='ltr'><strong>intremus</strong></span> 
     </span>
    </p>
   </div>
   <div class='ocr_carea' id='block_1_37' title="bbox 469 3524 2055 3599">
    <p class='ocr_par' dir='ltr' id='par_1_37' title="bbox 469 3524 2055 3599">
     <span class='ocr_line' id='line_1_37' title="bbox 469 3524 2055 3599; baseline 0.003 -20"><span class='ocrx_word' id='word_1_292' title='bbox 469 3524 553 3580; x_wconf 87' lang='lat' dir='ltr'><strong>vel</strong></span> <span class='ocrx_word' id='word_1_293' title='bbox 594 3525 882 3581; x_wconf 86' lang='lat' dir='ltr'><strong>inferamur</strong></span> <span class='ocrx_word' id='word_1_294' title='bbox 907 3526 957 3581; x_wconf 94' lang='lat' dir='ltr'><strong>in</strong></span> <span class='ocrx_word' id='word_1_295' title='bbox 987 3525 1149 3582; x_wconf 83' lang='lat' dir='ltr'><strong>eam?</strong></span> <span class='ocrx_word' id='word_1_296' title='bbox 1191 3526 1472 3584; x_wconf 89' lang='lat' dir='ltr'><strong>Faciamus</strong></span> <span class='ocrx_word' id='word_1_297' title='bbox 1499 3528 1678 3599; x_wconf 88' lang='lat' dir='ltr'><strong>potius</strong></span> <span class='ocrx_word' id='word_1_298' title='bbox 1704 3528 1844 3599; x_wconf 85' lang='lat' dir='ltr'><strong>quod</strong></span> <span class='ocrx_word' id='word_1_299' title='bbox 1888 3529 2055 3585; x_wconf 83' lang='lat' dir='ltr'><strong>nostri</strong></span> 
     </span>
    </p>
   </div>
   <div class='ocr_carea' id='block_1_38' title="bbox 468 3615 2058 3690">
    <p class='ocr_par' dir='ltr' id='par_1_38' title="bbox 468 3615 2058 3690">
     <span class='ocr_line' id='line_1_38' title="bbox 468 3615 2058 3690; baseline 0.003 -19"><span class='ocrx_word' id='word_1_300' title='bbox 468 3625 552 3671; x_wconf 90' lang='lat' dir='ltr'><strong>est</strong></span> <span class='ocrx_word' id='word_1_301' title='bbox 594 3615 746 3671; x_wconf 84' lang='lat' dir='ltr'><strong>liberi</strong></span> <span class='ocrx_word' id='word_1_302' title='bbox 790 3616 994 3677; x_wconf 85' lang='lat' dir='ltr'><strong>arbitrii</strong></span> <span class='ocrx_word' id='word_1_303' title='bbox 1037 3625 1197 3690; x_wconf 91' lang='lat' dir='ltr'><strong>atque</strong></span> <span class='ocrx_word' id='word_1_304' title='bbox 1224 3618 1633 3675; x_wconf 57' lang='lat' dir='ltr'><strong>absolutissima:</strong></span> <span class='ocrx_word' id='word_1_305' title='bbox 1664 3620 1973 3690; x_wconf 81' lang='lat' dir='ltr'><strong>potestatis;</strong></span> <span class='ocrx_word' id='word_1_306' title='bbox 2005 3629 2058 3676; x_wconf 91' lang='lat' dir='ltr'><strong>et</strong></span> 
     </span>
    </p>
   </div>
   <div class='ocr_carea' id='block_1_39' title="bbox 465 3705 2059 3783">
    <p class='ocr_par' dir='ltr' id='par_1_39' title="bbox 465 3705 2059 3783">
     <span class='ocr_line' id='line_1_39' title="bbox 465 3705 2059 3783; baseline 0.003 -21"><span class='ocrx_word' id='word_1_307' title='bbox 465 3705 785 3763; x_wconf 79' lang='lat' dir='ltr'><strong>irrideamus</strong></span> <span class='ocrx_word' id='word_1_308' title='bbox 830 3709 1147 3781; x_wconf 89' lang='lat' dir='ltr'><strong>Apostolum</strong></span> <span class='ocrx_word' id='word_1_309' title='bbox 1193 3709 1481 3778; x_wconf 89' lang='lat' dir='ltr'><strong>dicentem,</strong></span> <span class='ocrx_word' id='word_1_310' title='bbox 1526 3710 1722 3766; x_wconf 78' lang='lat' dir='ltr'><strong>Fidelis</strong></span> <span class='ocrx_word' id='word_1_311' title='bbox 1764 3711 1923 3776; x_wconf 86' lang='lat' dir='ltr'><strong>Deus,</strong></span> <span class='ocrx_word' id='word_1_312' title='bbox 1972 3713 2059 3783; x_wconf 88' lang='lat' dir='ltr'><strong>qui</strong></span> 
     </span>
    </p>
   </div>
   <div class='ocr_carea' id='block_1_40' title="bbox 466 3803 2053 3880">
    <p class='ocr_par' dir='ltr' id='par_1_40' title="bbox 466 3803 2053 3880">
     <span class='ocr_line' id='line_1_40' title="bbox 466 3803 2053 3880; baseline 0.005 -26"><span class='ocrx_word' id='word_1_313' title='bbox 466 3815 568 3855; x_wconf 85' lang='lat' dir='ltr'><strong>non</strong></span> <span class='ocrx_word' id='word_1_314' title='bbox 596 3815 682 3856; x_wconf 73' lang='lat' dir='ltr'><strong>vos</strong></span> <span class='ocrx_word' id='word_1_315' title='bbox 708 3803 958 3873; x_wconf 75' lang='lat' dir='ltr'><strong>permittet</strong></span> <span class='ocrx_word' id='word_1_316' title='bbox 984 3805 1165 3859; x_wconf 85' lang='lat' dir='ltr'><strong>tentari</strong></span> <span class='ocrx_word' id='word_1_317' title='bbox 1190 3822 1344 3876; x_wconf 83' lang='lat' dir='ltr'><strong>super</strong></span> <span class='ocrx_word' id='word_1_318' title='bbox 1371 3804 1427 3859; x_wconf 88' lang='lat' dir='ltr'><strong>id</strong></span> <span class='ocrx_word' id='word_1_319' title='bbox 1450 3804 1588 3877; x_wconf 87' lang='lat' dir='ltr'><strong>quod</strong></span> <span class='ocrx_word' id='word_1_320' title='bbox 1613 3807 1819 3876; x_wconf 79' lang='lat' dir='ltr'><strong>potestis</strong></span> <span class='ocrx_word' id='word_1_321' title='bbox 1849 3806 1909 3880; x_wconf 86' lang='grc' dir='ltr'><strong>(Ι</strong></span> <span class='ocrx_word' id='word_1_322' title='bbox 1936 3805 2053 3862; x_wconf 83' lang='lat' dir='ltr'><strong>Cor.</strong></span> 
     </span>
    </p>
   </div>
   <div class='ocr_carea' id='block_1_41' title="bbox 464 3890 2059 3969">
    <p class='ocr_par' dir='ltr' id='par_1_41' title="bbox 464 3890 2059 3969">
     <span class='ocr_line' id='line_1_41' title="bbox 464 3890 2059 3969; baseline 0.006 -23"><span class='ocrx_word' id='word_1_323' title='bbox 464 3905 521 3957; x_wconf 83' lang='lat' dir='ltr'><strong>x,</strong></span> <span class='ocrx_word' id='word_1_324' title='bbox 555 3890 646 3963; x_wconf 75' lang='grc'><strong>15)</strong></span> <span class='ocrx_word' id='word_1_325' title='bbox 673 3910 686 3948; x_wconf 92' lang='lat'><strong>:</strong></span> <span class='ocrx_word' id='word_1_326' title='bbox 712 3901 767 3949; x_wconf 89' lang='lat' dir='ltr'><strong>et</strong></span> <span class='ocrx_word' id='word_1_327' title='bbox 795 3894 1103 3952; x_wconf 85' lang='lat' dir='ltr'><strong>resistamus</strong></span> <span class='ocrx_word' id='word_1_328' title='bbox 1129 3896 1179 3951; x_wconf 90' lang='lat' dir='ltr'><strong>ei</strong></span> <span class='ocrx_word' id='word_1_329' title='bbox 1207 3897 1466 3964; x_wconf 86' lang='lat' dir='ltr'><strong>dicentes,</strong></span> <span class='ocrx_word' id='word_1_330' title='bbox 1509 3896 1704 3968; x_wconf 86' lang='lat' dir='ltr'><strong>thuid</strong></span> <span class='ocrx_word' id='word_1_331' title='bbox 1735 3906 1859 3969; x_wconf 86' lang='lat' dir='ltr'><strong>peto</strong></span> <span class='ocrx_word' id='word_1_332' title='bbox 1895 3913 1924 3952; x_wconf 91' lang='lat' dir='ltr'><strong>a</strong></span> <span class='ocrx_word' id='word_1_333' title='bbox 1953 3898 2059 3955; x_wconf 84' lang='lat' dir='ltr'><strong>Do-</strong></span> 
     </span>
    </p>
   </div>
   <div class='ocr_carea' id='block_1_42' title="bbox 465 3982 2059 4059">
    <p class='ocr_par' dir='ltr' id='par_1_42' title="bbox 465 3982 2059 4059">
     <span class='ocr_line' id='line_1_42' title="bbox 465 3982 2059 4059; baseline 0.004 -20"><span class='ocrx_word' id='word_1_334' title='bbox 465 3982 632 4052; x_wconf 89' lang='lat' dir='ltr'><strong>mino,</strong></span> <span class='ocrx_word' id='word_1_335' title='bbox 656 3985 797 4055; x_wconf 83' lang='lat' dir='ltr'><strong>quod</strong></span> <span class='ocrx_word' id='word_1_336' title='bbox 817 3985 870 4042; x_wconf 94' lang='lat' dir='ltr'><strong>in</strong></span> <span class='ocrx_word' id='word_1_337' title='bbox 894 4002 1011 4043; x_wconf 89' lang='lat' dir='ltr'><strong>mea</strong></span> <span class='ocrx_word' id='word_1_338' title='bbox 1040 3988 1214 4058; x_wconf 88' lang='lat' dir='ltr'><strong>posuit</strong></span> <span class='ocrx_word' id='word_1_339' title='bbox 1236 3996 1498 4059; x_wconf 85' lang='lat' dir='ltr'><strong>potestate</strong></span> <span class='ocrx_word' id='word_1_340' title='bbox 1517 3989 1544 4043; x_wconf 71' lang='grc' dir='ltr'><em>ἳ</em></span> <span class='ocrx_word' id='word_1_341' title='bbox 1577 3988 1685 4046; x_wconf 89' lang='lat' dir='ltr'><strong>Sed</strong></span> <span class='ocrx_word' id='word_1_342' title='bbox 1709 3989 1849 4045; x_wconf 90' lang='lat' dir='ltr'><strong>absit</strong></span> <span class='ocrx_word' id='word_1_343' title='bbox 1878 3997 1937 4045; x_wconf 91' lang='lat' dir='ltr'><strong>ut</strong></span> <span class='ocrx_word' id='word_1_344' title='bbox 1956 3990 2059 4047; x_wconf 90' lang='lat' dir='ltr'><strong>hoc</strong></span> 
     </span>
    </p>
   </div>
   <div class='ocr_carea' id='block_1_43' title="bbox 465 4075 2057 4153">
    <p class='ocr_par' dir='ltr' id='par_1_43' title="bbox 465 4075 2057 4153">
     <span class='ocr_line' id='line_1_43' title="bbox 465 4075 2057 4153; baseline 0.004 -22"><span class='ocrx_word' id='word_1_345' title='bbox 465 4075 657 4146; x_wconf 79' lang='lat' dir='ltr'><strong>sapiat,</strong></span> <span class='ocrx_word' id='word_1_346' title='bbox 679 4077 767 4147; x_wconf 91' lang='lat' dir='ltr'><strong>qui</strong></span> <span class='ocrx_word' id='word_1_347' title='bbox 788 4092 977 4135; x_wconf 84' lang='lat' dir='ltr'><strong>sanum</strong></span> <span class='ocrx_word' id='word_1_348' title='bbox 1002 4080 1159 4149; x_wconf 88' lang='lat' dir='ltr'><strong>sapit.</strong></span> <span class='ocrx_word' id='word_1_349' title='bbox 1182 4080 1412 4137; x_wconf 85' lang='lat' dir='ltr'><strong>Proinde</strong></span> <span class='ocrx_word' id='word_1_350' title='bbox 1434 4091 1677 4152; x_wconf 88' lang='lat' dir='ltr'><strong>petamus</strong></span> <span class='ocrx_word' id='word_1_351' title='bbox 1698 4090 1755 4137; x_wconf 93' lang='lat' dir='ltr'><strong>ut</strong></span> <span class='ocrx_word' id='word_1_352' title='bbox 1779 4082 1888 4149; x_wconf 90' lang='lat' dir='ltr'><strong>det,</strong></span> <span class='ocrx_word' id='word_1_353' title='bbox 1915 4081 2057 4153; x_wconf 88' lang='lat' dir='ltr'><strong>quod</strong></span> 
     </span>
    </p>
   </div>
   <div class='ocr_carea' id='block_1_44' title="bbox 464 4167 2056 4244">
    <p class='ocr_par' dir='ltr' id='par_1_44' title="bbox 464 4167 2056 4244">
     <span class='ocr_line' id='line_1_44' title="bbox 464 4167 2056 4244; baseline 0.006 -23"><span class='ocrx_word' id='word_1_354' title='bbox 464 4175 525 4221; x_wconf 89' lang='lat' dir='ltr'><strong>ut</strong></span> <span class='ocrx_word' id='word_1_355' title='bbox 555 4167 846 4223; x_wconf 83' lang='lat' dir='ltr'><strong>habeamus</strong></span> <span class='ocrx_word' id='word_1_356' title='bbox 878 4169 1048 4240; x_wconf 87' lang='lat' dir='ltr'><strong>jubet.</strong></span> <span class='ocrx_word' id='word_1_357' title='bbox 1088 4169 1169 4225; x_wconf 85' lang='lat' dir='ltr'><strong>Ad</strong></span> <span class='ocrx_word' id='word_1_358' title='bbox 1197 4170 1301 4228; x_wconf 90' lang='lat' dir='ltr'><strong>hoc</strong></span> <span class='ocrx_word' id='word_1_359' title='bbox 1327 4173 1469 4227; x_wconf 91' lang='lat' dir='ltr'><strong>enim</strong></span> <span class='ocrx_word' id='word_1_360' title='bbox 1498 4174 1640 4244; x_wconf 92' lang='lat' dir='ltr'><strong>quod</strong></span> <span class='ocrx_word' id='word_1_361' title='bbox 1671 4173 1905 4229; x_wconf 90' lang='lat' dir='ltr'><strong>nondum</strong></span> <span class='ocrx_word' id='word_1_362' title='bbox 1956 4174 2056 4230; x_wconf 90' lang='lat' dir='ltr'><strong>ha-</strong></span> 
     </span>
    </p>
   </div>
   <div class='ocr_carea' id='block_1_45' title="bbox 464 4258 2054 4339">
    <p class='ocr_par' dir='ltr' id='par_1_45' title="bbox 464 4258 2054 4339">
     <span class='ocr_line' id='line_1_45' title="bbox 464 4258 2054 4339; baseline 0.006 -25"><span class='ocrx_word' id='word_1_363' title='bbox 464 4258 656 4315; x_wconf 87' lang='lat' dir='ltr'><strong>bemus</strong></span> <span class='ocrx_word' id='word_1_364' title='bbox 669 4259 823 4331; x_wconf 81' lang='lat' dir='ltr'><strong>jubet</strong></span> <span class='ocrx_word' id='word_1_365' title='bbox 840 4270 900 4316; x_wconf 92' lang='lat' dir='ltr'><strong>ut</strong></span> <span class='ocrx_word' id='word_1_366' title='bbox 924 4262 1236 4329; x_wconf 86' lang='lat' dir='ltr'><strong>habeamus,</strong></span> <span class='ocrx_word' id='word_1_367' title='bbox 1260 4275 1317 4319; x_wconf 92' lang='lat' dir='ltr'><strong>ut</strong></span> <span class='ocrx_word' id='word_1_368' title='bbox 1337 4264 1623 4321; x_wconf 84' lang='lat' dir='ltr'><strong>admoneat</strong></span> <span class='ocrx_word' id='word_1_369' title='bbox 1638 4267 1764 4338; x_wconf 89' lang='lat' dir='ltr'><strong>quid</strong></span> <span class='ocrx_word' id='word_1_370' title='bbox 1792 4278 2054 4339; x_wconf 87' lang='lat' dir='ltr'><strong>petamus;</strong></span> 
     </span>
    </p>
   </div>
   <div class='ocr_carea' id='block_1_46' title="bbox 464 4355 2057 4429">
    <p class='ocr_par' dir='ltr' id='par_1_46' title="bbox 464 4355 2057 4429">
     <span class='ocr_line' id='line_1_46' title="bbox 464 4355 2057 4429; baseline 0.006 -21"><span class='ocrx_word' id='word_1_371' title='bbox 464 4360 664 4408; x_wconf 86' lang='lat' dir='ltr'><strong>etcum</strong></span> <span class='ocrx_word' id='word_1_372' title='bbox 695 4368 793 4409; x_wconf 92' lang='lat' dir='ltr'><strong>nos</strong></span> <span class='ocrx_word' id='word_1_373' title='bbox 817 4355 957 4425; x_wconf 88' lang='lat' dir='ltr'><strong>quod</strong></span> <span class='ocrx_word' id='word_1_374' title='bbox 978 4355 1196 4427; x_wconf 83' lang='lat' dir='ltr'><strong>jusserit</strong></span> <span class='ocrx_word' id='word_1_375' title='bbox 1221 4357 1260 4424; x_wconf 76' lang='lat'><strong>&#39;,</strong></span> <span class='ocrx_word' id='word_1_376' title='bbox 1291 4371 1451 4429; x_wconf 88' lang='lat' dir='ltr'><strong>posse</strong></span> <span class='ocrx_word' id='word_1_377' title='bbox 1480 4358 1862 4426; x_wconf 83' lang='lat' dir='ltr'><strong>invenerimus,</strong></span> <span class='ocrx_word' id='word_1_378' title='bbox 1893 4361 2057 4418; x_wconf 90' lang='lat' dir='ltr'><strong>etiam</strong></span> 
     </span>
    </p>
   </div>
   <div class='ocr_carea' id='block_1_47' title="bbox 464 4442 2059 4520">
    <p class='ocr_par' dir='ltr' id='par_1_47' title="bbox 464 4442 2059 4520">
     <span class='ocr_line' id='line_1_47' title="bbox 464 4442 2059 4520; baseline 0.006 -20"><span class='ocrx_word' id='word_1_379' title='bbox 464 4442 571 4501; x_wconf 87' lang='lat' dir='ltr'><strong>hoc</strong></span> <span class='ocrx_word' id='word_1_380' title='bbox 596 4444 737 4502; x_wconf 89' lang='lat' dir='ltr'><strong>unde</strong></span> <span class='ocrx_word' id='word_1_381' title='bbox 758 4444 1119 4518; x_wconf 88' lang='lat' dir='ltr'><strong>acceperimus</strong></span> <span class='ocrx_word' id='word_1_382' title='bbox 1142 4446 1537 4520; x_wconf 78' lang='lat' dir='ltr'><strong>intelligamus;</strong></span> <span class='ocrx_word' id='word_1_383' title='bbox 1569 4465 1637 4506; x_wconf 92' lang='lat' dir='ltr'><strong>ne</strong></span> <span class='ocrx_word' id='word_1_384' title='bbox 1657 4449 1826 4505; x_wconf 80' lang='lat' dir='ltr'><strong>inﬂati</strong></span> <span class='ocrx_word' id='word_1_385' title='bbox 1853 4461 1906 4506; x_wconf 91' lang='lat' dir='ltr'><strong>et</strong></span> <span class='ocrx_word' id='word_1_386' title='bbox 1932 4453 2059 4510; x_wconf 89' lang='lat' dir='ltr'><strong>elati</strong></span> 
     </span>
    </p>
   </div>
   <div class='ocr_carea' id='block_1_48' title="bbox 464 4530 2058 4615">
    <p class='ocr_par' dir='ltr' id='par_1_48' title="bbox 464 4530 2058 4615">
     <span class='ocr_line' id='line_1_48' title="bbox 464 4530 2058 4615; baseline 0.004 -22"><span class='ocrx_word' id='word_1_387' title='bbox 464 4534 625 4609; x_wconf 89' lang='lat' dir='ltr'><strong>hujus</strong></span> <span class='ocrx_word' id='word_1_388' title='bbox 643 4539 825 4597; x_wconf 91' lang='lat' dir='ltr'><strong>mundi</strong></span> <span class='ocrx_word' id='word_1_389' title='bbox 847 4539 1058 4611; x_wconf 89' lang='lat' dir='ltr'><strong>spiritu,</strong></span> <span class='ocrx_word' id='word_1_390' title='bbox 1074 4541 1377 4598; x_wconf 89' lang='lat' dir='ltr'><strong>nesciamus</strong></span> <span class='ocrx_word' id='word_1_391' title='bbox 1398 4559 1515 4615; x_wconf 71' lang='lat' dir='ltr'><strong>quae</strong></span> <span class='ocrx_word' id='word_1_392' title='bbox 1531 4559 1561 4598; x_wconf 89' lang='lat' dir='ltr'><strong>a</strong></span> <span class='ocrx_word' id='word_1_393' title='bbox 1579 4543 1693 4599; x_wconf 89' lang='lat' dir='ltr'><strong>Deo</strong></span> <span class='ocrx_word' id='word_1_394' title='bbox 1717 4541 1910 4599; x_wconf 88' lang='lat' dir='ltr'><strong>donata</strong></span> <span class='ocrx_word' id='word_1_395' title='bbox 1934 4530 2058 4602; x_wconf 79' lang='lat' dir='ltr'><strong>sunt</strong></span> 
     </span>
    </p>
   </div>
   <div class='ocr_carea' id='block_1_49' title="bbox 465 4631 2056 4711">
    <p class='ocr_par' dir='ltr' id='par_1_49' title="bbox 465 4631 2056 4711">
     <span class='ocr_line' id='line_1_49' title="bbox 465 4631 2056 4711; baseline 0.006 -25"><span class='ocrx_word' id='word_1_396' title='bbox 465 4631 639 4689; x_wconf 89' lang='lat' dir='ltr'><strong>nobis.</strong></span> <span class='ocrx_word' id='word_1_397' title='bbox 683 4633 912 4691; x_wconf 85' lang='lat' dir='ltr'><strong>Proinde</strong></span> <span class='ocrx_word' id='word_1_398' title='bbox 950 4634 1229 4692; x_wconf 88' lang='lat' dir='ltr'><strong>arbitrium</strong></span> <span class='ocrx_word' id='word_1_399' title='bbox 1258 4636 1548 4694; x_wconf 84' lang='lat' dir='ltr'><strong>voluntatis</strong></span> <span class='ocrx_word' id='word_1_400' title='bbox 1574 4639 1820 4694; x_wconf 69' lang='lat' dir='ltr'><strong>humana:</strong></span> <span class='ocrx_word' id='word_1_401' title='bbox 1853 4654 2056 4711; x_wconf 86' lang='lat' dir='ltr'><strong>nequa-</strong></span> 
     </span>
    </p>
   </div>
   <div class='ocr_carea' id='block_1_50' title="bbox 464 4724 2056 4802">
    <p class='ocr_par' dir='ltr' id='par_1_50' title="bbox 464 4724 2056 4802">
     <span class='ocr_line' id='line_1_50' title="bbox 464 4724 2056 4802; baseline 0.005 -22"><span class='ocrx_word' id='word_1_402' title='bbox 464 4739 624 4795; x_wconf 82' lang='lat' dir='ltr'><strong>quam</strong></span> <span class='ocrx_word' id='word_1_403' title='bbox 650 4724 995 4794; x_wconf 89' lang='lat' dir='ltr'><strong>destruimus,</strong></span> <span class='ocrx_word' id='word_1_404' title='bbox 1026 4728 1239 4799; x_wconf 84' lang='lat' dir='ltr'><strong>quando</strong></span> <span class='ocrx_word' id='word_1_405' title='bbox 1258 4730 1353 4786; x_wconf 88' lang='lat' dir='ltr'><strong>Dei</strong></span> <span class='ocrx_word' id='word_1_406' title='bbox 1381 4732 1605 4802; x_wconf 86' lang='lat' dir='ltr'><strong>gratiam</strong></span> <span class='ocrx_word' id='word_1_407' title='bbox 1627 4746 1731 4802; x_wconf 90' lang='lat' dir='ltr'><strong>qua</strong></span> <span class='ocrx_word' id='word_1_408' title='bbox 1757 4731 1929 4802; x_wconf 87' lang='lat' dir='ltr'><strong>ipsum</strong></span> <span class='ocrx_word' id='word_1_409' title='bbox 1958 4731 2056 4788; x_wconf 89' lang='lat' dir='ltr'><strong>ad-</strong></span> 
     </span>
    </p>
   </div>
   <div class='ocr_carea' id='block_1_51' title="bbox 461 4816 2057 4896">
    <p class='ocr_par' dir='ltr' id='par_1_51' title="bbox 461 4816 2057 4896">
     <span class='ocr_line' id='line_1_51' title="bbox 461 4816 2057 4896; baseline 0.005 -23"><span class='ocrx_word' id='word_1_410' title='bbox 461 4816 677 4888; x_wconf 84' lang='lat' dir='ltr'><strong>juvatur</strong></span> <span class='ocrx_word' id='word_1_411' title='bbox 703 4819 1001 4886; x_wconf 88' lang='lat' dir='ltr'><strong>arbitrium,</strong></span> <span class='ocrx_word' id='word_1_412' title='bbox 1035 4837 1141 4878; x_wconf 93' lang='lat' dir='ltr'><strong>non</strong></span> <span class='ocrx_word' id='word_1_413' title='bbox 1165 4822 1412 4893; x_wconf 88' lang='lat' dir='ltr'><strong>superbia</strong></span> <span class='ocrx_word' id='word_1_414' title='bbox 1435 4839 1690 4896; x_wconf 78' lang='lat' dir='ltr'><strong>negamus</strong></span> <span class='ocrx_word' id='word_1_415' title='bbox 1711 4825 1936 4896; x_wconf 86' lang='lat' dir='ltr'><strong>ingrata,</strong></span> <span class='ocrx_word' id='word_1_416' title='bbox 1961 4824 2057 4881; x_wconf 90' lang='lat' dir='ltr'><strong>sed</strong></span> 
     </span>
    </p>
   </div>
   <div class='ocr_carea' id='block_1_52' title="bbox 463 4913 2057 4986">
    <p class='ocr_par' dir='ltr' id='par_1_52' title="bbox 463 4913 2057 4986">
     <span class='ocr_line' id='line_1_52' title="bbox 463 4913 2057 4986; baseline 0.005 -21"><span class='ocrx_word' id='word_1_417' title='bbox 463 4918 613 4980; x_wconf 85' lang='lat' dir='ltr'><strong>grata</strong></span> <span class='ocrx_word' id='word_1_418' title='bbox 642 4913 822 4983; x_wconf 88' lang='lat' dir='ltr'><strong>potius</strong></span> <span class='ocrx_word' id='word_1_419' title='bbox 867 4914 1064 4985; x_wconf 91' lang='lat' dir='ltr'><strong>pietate</strong></span> <span class='ocrx_word' id='word_1_420' title='bbox 1106 4914 1480 4986; x_wconf 75' lang='lat' dir='ltr'><strong>prtedicamus.</strong></span> <span class='ocrx_word' id='word_1_421' title='bbox 1524 4917 1771 4971; x_wconf 88' lang='lat' dir='ltr'><strong>Nostrum</strong></span> <span class='ocrx_word' id='word_1_422' title='bbox 1802 4917 1942 4971; x_wconf 90' lang='lat' dir='ltr'><strong>enim</strong></span> <span class='ocrx_word' id='word_1_423' title='bbox 1974 4924 2057 4973; x_wconf 88' lang='lat' dir='ltr'><strong>est</strong></span> 
     </span>
    </p>
   </div>
   <div class='ocr_carea' id='block_1_53' title="bbox 465 5000 2056 5079">
    <p class='ocr_par' dir='ltr' id='par_1_53' title="bbox 465 5000 2056 5079">
     <span class='ocr_line' id='line_1_53' title="bbox 465 5000 2056 5079; baseline 0.005 -23"><span class='ocrx_word' id='word_1_424' title='bbox 465 5000 607 5058; x_wconf 86' lang='lat' dir='ltr'><strong>velle</strong></span> <span class='ocrx_word' id='word_1_425' title='bbox 634 5020 648 5070; x_wconf 93' lang='lat'><strong>;</strong></span> <span class='ocrx_word' id='word_1_426' title='bbox 677 5004 772 5061; x_wconf 88' lang='lat' dir='ltr'><strong>sed</strong></span> <span class='ocrx_word' id='word_1_427' title='bbox 800 5004 1044 5062; x_wconf 86' lang='lat' dir='ltr'><strong>voluntas</strong></span> <span class='ocrx_word' id='word_1_428' title='bbox 1086 5007 1199 5078; x_wconf 89' lang='lat' dir='ltr'><strong>ipsa</strong></span> <span class='ocrx_word' id='word_1_429' title='bbox 1228 5015 1284 5064; x_wconf 88' lang='lat' dir='ltr'><strong>et</strong></span> <span class='ocrx_word' id='word_1_430' title='bbox 1328 5006 1643 5063; x_wconf 86' lang='lat' dir='ltr'><strong>admonetur</strong></span> <span class='ocrx_word' id='word_1_431' title='bbox 1666 5016 1727 5063; x_wconf 94' lang='lat' dir='ltr'><strong>ut</strong></span> <span class='ocrx_word' id='word_1_432' title='bbox 1772 5016 1973 5079; x_wconf 87' lang='lat' dir='ltr'><strong>surgat,</strong></span> <span class='ocrx_word' id='word_1_433' title='bbox 2000 5016 2056 5064; x_wconf 90' lang='lat' dir='ltr'><strong>et</strong></span> 
     </span>
    </p>
   </div>
   <div class='ocr_carea' id='block_1_54' title="bbox 527 5185 2051 5251">
    <p class='ocr_par' dir='ltr' id='par_1_54' title="bbox 527 5185 2051 5251">
     <span class='ocr_line' id='line_1_54' title="bbox 527 5185 2051 5251; baseline 0 -15"><span class='ocrx_word' id='word_1_434' title='bbox 527 5185 646 5251; x_wconf 54' lang='lat' dir='ltr'><strong>[Sic</strong></span> <span class='ocrx_word' id='word_1_435' title='bbox 680 5186 906 5250; x_wconf 85' lang='lat' dir='ltr'><strong>plerique</strong></span> <span class='ocrx_word' id='word_1_436' title='bbox 937 5194 1046 5238; x_wconf 76' lang='lat' dir='ltr'><strong>Mss.</strong></span> <span class='ocrx_word' id='word_1_437' title='bbox 1081 5195 1137 5240; x_wconf 79' lang='lat' dir='ltr'><strong>At</strong></span> <span class='ocrx_word' id='word_1_438' title='bbox 1176 5188 1314 5249; x_wconf 85' lang='lat' dir='ltr'><strong>editi,</strong></span> <span class='ocrx_word' id='word_1_439' title='bbox 1348 5187 1435 5239; x_wconf 84' lang='lat' dir='ltr'><strong>hoc</strong></span> <span class='ocrx_word' id='word_1_440' title='bbox 1458 5187 1647 5251; x_wconf 83' lang='lat' dir='ltr'><strong>justum</strong></span> <span class='ocrx_word' id='word_1_441' title='bbox 1678 5194 1748 5240; x_wconf 83' lang='lat' dir='ltr'><strong>est</strong></span> <span class='ocrx_word' id='word_1_442' title='bbox 1780 5187 2051 5251; x_wconf 72' lang='lat' dir='ltr'><strong>recordari.</strong></span> 
     </span>
    </p>
   </div>
   <div class='ocr_carea' id='block_1_55' title="bbox 462 5246 2053 5313">
    <p class='ocr_par' dir='ltr' id='par_1_55' title="bbox 462 5246 2053 5313">
     <span class='ocr_line' id='line_1_55' title="bbox 462 5246 2053 5313; baseline 0.002 -18"><span class='ocrx_word' id='word_1_443' title='bbox 462 5246 607 5313; x_wconf 79' lang='lat' dir='ltr'><strong>Paulo</strong></span> <span class='ocrx_word' id='word_1_444' title='bbox 628 5246 734 5313; x_wconf 79' lang='lat' dir='ltr'><strong>post</strong></span> <span class='ocrx_word' id='word_1_445' title='bbox 762 5246 1096 5313; x_wconf 75' lang='lat' dir='ltr'><strong>Cisterciensis</strong></span> <span class='ocrx_word' id='word_1_446' title='bbox 1116 5250 1271 5313; x_wconf 81' lang='lat' dir='ltr'><strong>codex</strong></span> <span class='ocrx_word' id='word_1_447' title='bbox 1300 5246 1358 5301; x_wconf 84' lang='lat' dir='ltr'><strong>et</strong></span> <span class='ocrx_word' id='word_1_448' title='bbox 1379 5246 1556 5313; x_wconf 69' lang='lat' dir='ltr'><strong>Florus</strong></span> <span class='ocrx_word' id='word_1_449' title='bbox 1566 5251 1625 5299; x_wconf 90' lang='lat' dir='ltr'><strong>ad</strong></span> <span class='ocrx_word' id='word_1_450' title='bbox 1660 5251 1859 5311; x_wconf 69' lang='lat' dir='ltr'><strong>primam</strong></span> <span class='ocrx_word' id='word_1_451' title='bbox 1883 5249 1940 5298; x_wconf 91' lang='lat' dir='ltr'><strong>ad</strong></span> <span class='ocrx_word' id='word_1_452' title='bbox 1964 5256 2053 5313; x_wconf 80' lang='lat' dir='ltr'><strong>Co-</strong></span> 
     </span>
    </p>
   </div>
   <div class='ocr_carea' id='block_1_56' title="bbox 462 5309 2054 5374">
    <p class='ocr_par' dir='ltr' id='par_1_56' title="bbox 462 5309 2054 5374">
     <span class='ocr_line' id='line_1_56' title="bbox 462 5309 2054 5374; baseline 0.003 -17"><span class='ocrx_word' id='word_1_453' title='bbox 462 5309 685 5371; x_wconf 81' lang='lat' dir='ltr'><strong>rinthios,</strong></span> <span class='ocrx_word' id='word_1_454' title='bbox 710 5324 814 5373; x_wconf 87' lang='lat' dir='ltr'><strong>cap.</strong></span> <span class='ocrx_word' id='word_1_455' title='bbox 849 5311 894 5369; x_wconf 73' lang='lat'><strong>2,</strong></span> <span class='ocrx_word' id='word_1_456' title='bbox 924 5312 1123 5369; x_wconf 80' lang='lat' dir='ltr'><strong>habent,</strong></span> <span class='ocrx_word' id='word_1_457' title='bbox 1160 5312 1283 5361; x_wconf 80' lang='lat' dir='ltr'><strong>inter</strong></span> <span class='ocrx_word' id='word_1_458' title='bbox 1316 5325 1439 5374; x_wconf 74' lang='lat' dir='ltr'><strong>quas</strong></span> <span class='ocrx_word' id='word_1_459' title='bbox 1462 5309 1669 5362; x_wconf 74' lang='lat' dir='ltr'><strong>actiones</strong></span> <span class='ocrx_word' id='word_1_460' title='bbox 1692 5318 1736 5374; x_wconf 73' lang='lat' dir='ltr'><strong>et</strong></span> <span class='ocrx_word' id='word_1_461' title='bbox 1761 5326 1854 5373; x_wconf 85' lang='lat' dir='ltr'><strong>qua</strong></span> <span class='ocrx_word' id='word_1_462' title='bbox 1877 5310 2054 5361; x_wconf 82' lang='lat' dir='ltr'><strong>sancti-</strong></span> 
     </span>
    </p>
   </div>
   <div class='ocr_carea' id='block_1_57' title="bbox 462 5372 2054 5435">
    <p class='ocr_par' dir='ltr' id='par_1_57' title="bbox 462 5372 2054 5435">
     <span class='ocr_line' id='line_1_57' title="bbox 462 5372 2054 5435; baseline 0.001 -15"><span class='ocrx_word' id='word_1_463' title='bbox 462 5374 576 5422; x_wconf 79' lang='lat' dir='ltr'><strong>tate.</strong></span> <span class='ocrx_word' id='word_1_464' title='bbox 594 5372 903 5435; x_wconf 72' lang='lat' dir='ltr'><strong>Qorbeiensis</strong></span> <span class='ocrx_word' id='word_1_465' title='bbox 916 5374 1292 5435; x_wconf 84' lang='lat' dir='ltr'><strong>antiquissimus,</strong></span> <span class='ocrx_word' id='word_1_466' title='bbox 1307 5372 1430 5423; x_wconf 74' lang='lat' dir='ltr'><strong>inter</strong></span> <span class='ocrx_word' id='word_1_467' title='bbox 1445 5386 1539 5435; x_wconf 86' lang='lat' dir='ltr'><strong>qua</strong></span> <span class='ocrx_word' id='word_1_468' title='bbox 1553 5372 1796 5435; x_wconf 75' lang='lat' dir='ltr'><strong>sanctione</strong></span> <span class='ocrx_word' id='word_1_469' title='bbox 1811 5379 1856 5423; x_wconf 82' lang='lat' dir='ltr'><strong>et</strong></span> <span class='ocrx_word' id='word_1_470' title='bbox 1873 5379 2054 5435; x_wconf 80' lang='lat' dir='ltr'><strong>quanta</strong></span> 
     </span>
    </p>
   </div>
   <div class='ocr_carea' id='block_1_58' title="bbox 463 5432 2053 5497">
    <p class='ocr_par' dir='ltr' id='par_1_58' title="bbox 463 5432 2053 5497">
     <span class='ocr_line' id='line_1_58' title="bbox 463 5432 2053 5497; baseline 0 -15"><span class='ocrx_word' id='word_1_471' title='bbox 463 5432 729 5497; x_wconf 80' lang='lat' dir='ltr'><strong>sanctitate.</strong></span> <span class='ocrx_word' id='word_1_472' title='bbox 770 5435 977 5484; x_wconf 77' lang='lat' dir='ltr'><strong>Vaticani</strong></span> <span class='ocrx_word' id='word_1_473' title='bbox 1018 5432 1122 5485; x_wconf 74' lang='lat' dir='ltr'><strong>tres</strong></span> <span class='ocrx_word' id='word_1_474' title='bbox 1150 5432 1485 5497; x_wconf 13' lang='lat' dir='ltr'><strong>cumitotidem</strong></span> <span class='ocrx_word' id='word_1_475' title='bbox 1507 5434 1772 5494; x_wconf 77' lang='lat' dir='ltr'><strong>Gallicanis,</strong></span> <span class='ocrx_word' id='word_1_476' title='bbox 1795 5432 1920 5485; x_wconf 77' lang='lat' dir='ltr'><strong>inter</strong></span> <span class='ocrx_word' id='word_1_477' title='bbox 1943 5446 2053 5497; x_wconf 73' lang='lat' dir='ltr'><strong>qua:</strong></span> 
     </span>
    </p>
   </div>
   <div class='ocr_carea' id='block_1_59' title="bbox 464 5493 2051 5562">
    <p class='ocr_par' dir='ltr' id='par_1_59' title="bbox 464 5493 2051 5562">
     <span class='ocr_line' id='line_1_59' title="bbox 464 5493 2051 5562; baseline 0.002 -20"><span class='ocrx_word' id='word_1_478' title='bbox 464 5494 618 5562; x_wconf 64' lang='lat' dir='ltr'><strong>sancti</strong></span> <span class='ocrx_word' id='word_1_479' title='bbox 638 5509 801 5547; x_wconf 74' lang='lat' dir='ltr'><strong>attines</strong></span> <span class='ocrx_word' id='word_1_480' title='bbox 821 5500 867 5549; x_wconf 85' lang='lat' dir='ltr'><strong>et</strong></span> <span class='ocrx_word' id='word_1_481' title='bbox 902 5502 1081 5562; x_wconf 79' lang='lat' dir='ltr'><strong>qututta</strong></span> <span class='ocrx_word' id='word_1_482' title='bbox 1115 5496 1380 5547; x_wconf 81' lang='lat' dir='ltr'><strong>sanctitate.</strong></span> <span class='ocrx_word' id='word_1_483' title='bbox 1422 5503 1562 5546; x_wconf 71' lang='lat' dir='ltr'><strong>Forte</strong></span> <span class='ocrx_word' id='word_1_484' title='bbox 1610 5497 1891 5557; x_wconf 68' lang='lat' dir='ltr'><strong>legendum,</strong></span> <span class='ocrx_word' id='word_1_485' title='bbox 1924 5493 2051 5545; x_wconf 77' lang='lat' dir='ltr'><strong>unde</strong></span> 
     </span>
    </p>
   </div>
   <div class='ocr_carea' id='block_1_60' title="bbox 458 5558 1156 5620">
    <p class='ocr_par' dir='ltr' id='par_1_60' title="bbox 458 5558 1156 5620">
     <span class='ocr_line' id='line_1_60' title="bbox 458 5558 1156 5620; baseline 0.001 -15"><span class='ocrx_word' id='word_1_486' title='bbox 458 5558 572 5616; x_wconf 76' lang='lat' dir='ltr'><strong>sint,</strong></span> <span class='ocrx_word' id='word_1_487' title='bbox 596 5563 641 5607; x_wconf 91' lang='lat' dir='ltr'><strong>et</strong></span> <span class='ocrx_word' id='word_1_488' title='bbox 663 5572 759 5620; x_wconf 78' lang='lat' dir='ltr'><strong>qua</strong></span> <span class='ocrx_word' id='word_1_489' title='bbox 779 5558 1044 5620; x_wconf 80' lang='lat' dir='ltr'><strong>sanctione,</strong></span> <span class='ocrx_word' id='word_1_490' title='bbox 1061 5566 1156 5609; x_wconf 89' lang='lat' dir='ltr'><strong>etc.</strong></span> 
     </span>
    </p>
   </div>
   <div class='ocr_carea' id='block_1_61' title="bbox 530 5618 2052 5692">
    <p class='ocr_par' dir='ltr' id='par_1_61' title="bbox 530 5618 2052 5692">
     <span class='ocr_line' id='line_1_61' title="bbox 530 5618 2052 5692; baseline 0 -23"><span class='ocrx_word' id='word_1_491' title='bbox 530 5619 549 5649; x_wconf 82' lang='grc'><strong><em>³</em></strong></span> <span class='ocrx_word' id='word_1_492' title='bbox 571 5618 849 5692; x_wconf 37' lang='lat' dir='ltr'><strong>sic‘aliquot</strong></span> <span class='ocrx_word' id='word_1_493' title='bbox 867 5627 976 5675; x_wconf 71' lang='lat' dir='ltr'><strong>uss.</strong></span> <span class='ocrx_word' id='word_1_494' title='bbox 1000 5619 1089 5672; x_wconf 79' lang='lat' dir='ltr'><strong>Alii</strong></span> <span class='ocrx_word' id='word_1_495' title='bbox 1119 5633 1239 5673; x_wconf 88' lang='lat' dir='ltr'><strong>vero</strong></span> <span class='ocrx_word' id='word_1_496' title='bbox 1259 5632 1370 5671; x_wconf 86' lang='lat' dir='ltr'><strong>cum</strong></span> <span class='ocrx_word' id='word_1_497' title='bbox 1410 5620 1570 5679; x_wconf 87' lang='lat' dir='ltr'><strong>editis,</strong></span> <span class='ocrx_word' id='word_1_498' title='bbox 1595 5626 1643 5671; x_wconf 90' lang='lat' dir='ltr'><strong>et</strong></span> <span class='ocrx_word' id='word_1_499' title='bbox 1660 5620 1787 5682; x_wconf 85' lang='lat' dir='ltr'><strong>quod</strong></span> <span class='ocrx_word' id='word_1_500' title='bbox 1819 5632 1903 5671; x_wconf 82' lang='lat' dir='ltr'><strong>nos</strong></span> <span class='ocrx_word' id='word_1_501' title='bbox 1937 5631 2052 5669; x_wconf 76' lang='lat' dir='ltr'><strong>cum</strong></span> 
     </span>
    </p>
   </div>
   <div class='ocr_carea' id='block_1_62' title="bbox 1713 168 2514 230">
    <p class='ocr_par' dir='ltr' id='par_1_62' title="bbox 1713 168 2514 230">
     <span class='ocr_line' id='line_1_62' title="bbox 1713 168 2514 230; baseline -0.005 0"><span class='ocrx_word' id='word_1_502' title='bbox 1713 173 1769 230; x_wconf 91' lang='lat' dir='ltr'><strong>S.</strong></span> <span class='ocrx_word' id='word_1_503' title='bbox 1814 168 2175 230; x_wconf 83' lang='lat' dir='ltr'><strong>AUGUSTINI</strong></span> <span class='ocrx_word' id='word_1_504' title='bbox 2212 170 2514 227; x_wconf 83' lang='lat' dir='ltr'><strong>EPISCOPI</strong></span> 
     </span>
    </p>
   </div>
   <div class='ocr_carea' id='block_1_63' title="bbox 3652 176 3762 234">
    <p class='ocr_par' dir='ltr' id='par_1_63' title="bbox 3652 176 3762 234">
     <span class='ocr_line' id='line_1_63' title="bbox 3652 176 3762 234; baseline 0 0"><span class='ocrx_word' id='word_1_505' title='bbox 3652 176 3762 234; x_wconf 64' lang='lat' dir='ltr'><strong>4U-</strong></span> 
     </span>
    </p>
   </div>
   <div class='ocr_carea' id='block_1_64' title="bbox 2166 273 3760 361">
    <p class='ocr_par' dir='ltr' id='par_1_64' title="bbox 2166 273 3760 361">
     <span class='ocr_line' id='line_1_64' title="bbox 2166 273 3760 361; baseline 0.005 -21"><span class='ocrx_word' id='word_1_506' title='bbox 2166 292 2385 341; x_wconf 84' lang='lat' dir='ltr'><strong>sanatur</strong></span> <span class='ocrx_word' id='word_1_507' title='bbox 2422 294 2483 341; x_wconf 88' lang='lat' dir='ltr'><strong>ut</strong></span> <span class='ocrx_word' id='word_1_508' title='bbox 2504 284 2698 351; x_wconf 69' lang='lat' dir='ltr'><strong>valeat,</strong></span> <span class='ocrx_word' id='word_1_509' title='bbox 2730 292 2789 343; x_wconf 91' lang='lat' dir='ltr'><strong>et</strong></span> <span class='ocrx_word' id='word_1_510' title='bbox 2810 284 3061 342; x_wconf 87' lang='lat' dir='ltr'><strong>dilatatur</strong></span> <span class='ocrx_word' id='word_1_511' title='bbox 3085 293 3144 343; x_wconf 91' lang='lat' dir='ltr'><strong>ut</strong></span> <span class='ocrx_word' id='word_1_512' title='bbox 3180 273 3371 358; x_wconf 87' lang='lat' dir='ltr'><strong>capiat,</strong></span> <span class='ocrx_word' id='word_1_513' title='bbox 3404 293 3460 345; x_wconf 83' lang='lat' dir='ltr'><strong>et</strong></span> <span class='ocrx_word' id='word_1_514' title='bbox 3502 289 3760 361; x_wconf 58' lang='lat' dir='ltr'><strong>impletin</strong></span> 
     </span>
    </p>
   </div>
   <div class='ocr_carea' id='block_1_65' title="bbox 2164 378 3760 456">
    <p class='ocr_par' dir='ltr' id='par_1_65' title="bbox 2164 378 3760 456">
     <span class='ocr_line' id='line_1_65' title="bbox 2164 378 3760 456; baseline 0.005 -20"><span class='ocrx_word' id='word_1_515' title='bbox 2164 388 2225 436; x_wconf 90' lang='lat' dir='ltr'><strong>ut</strong></span> <span class='ocrx_word' id='word_1_516' title='bbox 2253 380 2461 437; x_wconf 88' lang='lat' dir='ltr'><strong>habeat.</strong></span> <span class='ocrx_word' id='word_1_517' title='bbox 2498 378 2631 439; x_wconf 83' lang='lat' dir='ltr'><strong>Nam</strong></span> <span class='ocrx_word' id='word_1_518' title='bbox 2662 381 2706 437; x_wconf 86' lang='lat' dir='ltr'><strong>si</strong></span> <span class='ocrx_word' id='word_1_519' title='bbox 2733 396 2836 438; x_wconf 89' lang='lat' dir='ltr'><strong>nos</strong></span> <span class='ocrx_word' id='word_1_520' title='bbox 2858 396 2965 441; x_wconf 84' lang='lat' dir='ltr'><strong>non</strong></span> <span class='ocrx_word' id='word_1_521' title='bbox 2992 381 3272 450; x_wconf 81' lang='lat' dir='ltr'><strong>vellemus,</strong></span> <span class='ocrx_word' id='word_1_522' title='bbox 3305 398 3406 447; x_wconf 84' lang='lat' dir='ltr'><strong>nec</strong></span> <span class='ocrx_word' id='word_1_523' title='bbox 3431 398 3531 449; x_wconf 80' lang='lat' dir='ltr'><strong>nos</strong></span> <span class='ocrx_word' id='word_1_524' title='bbox 3573 385 3760 456; x_wconf 87' lang='lat' dir='ltr'><strong>utique</strong></span> 
     </span>
    </p>
   </div>
   <div class='ocr_carea' id='block_1_66' title="bbox 2164 474 3759 546">
    <p class='ocr_par' dir='ltr' id='par_1_66' title="bbox 2164 474 3759 546">
     <span class='ocr_line' id='line_1_66' title="bbox 2164 474 3759 546; baseline 0.003 -16"><span class='ocrx_word' id='word_1_525' title='bbox 2164 476 2528 546; x_wconf 90' lang='lat' dir='ltr'><strong>acciperemus</strong></span> <span class='ocrx_word' id='word_1_526' title='bbox 2549 490 2613 532; x_wconf 90' lang='lat' dir='ltr'><strong>ea</strong></span> <span class='ocrx_word' id='word_1_527' title='bbox 2630 490 2748 546; x_wconf 60' lang='lat' dir='ltr'><strong>quas</strong></span> <span class='ocrx_word' id='word_1_528' title='bbox 2774 474 2989 542; x_wconf 88' lang='lat' dir='ltr'><strong>dantur,</strong></span> <span class='ocrx_word' id='word_1_529' title='bbox 3012 489 3113 531; x_wconf 91' lang='lat' dir='ltr'><strong>nec</strong></span> <span class='ocrx_word' id='word_1_530' title='bbox 3138 490 3238 532; x_wconf 90' lang='lat' dir='ltr'><strong>nos</strong></span> <span class='ocrx_word' id='word_1_531' title='bbox 3257 474 3594 541; x_wconf 83' lang='lat' dir='ltr'><strong>haberemus.</strong></span> <span class='ocrx_word' id='word_1_532' title='bbox 3623 478 3759 546; x_wconf 84' lang='lat' dir='ltr'><strong>Quis</strong></span> 
     </span>
    </p>
   </div>
   <div class='ocr_carea' id='block_1_67' title="bbox 2165 568 3757 631">
    <p class='ocr_par' dir='ltr' id='par_1_67' title="bbox 2165 568 3757 631">
     <span class='ocr_line' id='line_1_67' title="bbox 2165 568 3757 631; baseline 0.001 -4"><span class='ocrx_word' id='word_1_533' title='bbox 2165 570 2309 627; x_wconf 88' lang='lat' dir='ltr'><strong>enim</strong></span> <span class='ocrx_word' id='word_1_534' title='bbox 2342 569 2566 626; x_wconf 87' lang='lat' dir='ltr'><strong>haberet</strong></span> <span class='ocrx_word' id='word_1_535' title='bbox 2591 568 2992 631; x_wconf 88' lang='lat' dir='ltr'><strong>continentiam,</strong></span> <span class='ocrx_word' id='word_1_536' title='bbox 3023 576 3078 625; x_wconf 88' lang='lat' dir='ltr'><strong>ut</strong></span> <span class='ocrx_word' id='word_1_537' title='bbox 3104 568 3244 627; x_wconf 87' lang='lat' dir='ltr'><strong>inter</strong></span> <span class='ocrx_word' id='word_1_538' title='bbox 3270 576 3465 629; x_wconf 71' lang='lat' dir='ltr'><strong>cmtera</strong></span> <span class='ocrx_word' id='word_1_539' title='bbox 3497 569 3591 626; x_wconf 89' lang='lat' dir='ltr'><strong>Dei</strong></span> <span class='ocrx_word' id='word_1_540' title='bbox 3616 570 3757 629; x_wconf 84' lang='lat' dir='ltr'><strong>dona</strong></span> 
     </span>
    </p>
   </div>
   <div class='ocr_carea' id='block_1_68' title="bbox 2165 659 3761 732">
    <p class='ocr_par' dir='ltr' id='par_1_68' title="bbox 2165 659 3761 732">
     <span class='ocr_line' id='line_1_68' title="bbox 2165 659 3761 732; baseline 0.002 -17"><span class='ocrx_word' id='word_1_541' title='bbox 2165 660 2334 732; x_wconf 88' lang='lat' dir='ltr'><strong>ipsam</strong></span> <span class='ocrx_word' id='word_1_542' title='bbox 2366 661 2540 730; x_wconf 90' lang='lat' dir='ltr'><strong>potius</strong></span> <span class='ocrx_word' id='word_1_543' title='bbox 2569 661 2782 731; x_wconf 90' lang='lat' dir='ltr'><strong>loquar,</strong></span> <span class='ocrx_word' id='word_1_544' title='bbox 2822 659 2889 716; x_wconf 89' lang='lat' dir='ltr'><strong>de</strong></span> <span class='ocrx_word' id='word_1_545' title='bbox 2917 674 3021 731; x_wconf 85' lang='lat' dir='ltr'><strong>qua</strong></span> <span class='ocrx_word' id='word_1_546' title='bbox 3046 659 3112 719; x_wconf 86' lang='lat' dir='ltr'><strong>ad</strong></span> <span class='ocrx_word' id='word_1_547' title='bbox 3144 668 3193 721; x_wconf 86' lang='lat' dir='ltr'><strong>te</strong></span> <span class='ocrx_word' id='word_1_548' title='bbox 3224 660 3411 730; x_wconf 80' lang='lat' dir='ltr'><strong>loquor</strong></span> <span class='ocrx_word' id='word_1_549' title='bbox 3442 678 3459 717; x_wconf 87' lang='lat'><strong>:</strong></span> <span class='ocrx_word' id='word_1_550' title='bbox 3490 662 3632 732; x_wconf 90' lang='lat' dir='ltr'><strong>quis,</strong></span> <span class='ocrx_word' id='word_1_551' title='bbox 3667 663 3761 718; x_wconf 85' lang='lat' dir='ltr'><strong>in-</strong></span> 
     </span>
    </p>
   </div>
   <div class='ocr_carea' id='block_1_69' title="bbox 2166 750 3753 823">
    <p class='ocr_par' dir='ltr' id='par_1_69' title="bbox 2166 750 3753 823">
     <span class='ocr_line' id='line_1_69' title="bbox 2166 750 3753 823; baseline 0.005 -18"><span class='ocrx_word' id='word_1_552' title='bbox 2166 766 2346 821; x_wconf 91' lang='lat' dir='ltr'><strong>quam,</strong></span> <span class='ocrx_word' id='word_1_553' title='bbox 2378 750 2598 808; x_wconf 88' lang='lat' dir='ltr'><strong>haberet</strong></span> <span class='ocrx_word' id='word_1_554' title='bbox 2624 751 3005 808; x_wconf 87' lang='lat' dir='ltr'><strong>continentiam</strong></span> <span class='ocrx_word' id='word_1_555' title='bbox 3035 750 3139 807; x_wconf 89' lang='lat' dir='ltr'><strong>nisi</strong></span> <span class='ocrx_word' id='word_1_556' title='bbox 3166 752 3394 813; x_wconf 77' lang='lat' dir='ltr'><strong>volens?</strong></span> <span class='ocrx_word' id='word_1_557' title='bbox 3422 754 3545 823; x_wconf 85' lang='lat' dir='ltr'><strong>quia</strong></span> <span class='ocrx_word' id='word_1_558' title='bbox 3571 762 3626 817; x_wconf 83' lang='lat' dir='ltr'><strong>et</strong></span> <span class='ocrx_word' id='word_1_559' title='bbox 3654 770 3753 815; x_wconf 85' lang='lat' dir='ltr'><strong>ue-</strong></span> 
     </span>
    </p>
   </div>
   <div class='ocr_carea' id='block_1_70' title="bbox 2166 842 3757 914">
    <p class='ocr_par' dir='ltr' id='par_1_70' title="bbox 2166 842 3757 914">
     <span class='ocr_line' id='line_1_70' title="bbox 2166 842 3757 914; baseline 0.008 -19"><span class='ocrx_word' id='word_1_560' title='bbox 2166 857 2257 896; x_wconf 90' lang='lat' dir='ltr'><strong>mo</strong></span> <span class='ocrx_word' id='word_1_561' title='bbox 2282 842 2548 912; x_wconf 86' lang='lat' dir='ltr'><strong>acciperet</strong></span> <span class='ocrx_word' id='word_1_562' title='bbox 2575 842 2677 897; x_wconf 91' lang='lat' dir='ltr'><strong>nisi</strong></span> <span class='ocrx_word' id='word_1_563' title='bbox 2705 844 2909 899; x_wconf 89' lang='lat' dir='ltr'><strong>volens.</strong></span> <span class='ocrx_word' id='word_1_564' title='bbox 2949 842 3056 898; x_wconf 88' lang='lat' dir='ltr'><strong>Sed</strong></span> <span class='ocrx_word' id='word_1_565' title='bbox 3084 859 3115 899; x_wconf 86' lang='lat' dir='ltr'><strong>a</strong></span> <span class='ocrx_word' id='word_1_566' title='bbox 3142 859 3249 914; x_wconf 88' lang='lat' dir='ltr'><strong>quo</strong></span> <span class='ocrx_word' id='word_1_567' title='bbox 3278 844 3453 914; x_wconf 84' lang='lat' dir='ltr'><strong>detur,</strong></span> <span class='ocrx_word' id='word_1_568' title='bbox 3487 856 3543 907; x_wconf 86' lang='lat' dir='ltr'><strong>ut</strong></span> <span class='ocrx_word' id='word_1_569' title='bbox 3572 859 3757 907; x_wconf 81' lang='lat' dir='ltr'><strong>nostra</strong></span> 
     </span>
    </p>
   </div>
   <div class='ocr_carea' id='block_1_71' title="bbox 2168 934 3757 1008">
    <p class='ocr_par' dir='ltr' id='par_1_71' title="bbox 2168 934 3757 1008">
     <span class='ocr_line' id='line_1_71' title="bbox 2168 934 3757 1008; baseline 0.007 -20"><span class='ocrx_word' id='word_1_570' title='bbox 2168 935 2437 993; x_wconf 80' lang='lat' dir='ltr'><strong>voluntate</strong></span> <span class='ocrx_word' id='word_1_571' title='bbox 2461 934 2629 1005; x_wconf 88' lang='lat' dir='ltr'><strong>accipi</strong></span> <span class='ocrx_word' id='word_1_572' title='bbox 2672 944 2727 995; x_wconf 87' lang='lat' dir='ltr'><strong>et</strong></span> <span class='ocrx_word' id='word_1_573' title='bbox 2764 935 2946 992; x_wconf 84' lang='lat' dir='ltr'><strong>haberi</strong></span> <span class='ocrx_word' id='word_1_574' title='bbox 2976 936 3164 1007; x_wconf 88' lang='lat' dir='ltr'><strong>possit,</strong></span> <span class='ocrx_word' id='word_1_575' title='bbox 3208 937 3253 993; x_wconf 93' lang='lat' dir='ltr'><strong>si</strong></span> <span class='ocrx_word' id='word_1_576' title='bbox 3281 939 3493 1008; x_wconf 63' lang='lat' dir='ltr'><strong>quaeris,</strong></span> <span class='ocrx_word' id='word_1_577' title='bbox 3536 941 3757 1003; x_wconf 84' lang='lat' dir='ltr'><strong>attende</strong></span> 
     </span>
    </p>
   </div>
   <div class='ocr_carea' id='block_1_72' title="bbox 2168 1027 3757 1111">
    <p class='ocr_par' dir='ltr' id='par_1_72' title="bbox 2168 1027 3757 1111">
     <span class='ocr_line' id='line_1_72' title="bbox 2168 1027 3757 1111; baseline 0.003 -27"><span class='ocrx_word' id='word_1_578' title='bbox 2168 1027 2541 1101; x_wconf 82' lang='lat' dir='ltr'><strong>Scripturam;</strong></span> <span class='ocrx_word' id='word_1_579' title='bbox 2590 1028 2698 1084; x_wconf 90' lang='lat' dir='ltr'><strong>imo</strong></span> <span class='ocrx_word' id='word_1_580' title='bbox 2746 1029 2870 1099; x_wconf 88' lang='lat' dir='ltr'><strong>quia</strong></span> <span class='ocrx_word' id='word_1_581' title='bbox 2916 1028 3077 1095; x_wconf 89' lang='lat' dir='ltr'><strong>nosti,</strong></span> <span class='ocrx_word' id='word_1_582' title='bbox 3125 1032 3303 1095; x_wconf 80' lang='lat' dir='ltr'><strong>recole</strong></span> <span class='ocrx_word' id='word_1_583' title='bbox 3345 1032 3484 1111; x_wconf 77' lang='lat' dir='ltr'><strong>quod</strong></span> <span class='ocrx_word' id='word_1_584' title='bbox 3533 1032 3757 1104; x_wconf 85' lang='lat' dir='ltr'><strong>legisti:</strong></span> 
     </span>
    </p>
   </div>
   <div class='ocr_carea' id='block_1_73' title="bbox 2169 1118 3757 1194">
    <p class='ocr_par' dir='ltr' id='par_1_73' title="bbox 2169 1118 3757 1194">
     <span class='ocr_line' id='line_1_73' title="bbox 2169 1118 3757 1194; baseline 0.004 -20"><span class='ocrx_word' id='word_1_585' title='bbox 2169 1118 2296 1175; x_wconf 77' lang='lat' dir='ltr'><strong>Cum</strong></span> <span class='ocrx_word' id='word_1_586' title='bbox 2322 1121 2521 1187; x_wconf 80' lang='lat' dir='ltr'><strong>scirem,</strong></span> <span class='ocrx_word' id='word_1_587' title='bbox 2558 1120 2749 1190; x_wconf 90' lang='lat' dir='ltr'><strong>inquit,</strong></span> <span class='ocrx_word' id='word_1_588' title='bbox 2793 1121 2913 1190; x_wconf 84' lang='lat' dir='ltr'><strong>quia</strong></span> <span class='ocrx_word' id='word_1_589' title='bbox 2942 1137 3088 1177; x_wconf 90' lang='lat' dir='ltr'><strong>nemo</strong></span> <span class='ocrx_word' id='word_1_590' title='bbox 3127 1138 3233 1179; x_wconf 72' lang='lat' dir='ltr'><strong>esse</strong></span> <span class='ocrx_word' id='word_1_591' title='bbox 3263 1132 3422 1192; x_wconf 72' lang='lat' dir='ltr'><strong>pateat</strong></span> <span class='ocrx_word' id='word_1_592' title='bbox 3451 1126 3713 1181; x_wconf 84' lang='lat' dir='ltr'><strong>continens</strong></span> <span class='ocrx_word' id='word_1_593' title='bbox 3737 1167 3757 1194; x_wconf 87' lang='lat'><strong>,</strong></span> 
     </span>
    </p>
   </div>
   <div class='ocr_carea' id='block_1_74' title="bbox 2169 1213 3761 1291">
    <p class='ocr_par' dir='ltr' id='par_1_74' title="bbox 2169 1213 3761 1291">
     <span class='ocr_line' id='line_1_74' title="bbox 2169 1213 3761 1291; baseline 0.004 -24"><span class='ocrx_word' id='word_1_594' title='bbox 2169 1215 2266 1269; x_wconf 83' lang='lat' dir='ltr'><strong>nisi</strong></span> <span class='ocrx_word' id='word_1_595' title='bbox 2294 1213 2433 1271; x_wconf 85' lang='lat' dir='ltr'><strong>Deus</strong></span> <span class='ocrx_word' id='word_1_596' title='bbox 2460 1215 2564 1280; x_wconf 90' lang='lat' dir='ltr'><strong>det,</strong></span> <span class='ocrx_word' id='word_1_597' title='bbox 2594 1222 2639 1269; x_wconf 82' lang='lat' dir='ltr'><strong>et</strong></span> <span class='ocrx_word' id='word_1_598' title='bbox 2669 1215 2764 1269; x_wconf 86' lang='lat' dir='ltr'><strong>hoc</strong></span> <span class='ocrx_word' id='word_1_599' title='bbox 2792 1214 2957 1284; x_wconf 80' lang='lat' dir='ltr'><strong>ipsum</strong></span> <span class='ocrx_word' id='word_1_600' title='bbox 2986 1224 3092 1268; x_wconf 84' lang='lat' dir='ltr'><strong>erat</strong></span> <span class='ocrx_word' id='word_1_601' title='bbox 3131 1215 3417 1285; x_wconf 69' lang='lat' dir='ltr'><strong>sapientite,</strong></span> <span class='ocrx_word' id='word_1_602' title='bbox 3454 1218 3580 1273; x_wconf 86' lang='lat' dir='ltr'><strong>scire</strong></span> <span class='ocrx_word' id='word_1_603' title='bbox 3606 1219 3761 1291; x_wconf 76' lang='lat' dir='ltr'><strong>cujus</strong></span> 
     </span>
    </p>
   </div>
   <div class='ocr_carea' id='block_1_75' title="bbox 2168 1306 3759 1378">
    <p class='ocr_par' dir='ltr' id='par_1_75' title="bbox 2168 1306 3759 1378">
     <span class='ocr_line' id='line_1_75' title="bbox 2168 1306 3759 1378; baseline 0.004 -18"><span class='ocrx_word' id='word_1_604' title='bbox 2168 1316 2293 1362; x_wconf 85' lang='lat' dir='ltr'><strong>esset</strong></span> <span class='ocrx_word' id='word_1_605' title='bbox 2323 1307 2416 1361; x_wconf 85' lang='lat' dir='ltr'><strong>hoc</strong></span> <span class='ocrx_word' id='word_1_606' title='bbox 2443 1307 2632 1361; x_wconf 82' lang='lat' dir='ltr'><strong>donum</strong></span> <span class='ocrx_word' id='word_1_607' title='bbox 2661 1306 2814 1377; x_wconf 81' lang='lat' dir='ltr'><strong>(Sap.</strong></span> <span class='ocrx_word' id='word_1_608' title='bbox 2860 1323 2974 1374; x_wconf 87' lang='lat' dir='ltr'><strong>vttt,</strong></span> <span class='ocrx_word' id='word_1_609' title='bbox 3005 1306 3120 1378; x_wconf 76' lang='grc'><strong>21).</strong></span> <span class='ocrx_word' id='word_1_610' title='bbox 3161 1307 3347 1378; x_wconf 82' lang='lat' dir='ltr'><strong>Magna</strong></span> <span class='ocrx_word' id='word_1_611' title='bbox 3376 1309 3473 1366; x_wconf 85' lang='lat' dir='ltr'><strong>ista</strong></span> <span class='ocrx_word' id='word_1_612' title='bbox 3501 1320 3625 1366; x_wconf 89' lang='lat' dir='ltr'><strong>sunt</strong></span> <span class='ocrx_word' id='word_1_613' title='bbox 3646 1311 3759 1367; x_wconf 86' lang='lat' dir='ltr'><strong>duo</strong></span> 
     </span>
    </p>
   </div>
   <div class='ocr_carea' id='block_1_76' title="bbox 2168 1399 3759 1471">
    <p class='ocr_par' dir='ltr' id='par_1_76' title="bbox 2168 1399 3759 1471">
     <span class='ocr_line' id='line_1_76' title="bbox 2168 1399 3759 1471; baseline 0.006 -18"><span class='ocrx_word' id='word_1_614' title='bbox 2168 1414 2409 1463; x_wconf 87' lang='lat' dir='ltr'><strong>munera,</strong></span> <span class='ocrx_word' id='word_1_615' title='bbox 2458 1399 2715 1469; x_wconf 89' lang='lat' dir='ltr'><strong>sapientia</strong></span> <span class='ocrx_word' id='word_1_616' title='bbox 2760 1408 2815 1454; x_wconf 88' lang='lat' dir='ltr'><strong>et</strong></span> <span class='ocrx_word' id='word_1_617' title='bbox 2857 1400 3217 1465; x_wconf 89' lang='lat' dir='ltr'><strong>continentia;</strong></span> <span class='ocrx_word' id='word_1_618' title='bbox 3248 1402 3507 1471; x_wconf 86' lang='lat' dir='ltr'><strong>sapientia</strong></span> <span class='ocrx_word' id='word_1_619' title='bbox 3549 1404 3759 1469; x_wconf 84' lang='lat' dir='ltr'><strong>scilicet</strong></span> 
     </span>
    </p>
   </div>
   <div class='ocr_carea' id='block_1_77' title="bbox 2167 1480 3758 1562">
    <p class='ocr_par' dir='ltr' id='par_1_77' title="bbox 2167 1480 3758 1562">
     <span class='ocr_line' id='line_1_77' title="bbox 2167 1480 3758 1562; baseline 0.004 -17"><span class='ocrx_word' id='word_1_620' title='bbox 2167 1506 2269 1561; x_wconf 90' lang='lat' dir='ltr'><strong>qua</strong></span> <span class='ocrx_word' id='word_1_621' title='bbox 2314 1492 2367 1546; x_wconf 92' lang='lat' dir='ltr'><strong>in</strong></span> <span class='ocrx_word' id='word_1_622' title='bbox 2399 1491 2492 1547; x_wconf 89' lang='lat' dir='ltr'><strong>Dei</strong></span> <span class='ocrx_word' id='word_1_623' title='bbox 2538 1491 2840 1562; x_wconf 89' lang='lat' dir='ltr'><strong>cognitione</strong></span> <span class='ocrx_word' id='word_1_624' title='bbox 2892 1489 3206 1561; x_wconf 81' lang='lat' dir='ltr'><strong>formantur,</strong></span> <span class='ocrx_word' id='word_1_625' title='bbox 3250 1480 3578 1553; x_wconf 88' lang='lat' dir='ltr'><strong>continentia</strong></span> <span class='ocrx_word' id='word_1_626' title='bbox 3624 1510 3758 1552; x_wconf 86' lang='lat' dir='ltr'><strong>vero</strong></span> 
     </span>
    </p>
   </div>
   <div class='ocr_carea' id='block_1_78' title="bbox 2167 1582 3756 1653">
    <p class='ocr_par' dir='ltr' id='par_1_78' title="bbox 2167 1582 3756 1653">
     <span class='ocr_line' id='line_1_78' title="bbox 2167 1582 3756 1653; baseline 0.003 -16"><span class='ocrx_word' id='word_1_627' title='bbox 2167 1599 2270 1653; x_wconf 88' lang='lat' dir='ltr'><strong>qua</strong></span> <span class='ocrx_word' id='word_1_628' title='bbox 2316 1582 2441 1638; x_wconf 90' lang='lat' dir='ltr'><strong>huic</strong></span> <span class='ocrx_word' id='word_1_629' title='bbox 2491 1583 2687 1638; x_wconf 68' lang='lat' dir='ltr'><strong>saeculo</strong></span> <span class='ocrx_word' id='word_1_630' title='bbox 2734 1599 2844 1640; x_wconf 91' lang='lat' dir='ltr'><strong>non</strong></span> <span class='ocrx_word' id='word_1_631' title='bbox 2901 1582 3317 1641; x_wconf 87' lang='lat' dir='ltr'><strong>conformamur.</strong></span> <span class='ocrx_word' id='word_1_632' title='bbox 3370 1585 3532 1647; x_wconf 72' lang='lat' dir='ltr'><strong>lubet</strong></span> <span class='ocrx_word' id='word_1_633' title='bbox 3574 1594 3756 1653; x_wconf 79' lang='lat' dir='ltr'><strong>autem</strong></span> 
     </span>
    </p>
   </div>
   <div class='ocr_carea' id='block_1_79' title="bbox 2167 1676 3755 1748">
    <p class='ocr_par' dir='ltr' id='par_1_79' title="bbox 2167 1676 3755 1748">
     <span class='ocr_line' id='line_1_79' title="bbox 2167 1676 3755 1748; baseline 0.005 -17"><span class='ocrx_word' id='word_1_634' title='bbox 2167 1676 2322 1732; x_wconf 91' lang='lat' dir='ltr'><strong>nobis</strong></span> <span class='ocrx_word' id='word_1_635' title='bbox 2351 1678 2490 1732; x_wconf 90' lang='lat' dir='ltr'><strong>Deus</strong></span> <span class='ocrx_word' id='word_1_636' title='bbox 2515 1684 2576 1733; x_wconf 92' lang='lat' dir='ltr'><strong>ut</strong></span> <span class='ocrx_word' id='word_1_637' title='bbox 2599 1685 2656 1735; x_wconf 91' lang='lat' dir='ltr'><strong>et</strong></span> <span class='ocrx_word' id='word_1_638' title='bbox 2678 1677 2947 1747; x_wconf 88' lang='lat' dir='ltr'><strong>sapientes</strong></span> <span class='ocrx_word' id='word_1_639' title='bbox 2970 1684 3027 1734; x_wconf 90' lang='lat' dir='ltr'><strong>et</strong></span> <span class='ocrx_word' id='word_1_640' title='bbox 3051 1679 3391 1737; x_wconf 85' lang='lat' dir='ltr'><strong>continentes</strong></span> <span class='ocrx_word' id='word_1_641' title='bbox 3412 1679 3600 1748; x_wconf 86' lang='lat' dir='ltr'><strong>simus,</strong></span> <span class='ocrx_word' id='word_1_642' title='bbox 3631 1679 3755 1739; x_wconf 84' lang='lat' dir='ltr'><strong>sine</strong></span> 
     </span>
    </p>
   </div>
   <div class='ocr_carea' id='block_1_80' title="bbox 2167 1766 3751 1841">
    <p class='ocr_par' dir='ltr' id='par_1_80' title="bbox 2167 1766 3751 1841">
     <span class='ocr_line' id='line_1_80' title="bbox 2167 1766 3751 1841; baseline 0.004 -20"><span class='ocrx_word' id='word_1_643' title='bbox 2167 1766 2360 1837; x_wconf 87' lang='lat' dir='ltr'><strong>quibus</strong></span> <span class='ocrx_word' id='word_1_644' title='bbox 2405 1767 2559 1825; x_wconf 89' lang='lat' dir='ltr'><strong>bonis</strong></span> <span class='ocrx_word' id='word_1_645' title='bbox 2591 1766 2722 1838; x_wconf 81' lang='lat' dir='ltr'><strong>justi</strong></span> <span class='ocrx_word' id='word_1_646' title='bbox 2773 1767 3101 1840; x_wconf 81' lang='lat' dir='ltr'><strong>perfectique</strong></span> <span class='ocrx_word' id='word_1_647' title='bbox 3141 1783 3262 1826; x_wconf 88' lang='lat' dir='ltr'><strong>esse</strong></span> <span class='ocrx_word' id='word_1_648' title='bbox 3288 1785 3393 1826; x_wconf 92' lang='lat' dir='ltr'><strong>non</strong></span> <span class='ocrx_word' id='word_1_649' title='bbox 3443 1785 3751 1841; x_wconf 72' lang='lat' dir='ltr'><strong>possmus.</strong></span> 
     </span>
    </p>
   </div>
   <div class='ocr_carea' id='block_1_81' title="bbox 2167 1858 3758 1934">
    <p class='ocr_par' dir='ltr' id='par_1_81' title="bbox 2167 1858 3758 1934">
     <span class='ocr_line' id='line_1_81' title="bbox 2167 1858 3758 1934; baseline 0.002 -19"><span class='ocrx_word' id='word_1_650' title='bbox 2167 1858 2273 1916; x_wconf 90' lang='lat' dir='ltr'><strong>Sed</strong></span> <span class='ocrx_word' id='word_1_651' title='bbox 2301 1874 2516 1917; x_wconf 83' lang='lat' dir='ltr'><strong>oremus</strong></span> <span class='ocrx_word' id='word_1_652' title='bbox 2558 1868 2616 1919; x_wconf 86' lang='lat' dir='ltr'><strong>ut</strong></span> <span class='ocrx_word' id='word_1_653' title='bbox 2660 1860 2752 1919; x_wconf 89' lang='lat' dir='ltr'><strong>det</strong></span> <span class='ocrx_word' id='word_1_654' title='bbox 2795 1860 2937 1931; x_wconf 89' lang='lat' dir='ltr'><strong>quod</strong></span> <span class='ocrx_word' id='word_1_655' title='bbox 2975 1860 3127 1931; x_wconf 87' lang='lat' dir='ltr'><strong>jubet</strong></span> <span class='ocrx_word' id='word_1_656' title='bbox 3165 1861 3463 1931; x_wconf 88' lang='lat' dir='ltr'><strong>adjuvando</strong></span> <span class='ocrx_word' id='word_1_657' title='bbox 3504 1871 3559 1920; x_wconf 89' lang='lat' dir='ltr'><strong>et</strong></span> <span class='ocrx_word' id='word_1_658' title='bbox 3587 1863 3758 1934; x_wconf 81' lang='lat' dir='ltr'><strong>inSpi-</strong></span> 
     </span>
    </p>
   </div>
   <div class='ocr_carea' id='block_1_82' title="bbox 2164 1953 3754 2028">
    <p class='ocr_par' dir='ltr' id='par_1_82' title="bbox 2164 1953 3754 2028">
     <span class='ocr_line' id='line_1_82' title="bbox 2164 1953 3754 2028; baseline 0.003 -20"><span class='ocrx_word' id='word_1_659' title='bbox 2164 1953 2355 2020; x_wconf 87' lang='lat' dir='ltr'><strong>rando,</strong></span> <span class='ocrx_word' id='word_1_660' title='bbox 2386 1954 2478 2023; x_wconf 91' lang='lat' dir='ltr'><strong>qui</strong></span> <span class='ocrx_word' id='word_1_661' title='bbox 2519 1953 2851 2013; x_wconf 89' lang='lat' dir='ltr'><strong>commonuit</strong></span> <span class='ocrx_word' id='word_1_662' title='bbox 2888 1953 3018 2024; x_wconf 90' lang='lat' dir='ltr'><strong>quid</strong></span> <span class='ocrx_word' id='word_1_663' title='bbox 3063 1954 3200 2011; x_wconf 88' lang='lat' dir='ltr'><strong>velle</strong></span> <span class='ocrx_word' id='word_1_664' title='bbox 3239 1954 3532 2013; x_wconf 84' lang='lat' dir='ltr'><strong>debeamus</strong></span> <span class='ocrx_word' id='word_1_665' title='bbox 3558 1957 3754 2028; x_wconf 51' lang='lat' dir='ltr'><strong>praeci-</strong></span> 
     </span>
    </p>
   </div>
   <div class='ocr_carea' id='block_1_83' title="bbox 2169 2042 3754 2115">
    <p class='ocr_par' dir='ltr' id='par_1_83' title="bbox 2169 2042 3754 2115">
     <span class='ocr_line' id='line_1_83' title="bbox 2169 2042 3754 2115; baseline 0.004 -17"><span class='ocrx_word' id='word_1_666' title='bbox 2169 2043 2363 2115; x_wconf 87' lang='lat' dir='ltr'><strong>piendo</strong></span> <span class='ocrx_word' id='word_1_667' title='bbox 2387 2052 2443 2103; x_wconf 88' lang='lat' dir='ltr'><strong>et</strong></span> <span class='ocrx_word' id='word_1_668' title='bbox 2468 2042 2735 2103; x_wconf 84' lang='lat' dir='ltr'><strong>vocando.</strong></span> <span class='ocrx_word' id='word_1_669' title='bbox 2765 2043 3031 2115; x_wconf 84' lang='lat' dir='ltr'><strong>Quidquid</strong></span> <span class='ocrx_word' id='word_1_670' title='bbox 3057 2045 3182 2101; x_wconf 91' lang='lat' dir='ltr'><strong>hinc</strong></span> <span class='ocrx_word' id='word_1_671' title='bbox 3207 2045 3354 2103; x_wconf 87' lang='lat' dir='ltr'><strong>dedit</strong></span> <span class='ocrx_word' id='word_1_672' title='bbox 3384 2048 3424 2115; x_wconf 76' lang='grc' dir='ltr'>ι,</span> <span class='ocrx_word' id='word_1_673' title='bbox 3456 2056 3514 2103; x_wconf 89' lang='lat' dir='ltr'><strong>ut</strong></span> <span class='ocrx_word' id='word_1_674' title='bbox 3531 2063 3754 2105; x_wconf 80' lang='lat' dir='ltr'><strong>conser-</strong></span> 
     </span>
    </p>
   </div>
   <div class='ocr_carea' id='block_1_84' title="bbox 2164 2135 3758 2210">
    <p class='ocr_par' dir='ltr' id='par_1_84' title="bbox 2164 2135 3758 2210">
     <span class='ocr_line' id='line_1_84' title="bbox 2164 2135 3758 2210; baseline 0.004 -21"><span class='ocrx_word' id='word_1_675' title='bbox 2164 2144 2253 2191; x_wconf 86' lang='lat' dir='ltr'><strong>vet</strong></span> <span class='ocrx_word' id='word_1_676' title='bbox 2279 2149 2532 2202; x_wconf 90' lang='lat' dir='ltr'><strong>oremus;</strong></span> <span class='ocrx_word' id='word_1_677' title='bbox 2562 2135 2705 2207; x_wconf 88' lang='lat' dir='ltr'><strong>quod</strong></span> <span class='ocrx_word' id='word_1_678' title='bbox 2742 2144 2921 2192; x_wconf 90' lang='lat' dir='ltr'><strong>autem</strong></span> <span class='ocrx_word' id='word_1_679' title='bbox 2949 2136 3187 2192; x_wconf 90' lang='lat' dir='ltr'><strong>nondum</strong></span> <span class='ocrx_word' id='word_1_680' title='bbox 3214 2136 3381 2203; x_wconf 90' lang='lat' dir='ltr'><strong>dedit,</strong></span> <span class='ocrx_word' id='word_1_681' title='bbox 3412 2147 3469 2195; x_wconf 91' lang='lat' dir='ltr'><strong>ut</strong></span> <span class='ocrx_word' id='word_1_682' title='bbox 3508 2140 3758 2210; x_wconf 87' lang='lat' dir='ltr'><strong>suppleat</strong></span> 
     </span>
    </p>
   </div>
   <div class='ocr_carea' id='block_1_85' title="bbox 2166 2229 3754 2302">
    <p class='ocr_par' dir='ltr' id='par_1_85' title="bbox 2166 2229 3754 2302">
     <span class='ocr_line' id='line_1_85' title="bbox 2166 2229 3754 2302; baseline 0.003 -18"><span class='ocrx_word' id='word_1_683' title='bbox 2166 2243 2383 2289; x_wconf 86' lang='lat' dir='ltr'><strong>oremus</strong></span> <span class='ocrx_word' id='word_1_684' title='bbox 2412 2246 2427 2283; x_wconf 88' lang='lat'><strong>:</strong></span> <span class='ocrx_word' id='word_1_685' title='bbox 2461 2238 2639 2285; x_wconf 88' lang='lat' dir='ltr'><strong>tamen</strong></span> <span class='ocrx_word' id='word_1_686' title='bbox 2679 2243 2896 2285; x_wconf 89' lang='lat' dir='ltr'><strong>oremus</strong></span> <span class='ocrx_word' id='word_1_687' title='bbox 2932 2237 2988 2286; x_wconf 93' lang='lat' dir='ltr'><strong>et</strong></span> <span class='ocrx_word' id='word_1_688' title='bbox 3013 2229 3214 2300; x_wconf 91' lang='lat' dir='ltr'><strong>gratias</strong></span> <span class='ocrx_word' id='word_1_689' title='bbox 3242 2245 3462 2302; x_wconf 85' lang='lat' dir='ltr'><strong>agamus</strong></span> <span class='ocrx_word' id='word_1_690' title='bbox 3504 2230 3569 2286; x_wconf 90' lang='lat' dir='ltr'><strong>de</strong></span> <span class='ocrx_word' id='word_1_691' title='bbox 3596 2247 3754 2289; x_wconf 87' lang='lat' dir='ltr'><strong>acce-</strong></span> 
     </span>
    </p>
   </div>
   <div class='ocr_carea' id='block_1_86' title="bbox 2164 2321 3756 2397">
    <p class='ocr_par' dir='ltr' id='par_1_86' title="bbox 2164 2321 3756 2397">
     <span class='ocr_line' id='line_1_86' title="bbox 2164 2321 3756 2397; baseline 0.004 -19"><span class='ocrx_word' id='word_1_692' title='bbox 2164 2323 2310 2394; x_wconf 88' lang='lat' dir='ltr'><strong>ptis;</strong></span> <span class='ocrx_word' id='word_1_693' title='bbox 2351 2321 2575 2394; x_wconf 88' lang='lat' dir='ltr'><strong>etquod</strong></span> <span class='ocrx_word' id='word_1_694' title='bbox 2616 2323 2854 2381; x_wconf 90' lang='lat' dir='ltr'><strong>nondum</strong></span> <span class='ocrx_word' id='word_1_695' title='bbox 2881 2323 3206 2394; x_wconf 89' lang='lat' dir='ltr'><strong>accepimus,</strong></span> <span class='ocrx_word' id='word_1_696' title='bbox 3249 2338 3317 2379; x_wconf 86' lang='lat' dir='ltr'><strong>eo</strong></span> <span class='ocrx_word' id='word_1_697' title='bbox 3354 2324 3473 2395; x_wconf 90' lang='lat' dir='ltr'><strong>ipso</strong></span> <span class='ocrx_word' id='word_1_698' title='bbox 3514 2326 3658 2397; x_wconf 87' lang='lat' dir='ltr'><strong>quod</strong></span> <span class='ocrx_word' id='word_1_699' title='bbox 3685 2326 3756 2385; x_wconf 89' lang='lat' dir='ltr'><strong>de</strong></span> 
     </span>
    </p>
   </div>
   <div class='ocr_carea' id='block_1_87' title="bbox 2164 2418 3757 2488">
    <p class='ocr_par' dir='ltr' id='par_1_87' title="bbox 2164 2418 3757 2488">
     <span class='ocr_line' id='line_1_87' title="bbox 2164 2418 3757 2488; baseline 0.002 -17"><span class='ocrx_word' id='word_1_700' title='bbox 2164 2418 2401 2488; x_wconf 85' lang='lat' dir='ltr'><strong>acceptis</strong></span> <span class='ocrx_word' id='word_1_701' title='bbox 2426 2418 2616 2488; x_wconf 79' lang='lat' dir='ltr'><strong>ingrati</strong></span> <span class='ocrx_word' id='word_1_702' title='bbox 2647 2433 2753 2472; x_wconf 91' lang='lat' dir='ltr'><strong>non</strong></span> <span class='ocrx_word' id='word_1_703' title='bbox 2781 2432 2986 2483; x_wconf 85' lang='lat' dir='ltr'><strong>sumus,</strong></span> <span class='ocrx_word' id='word_1_704' title='bbox 3015 2431 3113 2472; x_wconf 86' lang='lat' dir='ltr'><strong>nos</strong></span> <span class='ocrx_word' id='word_1_705' title='bbox 3136 2427 3453 2488; x_wconf 89' lang='lat' dir='ltr'><strong>accepturos</strong></span> <span class='ocrx_word' id='word_1_706' title='bbox 3475 2433 3595 2474; x_wconf 88' lang='lat' dir='ltr'><strong>esse</strong></span> <span class='ocrx_word' id='word_1_707' title='bbox 3620 2418 3757 2475; x_wconf 56' lang='lat' dir='ltr'><strong>fida-</strong></span> 
     </span>
    </p>
   </div>
   <div class='ocr_carea' id='block_1_88' title="bbox 2163 2510 3759 2581">
    <p class='ocr_par' dir='ltr' id='par_1_88' title="bbox 2163 2510 3759 2581">
     <span class='ocr_line' id='line_1_88' title="bbox 2163 2510 3759 2581; baseline 0.002 -16"><span class='ocrx_word' id='word_1_708' title='bbox 2163 2526 2303 2569; x_wconf 88' lang='lat' dir='ltr'><strong>mus.</strong></span> <span class='ocrx_word' id='word_1_709' title='bbox 2335 2512 2435 2577; x_wconf 88' lang='lat' dir='ltr'><strong>Qui</strong></span> <span class='ocrx_word' id='word_1_710' title='bbox 2456 2511 2599 2567; x_wconf 82' lang='lat' dir='ltr'><strong>enim</strong></span> <span class='ocrx_word' id='word_1_711' title='bbox 2616 2510 2764 2571; x_wconf 88' lang='lat' dir='ltr'><strong>dedit</strong></span> <span class='ocrx_word' id='word_1_712' title='bbox 2780 2510 3077 2581; x_wconf 86' lang='lat' dir='ltr'><strong>conjugatis</strong></span> <span class='ocrx_word' id='word_1_713' title='bbox 3107 2510 3349 2567; x_wconf 81' lang='lat' dir='ltr'><strong>fidelibus</strong></span> <span class='ocrx_word' id='word_1_714' title='bbox 3368 2520 3428 2567; x_wconf 90' lang='lat' dir='ltr'><strong>ut</strong></span> <span class='ocrx_word' id='word_1_715' title='bbox 3444 2512 3759 2568; x_wconf 84' lang='lat' dir='ltr'><strong>contineant</strong></span> 
     </span>
    </p>
   </div>
   <div class='ocr_carea' id='block_1_89' title="bbox 2162 2602 3758 2673">
    <p class='ocr_par' dir='ltr' id='par_1_89' title="bbox 2162 2602 3758 2673">
     <span class='ocr_line' id='line_1_89' title="bbox 2162 2602 3758 2673; baseline 0.003 -15"><span class='ocrx_word' id='word_1_716' title='bbox 2162 2602 2232 2658; x_wconf 92' lang='lat' dir='ltr'><strong>ab</strong></span> <span class='ocrx_word' id='word_1_717' title='bbox 2272 2603 2547 2661; x_wconf 85' lang='lat' dir='ltr'><strong>adulteriis</strong></span> <span class='ocrx_word' id='word_1_718' title='bbox 2587 2610 2643 2665; x_wconf 86' lang='lat' dir='ltr'><strong>et</strong></span> <span class='ocrx_word' id='word_1_719' title='bbox 2691 2602 3149 2669; x_wconf 87' lang='lat' dir='ltr'><strong>fornicationibus,</strong></span> <span class='ocrx_word' id='word_1_720' title='bbox 3197 2604 3314 2673; x_wconf 89' lang='lat' dir='ltr'><strong>ipse</strong></span> <span class='ocrx_word' id='word_1_721' title='bbox 3359 2604 3506 2663; x_wconf 85' lang='lat' dir='ltr'><strong>dedit</strong></span> <span class='ocrx_word' id='word_1_722' title='bbox 3552 2605 3758 2662; x_wconf 85' lang='lat' dir='ltr'><strong>sanctis</strong></span> 
     </span>
    </p>
   </div>
   <div class='ocr_carea' id='block_1_90' title="bbox 2162 2694 3753 2773">
    <p class='ocr_par' dir='ltr' id='par_1_90' title="bbox 2162 2694 3753 2773">
     <span class='ocr_line' id='line_1_90' title="bbox 2162 2694 3753 2773; baseline 0.001 -22"><span class='ocrx_word' id='word_1_723' title='bbox 2162 2694 2455 2765; x_wconf 87' lang='lat' dir='ltr'><strong>virginibus</strong></span> <span class='ocrx_word' id='word_1_724' title='bbox 2478 2707 2532 2752; x_wconf 88' lang='lat' dir='ltr'><strong>et</strong></span> <span class='ocrx_word' id='word_1_725' title='bbox 2552 2694 2726 2753; x_wconf 89' lang='lat' dir='ltr'><strong>viduis</strong></span> <span class='ocrx_word' id='word_1_726' title='bbox 2748 2705 2806 2749; x_wconf 90' lang='lat' dir='ltr'><strong>ut</strong></span> <span class='ocrx_word' id='word_1_727' title='bbox 2827 2695 3135 2753; x_wconf 87' lang='lat' dir='ltr'><strong>contineant</strong></span> <span class='ocrx_word' id='word_1_728' title='bbox 3158 2696 3225 2752; x_wconf 85' lang='lat' dir='ltr'><strong>ab</strong></span> <span class='ocrx_word' id='word_1_729' title='bbox 3250 2696 3397 2755; x_wconf 82' lang='lat' dir='ltr'><strong>omni</strong></span> <span class='ocrx_word' id='word_1_730' title='bbox 3423 2696 3753 2773; x_wconf 83' lang='lat' dir='ltr'><strong>concubitu;</strong></span> 
     </span>
    </p>
   </div>
   <div class='ocr_carea' id='block_1_91' title="bbox 2163 2790 3757 2862">
    <p class='ocr_par' dir='ltr' id='par_1_91' title="bbox 2163 2790 3757 2862">
     <span class='ocr_line' id='line_1_91' title="bbox 2163 2790 3757 2862; baseline 0.003 -17"><span class='ocrx_word' id='word_1_731' title='bbox 2163 2790 2216 2845; x_wconf 92' lang='lat' dir='ltr'><strong>in</strong></span> <span class='ocrx_word' id='word_1_732' title='bbox 2246 2806 2348 2862; x_wconf 92' lang='lat' dir='ltr'><strong>qua</strong></span> <span class='ocrx_word' id='word_1_733' title='bbox 2396 2791 2591 2848; x_wconf 81' lang='lat' dir='ltr'><strong>virtute</strong></span> <span class='ocrx_word' id='word_1_734' title='bbox 2627 2791 2736 2861; x_wconf 89' lang='lat' dir='ltr'><strong>jam</strong></span> <span class='ocrx_word' id='word_1_735' title='bbox 2779 2791 2991 2861; x_wconf 90' lang='lat' dir='ltr'><strong>proprie</strong></span> <span class='ocrx_word' id='word_1_736' title='bbox 3034 2790 3120 2847; x_wconf 92' lang='lat' dir='ltr'><strong>vel</strong></span> <span class='ocrx_word' id='word_1_737' title='bbox 3149 2790 3428 2861; x_wconf 83' lang='lat' dir='ltr'><strong>integritas</strong></span> <span class='ocrx_word' id='word_1_738' title='bbox 3466 2790 3550 2847; x_wconf 89' lang='lat' dir='ltr'><strong>vel</strong></span> <span class='ocrx_word' id='word_1_739' title='bbox 3577 2791 3757 2851; x_wconf 77' lang='lat' dir='ltr'><strong>conti-.-</strong></span> 
     </span>
    </p>
   </div>
   <div class='ocr_carea' id='block_1_92' title="bbox 2163 2882 3755 2952">
    <p class='ocr_par' dir='ltr' id='par_1_92' title="bbox 2163 2882 3755 2952">
     <span class='ocr_line' id='line_1_92' title="bbox 2163 2882 3755 2952; baseline 0.003 -16"><span class='ocrx_word' id='word_1_740' title='bbox 2163 2882 2342 2937; x_wconf 88' lang='lat' dir='ltr'><strong>nentia</strong></span> <span class='ocrx_word' id='word_1_741' title='bbox 2369 2883 2692 2938; x_wconf 90' lang='lat' dir='ltr'><strong>nominatur.</strong></span> <span class='ocrx_word' id='word_1_742' title='bbox 2726 2884 2810 2938; x_wconf 79' lang='lat' dir='ltr'><strong>An</strong></span> <span class='ocrx_word' id='word_1_743' title='bbox 2836 2882 2971 2939; x_wconf 91' lang='lat' dir='ltr'><strong>forte</strong></span> <span class='ocrx_word' id='word_1_744' title='bbox 2996 2883 3063 2940; x_wconf 89' lang='lat' dir='ltr'><strong>ab</strong></span> <span class='ocrx_word' id='word_1_745' title='bbox 3092 2882 3185 2938; x_wconf 92' lang='lat' dir='ltr'><strong>illo</strong></span> <span class='ocrx_word' id='word_1_746' title='bbox 3204 2882 3419 2951; x_wconf 87' lang='lat' dir='ltr'><strong>quidem</strong></span> <span class='ocrx_word' id='word_1_747' title='bbox 3444 2884 3755 2952; x_wconf 82' lang='lat' dir='ltr'><strong>accepimus</strong></span> 
     </span>
    </p>
   </div>
   <div class='ocr_carea' id='block_1_93' title="bbox 2162 2960 3753 3045">
    <p class='ocr_par' dir='ltr' id='par_1_93' title="bbox 2162 2960 3753 3045">
     <span class='ocr_line' id='line_1_93' title="bbox 2162 2960 3753 3045; baseline 0.002 -16"><span class='ocrx_word' id='word_1_748' title='bbox 2162 2975 2562 3040; x_wconf 86' lang='lat' dir='ltr'><strong>continentiam,</strong></span> <span class='ocrx_word' id='word_1_749' title='bbox 2590 2974 2685 3030; x_wconf 90' lang='lat' dir='ltr'><strong>sed</strong></span> <span class='ocrx_word' id='word_1_750' title='bbox 2710 2992 2740 3031; x_wconf 92' lang='lat' dir='ltr'><strong>a</strong></span> <span class='ocrx_word' id='word_1_751' title='bbox 2767 2975 2922 3030; x_wconf 88' lang='lat' dir='ltr'><strong>nobis</strong></span> <span class='ocrx_word' id='word_1_752' title='bbox 2949 2960 3206 3031; x_wconf 79' lang='lat' dir='ltr'><strong>habemus</strong></span> <span class='ocrx_word' id='word_1_753' title='bbox 3228 2975 3540 3045; x_wconf 85' lang='lat' dir='ltr'><strong>sapientiam</strong></span> <span class='ocrx_word' id='word_1_754' title='bbox 3561 2974 3585 3031; x_wconf 79' lang='lat' dir='ltr'><strong>‘t</strong></span> <span class='ocrx_word' id='word_1_755' title='bbox 3609 2974 3753 3043; x_wconf 87' lang='lat' dir='ltr'><strong>Quid</strong></span> 
     </span>
    </p>
   </div>
   <div class='ocr_carea' id='block_1_94' title="bbox 2162 3066 3757 3138">
    <p class='ocr_par' dir='ltr' id='par_1_94' title="bbox 2162 3066 3757 3138">
     <span class='ocr_line' id='line_1_94' title="bbox 2162 3066 3757 3138; baseline 0.001 -15"><span class='ocrx_word' id='word_1_756' title='bbox 2162 3074 2246 3123; x_wconf 91' lang='lat' dir='ltr'><strong>est</strong></span> <span class='ocrx_word' id='word_1_757' title='bbox 2270 3082 2399 3137; x_wconf 87' lang='lat' dir='ltr'><strong>ergo</strong></span> <span class='ocrx_word' id='word_1_758' title='bbox 2423 3066 2565 3138; x_wconf 93' lang='lat' dir='ltr'><strong>quod</strong></span> <span class='ocrx_word' id='word_1_759' title='bbox 2590 3066 2821 3124; x_wconf 78' lang='lat' dir='ltr'><strong>Iacobus</strong></span> <span class='ocrx_word' id='word_1_760' title='bbox 2852 3066 3127 3138; x_wconf 91' lang='lat' dir='ltr'><strong>apostolus</strong></span> <span class='ocrx_word' id='word_1_761' title='bbox 3160 3066 3310 3134; x_wconf 89' lang='lat' dir='ltr'><strong>dicit,</strong></span> <span class='ocrx_word' id='word_1_762' title='bbox 3341 3067 3404 3122; x_wconf 86' lang='lat' dir='ltr'><strong>Si</strong></span> <span class='ocrx_word' id='word_1_763' title='bbox 3430 3068 3542 3138; x_wconf 76' lang='lat' dir='ltr'><strong>quis</strong></span> <span class='ocrx_word' id='word_1_764' title='bbox 3582 3077 3757 3125; x_wconf 73' lang='lat' dir='ltr'><strong>autem</strong></span> 
     </span>
    </p>
   </div>
   <div class='ocr_carea' id='block_1_95' title="bbox 2162 3156 3756 3230">
    <p class='ocr_par' dir='ltr' id='par_1_95' title="bbox 2162 3156 3756 3230">
     <span class='ocr_line' id='line_1_95' title="bbox 2162 3156 3756 3230; baseline 0 -17"><span class='ocrx_word' id='word_1_765' title='bbox 2162 3168 2377 3213; x_wconf 72' lang='lat' dir='ltr'><strong>vestrum</strong></span> <span class='ocrx_word' id='word_1_766' title='bbox 2399 3158 2589 3227; x_wconf 75' lang='lat' dir='ltr'><strong>indiget</strong></span> <span class='ocrx_word' id='word_1_767' title='bbox 2614 3158 2883 3229; x_wconf 82' lang='lat' dir='ltr'><strong>sapientia,</strong></span> <span class='ocrx_word' id='word_1_768' title='bbox 2916 3156 3131 3228; x_wconf 79' lang='lat' dir='ltr'><strong>postulet</strong></span> <span class='ocrx_word' id='word_1_769' title='bbox 3155 3175 3187 3212; x_wconf 91' lang='lat' dir='ltr'><strong>a</strong></span> <span class='ocrx_word' id='word_1_770' title='bbox 3206 3157 3333 3223; x_wconf 87' lang='lat' dir='ltr'><strong>Deo,</strong></span> <span class='ocrx_word' id='word_1_771' title='bbox 3363 3159 3449 3230; x_wconf 84' lang='lat' dir='ltr'><strong>qui</strong></span> <span class='ocrx_word' id='word_1_772' title='bbox 3473 3159 3559 3214; x_wconf 87' lang='lat' dir='ltr'><strong>dat</strong></span> <span class='ocrx_word' id='word_1_773' title='bbox 3587 3160 3756 3213; x_wconf 81' lang='lat' dir='ltr'><strong>omni-</strong></span> 
     </span>
    </p>
   </div>
   <div class='ocr_carea' id='block_1_96' title="bbox 2161 3249 3755 3323">
    <p class='ocr_par' dir='ltr' id='par_1_96' title="bbox 2161 3249 3755 3323">
     <span class='ocr_line' id='line_1_96' title="bbox 2161 3249 3755 3323; baseline 0.004 -20"><span class='ocrx_word' id='word_1_774' title='bbox 2161 3249 2252 3306; x_wconf 83' lang='lat' dir='ltr'><strong>bus</strong></span> <span class='ocrx_word' id='word_1_775' title='bbox 2288 3251 2564 3322; x_wconf 67' lang='lat' dir='ltr'><strong>afﬂuenter,</strong></span> <span class='ocrx_word' id='word_1_776' title='bbox 2606 3260 2654 3305; x_wconf 90' lang='lat' dir='ltr'><strong>et</strong></span> <span class='ocrx_word' id='word_1_777' title='bbox 2682 3268 2785 3305; x_wconf 86' lang='lat' dir='ltr'><strong>non</strong></span> <span class='ocrx_word' id='word_1_778' title='bbox 2807 3251 3150 3323; x_wconf 81' lang='lat' dir='ltr'><strong>improperat;</strong></span> <span class='ocrx_word' id='word_1_779' title='bbox 3180 3260 3226 3305; x_wconf 80' lang='lat' dir='ltr'><strong>et</strong></span> <span class='ocrx_word' id='word_1_780' title='bbox 3268 3252 3468 3307; x_wconf 83' lang='lat' dir='ltr'><strong>dabitur</strong></span> <span class='ocrx_word' id='word_1_781' title='bbox 3489 3251 3567 3307; x_wconf 77' lang='lat' dir='ltr'><strong>illi</strong></span> <span class='ocrx_word' id='word_1_782' title='bbox 3613 3250 3755 3320; x_wconf 79' lang='lat' dir='ltr'><strong>(Ju-</strong></span> 
     </span>
    </p>
   </div>
   <div class='ocr_carea' id='block_1_97' title="bbox 2162 3340 3754 3413">
    <p class='ocr_par' dir='ltr' id='par_1_97' title="bbox 2162 3340 3754 3413">
     <span class='ocr_line' id='line_1_97' title="bbox 2162 3340 3754 3413; baseline 0.004 -17"><span class='ocrx_word' id='word_1_783' title='bbox 2162 3341 2272 3397; x_wconf 86' lang='lat' dir='ltr'><strong>cobi</strong></span> <span class='ocrx_word' id='word_1_784' title='bbox 2315 3358 2350 3404; x_wconf 89' lang='lat' dir='ltr'><strong>l,</strong></span> <span class='ocrx_word' id='word_1_785' title='bbox 2384 3343 2418 3396; x_wconf 88' lang='grc'><strong>5</strong></span> <span class='ocrx_word' id='word_1_786' title='bbox 2442 3341 2502 3411; x_wconf 76' lang='lat' dir='ltr'><strong>)‘I</strong></span> <span class='ocrx_word' id='word_1_787' title='bbox 2536 3340 2642 3397; x_wconf 88' lang='lat' dir='ltr'><strong>Sed</strong></span> <span class='ocrx_word' id='word_1_788' title='bbox 2698 3342 2766 3397; x_wconf 91' lang='lat' dir='ltr'><strong>de</strong></span> <span class='ocrx_word' id='word_1_789' title='bbox 2805 3342 2905 3397; x_wconf 89' lang='lat' dir='ltr'><strong>hac</strong></span> <span class='ocrx_word' id='word_1_790' title='bbox 2940 3342 3255 3413; x_wconf 62' lang='lat' dir='ltr'><strong>quaestione,</strong></span> <span class='ocrx_word' id='word_1_791' title='bbox 3301 3351 3357 3399; x_wconf 90' lang='lat' dir='ltr'><strong>et</strong></span> <span class='ocrx_word' id='word_1_792' title='bbox 3398 3342 3450 3397; x_wconf 92' lang='lat' dir='ltr'><strong>iu</strong></span> <span class='ocrx_word' id='word_1_793' title='bbox 3491 3342 3613 3400; x_wconf 87' lang='lat' dir='ltr'><strong>aliis</strong></span> <span class='ocrx_word' id='word_1_794' title='bbox 3636 3345 3754 3413; x_wconf 77' lang='lat' dir='ltr'><strong>iam</strong></span> 
     </span>
    </p>
   </div>
   <div class='ocr_carea' id='block_1_98' title="bbox 2162 3434 3755 3505">
    <p class='ocr_par' dir='ltr' id='par_1_98' title="bbox 2162 3434 3755 3505">
     <span class='ocr_line' id='line_1_98' title="bbox 2162 3434 3755 3505; baseline 0.003 -16"><span class='ocrx_word' id='word_1_795' title='bbox 2162 3434 2429 3504; x_wconf 86' lang='lat' dir='ltr'><strong>opusculis</strong></span> <span class='ocrx_word' id='word_1_796' title='bbox 2476 3434 2694 3501; x_wconf 88' lang='lat' dir='ltr'><strong>nostris,</strong></span> <span class='ocrx_word' id='word_1_797' title='bbox 2742 3443 2997 3504; x_wconf 88' lang='lat' dir='ltr'><strong>quantum</strong></span> <span class='ocrx_word' id='word_1_798' title='bbox 3037 3434 3241 3505; x_wconf 85' lang='lat' dir='ltr'><strong>adjuvit</strong></span> <span class='ocrx_word' id='word_1_799' title='bbox 3280 3436 3556 3502; x_wconf 89' lang='lat' dir='ltr'><strong>Dominus,</strong></span> <span class='ocrx_word' id='word_1_800' title='bbox 3587 3436 3755 3493; x_wconf 84' lang='lat' dir='ltr'><strong>multa</strong></span> 
     </span>
    </p>
   </div>
   <div class='ocr_carea' id='block_1_99' title="bbox 2162 3525 3753 3599">
    <p class='ocr_par' dir='ltr' id='par_1_99' title="bbox 2162 3525 3753 3599">
     <span class='ocr_line' id='line_1_99' title="bbox 2162 3525 3753 3599; baseline 0.002 -17"><span class='ocrx_word' id='word_1_801' title='bbox 2162 3525 2426 3592; x_wconf 81' lang='lat' dir='ltr'><strong>diximus;</strong></span> <span class='ocrx_word' id='word_1_802' title='bbox 2458 3534 2514 3582; x_wconf 91' lang='lat' dir='ltr'><strong>et</strong></span> <span class='ocrx_word' id='word_1_803' title='bbox 2557 3525 2709 3593; x_wconf 89' lang='lat' dir='ltr'><strong>alias,</strong></span> <span class='ocrx_word' id='word_1_804' title='bbox 2752 3534 3007 3597; x_wconf 88' lang='lat' dir='ltr'><strong>quantum</strong></span> <span class='ocrx_word' id='word_1_805' title='bbox 3046 3542 3145 3597; x_wconf 90' lang='lat' dir='ltr'><strong>per</strong></span> <span class='ocrx_word' id='word_1_806' title='bbox 3171 3528 3347 3598; x_wconf 87' lang='lat' dir='ltr'><strong>ipsum</strong></span> <span class='ocrx_word' id='word_1_807' title='bbox 3370 3528 3707 3599; x_wconf 84' lang='lat' dir='ltr'><strong>potuerimus</strong></span> <span class='ocrx_word' id='word_1_808' title='bbox 3734 3569 3753 3596; x_wconf 89' lang='lat'><strong>,</strong></span> 
     </span>
    </p>
   </div>
   <div class='ocr_carea' id='block_1_100' title="bbox 2161 3618 3007 3689">
    <p class='ocr_par' dir='ltr' id='par_1_100' title="bbox 2161 3618 3007 3689">
     <span class='ocr_line' id='line_1_100' title="bbox 2161 3618 3007 3689; baseline 0.001 -15"><span class='ocrx_word' id='word_1_809' title='bbox 2161 3618 2282 3675; x_wconf 89' lang='lat' dir='ltr'><strong>data</strong></span> <span class='ocrx_word' id='word_1_810' title='bbox 2312 3619 2707 3689; x_wconf 88' lang='lat' dir='ltr'><strong>opportunitate</strong></span> <span class='ocrx_word' id='word_1_811' title='bbox 2746 3619 3007 3675; x_wconf 89' lang='lat' dir='ltr'><strong>dicemus.</strong></span> 
     </span>
    </p>
   </div>
   <div class='ocr_carea' id='block_1_101' title="bbox 2231 3710 3763 3771">
    <p class='ocr_par' dir='ltr' id='par_1_101' title="bbox 2231 3710 3763 3771">
     <span class='ocr_line' id='line_1_101' title="bbox 2231 3710 3763 3771; baseline 0.002 -3"><span class='ocrx_word' id='word_1_812' title='bbox 2231 3711 2457 3769; x_wconf 86' lang='lat' dir='ltr'><strong>CAPUT</strong></span> <span class='ocrx_word' id='word_1_813' title='bbox 2495 3711 2680 3768; x_wconf 80' lang='lat' dir='ltr'><strong>XVIII.</strong></span> <span class='ocrx_word' id='word_1_814' title='bbox 2712 3743 2784 3752; x_wconf 90' lang='lat'><strong>—</strong></span> <span class='ocrx_word' id='word_1_815' title='bbox 2812 3712 2902 3767; x_wconf 73' lang='lat'><strong>22.</strong></span> <span class='ocrx_word' id='word_1_816' title='bbox 2942 3710 3326 3769; x_wconf 72' lang='lat' dir='ltr'><strong>Exhortationis</strong></span> <span class='ocrx_word' id='word_1_817' title='bbox 3375 3714 3502 3771; x_wconf 76' lang='lat' dir='ltr'><strong>uires</strong></span> <span class='ocrx_word' id='word_1_818' title='bbox 3542 3730 3648 3769; x_wconf 83' lang='lat' dir='ltr'><strong>esse</strong></span> <span class='ocrx_word' id='word_1_819' title='bbox 3693 3730 3763 3771; x_wconf 65' lang='lat' dir='ltr'><strong>ex</strong></span> 
     </span>
    </p>
   </div>
   <div class='ocr_carea' id='block_1_102' title="bbox 2162 3803 3759 3877">
    <p class='ocr_par' dir='ltr' id='par_1_102' title="bbox 2162 3803 3759 3877">
     <span class='ocr_line' id='line_1_102' title="bbox 2162 3803 3759 3877; baseline 0.001 -18"><span class='ocrx_word' id='word_1_820' title='bbox 2162 3805 2345 3877; x_wconf 87' lang='lat' dir='ltr'><strong>gratia.</strong></span> <span class='ocrx_word' id='word_1_821' title='bbox 2378 3804 2530 3860; x_wconf 85' lang='lat' dir='ltr'><strong>Nunc</strong></span> <span class='ocrx_word' id='word_1_822' title='bbox 2558 3804 2681 3860; x_wconf 92' lang='lat' dir='ltr'><strong>inde</strong></span> <span class='ocrx_word' id='word_1_823' title='bbox 2718 3803 2917 3875; x_wconf 90' lang='lat' dir='ltr'><strong>aliquid</strong></span> <span class='ocrx_word' id='word_1_824' title='bbox 2958 3805 3077 3860; x_wconf 83' lang='lat' dir='ltr'><strong>ideo</strong></span> <span class='ocrx_word' id='word_1_825' title='bbox 3105 3804 3285 3861; x_wconf 83' lang='lat' dir='ltr'><strong>dicere</strong></span> <span class='ocrx_word' id='word_1_826' title='bbox 3327 3805 3491 3873; x_wconf 88' lang='lat' dir='ltr'><strong>volui,</strong></span> <span class='ocrx_word' id='word_1_827' title='bbox 3533 3814 3759 3876; x_wconf 86' lang='lat' dir='ltr'><strong>propter</strong></span> 
     </span>
    </p>
   </div>
   <div class='ocr_carea' id='block_1_103' title="bbox 2162 3895 3758 3967">
    <p class='ocr_par' dir='ltr' id='par_1_103' title="bbox 2162 3895 3758 3967">
     <span class='ocr_line' id='line_1_103' title="bbox 2162 3895 3758 3967; baseline 0.001 -16"><span class='ocrx_word' id='word_1_828' title='bbox 2162 3896 2420 3967; x_wconf 89' lang='lat' dir='ltr'><strong>quosdam</strong></span> <span class='ocrx_word' id='word_1_829' title='bbox 2450 3895 2639 3952; x_wconf 88' lang='lat' dir='ltr'><strong>fratres</strong></span> <span class='ocrx_word' id='word_1_830' title='bbox 2677 3905 2887 3951; x_wconf 91' lang='lat' dir='ltr'><strong>nostros</strong></span> <span class='ocrx_word' id='word_1_831' title='bbox 2916 3897 3269 3953; x_wconf 86' lang='lat' dir='ltr'><strong>amicissimos</strong></span> <span class='ocrx_word' id='word_1_832' title='bbox 3296 3908 3351 3952; x_wconf 91' lang='lat' dir='ltr'><strong>et</strong></span> <span class='ocrx_word' id='word_1_833' title='bbox 3375 3898 3758 3953; x_wconf 82' lang='lat' dir='ltr'><strong>dilectissimos</strong></span> 
     </span>
    </p>
   </div>
   <div class='ocr_carea' id='block_1_104' title="bbox 2162 3989 3749 4061">
    <p class='ocr_par' dir='ltr' id='par_1_104' title="bbox 2162 3989 3749 4061">
     <span class='ocr_line' id='line_1_104' title="bbox 2162 3989 3749 4061; baseline 0 -16"><span class='ocrx_word' id='word_1_834' title='bbox 2162 3991 2337 4057; x_wconf 92' lang='lat' dir='ltr'><strong>nobis,</strong></span> <span class='ocrx_word' id='word_1_835' title='bbox 2384 4005 2484 4046; x_wconf 85' lang='lat' dir='ltr'><strong>nec</strong></span> <span class='ocrx_word' id='word_1_836' title='bbox 2510 3990 2772 4046; x_wconf 89' lang='lat' dir='ltr'><strong>malitiose</strong></span> <span class='ocrx_word' id='word_1_837' title='bbox 2798 3989 3014 4061; x_wconf 90' lang='lat' dir='ltr'><strong>quidem</strong></span> <span class='ocrx_word' id='word_1_838' title='bbox 3044 3991 3214 4045; x_wconf 88' lang='lat' dir='ltr'><strong>errori</strong></span> <span class='ocrx_word' id='word_1_839' title='bbox 3261 3989 3389 4046; x_wconf 90' lang='lat' dir='ltr'><strong>huic</strong></span> <span class='ocrx_word' id='word_1_840' title='bbox 3426 3990 3749 4061; x_wconf 86' lang='lat' dir='ltr'><strong>implicatos,</strong></span> 
     </span>
    </p>
   </div>
   <div class='ocr_carea' id='block_1_105' title="bbox 2164 4080 3763 4153">
    <p class='ocr_par' dir='ltr' id='par_1_105' title="bbox 2164 4080 3763 4153">
     <span class='ocr_line' id='line_1_105' title="bbox 2164 4080 3763 4153; baseline -0.001 -14"><span class='ocrx_word' id='word_1_841' title='bbox 2164 4083 2257 4139; x_wconf 91' lang='lat' dir='ltr'><strong>sed</strong></span> <span class='ocrx_word' id='word_1_842' title='bbox 2286 4082 2583 4153; x_wconf 89' lang='lat' dir='ltr'><strong>implicatos</strong></span> <span class='ocrx_word' id='word_1_843' title='bbox 2619 4092 2828 4148; x_wconf 89' lang='lat' dir='ltr'><strong>tamen;</strong></span> <span class='ocrx_word' id='word_1_844' title='bbox 2861 4082 2949 4152; x_wconf 92' lang='lat' dir='ltr'><strong>qui</strong></span> <span class='ocrx_word' id='word_1_845' title='bbox 2976 4090 3165 4151; x_wconf 88' lang='lat' dir='ltr'><strong>putant</strong></span> <span class='ocrx_word' id='word_1_846' title='bbox 3186 4097 3309 4138; x_wconf 88' lang='lat' dir='ltr'><strong>cum</strong></span> <span class='ocrx_word' id='word_1_847' title='bbox 3334 4082 3542 4153; x_wconf 85' lang='lat' dir='ltr'><strong>aliquos</strong></span> <span class='ocrx_word' id='word_1_848' title='bbox 3579 4080 3643 4136; x_wconf 89' lang='lat' dir='ltr'><strong>ad</strong></span> <span class='ocrx_word' id='word_1_849' title='bbox 3665 4080 3763 4152; x_wconf 83' lang='lat' dir='ltr'><strong>ju-</strong></span> 
     </span>
    </p>
   </div>
   <div class='ocr_carea' id='block_1_106' title="bbox 2162 4173 3754 4246">
    <p class='ocr_par' dir='ltr' id='par_1_106' title="bbox 2162 4173 3754 4246">
     <span class='ocr_line' id='line_1_106' title="bbox 2162 4173 3754 4246; baseline 0.001 -17"><span class='ocrx_word' id='word_1_850' title='bbox 2162 4175 2357 4230; x_wconf 89' lang='lat' dir='ltr'><strong>stitiam</strong></span> <span class='ocrx_word' id='word_1_851' title='bbox 2379 4176 2736 4246; x_wconf 87' lang='lat' dir='ltr'><strong>pietatemque</strong></span> <span class='ocrx_word' id='word_1_852' title='bbox 2759 4173 3126 4239; x_wconf 81' lang='lat' dir='ltr'><strong>exhortantur,</strong></span> <span class='ocrx_word' id='word_1_853' title='bbox 3154 4174 3295 4230; x_wconf 86' lang='lat' dir='ltr'><strong>vires</strong></span> <span class='ocrx_word' id='word_1_854' title='bbox 3321 4190 3428 4230; x_wconf 92' lang='lat' dir='ltr'><strong>non</strong></span> <span class='ocrx_word' id='word_1_855' title='bbox 3450 4173 3754 4231; x_wconf 80' lang='lat' dir='ltr'><strong>habituram</strong></span> 
     </span>
    </p>
   </div>
   <div class='ocr_carea' id='block_1_107' title="bbox 2163 4266 3759 4337">
    <p class='ocr_par' dir='ltr' id='par_1_107' title="bbox 2163 4266 3759 4337">
     <span class='ocr_line' id='line_1_107' title="bbox 2163 4266 3759 4337; baseline -0.001 -15"><span class='ocrx_word' id='word_1_856' title='bbox 2163 4268 2583 4327; x_wconf 85' lang='lat' dir='ltr'><strong>exhortationem</strong></span> <span class='ocrx_word' id='word_1_857' title='bbox 2626 4280 2799 4333; x_wconf 87' lang='lat' dir='ltr'><strong>suam,</strong></span> <span class='ocrx_word' id='word_1_858' title='bbox 2846 4266 2947 4321; x_wconf 89' lang='lat' dir='ltr'><strong>nisi</strong></span> <span class='ocrx_word' id='word_1_859' title='bbox 2972 4274 3142 4320; x_wconf 91' lang='lat' dir='ltr'><strong>totum</strong></span> <span class='ocrx_word' id='word_1_860' title='bbox 3171 4266 3323 4336; x_wconf 89' lang='lat' dir='ltr'><strong>illud,</strong></span> <span class='ocrx_word' id='word_1_861' title='bbox 3351 4266 3492 4337; x_wconf 90' lang='lat' dir='ltr'><strong>quod</strong></span> <span class='ocrx_word' id='word_1_862' title='bbox 3536 4272 3592 4319; x_wconf 92' lang='lat' dir='ltr'><strong>ut</strong></span> <span class='ocrx_word' id='word_1_863' title='bbox 3630 4272 3759 4334; x_wconf 83' lang='lat' dir='ltr'><strong>agat</strong></span> 
     </span>
    </p>
   </div>
   <div class='ocr_carea' id='block_1_108' title="bbox 2165 4342 3761 4430">
    <p class='ocr_par' dir='ltr' id='par_1_108' title="bbox 2165 4342 3761 4430">
     <span class='ocr_line' id='line_1_108' title="bbox 2165 4342 3761 4430; baseline 0.003 -19"><span class='ocrx_word' id='word_1_864' title='bbox 2165 4357 2344 4423; x_wconf 90' lang='lat' dir='ltr'><strong>homo,</strong></span> <span class='ocrx_word' id='word_1_865' title='bbox 2392 4366 2555 4430; x_wconf 91' lang='lat' dir='ltr'><strong>agunt</strong></span> <span class='ocrx_word' id='word_1_866' title='bbox 2600 4373 2722 4414; x_wconf 87' lang='lat' dir='ltr'><strong>cum</strong></span> <span class='ocrx_word' id='word_1_867' title='bbox 2767 4358 3002 4425; x_wconf 88' lang='lat' dir='ltr'><strong>homine,</strong></span> <span class='ocrx_word' id='word_1_868' title='bbox 3050 4357 3105 4413; x_wconf 91' lang='lat' dir='ltr'><strong>in</strong></span> <span class='ocrx_word' id='word_1_869' title='bbox 3151 4342 3385 4413; x_wconf 87' lang='lat' dir='ltr'><strong>hominis</strong></span> <span class='ocrx_word' id='word_1_870' title='bbox 3426 4355 3761 4415; x_wconf 81' lang='lat' dir='ltr'><strong>constituant</strong></span> 
     </span>
    </p>
   </div>
   <div class='ocr_carea' id='block_1_109' title="bbox 2163 4444 3760 4520">
    <p class='ocr_par' dir='ltr' id='par_1_109' title="bbox 2163 4444 3760 4520">
     <span class='ocr_line' id='line_1_109' title="bbox 2163 4444 3760 4520; baseline -0.002 -14"><span class='ocrx_word' id='word_1_871' title='bbox 2163 4459 2445 4520; x_wconf 89' lang='lat' dir='ltr'><strong>potestate,</strong></span> <span class='ocrx_word' id='word_1_872' title='bbox 2476 4465 2583 4505; x_wconf 91' lang='lat' dir='ltr'><strong>non</strong></span> <span class='ocrx_word' id='word_1_873' title='bbox 2610 4449 2787 4520; x_wconf 86' lang='lat' dir='ltr'><strong>adjuta</strong></span> <span class='ocrx_word' id='word_1_874' title='bbox 2832 4447 2927 4505; x_wconf 89' lang='lat' dir='ltr'><strong>Dei</strong></span> <span class='ocrx_word' id='word_1_875' title='bbox 2957 4463 3197 4515; x_wconf 83' lang='lat' dir='ltr'><strong>munere,</strong></span> <span class='ocrx_word' id='word_1_876' title='bbox 3239 4446 3334 4507; x_wconf 82' lang='lat' dir='ltr'><strong>sed</strong></span> <span class='ocrx_word' id='word_1_877' title='bbox 3368 4444 3484 4504; x_wconf 85' lang='lat' dir='ltr'><strong>solo</strong></span> <span class='ocrx_word' id='word_1_878' title='bbox 3525 4444 3760 4503; x_wconf 76' lang='lat' dir='ltr'><strong>arbitrio</strong></span> 
     </span>
    </p>
   </div>
   <div class='ocr_carea' id='block_1_110' title="bbox 2164 4537 3757 4611">
    <p class='ocr_par' dir='ltr' id='par_1_110' title="bbox 2164 4537 3757 4611">
     <span class='ocr_line' id='line_1_110' title="bbox 2164 4537 3757 4611; baseline 0.001 -15"><span class='ocrx_word' id='word_1_879' title='bbox 2164 4542 2346 4599; x_wconf 74' lang='lat' dir='ltr'><strong>liberae</strong></span> <span class='ocrx_word' id='word_1_880' title='bbox 2376 4543 2662 4599; x_wconf 89' lang='lat' dir='ltr'><strong>voluntatis</strong></span> <span class='ocrx_word' id='word_1_881' title='bbox 2703 4551 2913 4598; x_wconf 81' lang='lat' dir='ltr'><strong>exserta</strong></span> <span class='ocrx_word' id='word_1_882' title='bbox 2943 4557 2961 4593; x_wconf 88' lang='lat'><strong>:</strong></span> <span class='ocrx_word' id='word_1_883' title='bbox 2991 4540 3144 4611; x_wconf 88' lang='lat' dir='ltr'><strong>quasi</strong></span> <span class='ocrx_word' id='word_1_884' title='bbox 3172 4539 3338 4609; x_wconf 88' lang='lat' dir='ltr'><strong>possit</strong></span> <span class='ocrx_word' id='word_1_885' title='bbox 3364 4551 3488 4595; x_wconf 87' lang='lat' dir='ltr'><strong>esse</strong></span> <span class='ocrx_word' id='word_1_886' title='bbox 3514 4537 3585 4599; x_wconf 84' lang='lat' dir='ltr'><strong>ad</strong></span> <span class='ocrx_word' id='word_1_887' title='bbox 3624 4553 3757 4608; x_wconf 80' lang='lat' dir='ltr'><strong>per-</strong></span> 
     </span>
    </p>
   </div>
   <div class='ocr_carea' id='block_1_111' title="bbox 2165 4631 3756 4707">
    <p class='ocr_par' dir='ltr' id='par_1_111' title="bbox 2165 4631 3756 4707">
     <span class='ocr_line' id='line_1_111' title="bbox 2165 4631 3756 4707; baseline 0 -16"><span class='ocrx_word' id='word_1_888' title='bbox 2165 4636 2446 4692; x_wconf 82' lang='lat' dir='ltr'><strong>ﬁciendum</strong></span> <span class='ocrx_word' id='word_1_889' title='bbox 2493 4651 2628 4707; x_wconf 92' lang='lat' dir='ltr'><strong>opus</strong></span> <span class='ocrx_word' id='word_1_890' title='bbox 2652 4637 2851 4692; x_wconf 90' lang='lat' dir='ltr'><strong>bonum</strong></span> <span class='ocrx_word' id='word_1_891' title='bbox 2878 4635 3123 4690; x_wconf 90' lang='lat' dir='ltr'><strong>voluntas</strong></span> <span class='ocrx_word' id='word_1_892' title='bbox 3149 4632 3339 4699; x_wconf 86' lang='lat' dir='ltr'><strong>libera,</strong></span> <span class='ocrx_word' id='word_1_893' title='bbox 3372 4631 3476 4689; x_wconf 85' lang='lat' dir='ltr'><strong>nisi</strong></span> <span class='ocrx_word' id='word_1_894' title='bbox 3503 4632 3599 4699; x_wconf 81' lang='lat' dir='ltr'><strong>Dei</strong></span> <span class='ocrx_word' id='word_1_895' title='bbox 3628 4647 3756 4691; x_wconf 83' lang='lat' dir='ltr'><strong>mu-</strong></span> 
     </span>
    </p>
   </div>
   <div class='ocr_carea' id='block_1_112' title="bbox 2163 4725 3793 4796">
    <p class='ocr_par' dir='ltr' id='par_1_112' title="bbox 2163 4725 3793 4796">
     <span class='ocr_line' id='line_1_112' title="bbox 2163 4725 3793 4796; baseline -0.004 -12"><span class='ocrx_word' id='word_1_896' title='bbox 2163 4744 2293 4785; x_wconf 90' lang='lat' dir='ltr'><strong>nere</strong></span> <span class='ocrx_word' id='word_1_897' title='bbox 2333 4730 2575 4785; x_wconf 88' lang='lat' dir='ltr'><strong>liberata.</strong></span> <span class='ocrx_word' id='word_1_898' title='bbox 2619 4728 2728 4784; x_wconf 82' lang='lat' dir='ltr'><strong>Nec</strong></span> <span class='ocrx_word' id='word_1_899' title='bbox 2753 4727 3033 4785; x_wconf 86' lang='lat' dir='ltr'><strong>attendunt</strong></span> <span class='ocrx_word' id='word_1_900' title='bbox 3060 4725 3289 4796; x_wconf 86' lang='lat' dir='ltr'><strong>idipsum</strong></span> <span class='ocrx_word' id='word_1_901' title='bbox 3327 4725 3491 4780; x_wconf 90' lang='lat' dir='ltr'><strong>etiam</strong></span> <span class='ocrx_word' id='word_1_902' title='bbox 3520 4740 3579 4781; x_wconf 91' lang='lat' dir='ltr'><strong>se</strong></span> <span class='ocrx_word' id='word_1_903' title='bbox 3609 4725 3757 4793; x_wconf 89' lang='lat' dir='ltr'><strong>ipsos</strong></span> <span class='ocrx_word' id='word_1_904' title='bbox 3790 4776 3793 4777; x_wconf 30' lang='grc' dir='ltr'><em>ν</em></span> 
     </span>
    </p>
   </div>
   <div class='ocr_carea' id='block_1_113' title="bbox 2165 4815 3755 4890">
    <p class='ocr_par' dir='ltr' id='par_1_113' title="bbox 2165 4815 3755 4890">
     <span class='ocr_line' id='line_1_113' title="bbox 2165 4815 3755 4890; baseline 0 -15"><span class='ocrx_word' id='word_1_905' title='bbox 2165 4821 2261 4877; x_wconf 91' lang='lat' dir='ltr'><strong>Dei</strong></span> <span class='ocrx_word' id='word_1_906' title='bbox 2291 4821 2434 4875; x_wconf 90' lang='lat' dir='ltr'><strong>dono</strong></span> <span class='ocrx_word' id='word_1_907' title='bbox 2483 4820 2701 4887; x_wconf 85' lang='lat' dir='ltr'><strong>habere,</strong></span> <span class='ocrx_word' id='word_1_908' title='bbox 2734 4819 2875 4890; x_wconf 89' lang='lat' dir='ltr'><strong>quod</strong></span> <span class='ocrx_word' id='word_1_909' title='bbox 2915 4834 2978 4875; x_wconf 90' lang='lat' dir='ltr'><strong>ea</strong></span> <span class='ocrx_word' id='word_1_910' title='bbox 3015 4816 3266 4874; x_wconf 87' lang='lat' dir='ltr'><strong>facultate</strong></span> <span class='ocrx_word' id='word_1_911' title='bbox 3291 4815 3661 4879; x_wconf 79' lang='lat' dir='ltr'><strong>exhortantur,</strong></span> <span class='ocrx_word' id='word_1_912' title='bbox 3693 4823 3755 4875; x_wconf 80' lang='lat' dir='ltr'><strong>ut</strong></span> 
     </span>
    </p>
   </div>
   <div class='ocr_carea' id='block_1_114' title="bbox 2163 4908 3756 4981">
    <p class='ocr_par' dir='ltr' id='par_1_114' title="bbox 2163 4908 3756 4981">
     <span class='ocr_line' id='line_1_114' title="bbox 2163 4908 3756 4981; baseline -0.001 -15"><span class='ocrx_word' id='word_1_913' title='bbox 2163 4913 2230 4969; x_wconf 91' lang='lat' dir='ltr'><strong>ad</strong></span> <span class='ocrx_word' id='word_1_914' title='bbox 2272 4912 2657 4981; x_wconf 87' lang='lat' dir='ltr'><strong>capessendam</strong></span> <span class='ocrx_word' id='word_1_915' title='bbox 2700 4913 2861 4967; x_wconf 87' lang='lat' dir='ltr'><strong>vitam</strong></span> <span class='ocrx_word' id='word_1_916' title='bbox 2908 4911 3104 4967; x_wconf 89' lang='lat' dir='ltr'><strong>bonam</strong></span> <span class='ocrx_word' id='word_1_917' title='bbox 3147 4908 3424 4966; x_wconf 89' lang='lat' dir='ltr'><strong>hominum</strong></span> <span class='ocrx_word' id='word_1_918' title='bbox 3454 4909 3756 4965; x_wconf 79' lang='lat' dir='ltr'><strong>voluntates</strong></span> 
     </span>
    </p>
   </div>
   <div class='ocr_carea' id='block_1_115' title="bbox 2162 5002 3751 5077">
    <p class='ocr_par' dir='ltr' id='par_1_115' title="bbox 2162 5002 3751 5077">
     <span class='ocr_line' id='line_1_115' title="bbox 2162 5002 3751 5077; baseline -0.003 -20"><span class='ocrx_word' id='word_1_919' title='bbox 2162 5005 2339 5076; x_wconf 86' lang='lat' dir='ltr'><strong>pigras</strong></span> <span class='ocrx_word' id='word_1_920' title='bbox 2363 5005 2617 5072; x_wconf 80' lang='lat' dir='ltr'><strong>excitent,</strong></span> <span class='ocrx_word' id='word_1_921' title='bbox 2647 5005 2945 5060; x_wconf 88' lang='lat' dir='ltr'><strong>accendant</strong></span> <span class='ocrx_word' id='word_1_922' title='bbox 2971 5002 3212 5075; x_wconf 83' lang='lat' dir='ltr'><strong>frigidas,</strong></span> <span class='ocrx_word' id='word_1_923' title='bbox 3242 5004 3511 5077; x_wconf 85' lang='lat' dir='ltr'><strong>corrigant</strong></span> <span class='ocrx_word' id='word_1_924' title='bbox 3537 5013 3751 5072; x_wconf 82' lang='lat' dir='ltr'><strong>pravas,</strong></span> 
     </span>
    </p>
   </div>
   <div class='ocr_carea' id='block_1_116' title="bbox 2161 5093 3754 5168">
    <p class='ocr_par' dir='ltr' id='par_1_116' title="bbox 2161 5093 3754 5168">
     <span class='ocr_line' id='line_1_116' title="bbox 2161 5093 3754 5168; baseline -0.001 -14"><span class='ocrx_word' id='word_1_925' title='bbox 2161 5114 2375 5155; x_wconf 84' lang='lat' dir='ltr'><strong>aversas</strong></span> <span class='ocrx_word' id='word_1_926' title='bbox 2402 5109 2744 5162; x_wconf 86' lang='lat' dir='ltr'><strong>convertant,</strong></span> <span class='ocrx_word' id='word_1_927' title='bbox 2772 5106 3131 5168; x_wconf 80' lang='lat' dir='ltr'><strong>repugnantes</strong></span> <span class='ocrx_word' id='word_1_928' title='bbox 3155 5095 3452 5167; x_wconf 86' lang='lat' dir='ltr'><strong>pacificent.</strong></span> <span class='ocrx_word' id='word_1_929' title='bbox 3494 5094 3584 5153; x_wconf 84' lang='lat' dir='ltr'><strong>Sic</strong></span> <span class='ocrx_word' id='word_1_930' title='bbox 3607 5093 3754 5155; x_wconf 80' lang='lat' dir='ltr'><strong>enim</strong></span> 
     </span>
    </p>
   </div>
   <div class='ocr_carea' id='block_1_117' title="bbox 2162 5188 3755 5262">
    <p class='ocr_par' dir='ltr' id='par_1_117' title="bbox 2162 5188 3755 5262">
     <span class='ocr_line' id='line_1_117' title="bbox 2162 5188 3755 5262; baseline -0.003 -16"><span class='ocrx_word' id='word_1_931' title='bbox 2162 5196 2429 5262; x_wconf 77' lang='lat' dir='ltr'><strong>possunt’</strong></span> <span class='ocrx_word' id='word_1_932' title='bbox 2461 5194 2781 5262; x_wconf 84' lang='lat' dir='ltr'><strong>persuadere</strong></span> <span class='ocrx_word' id='word_1_933' title='bbox 2823 5192 2965 5262; x_wconf 90' lang='lat' dir='ltr'><strong>quod</strong></span> <span class='ocrx_word' id='word_1_934' title='bbox 3008 5191 3255 5247; x_wconf 88' lang='lat' dir='ltr'><strong>suadent.</strong></span> <span class='ocrx_word' id='word_1_935' title='bbox 3298 5192 3404 5244; x_wconf 83' lang='lat' dir='ltr'><strong>Aut</strong></span> <span class='ocrx_word' id='word_1_936' title='bbox 3446 5189 3490 5244; x_wconf 92' lang='lat' dir='ltr'><strong>si</strong></span> <span class='ocrx_word' id='word_1_937' title='bbox 3536 5188 3653 5243; x_wconf 62' lang='lat' dir='ltr'><strong>haec</strong></span> <span class='ocrx_word' id='word_1_938' title='bbox 3698 5188 3755 5243; x_wconf 91' lang='lat' dir='ltr'><strong>in</strong></span> 
     </span>
    </p>
   </div>
   <div class='ocr_carea' id='block_1_118' title="bbox 2163 5278 3755 5354">
    <p class='ocr_par' dir='ltr' id='par_1_118' title="bbox 2163 5278 3755 5354">
     <span class='ocr_line' id='line_1_118' title="bbox 2163 5278 3755 5354; baseline 0 -17"><span class='ocrx_word' id='word_1_939' title='bbox 2163 5285 2520 5339; x_wconf 83' lang='lat' dir='ltr'><strong>voluntatibus</strong></span> <span class='ocrx_word' id='word_1_940' title='bbox 2543 5285 2815 5338; x_wconf 89' lang='lat' dir='ltr'><strong>hominum</strong></span> <span class='ocrx_word' id='word_1_941' title='bbox 2843 5300 2946 5337; x_wconf 89' lang='lat' dir='ltr'><strong>non</strong></span> <span class='ocrx_word' id='word_1_942' title='bbox 2978 5290 3157 5354; x_wconf 85' lang='lat' dir='ltr'><strong>agunt,</strong></span> <span class='ocrx_word' id='word_1_943' title='bbox 3188 5281 3315 5349; x_wconf 84' lang='lat' dir='ltr'><strong>quid</strong></span> <span class='ocrx_word' id='word_1_944' title='bbox 3337 5280 3538 5352; x_wconf 77' lang='lat' dir='ltr'><strong>agunt?</strong></span> <span class='ocrx_word' id='word_1_945' title='bbox 3566 5278 3755 5350; x_wconf 74' lang='lat' dir='ltr'><strong>utquid</strong></span> 
     </span>
    </p>
   </div>
   <div class='ocr_carea' id='block_1_119' title="bbox 2162 5370 3758 5449">
    <p class='ocr_par' dir='ltr' id='par_1_119' title="bbox 2162 5370 3758 5449">
     <span class='ocr_line' id='line_1_119' title="bbox 2162 5370 3758 5449; baseline -0.003 -20"><span class='ocrx_word' id='word_1_946' title='bbox 2162 5377 2487 5449; x_wconf 82' lang='lat' dir='ltr'><strong>loquuntur?</strong></span> <span class='ocrx_word' id='word_1_947' title='bbox 2518 5376 2797 5431; x_wconf 90' lang='lat' dir='ltr'><strong>Dimittaut</strong></span> <span class='ocrx_word' id='word_1_948' title='bbox 2828 5390 2920 5429; x_wconf 90' lang='lat' dir='ltr'><strong>eas</strong></span> <span class='ocrx_word' id='word_1_949' title='bbox 2949 5376 3126 5445; x_wconf 90' lang='lat' dir='ltr'><strong>potius</strong></span> <span class='ocrx_word' id='word_1_950' title='bbox 3151 5373 3372 5428; x_wconf 89' lang='lat' dir='ltr'><strong>arbitrio</strong></span> <span class='ocrx_word' id='word_1_951' title='bbox 3402 5386 3519 5431; x_wconf 86' lang='lat' dir='ltr'><strong>suo.</strong></span> <span class='ocrx_word' id='word_1_952' title='bbox 3562 5370 3620 5427; x_wconf 91' lang='lat' dir='ltr'><strong>Si</strong></span> <span class='ocrx_word' id='word_1_953' title='bbox 3655 5385 3758 5425; x_wconf 85' lang='lat' dir='ltr'><strong>au-</strong></span> 
     </span>
    </p>
   </div>
   <div class='ocr_carea' id='block_1_120' title="bbox 2226 5486 3761 5554">
    <p class='ocr_par' dir='ltr' id='par_1_120' title="bbox 2226 5486 3761 5554">
     <span class='ocr_line' id='line_1_120' title="bbox 2226 5486 3761 5554; baseline 0 -16"><span class='ocrx_word' id='word_1_954' title='bbox 2226 5492 2242 5522; x_wconf 83' lang='grc'>¹</span> <span class='ocrx_word' id='word_1_955' title='bbox 2273 5499 2337 5542; x_wconf 88' lang='lat' dir='ltr'><strong>Ita</strong></span> <span class='ocrx_word' id='word_1_956' title='bbox 2368 5499 2473 5541; x_wconf 71' lang='lat' dir='ltr'><strong>Mss.</strong></span> <span class='ocrx_word' id='word_1_957' title='bbox 2502 5498 2557 5540; x_wconf 83' lang='lat' dir='ltr'><strong>At</strong></span> <span class='ocrx_word' id='word_1_958' title='bbox 2580 5492 2716 5549; x_wconf 87' lang='lat' dir='ltr'><strong>editi,</strong></span> <span class='ocrx_word' id='word_1_959' title='bbox 2750 5488 2831 5541; x_wconf 85' lang='lat' dir='ltr'><strong>hic</strong></span> <span class='ocrx_word' id='word_1_960' title='bbox 2869 5488 3023 5542; x_wconf 80' lang='lat' dir='ltr'><strong>dedit.</strong></span> <span class='ocrx_word' id='word_1_961' title='bbox 3061 5495 3115 5540; x_wconf 82' lang='lat' dir='ltr'><strong>Et</strong></span> <span class='ocrx_word' id='word_1_962' title='bbox 3145 5487 3288 5551; x_wconf 88' lang='lat' dir='ltr'><strong>infra,</strong></span> <span class='ocrx_word' id='word_1_963' title='bbox 3329 5494 3382 5540; x_wconf 85' lang='lat' dir='ltr'><strong>ut</strong></span> <span class='ocrx_word' id='word_1_964' title='bbox 3425 5486 3619 5554; x_wconf 67' lang='lat' dir='ltr'><strong>expleat</strong></span> <span class='ocrx_word' id='word_1_965' title='bbox 3649 5498 3761 5539; x_wconf 74' lang='lat' dir='ltr'><strong>ore-</strong></span> 
     </span>
    </p>
   </div>
   <div class='ocr_carea' id='block_1_121' title="bbox 2158 5566 3761 5729">
    <p class='ocr_par' dir='ltr' id='par_1_121' title="bbox 2158 5566 3761 5729">
     <span class='ocr_line' id='line_1_121' title="bbox 2160 5566 3761 5729; baseline 0.011 -82"><span class='ocrx_word' id='word_1_966' title='bbox 2160 5566 2388 5729; x_wconf 50' lang='lat' dir='ltr'><strong>&quot;f&#39;islil-fgti</strong></span> <span class='ocrx_word' id='word_1_967' title='bbox 2406 5614 2483 5729; x_wconf 54' lang='lat' dir='ltr'><strong>:tsi</strong></span> <span class='ocrx_word' id='word_1_968' title='bbox 2502 5614 2735 5687; x_wconf 66' lang='lat' dir='ltr'><strong>enirnnan</strong></span> <span class='ocrx_word' id='word_1_969' title='bbox 2752 5620 2963 5680; x_wconf 75' lang='lat' dir='ltr'><strong>possunt.</strong></span> <span class='ocrx_word' id='word_1_970' title='bbox 2982 5614 3272 5678; x_wconf 79' lang='lat' dir='ltr'><strong>Abest,non,</strong></span> <span class='ocrx_word' id='word_1_971' title='bbox 3293 5626 3325 5666; x_wconf 85' lang='lat' dir='ltr'><strong>a</strong></span> <span class='ocrx_word' id='word_1_972' title='bbox 3343 5621 3447 5673; x_wconf 66' lang='lat' dir='ltr'><strong>Uss.</strong></span> <span class='ocrx_word' id='word_1_973' title='bbox 3463 5613 3550 5677; x_wconf 76' lang='lat' dir='ltr'><strong>qui</strong></span> <span class='ocrx_word' id='word_1_974' title='bbox 3563 5609 3761 5676; x_wconf 71' lang='grc' dir='ltr'><strong>θειοω.</strong></span> 
     </span>
     <span class='ocr_line' id='line_1_122' title="bbox 2158 5690 2567 5729; baseline -0.002 0"><span class='ocrx_word' id='word_1_975' title='bbox 2158 5690 2203 5729; x_wconf 75' lang='lat' dir='ltr'><strong>si</strong></span> <span class='ocrx_word' id='word_1_976' title='bbox 2220 5715 2235 5729; x_wconf 91' lang='lat'><strong>.</strong></span> <span class='ocrx_word' id='word_1_977' title='bbox 2358 5690 2421 5728; x_wconf 88' lang='lat' dir='ltr'><strong>en</strong></span> <span class='ocrx_word' id='word_1_978' title='bbox 2445 5712 2461 5729; x_wconf 95' lang='lat'><strong>.</strong></span> <span class='ocrx_word' id='word_1_979' title='bbox 2478 5690 2567 5729; x_wconf 76' lang='lat' dir='ltr'><strong>sic.</strong></span> 
     </span>
    </p>
   </div>
   <div class='ocr_carea' id='block_1_122' title="bbox 2219 5691 2567 5745">
    <p class='ocr_par' dir='ltr' id='par_1_122' title="bbox 2219 5691 2567 5745">
     <span class='ocr_line' id='line_1_123' title="bbox 2219 5691 2567 5745; baseline -0.003 -16"><span class='ocrx_word' id='word_1_980' title='bbox 2219 5715 2235 5745; x_wconf 87' lang='lat'><strong>,</strong></span> <span class='ocrx_word' id='word_1_981' title='bbox 2259 5691 2461 5742; x_wconf 77' lang='lat' dir='ltr'><strong>nauem,</strong></span> <span class='ocrx_word' id='word_1_982' title='bbox 2478 5691 2567 5729; x_wconf 76' lang='lat' dir='ltr'><strong>sic.</strong></span> 
     </span>
    </p>
   </div>
  </div>
