4142 6212
346 262 456 323 445

344 389 456 434 tem
486 378 540 442 in
567 375 645 443 eis
669 375 787 443 hinc
815 381 998 446 agunt,
1033 374 1174 438 itane
1203 374 1415 442 tandem
1447 374 1608 432 homo
1631 376 1682 434 in
1711 373 1943 436 hominis

344 475 621 534 voluntate
648 479 790 526 tanta
816 471 922 539 agit
969 469 1258 538 loquendo,
1287 477 1342 534 et
1385 469 1524 525 Deus
1568 469 1674 523 illic
1703 484 1807 522 non
1838 467 1946 539 agit

344 566 545 634 aliquid
576 563 917 632 adjuvando?
950 561 1061 616 lnio
1090 578 1236 623 vero,
1269 561 1599 631 quantalibet
1637 560 1798 616 homo
1824 574 1940 615 ser-

344 658 518 718 monis
550 657 797 722 facultate
843 654 1172 723 praepolleat,
1219 661 1276 706 ut
1303 653 1518 710 solertia
1547 651 1851 722 diSputandi
1891 660 1946 706 et

343 753 608 804 suavitate
633 747 845 810 dicendi
876 748 928 802 in
953 747 1185 802 heminis
1214 747 1486 804 voluntate
1516 748 1715 814 inserat
1743 747 1940 801 verita-

343 853 470 904 tem,
507 842 704 902 nutriat
731 839 1067 902 charitatem,
1101 838 1344 902 docendo
1373 840 1521 894 tollat
1550 854 1812 905 errorem,
1849 854 1940 893 ex-

341 933 610 996 hortando
653 941 924 1001 torporem
957 949 969 984 :
1004 929 1178 1000 Neque
1220 931 1305 1000 qui
1345 932 1542 999 plantat
1586 940 1658 988 est
1705 929 1936 997 aliquid,

341 1043 502 1096 neque
528 1025 617 1094 qui
643 1026 810 1094 rigat;
840 1023 927 1082 sed
953 1024 1038 1094 qui
1068 1024 1425 1092 incrementum
1450 1023 1538 1082 dat
1572 1022 1704 1078 Deus
1732 1020 1790 1096 (ι
1817 1021 1935 1079 Cor.

340 1136 421 1183 tu,
469 1118 560 1188 7).
604 1117 820 1180 Frustra
871 1119 1066 1186 quippe
1115 1118 1392 1187 operarius
1437 1118 1614 1174 omnia
1658 1117 1940 1174 moliretur

338 1212 696 1272 extrinsecus,
729 1211 830 1270 nisi
867 1209 1087 1268 Greater
1132 1210 1452 1268 intrinsecus
1483 1211 1712 1266 latenter
1749 1225 1940 1280 opera-

339 1316 514 1362 retur.
555 1303 725 1373 Spero
750 1319 878 1374 ergo
908 1303 1008 1364 has
1031 1304 1235 1359 litteras
1262 1319 1407 1358 meas
1437 1304 1629 1360 merito
1656 1302 1936 1366 Excellem

337 1399 432 1452 tiae
458 1408 648 1452 vestra:
673 1396 779 1454 cito
805 1396 855 1452 in
886 1409 1078 1450 manus
1107 1395 1266 1455 etiam
1297 1395 1480 1456 talium
1507 1410 1628 1450 esse
1653 1403 1933 1450 venturas:

338 1486 465 1542 ideo
496 1486 746 1542 nonnulla
798 1484 922 1544 hinc
969 1484 1190 1546 dicenda
1235 1484 1522 1540 arbitratus
1554 1499 1692 1538 sum.
1736 1483 1938 1539 Deinde

335 1588 402 1633 ut
427 1589 480 1635 ιιι
508 1579 618 1648 ipsa
646 1586 698 1632 et
726 1591 1074 1646 quaecumque
1104 1575 1221 1636 alia:
1250 1574 1422 1630 vidua:
1451 1575 1552 1629 ista
1573 1575 1817 1645 legerint,
1852 1575 1936 1630 vel

336 1685 464 1728 cuin
491 1670 739 1739 leguntur
780 1669 1065 1729 audierint,
1102 1667 1354 1726 noveritis
1379 1679 1474 1720 vos
1511 1665 1575 1732 ad
1605 1664 1934 1736 diligendum

338 1771 398 1815 et
435 1759 738 1820 habendum
769 1758 1113 1820 continentur:
1143 1757 1340 1812 bonum
1376 1756 1496 1826 plus
1527 1755 1785 1826 proﬁcere
1816 1769 1936 1812 ora-

337 1853 577 1912 tionibus
608 1851 817 1913 vestris,
850 1865 1008 1919 quam
1037 1847 1496 1910 exhortationibus
1535 1846 1730 1904 nostris
1761 1864 1774 1902 :
1802 1861 1938 1916 quo-

337 1946 484 2004 niam
531 1945 576 2005 si
624 1941 747 2012 quid
778 1957 872 1996 vos
896 1940 1130 2010 adjuvat,
1164 1939 1308 2010 quod
1357 1939 1505 2002 vobis
1543 1939 1702 2012 etiam
1751 1947 1934 1994 nostra

339 2037 716 2092 ministrantur
739 2033 987 2102 alloquia,
1021 2041 1186 2096 totum
1219 2031 1358 2086 illius
1382 2029 1568 2100 gratiae
1595 2028 1933 2086 tribuendum

341 2137 443 2188 est,
483 2129 536 2181 in
569 2127 714 2195 cujus
739 2141 888 2193 manu
909 2134 1042 2187 sunt,
1075 2124 1213 2187 sicut
1245 2122 1502 2192 scriptum
1530 2128 1630 2185 est,
1679 2129 1724 2174 et
1774 2137 1864 2176 nos
1888 2129 1935 2179 et

337 2237 594 2276 sermones
619 2219 775 2274 nostri
803 2217 957 2290 (Sep.
988 2232 1078 2280 vti,
1109 2216 1219 2282 16).

412 2310 637 2374 CAPUT
694 2309 930 2366 XlX.-—-
955 2308 1043 2370 25.
1086 2306 1404 2378 Ex/iortatur
1445 2306 1513 2359 ad
1542 2305 1798 2362 viduitatis
1839 2303 1930 2358 bo-

340 2425 482 2463 num.
528 2405 594 2461 Ut
626 2413 729 2460 tota
752 2404 959 2458 intentio
984 2401 1210 2470 Juliana:
1247 2400 1412 2456 vidule
1439 2401 1502 2455 sit
1526 2399 1594 2452 ad
1631 2398 1934 2468 placendum

341 2499 468 2554 Deo.
517 2496 850 2552 Deiuetriadis
895 2495 1102 2566 uirginis
1132 2493 1352 2566 «vitaque
1379 2492 1560 2564 ipsius,
1605 2489 1811 2570 perinde
1855 2498 1934 2544 at-

340 2610 438 2660 que
476 2591 674 2654 atati-is,
699 2588 803 2642 vult
831 2603 936 2644 esse
977 2601 1132 2642 unum
1171 2584 1396 2658 studium
1437 2582 1541 2658 Deo
1587 2581 1838 2654 placendi.
1876 2579 1933 2644 Si

341 2700 470 2755 ergo
503 2682 739 2744 nondum
781 2681 890 2735 Deo
924 2678 1163 2738 vovisses
1190 2675 1574 2736 continentiam
1619 2673 1886 2732 vidualem
1914 2713 1930 2752 ρ

342 2777 756 2832 exhortaremur
793 2770 1032 2842 profecto
1081 2778 1137 2824 ut
1184 2782 1409 2838 vovercs
1437 2784 1450 2820 :
1480 2767 1602 2838 quia
1650 2782 1774 2820 vero
1822 2766 1930 2836 jam

343 2867 554 2931 vovisti,
586 2867 930 2921 exhortamur
969 2871 1028 2916 ut
1054 2874 1384 2933 perseveres.
1427 2857 1571 2915 Talia
1595 2857 1722 2918 mihi
1756 2867 1931 2916 tamen

343 2959 498 3014 video
525 2973 645 3014 esse
687 2955 932 3028 dicenda,
961 2952 1153 3026 quibus
1183 2966 1302 3008 eam
1345 2949 1571 3030 diligant
1594 2957 1648 3004 et
1675 2949 1934 3018 arripiant

343 3064 397 3107 et
426 3068 544 3121 quae
568 3049 741 3104 adhuc
782 3049 982 3104 nubere
1007 3045 1329 3122 cogitabant.
1372 3043 1568 3120 Aurem
1600 3042 1759 3111 igitur
1783 3041 1934 3096 incli-

344 3158 536 3198 netniis
566 3139 820 3212 Apostolo
855 3157 869 3194 :
900 3138 1026 3206 Quae
1051 3137 1264 3211 innuptq
1288 3143 1378 3210 est,
1406 3134 1597 3210 inquit,
1616 3134 1831 3188 sollicita
1855 3143 1927 3188 est

345 3253 404 3290 ea
432 3250 545 3302 quia
569 3243 684 3288 sunt
712 3231 938 3295 Domini,
965 3239 1020 3282 ut
1041 3229 1104 3282 sit
1129 3236 1302 3283 sancta
1327 3235 1372 3281 et
1400 3241 1608 3295 corpore
1643 3233 1688 3281 et
1714 3225 1934 3300 spiritu;

345 3343 457 3399 quae
475 3336 642 3382 autent
671 3335 831 3393 nupta
852 3332 944 3388 est,
967 3321 1182 3384 sollicita
1203 3329 1275 3376 est
1300 3333 1414 3392 quis:
1433 3327 1550 3392 sunt
1579 3318 1773 3388 mundi,
1805 3333 1934 3396 gito-

346 3423 496 3476 modo
525 3420 720 3488 placeat
749 3419 852 3476 viro
878 3415 936 3488 (ι
964 3415 1082 3476 Cor.
1130 3429 1225 3482 vn,
1257 3413 1372 3484 54).
1413 3411 1528 3470 Νοη
1569 3412 1663 3478 ait,
1695 3411 1934 3482 Sollicita

345 3523 428 3569 est
455 3528 515 3568 ea
543 3527 664 3582 qua:
692 3518 816 3566 sunt
853 3508 1054 3574 mundi,
1089 3517 1147 3564 ut
1174 3514 1356 3574 saneta
1387 3507 1594 3578 nupsit
1621 3525 1634 3562 :
1662 3506 1756 3566 sed
1787 3517 1936 3568 certe

345 3604 522 3658 minor
547 3612 628 3658 est
669 3617 731 3660 ea
759 3599 1053 3670 conjugalis
1080 3599 1332 3660 sanctitas
1353 3600 1394 3663 ί,
1421 3613 1488 3662 ex
1514 3612 1576 3653 ea
1605 3608 1753 3667 parte
1781 3613 1936 3654 cura-

344 3712 466 3754 rum
492 3711 592 3766 qua
624 3693 891 3756 mundana
934 3692 1197 3762 cogitatur
1227 3691 1490 3761 voluptas.
1534 3691 1796 3762 Quidquid
1831 3691 1933 3762 ita-

345 3805 448 3860 que
480 3787 793 3844 intentionis
821 3785 983 3842 animi
1011 3784 1173 3844 etiam
1205 3783 1286 3846 liis
1330 3783 1489 3842 rebus
1535 3783 1936 3852 impenderetur

344 3879 538 3950 quibus
568 3875 882 3948 placendum
907 3884 1050 3934 esset
1075 3875 1210 3940 viro,
1239 3873 1490 3946 colligere
1516 3873 1748 3946 quodam
1775 3874 1936 3930 modo

346 3980 399 4026 et
428 3970 672 4041 redigere
695 3969 852 4024 debet
883 3968 1102 4037 innupta
1133 3967 1420 4024 christiana
1452 3967 1508 4036 in
1538 3981 1654 4022 eam
1686 3967 1939 4022 intentio-

344 4080 469 4124 nem
499 4079 604 4132 qua
647 4060 959 4131 placendum
1005 4071 1087 4116 est
1132 4060 1377 4115 Domino.
1421 4061 1485 4114 Et
1513 4059 1634 4114 vide
1662 4060 1682 4090 ¹
1710 4060 1792 4136 cui
1822 4059 1937 4129 pla-

340 4165 492 4216 ceat,
520 4169 638 4222 quae
660 4153 881 4210 Domino
908 4152 1080 4222 placet
1110 4170 1124 4208 :
1151 4160 1205 4208 et
1231 4151 1411 4220 utique
1433 4158 1581 4205 tanto
1603 4158 1687 4206 est
1711 4150 1932 4217 beatior,

341 4255 557 4319 quanto
597 4245 714 4314 plus
741 4246 912 4315 placet
955 4247 1032 4310 ei;
1073 4254 1275 4314 quanto
1320 4251 1496 4306 autem
1546 4244 1714 4314 magis
1740 4244 1938 4314 cogitat

344 4355 409 4395 ea
441 4353 564 4408 qua:
593 4345 717 4392 sunt
762 4336 956 4401 mundi,
986 4345 1134 4391 tanto
1171 4335 1566 4405 minus-placet.
1601 4333 1812 4398 Placete
1837 4336 1936 4392 ita-

345 4447 453 4500 que
477 4439 585 4485 tota
615 4430 903 4486 intentione
924 4430 1166 4500 specioso
1185 4429 1351 4484 forma
1370 4445 1479 4498 prie
1503 4428 1623 4484 ﬁliis
1642 4429 1933 4492 hominum.

346 4523 481 4591 Ejus
504 4523 643 4577 enim
669 4523 833 4592 gratia
863 4523 934 4576 illi
965 4523 1204 4592 placetis,
1231 4538 1349 4591 quae
1377 4521 1565 4578 diffusa
1595 4532 1677 4580 est
1702 4523 1752 4580 in
1785 4524 1937 4582 labiis

347 4614 488 4684 ejus.
530 4612 739 4668 Placete
781 4612 853 4667 illi
883 4627 944 4668 ea
983 4627 1195 4683 quoque
1241 4622 1388 4682 parte
1430 4613 1785 4684 cogitationis,
1818 4631 1938 4686 quae

347 4715 698 4773 occuparetur
745 4704 965 4768 mundo,
1017 4714 1074 4758 ut
1117 4704 1418 4776 placaretur
1446 4709 1580 4762 viro.
1623 4707 1834 4766 Placete
1862 4707 1938 4764 illi

346 4797 439 4868 qui
469 4797 737 4866 displicuit
764 4797 982 4862 mundo,
1016 4806 1071 4856 ut
1101 4797 1372 4867 placentes
1411 4799 1459 4858 ei
1492 4798 1846 4856 liberarentur
1873 4815 1936 4860 ex

346 4891 568 4946 mundo.
613 4891 763 4946 llunc
791 4891 930 4946 enim
977 4891 1277 4960 speciosum
1324 4891 1493 4952 forma
1536 4907 1646 4961 prae
1676 4892 1798 4948 ﬁliis
1844 4892 1939 4950 ho-

343 4985 555 5040 minum
582 4983 825 5042 viderunt
865 4984 1109 5040 homines
1136 4985 1188 5040 in
1229 5001 1388 5042 cruce
1412 4987 1714 5056 passionis;
1747 4995 1801 5043 et
1839 5003 1940 5044 non

341 5077 523 5134 habuit
549 5079 762 5149 speciem
803 5094 960 5148 neque
983 5079 1235 5145 decorem,
1279 5079 1368 5135 sed
1396 5081 1549 5151 facies
1575 5082 1682 5150 ejus
1705 5081 1898 5151 objecta
1922 5123 1938 5147 ,

338 5181 389 5227 et
421 5171 664 5242 deformis
696 5171 876 5241 positio
914 5171 1023 5241 ejus
1055 5170 1207 5241 (lsai.
1238 5187 1350 5237 un,
1393 5170 1469 5241 5).
1514 5172 1591 5226 Ex
1623 5173 1722 5228 hac
1763 5181 1940 5227 tamen

339 5262 688 5319 deformitate
716 5263 1090 5332 Redemptoris
1115 5265 1296 5328 vestri,
1327 5265 1562 5319 manavit
1584 5265 1814 5334 pretium
1843 5266 1940 5322 de-

336 5357 492 5412 coris
520 5357 706 5423 vestri,
750 5357 842 5412 sed
872 5356 1083 5423 decoris
1113 5358 1398 5413 interioris.
1441 5357 1619 5414 Omnis
1647 5360 1788 5415 enim
1821 5360 1942 5430 pul-

334 5448 587 5504 chritudo
609 5449 732 5518 ﬁlice
756 5449 885 5520 regis
906 5449 1204 5505 intrinsecus
1230 5449 1403 5522 (Psal.
1435 5466 1577 5515 XLIV,
1608 5451 1663 5518 5,
1691 5450 1800 5523 14).
1836 5450 1944 5506 Hac

415 5605 429 5633 ι
457 5611 641 5672 omnes
664 5615 816 5665 prope
836 5610 941 5652 Mss.
962 5608 1014 5653 et
1035 5601 1216 5667 Florus,
1257 5602 1343 5656 sed
1367 5609 1493 5656 certe
1517 5601 1673 5656 minor
1695 5607 1764 5656 est
1783 5600 1946 5656 diuina

326 5670 596 5722 sanctitas.

413 5727 434 5758 ²
451 5727 528 5776 sic
549 5731 655 5777 Mss.
674 5730 733 5776 At
755 5724 892 5784 editi.
925 5731 973 5778 et
987 5723 1164 5779 videat.

1459 253 1546 314 DE
1589 252 1764 312 ΒΟΝο
1804 249 2200 312 VIDUITATIS
2241 255 2467 313 LIBER.

3536 260 3642 328 446

2057 375 2445 443 pulchritudine
2473 379 2546 434 illi
2596 380 2835 454 placete;
2869 379 3002 435 hanc.
3047 380 3494 452 pulchritudinem
3522 391 3638 438 stu-

2052 468 2198 522 diosa
2247 486 2370 526 cura
2423 482 2477 525 et
2521 473 2742 526 sollicita
2796 474 3116 544 Cogitatione
3161 475 3482 543 Compouile.
3525 472 3640 532 Non

2064 571 2192 614 tmat
2218 562 2304 617 ille
2337 562 2658 620 fallaciarum
2693 564 2839 618 fllCUS
2876 583 2887 617 :
2920 565 3058 617 veris
3093 566 3283 617 veritas
3313 564 3637 626 delectatur;

2050 663 2103 707 et
2131 654 2240 719 ille,
2269 652 2310 710 si
2341 657 2479 725 quod
2513 658 2681 725 legisti
2730 658 2994 726 agnoscis,
3028 660 3222 711 veritas
3248 668 3485 712 vocatur.
3530 657 3639 728 Ego

2049 761 2179 807 sum,
2213 747 2398 816 inquit,
2430 748 2525 810 via,
2553 758 2597 802 et
2627 751 2821 812 veritus,
2856 758 2899 800 et
2926 753 3024 800 vita
3053 749 3230 808 (Jomt.
3260 764 3373 810 Xiv,
3399 747 3477 812 6).
3507 747 3640 802 Cur-

2049 835 2148 889 rite
2179 836 2242 888 ad
2286 837 2431 890 illiitii
2485 855 2576 905 per
2621 839 2802 902 illum;
2851 839 3051 906 placete
3100 839 3168 891 illi
3201 854 3263 891 ex
3301 839 3426 900 illo;
3478 838 3638 892 vivite

2047 943 2167 980 cum
2201 929 2310 995 illo,
2345 930 2392 983 in
2426 931 2532 994 illo,
2567 929 2633 984 de
2678 931 2782 983 illo.
2830 931 3118 984 All‘ectibus
3149 931 3286 984 veris
3321 940 3376 985 et
3417 932 3640 986 sanctis-

2048 1020 2179 1073 siina
2208 1021 2447 1074 castitate
2471 1039 2498 1074 ιι
2528 1021 2639 1076 viro
2669 1023 2753 1074 tali
2786 1031 2959 1075 amate
2985 1023 3174 1076 amari.

2117 1113 2206 1166 ‘24.
2250 1114 2441 1170 Audiat
2487 1113 2600 1167 lucc
2637 1115 2853 1181 virginis
2892 1115 3050 1168 etiam
3083 1123 3279 1167 sanciat
3328 1115 3494 1186 prolis
3535 1124 3638 1168 tua:

2046 1207 2191 1260 auris
2221 1207 2455 1260 interior.
2496 1207 2689 1261 Videre
2714 1209 2725 1238 ¹
2748 1217 3000 1278 quantum
3033 1223 3080 1261 te
3107 1208 3366 1277 princeilat
3395 1209 3444 1262 in
3475 1223 3637 1279 regno

2044 1297 2206 1368 Regis
2237 1299 2372 1352 illius
2403 1318 2413 1352 :
2444 1300 2544 1353 alia
2575 1302 2796 1368 qll;t‘Sli()
2841 1310 2939 1355 est.
2984 1302 3259 1356 lnvenistis
3292 1311 3486 1364 tamen,
3521 1317 3634 1356 ma-

2043 1398 2126 1443 ter
2155 1399 2208 1445 ct
2253 1391 2376 1454 filia,
2423 1392 2506 1444 cui
2546 1393 2865 1460 contemptis
2896 1393 3110 1461 nuptiis,
3143 1393 3226 1446 illa
3278 1392 3542 1459 omnilms,
3578 1402 3634 1446 tu

2043 1483 2314 1545 secundis,
2338 1483 3000 1554 pulchritudinecastitatis
3028 1483 3180 1536 simul
3206 1483 3415 1555 placere
3437 1483 3633 1537 debea-

2045 1574 2130 1627 tis.
2173 1574 2325 1630 Certe
2370 1576 2412 1626 si
2446 1576 2618 1630 mariti
2667 1585 2846 1629 essent
2877 1577 3065 1646 quibus
3110 1576 3422 1646 placendum
3452 1584 3634 1644 esset,

2037 1664 2146 1734 jam
2176 1675 2224 1720 te
2271 1667 2492 1721 fortasse
2535 1683 2653 1721 cum
2688 1666 2787 1722 filia
2821 1667 3040 1735 puderet
3089 1668 3266 1724 ornari
3298 1687 3310 1722 :
3345 1683 3483 1722 nunc
3529 1684 3635 1722 non

2042 1758 2235 1827 pudeat.
2279 1774 2432 1828 agerc
2477 1759 2666 1828 quibus
2697 1759 2850 1813 simul
2893 1761 3192 1824 oruemini;
3243 1761 3361 1829 quia
3399 1775 3500 1814 non
3549 1767 3632 1814 est

2041 1849 2407 1908 criminosum,
2442 1851 2533 1904 sed
2579 1851 2751 1918 potius
2777 1850 3085 1920 gloriosum,
3121 1860 3176 1903 ut
3200 1850 3265 1903 ab
3293 1851 3380 1903 illo
3409 1866 3515 1906 uno
3563 1850 3634 1904 si-

2041 1942 2148 1994 mul
2189 1943 2458 2000 amemiui.
2503 1942 2818 1998 Simulatiim
2846 1952 3020 1997 autem
3053 1942 3337 1998 candorem
3366 1959 3428 1997 ac
3467 1944 3631 1997 rubo-

2041 2047 2152 2088 rem
2201 2042 2255 2088 ct
2298 2035 2578 2106 pigmentis
2629 2033 2813 2088 illitum
2867 2050 2967 2088 non
3021 2034 3374 2098 adhibet-etis,
3425 2035 3633 2108 etiamsi

2040 2126 2182 2181 viros
2207 2127 2474 2182 haberetis
2504 2145 2517 2192 ;
2549 2143 2650 2182 non
2683 2137 2929 2197 putantes
2959 2127 3146 2196 dignos
3173 2144 3304 2200 quos
3335 2127 3585 2186 falleretis
3610 2171 3627 2206 η

2041 2231 2138 2271 nec
2169 2233 2263 2271 vos
2293 2234 2410 2288 qua:
2449 2217 2633 2273 fallere
2663 2219 2927 2273 deberetis
2962 2236 2972 2270 :
3009 2236 3148 2273 nunc
3192 2236 3317 2290 ergo
3363 2221 3431 2276 illi
3460 2207 3632 2300 Regi,l

2039 2309 2127 2377 qui
2157 2310 2322 2364 unicae
2352 2324 2579 2380 sponsae,
2609 2309 2760 2380 cujus
2791 2311 3024 2365 membra
3054 2311 3199 2374 estis,
3231 2311 3458 2382 Speciem
3504 2303 3633 2373 con}

2039 2403 2255 2471 cupivit,
2285 2405 2544 2458 veraciter
2570 2404 2730 2458 simul
2759 2405 2980 2474 placetc.
3012 2405 3169 2458 simul
3216 2405 3507 2469 iulia-rete;
3543 2405 3632 2474 illa

2040 2494 2340 2564 integritate
2389 2495 2664 2564 virginali,
2712 2505 2765 2548 ιιι
2815 2495 3136 2550 ccutiucntia
3199 2495 3413 2562 viduali,
3462 2496 3634 2560 amba:

2039 2585 2429 2658 pulchritudine
2464 2585 2743 2654 spirituali.
2786 2584 2840 2639 In
2890 2601 2990 2654 qua
3035 2585 3424 2654 pulchritudine
3471 2586 3630 2656 etiam

2039 2679 2180 2732 illius
2205 2679 2340 2739 avia,
2371 2692 2555 2736 socrus
2587 2687 2696 2739 tua,
2725 2693 2841 2748 qua:
2861 2677 2969 2747 jam
3002 2688 3146 2732 certe
3176 2677 3370 2738 senuit,
3399 2686 3480 2731 est
3511 2675 3631 2752 pui-

2038 2770 2164 2824 chra
2197 2771 2468 2830 vobiscum
2503 2771 2596 2842 (a).
2637 2769 2885 2840 Vigorein
2914 2773 3107 2842 quippe
3152 2771 3310 2838 hujus
3339 2769 3632 2842 pulchritu-

2037 2863 2179 2919 dinis
2220 2864 2343 2922 dum
2392 2863 2630 2920 extendit
2671 2864 2722 2917 in
2770 2864 3032 2918 anteriora
3080 2864 3331 2924 Charitas,
3364 2879 3545 2936 rugam
3579 2864 3632 2936 in

2039 2971 2101 3011 ea
2130 2972 2233 3012 non
2262 2955 2383 3010 facit
2413 2955 2706 3012 annositas.
2752 2955 2970 3010 llabetis
3001 2957 3274 3012 vobiscum
3305 2971 3462 3010 anum
3501 2971 3627 3010 san-

2039 3058 2177 3103 ctam
2206 3058 2259 3102 et
2287 3049 2338 3102 in
2367 3047 2524 3103 domo
2549 3056 2600 3101 et
2630 3047 2679 3101 in
2709 3047 2939 3111 Christo,
2966 3063 3123 3117 quam
3148 3048 3213 3101 de
3239 3046 3630 3119 perseverantia

2039 3140 2363 3202 consulalis;
2392 3137 2657 3208 quomodo
2683 3153 2800 3192 cum
2832 3137 2918 3191 illa
2941 3137 3021 3191 vel
3052 3138 3132 3190 illa
3164 3139 3452 3192 tentatione
3478 3140 3498 3169 ‘
3531 3154 3630 3207 pti-

2038 3232 2303 3302 gnandum
2333 3232 2417 3296 sit,
2452 3229 2578 3300 quid
2604 3229 2867 3302 agendum
2898 3239 2951 3284 ut
2985 3229 3133 3283 facile
3163 3240 3465 3300 superetur,
3489 3228 3629 3301 quod

2040 3324 2424 3378 munimentum
2457 3322 2792 3387 sumendum,
2824 3337 2892 3377 ne
2924 3320 3076 3377 facile
3100 3337 3286 3376 rursus
3314 3322 3626 3394 insidietur;

2040 3426 2092 3471 et
2121 3416 2166 3471 si
2195 3415 2317 3486 quid
2349 3413 2650 3486 lmjnsmodi
2693 3423 2794 3479 est,
2837 3413 2994 3469 docet
3022 3429 3116 3469 vos
3153 3415 3499 3470 diuturnitate
3517 3414 3628 3486 jam

2040 3516 2204 3571 certa,
2228 3521 2408 3562 amore
2436 3505 2710 3564 benevola,
2743 3506 2935 3576 pietate
2964 3505 3208 3572 sollicita,
3239 3516 3394 3561 actate
3419 3523 3628 3562 secura.

2041 3599 2118 3653 Tit
2144 3599 2426 3668 priitcipuc,
2463 3607 2516 3653 tu
2547 3598 2765 3652 consule
2796 3598 2844 3651 in
2877 3597 3068 3651 talibus
3091 3613 3230 3664 eam,
3260 3614 3377 3669 qum
3414 3609 3630 3669 experta

2041 3701 2121 3746 est
2163 3691 2317 3762 quod'
2345 3701 2560 3760 experta
2594 3707 2670 3745 es.
2714 3689 2844 3744 Nam
2879 3690 3055 3762 proles
3098 3700 3271 3745 vestra
3301 3691 3426 3746 illud
3457 3693 3628 3746 canti-

2040 3798 2160 3837 cum
2189 3791 2384 3847 cantat,
2417 3781 2555 3851 qnod
2585 3779 2639 3834 in
2684 3779 3000 3850 Apocalypsi
3033 3781 3130 3832 nisi
3163 3781 3392 3849 virgines
3417 3789 3633 3835 cantare

2041 3889 2145 3928 non
2193 3881 2414 3944 possunt
2443 3867 2639 3942 '(Apoc.
2687 3887 2797 3932 xiv,
2829 3871 2881 3933 5,
2914 3870 2993 3939 ι).
3033 3869 3138 3923 Pro
3168 3871 3422 3924 ambabus
3454 3879 3628 3946 tamen

2039 3965 2191 4020 vobis
2239 3963 2512 4017 sollicitius
2558 3971 2854 4030 oratqiiam
2902 3976 2997 4029 pro
3037 3976 3094 4014 se
3135 3961 3245 4029 ipsa
3281 3959 3412 4013 :scd
3464 3961 3632 4032 magis

2040 4076 2138 4130 pro
2181 4067 2338 4130 nepte
2363 4057 2583 4111 sollicita
2612 4065 2712 4118 est,
2746 4057 2827 4109 cui
2861 4054 3239 4112 vinceudarnm
3283 4055 3626 4112 tentationum

2042 4155 2267 4222 spatium
2313 4151 2431 4223 plus
2479 4159 2642 4205 rcSlat
2692 4165 2949 4203 annorum
2986 4167 2998 4202 :
3033 4158 3082 4203 te
3115 4157 3290 4203 autem
3332 4147 3472 4202 videt
3515 4163 3631 4203 3W0

2041 4261 2139 4300 suo
2167 4245 2495 4309 vicinioreiu,
2529 4251 2582 4298 et
2629 4244 2744 4312 ejus
2791 4241 2911 4296 ﬁlia:
2953 4251 3200 4304 matrem,
3253 4257 3410 4311 quam
3463 4240 3505 4295 si
3541 4257 3629 4296 nu-

2042 4347 2206 4408 ptam,
2239 4335 2378 4407 quod
2403 4335 2511 4405 jam
2542 4350 2644 4388 non
2676 4335 2811 4398 licet,
2848 4343 3005 4402 atque
3036 4333 3190 4396 absit,
3230 4332 3472 4395 vidisses,
3505 4343 3631 4402 puto

2043 4430 2180 4500 quod
2216 4444 2404 4504 parcre
2428 4444 2545 4483 cum
2591 4427 2674 4482 illa
2703 4427 3026 4482 erubiiisses.
3069 4425 3335 4495 Quantum
3380 4435 3458 4480 est
3504 4442 3628 4496 ergo

2042 4522 2180 4593 quod
2205 4523 2314 4594 jam
2345 4521 2436 4578 tibi
2473 4520 2785 4590 periculosa:
2817 4525 2981 4572 restat
3002 4518 3194 4583 aetatis,
3225 4534 3341 4587 qua:
3373 4518 3492 4570 ideo
3525 4534 3628 4570 non

2043 4616 2239 4670 diceris
2277 4615 2414 4676 avia,
2462 4622 2517 4665 ut
2565 4621 2866 4665 sanctarum
2918 4611 3296 4680 cogitationum
3328 4617 3381 4662 et
3409 4624 3628 4678 operum

2045 4707 2235 4764 fetibus
2278 4720 2397 4760 cum
2447 4703 2552 4756 ﬁlia
2600 4701 2770 4769 possis
2811 4716 2929 4756 esse
2976 4699 3242 4752 fecunda?
3289 4699 3400 4752 Non
3454 4699 3631 4768 itaque

2045 4797 2310 4852 immerito
2337 4793 2503 4862 magis
2547 4807 2642 4862 pro
2670 4792 2754 4846 illa
2785 4791 3009 4846 sollicita
3040 4799 3120 4845 est
3146 4791 3283 4855 avia,
3313 4805 3411 4859 pro
3438 4807 3538 4859 qna
3578 4801 3627 4846 et

2045 4898 2100 4958 ιιι
2131 4897 2298 4942 mater
2324 4905 2336 4940 :
2375 4885 2494 4956 quia
2522 4893 2574 4939 et
2619 4883 2789 4953 majus
2820 4890 2900 4937 est
2929 4881 3067 4952 quod
3100 4882 3260 4948 vovit,
3308 4891 3360 4936 et
3391 4891 3554 4936 letum
3581 4881 3628 4936 ei

2044 4989 2210 5038 restat
2250 4977 2388 5052 quod
2418 4976 2573 5032 modo
2603 4976 2762 5045 erepit
2789 4975 2829 5028 ³.
2872 4974 3131 5029 Exaudiat
3165 4975 3418 5028 Dominus
3449 4989 3632 5044 preces

2046 5072 2180 5144 ejus,
2211 5078 2268 5126 ut
2293 5077 2472 5130 sancte
2502 5067 2523 5099 ⁸
2553 5066 2915 5138 obsequamini
2948 5065 3151 5121 meritis
3180 5065 3315 5136 ejus,
3363 5083 3481 5138 qua:
3510 5081 3631 5122 car-

2111 5229 2128 5259 ι
2161 5227 2296 5300 miti,
2331 5237 2440 5298 quae
2460 5236 2585 5300 vero.
2616 5229 2670 5300 at
2691 5229 2827 5300 uss,
2859 5221 3056 5285 videro;
3080 5225 3260 5274 omisso
3283 5259 3298 5287 ,
3331 5237 3457 5291 qua.
3505 5231 3634 5275 Unus

2049 5286 2471 5352 Augustineu'sium
2489 5286 2652 5345 habet,
2675 5287 2852 5340 tidere.
3343 5286 3354 5291 ‘

2078 5353 2134 5412 η’
2153 5354 2225 5412 sic
2252 5357 2358 5412 Mss.
2393 5363 2490 5398 imo
2527 5357 2736 5412 excepto
2768 5348 3208 5412 Aiitgustinensium,
3235 5351 3314 5412 qui
3334 5349 3500 5412 habet,
3524 5360 3634 5398 cum

2046 5411 2140 5484 illa.
2155 5410 2362 5463 bell-uina
2376 5408 2728 5462 tentationeist
2746 5408 2882 5469 editi,
2903 5422 3010 5460 cum
3033 5408 3120 5461 illa
3145 5408 3312 5461 contra
3334 5409 3456 5460 bella
3473 5414 3632 5482 tenta-

2047 5482 2458 5608 wrrcorbeiensis
2475 5537 2830 5586 vetustissimus
2852 5542 2901 5584 et
2924 5533 3002 5586 alii
3024 5544 3125 5586 tres
3147 5544 3276 5596 Mss,
3301 5534 3426 5599 quod

2048 5607 2321 5709 ⁶ωἶ⁷ἶίίιουιε
2342 5666 2467 5709 notae
2491 5668 2617 5719 Mss,
2635 5666 2680 5712 et
2701 5666 2896 5711 sanctte.

2120 5723 2194 5789 (tt)
2226 5721 2376 5774 Proba
2392 5721 2711 5774 Demetriadis
2725 5723 2850 5784 avia,
2867 5736 3035 5774 socrus
3053 5720 3269 5776 Julianm.
