4142 6212
447 249 550 314 “7

445 386 568 428 nem
598 369 700 426 viri
732 370 810 427 tui
840 368 918 445 (a)
947 369 999 425 in
1037 368 1252 440 juventa
1299 366 1522 437 peperit,
1552 378 1646 420 cor
1692 363 1812 417 tilia:
1845 371 1949 415 tuce
1977 361 2030 414 in

444 466 664 513 senecta
695 457 942 529 parturit.
983 456 1180 510 Omnes
1207 456 1382 524 itaque
1405 453 1603 523 pariter
1627 460 1786 521 atque
1812 463 2037 504 concor-

445 549 586 608 diter
623 551 831 607 univiro
861 549 1016 604 unius
1043 547 1306 618 conjugis,
1356 547 1408 601 in
1451 545 1602 615 cujus
1651 559 1875 614 corpore
1929 556 2035 596 uno

447 644 636 714 spiritu
685 643 859 698 vivitis
879 681 893 703 ,
928 641 1130 710 placete
1157 639 1390 694 moribus
1416 681 1430 704 ,
1463 639 1654 692 instate
1683 636 2036 691 orationibus.

519 734 746 791 CAPUT
783 732 903 788 XX.
940 732 1124 787 —23.
1169 730 1428 786 Illecebra:
1463 731 1731 784 su’culares
1775 745 1888 800 quia
1932 738 2034 782 tam

449 829 550 884 cito
575 827 836 897 delicium,
865 826 1260 882 contenmendw.
1305 827 1616 882 Prmteritus
1655 825 1769 880 dies
1799 839 1905 878 non
1948 839 2034 877 re-

452 920 675 976 vertitur
695 918 746 973 in
777 918 1028 981 futurum.
1059 930 1111 975 et
1143 928 1261 989 post
1288 918 1594 973 hesternum
1619 917 1790 987 pergit
1820 914 2040 970 hodier-

454 1027 576 1079 nus,
605 1019 658 1066 et
688 1021 806 1081 post
836 1011 1149 1066 hodiernum
1183 1019 1521 1080 perrecturus
1548 1018 1630 1064 est
1649 1008 1914 1063 crastinus
1942 1024 1955 1060 :
1988 1016 2042 1061 et

453 1119 580 1163 ecce
607 1106 784 1160 omnia
813 1115 1050 1175 tempora
1092 1113 1145 1160 et
1181 1105 1490 1174 temporalia
1521 1112 1814 1165 transeunt,
1856 1110 1914 1157 ut
1944 1117 2037 1156 ve-

456 1199 567 1254 niat
597 1213 843 1253 mansura
874 1198 1191 1269 promissio;
1224 1205 1279 1252 et
1298 1197 1385 1268 qui
1412 1195 1792 1266 perseveraverit
1817 1210 1970 1261 usque
1990 1195 2043 1247 in

456 1291 633 1363 ﬁnem,
674 1290 755 1344 hic
776 1291 946 1344 salvus
973 1290 1065 1344 erit
1093 1289 1304 1360 (Matth.
1341 1305 1398 1350 χ.
1428 1287 1543 1357 22').
1576 1287 1632 1343 Si
1675 1285 1904 1342 mundus
1932 1286 2041 1356 jam

455 1384 615 1454 perit,
654 1390 817 1450 nupta
845 1382 928 1437 cui
968 1382 1134 1452 parit?
1162 1383 1268 1436 Aut
1313 1381 1473 1435 corde
1501 1381 1754 1451 paritura,
1802 1388 1856 1434 et
1883 1394 2042 1433 carne

459 1488 565 1530 non
600 1474 856 1544 paritura,
901 1489 998 1528 cur
1037 1473 1228 1528 nubit?
1269 1473 1322 1528 Si
1350 1481 1526 1527 autem
1555 1471 1733 1527 adhuc
1759 1471 2045 1526 duraturus

461 1574 548 1624 est
572 1564 822 1629 mundus,
849 1579 946 1620 cur
985 1579 1089 1618 non
1130 1565 1296 1634 magis
1334 1572 1542 1618 amatur
1566 1578 1661 1634 per
1686 1578 1843 1633 quem
1875 1561 2045 1617 factus

467 1665 551 1714 est
589 1656 850 1712 mundus?
887 1655 942 1713 Si
978 1657 1087 1728 jam
1131 1657 1383 1712 deficiunt
1425 1656 1689 1712 illecebrre
1740 1656 2043 1720 smculares,

463 1763 572 1805 non
611 1757 695 1804 est
721 1748 863 1819 quod
905 1748 1227 1803 christianos
1266 1749 1474 1803 animus
1512 1747 1798 1817 cupiditate
1827 1747 2048 1817 conqui-

462 1841 657 1900 ratzsi
697 1849 875 1898 autem
915 1841 1090 1897 adhuc
1128 1841 1435 1905 manebunt,
1481 1849 1564 1895 est
1588 1840 1728 1910 quod
1770 1840 2048 1894 sanctitate

462 1941 790 1991 contemnat.
825 1933 1020 1990 [lorum
1051 1933 1276 1988 duorum
1324 1933 1378 1987 in
1404 1933 1574 1987 altero
1601 1946 1725 2002 spes
1753 1930 1897 1986 nulla
1931 1930 2048 1985 libi-

462 2023 625 2090 dinis,
657 2025 708 2079 in
735 2024 909 2081 altero
943 2025 1114 2095 major
1150 2033 1232 2080 est
1257 2024 1425 2095 gloria
1453 2023 1750 2078 charitatis.
1787 2021 1928 2089 Quot
1956 2029 2048 2077 aut

462 2117 679 2187 quanti‘
723 2123 850 2172 sunt
885 2117 985 2188 ipsi
1034 2117 1182 2182 anni,
1226 2116 1419 2187 quibus
1473 2114 1682 2170 videtur
1729 2115 1907 2185 vigere
1952 2113 2050 2168 flos

463 2207 695 2263 carnalis
721 2208 925 2263 astatis?
964 2207 1238 2263 Nonnulla:
1269 2207 1476 2261 femina!
1517 2205 1729 2277 nuptias
1757 2206 2051 2276 cogitantes

465 2305 520 2354 et
538 2297 788 2354 ardenter
815 2307 1080 2370 optantes,
1108 2299 1236 2354 dum
1263 2307 1584 2368 spernuntur
1603 2307 1694 2353 aut
1712 2297 2046 2362 ditl’eruntur,

463 2397 688 2460 repente
725 2401 1035 2458 senuerunt,
1068 2399 1128 2446 ut
1167 2405 1258 2446 eas
1299 2391 1500 2446 nubere
1528 2390 1638 2460 jam
1684 2389 1905 2460 puderet
1933 2404 2050 2442 am-

466 2479 606 2552 plius
633 2497 792 2553 quam
820 2483 1032 2540 liberet.
1061 2483 1238 2540 Multa:
1275 2492 1449 2540 autem
1481 2492 1658 2554 nupta:
1686 2482 2049 2539 recentissima

464 2586 562 2630 sua
598 2575 974 2645 conjunctione
1019 2576 1070 2630 in
1113 2575 1400 2646 longinqua
1443 2576 1696 2645 profectis
1741 2573 1870 2630 viris
1914 2575 2044 2637 suis,

466 2663 700 2720 reditum
727 2679 910 2720 eorum
930 2665 1290 2735 exspectando
1316 2665 1612 2736 grandiora:
1638 2665 1792 2720 facta:
1819 2673 1964 2732 sunt,
1997 2673 2050 2719 et

466 2766 718 2826 tanquam
759 2756 866 2811 cito
893 2757 1118 2812 viduatae
1155 2757 1442 2832 aliquando
1471 2773 1566 2813 nec
1610 2767 1909 2813 remeantes
1949 2758 2053 2812 sal-

465 2853 574 2902 tem
615 2862 774 2902 senes
814 2862 942 2903 suos
980 2863 1114 2903 anus
1159 2848 1432 2918 suscipere
1469 2859 1796 2905 meruerunt.
1839 2849 1896 2904 Si
1925 2864 2052 2920 ergo

463 2938 554 2995 vel
580 2941 954 3010 Spernentihus
985 2943 1067 2998 vel
1092 2942 1418 2998 tardantibus
1438 2944 1669 3014 sponsis,
1700 2945 1781 3000 vel
1813 2946 2051 3016 peregri-

465 3031 717 3088 nantibus
745 3034 969 3099 maritis,
1009 3035 1239 3089 carnalis
1267 3036 1694 3106 concupiscentia
1727 3038 1896 3108 potuit
1922 3054 2052 3094 con-

465 3122 623 3178 tineri
655 3138 722 3179 ne
751 3133 990 3194 stuprum
1015 3135 1106 3181 aut
1131 3125 1448 3182 adulterium
1485 3129 1921 3195 committeretur,
1956 3148 2052 3187 cur

464 3215 728 3270 contineri
757 3231 860 3271 nou
894 3225 1068 3287 potest
1106 3234 1172 3274 ne
1203 3220 1537 3290 sacrilegium
1564 3223 1964 3278 committatur?
1995 3223 2051 3280 Si

464 3319 708 3376 repressa
737 3316 825 3363 est
850 3323 973 3364 cum
1000 3308 1227 3364 ferveret
1257 3311 1442 3378 dilata,
1479 3327 1576 3366 cur
1605 3329 1708 3367 non
1736 3315 2053 3384 opprimitur

464 3410 587 3452 cum
615 3397 854 3469 friguerit
878 3402 1186 3470 amputata?
1216 3402 1340 3457 Plus
1358 3404 1500 3458 enim
1531 3405 1842 3461 ardentem'
1874 3407 2053 3464 ferunt

465 3487 760 3556 libidinem,
801 3508 921 3562 qua:
965 3509 1070 3548 non
1108 3492 1396 3563 desperant
1434 3496 1676 3566 ejusdem
1703 3497 1934 3555 libidinis
1961 3517 2054 3556 vo-

467 3580 748 3652 luptatem.
771 3584 900 3652 Qua:
924 3593 1101 3641 autem
1131 3585 1466 3658 innuptarum
1497 3589 1794 3645 castitatem
1828 3591 1937 3648 Deo
1960 3609 2054 3648 vo-

467 3682 611 3740 vent,
647 3676 812 3746 ipsam
841 3693 990 3748 spem
1017 3679 1353 3746 subtrahunt,
1383 3697 1502 3752 qua:
1534 3682 1703 3739 fomes
1728 3660 1926 3741 amoris
1948 3697 2047 3742 est.

467 3765 621 3824 Unde
649 3767 858 3824 facilius
903 3773 1335 3842 concupiscentia
1379 3772 1698 3843 refrenatur,
1752 3792 1871 3848 quae
1906 3779 2050 3834 nulla

466 3860 866 3929 exspectatione
910 3863 1251 3918 succenditur
1279 3881 1290 3916 :
1323 3873 1506 3920 contra
1547 3881 1704 3936 quam
1738 3875 1915 3923 tamen
1946 3870 2048 3924 nisi

465 3961 668 4018 oretur,
697 3962 753 4008 ut
772 3965 1075 4024 superetur,
1107 3957 1219 4025 ipsa
1252 3957 1427 4012 illicita
1453 3969 1732 4029 emptatur
1751 3961 2046 4018 ardentius.

536 4043 765 4099 CAPUT
801 4043 942 4098 XXI.
971 4045 1152 4102 --26.
1195 4047 1401 4102 Deliciw
1429 4050 1717 4118 spirituales
1749 4054 1911 4107 viduis
1947 4056 2048 4109 sint

469 4137 579 4190 loco
606 4137 908 4190 carnalium.
939 4137 1151 4193 Deliciae
1181 4140 1338 4208 igitur
1359 4141 1662 4210 spirituales
1691 4144 1895 4202 deliciis
1921 4164 2043 4203 car-

468 4224 677 4280 nalibus
703 4226 755 4280 in
793 4236 974 4280 sancta
1003 4229 1244 4282 castitate
1280 4230 1601 4297 succedant;
1637 4234 1813 4300 lectio,
1855 4240 2044 4305 oratio,

471 4315 726 4386 psalmus,
759 4315 896 4371 bona
937 4317 1211 4388 cogitatio,
1255 4317 1512 4374 bonorum
1549 4337 1771 4392 operum
1799 4324 2049 4396 frequen-

469 4407 620 4472 tatio,
662 4420 787 4475 spes
824 4403 982 4460 futuri
1020 4407 1222 4473 surculi,
1271 4417 1327 4464 et
1368 4425 1460 4464 cor
1502 4424 1710 4467 sursum
1739 4432 1756 4467 τ
1789 4424 1946 4486 atque
1983 4418 2050 4474 de

469 4496 552 4553 his
581 4498 829 4554 omnibus
870 4500 1158 4570 gratiarum
1203 4501 1342 4555 actio
1386 4501 1525 4558 Patri
1575 4503 1856 4573 luminum,
1887 4524 1916 4562 a
1944 4525 2050 4580 quo

467 4590 584 4646 sine
619 4591 723 4646 ulla
751 4590 1082 4648 dubitatione
1105 4607 1265 4649 omne
1290 4592 1471 4650 datum
1515 4597 1774 4666 Optimum
1801 4609 1853 4654 et
1889 4616 2050 4658 omne

466 4681 664 4738 donum
712 4685 998 4753 perfectum
1025 4729 1038 4752 ,
1090 4685 1360 4756 Scriptura
1403 4697 1567 4754 teste,
1613 4689 1890 4748 descendit
1937 4693 2053 4761 (Ja-

467 4773 579 4829 cobi
616 4791 652 4838 ι,
687 4775 800 4843 17).
828 4775 958 4830 Nant
985 4776 1197 4847 quando
1235 4794 1331 4848 pro
1357 4778 1561 4836 deliciis
1606 4785 1889 4851 nuptarum
1918 4801 2051 4856 quas

469 4867 522 4923 in
553 4884 713 4924 carne
752 4870 985 4925 virorum
1013 4871 1230 4936 habent,
1261 4872 1482 4928 aliarum
1520 4875 1810 4931 carnalium
1836 4877 2052 4936 delicia-

466 4975 586 5015 rum
617 4971 863 5032 tanquam
904 4963 955 5018 in
999 4965 1244 5020 solatium
1280 4981 1406 5022 usus
1445 4968 1753 5037 assumitur,
1782 4971 1908 5041 quid
1947 4989 2048 5044 ego

465 5049 639 5107 dicam
675 5069 793 5124 qua:
820 5066 1112 5126 sequantur
1141 5057 1299 5123 mala,
1344 5074 1463 5114 cum
1499 5059 1735 5117 breviter
1761 5062 2049 5134 Apostolus

466 5140 682 5211 dixerit,
714 5145 981 5202 viventem
1012 5157 1272 5204 mortuam
1298 5165 1418 5207 esse
1445 5151 1656 5208 viduam
1689 5171 1807 5225 qua:
1838 5157 1888 5211 in
1913 5157 2049 5214 deli-

467 5235 564 5290 ciis
590 5237 715 5292 vivit
743 5237 783 5308 (l
816 5237 950 5292 Tini.
978 5256 1031 5305 v,
1063 5241 1159 5311 6)?
1187 5242 1338 5298 Absit
1377 5253 1555 5300 autem
1583 5262 1614 5301 a
1644 5248 1795 5304 vobis
1832 5258 1890 5304 ut
1915 5251 2050 5308 divi-

469 5327 659 5383 tiarum
677 5328 962 5398 cupiditate
983 5332 1261 5401 capiamini
1287 5350 1381 5404 pro
1404 5336 1694 5406 cupiditate
1720 5342 2042 5412 nuptiarum,

468 5429 523 5476 et
552 5421 604 5476 in
642 5421 893 5477 cordibus
921 5426 1109 5479 vestris
1155 5442 1402 5482 nummus
1427 5429 1524 5484 viri
1563 5434 1730 5488 amori
1774 5438 2043 5493 succedat.

469 5510 744 5568 lntuentes
767 5514 911 5569 enim
943 5515 1215 5571 hominum
1261 5522 1741 5589 conversationem,
1786 5541 1926 5597 saepe
1956 5544 2046 5584 ex-

535 5631 554 5700 s
572 5630 653 5700 βία
667 5635 773 5680 uss.
801 5637 855 5700 at
877 5631 1013 5700 editi,
1035 5636 1344 5700 quatientem
1366 5639 1413 5684 et
1433 5637 1615 5700 quanti.

531 5692 968 5756 flpvvgardemer.
990 5692 1108 5744 Editi
1125 5694 1204 5744 alii
1228 5708 1338 5745 cum
1361 5692 1486 5756 Mss'.,
1514 5700 1780 5753 ardentem.

531 5749 612 5818 (a)
631 5750 799 5806 Oltlrii
830 5766 896 5807 ex
926 5757 1120 5808 Hieron.
1146 5759 1289 5820 epist.
1307 5758 1415 5810 83d
1447 5749 1660 5812 bemetr.

1690 249 1745 302 S.
1792 238 2154 303 AUCUSTINI
2198 243 2496 302 EPISCOPI

3617 248 3721 305 διε

2146 360 2282 429 perti
2317 375 2520 425 sumus,
2567 359 2620 413 in
2660 357 2974 429 quibusdam
3004 357 3222 414 lascivia
3260 372 3569 432 compressa
3605 377 3728 419 cre-

2143 453 2283 509 visse
2309 454 2607 509 avaritiam.
2637 451 2768 507 Nam
2813 453 2951 508 sicut
2978 452 3029 506 in
3061 453 3188 522 ipsis
3216 455 3462 510 sensibus
3487 457 3729 527 corporis

2144 545 2350 600 acutius
2392 545 2613 599 audiunt
2653 545 2741 615 qui
2789 559 2893 598 nou
2933 543 3135 611 vident,
3184 554 3238 600 et
3267 547 3535 617 tangendo
3562 549 3730 605 multa

2144 636 2474 702 discernunt,
2519 653 2617 694 nec
2664 647 2806 692 tanta
2838 638 3121 694 vivacitate
3163 648 3386 710 tangunt
3423 641 3516 712 qui
3560 642 3729 699 oculis

2146 736 2400 794 utuntur;
2432 728 2521 783 ubi
2559 729 2872 799 intelligitur
2903 745 2970 786 ex
2997 745 3106 785 uno
3145 729 3313 798 aditu,
3347 731 3400 786 id
3430 743 3534 799 est,
3579 733 3733 790 lumi-

2146 836 2294 887 num,
2325 835 2568 892 repressa
2609 822 2905 877 intentione
2945 823 3230 891 sentiendi,
3261 839 3380 879 eam
3409 840 3466 880 se
3509 826 3562 880 in
3601 827 3734 883 alios

2147 927 2335 969 sensus
2366 913 2784 983 promptiorem‘
2811 913 3156 983 dignoscendi
3184 916 3426 972 acumine
3451 933 3726 986 exserere,

2150 1015 2403 1077 tanquam
2442 1021 2507 1060 ex
2535 1005 2704 1060 altero
2745 1015 2970 1062 conetur
2997 1007 3220 1076 implere
3249 1007 3390 1078 quod
3431 1018 3654 1080 negatur
3680 1011 3733 1066 in

2148 1098 2319 1154 altero
2349 1116 2362 1150 :
2393 1098 2461 1153 ita
2503 1099 2663 1154 etiam
2694 1114 2836 1170 saepe
2865 1100 3095 1155 carnalis
3120 1101 3380 1170 cupiditas
3418 1117 3447 1155 a
3493 1117 3737 1158 concum-

2148 1189 2308 1246 bendi
2339 1190 2610 1266 voluptate
2635 1190 2892 1256 cohibita,
2938 1190 3228 1261 majoribus
3255 1191 3455 1246 viribus
3496 1191 3549 1247 iu
3579 1209 3738 1263 pecu-

2150 1281 2253 1335 nizc
2301 1296 2358 1336 se
2388 1281 2606 1350 porrigit
2645 1282 2957 1350 appetitum,
3003 1289 3058 1336 et
3105 1282 3249 1337 illinc
3293 1297 3498 1348 aversa,
3537 1283 3639 1338 huc
3679 1299 3737 1340 se

2150 1372 2349 1442 impetu
2378 1372 2681 1428 ardentiore
2701 1373 2981 1427 convertit.
3007 1371 3064 1427 In
3089 1373 3239 1428 vobis
3267 1385 3444 1429 autem
3474 1390 3626 1430 amor
3650 1375 3735 1430 dir

2151 1467 2398 1522 vitiarum
2445 1465 2601 1520 simul
2633 1463 2883 1536 frigescat
2929 1481 3050 1520 cum
3078 1481 3262 1522 amore
3307 1468 3646 1537 nuptiarum;
3679 1477 3734 1523 et

2150 1557 2271 1627 pius
2299 1571 2425 1612 usus
2451 1571 2627 1610 rerum
2663 1571 2794 1626 quas
2823 1555 3128 1626 possidetis,
3160 1556 3228 1611 ad
3272 1557 3576 1627 spirituales
3600 1557 3735 1613 deli-

2151 1649 2262 1705 cias
2301 1647 2622 1713 conferatur,
2671 1658 2727 1703 ut
2773 1647 3065 1704 liberalitas
3103 1657 3279 1704 vestra
3323 1651 3492 1721 magis
3538 1649 3740 1707 ferveat

2152 1739 2469 1808 adjuvandis
2499 1740 2680 1810 egenis
2719 1755 2879 1809 quam
2921 1739 3154 1794 ditandis
3192 1741 3389 1796 avaris.
3432 1741 3488 1796 In
3527 1741 3740 1796 thesau-

2152 1845 2270 1886 rum
2304 1830 2498 1901 quippe
2543 1831 2819 1887 caslestcm
2867 1846 2973 1886 non
3019 1832 3300 1887 mittuntur
3347 1833 3486 1888 dona
3520 1833 3741 1905 cupido-

2153 1939 2293 1988 rum,
2335 1924 2428 1979 sed
2460 1925 2814 1996 eleemosyna:
2841 1940 3158 1996 pauperum,
3194 1942 3314 1997 qua:
3337 1927 3388 1981 in
3422 1928 3740 1983 immensum

2155 2013 2374 2070 modum
2415 2015 2686 2071 orationes
2724 2015 2980 2086 adjuvant
3025 2017 3322 2072 viduarum.
3367 2017 3574 2090 Jejunia
3604 2035 3742 2091 quo-

2155 2121 2260 2178 que
2296 2121 2359 2163 ac
2401 2107 2588 2178 vigilia:
2625 2107 2678 2162 in
2715 2117 2970 2179 quantum
2997 2109 3360 2166 valetudinem
3396 2127 3503 2166 non
3529 2125 3741 2182 pertur-

2156 2197 2307 2268 bant,
2347 2199 2394 2254 si
2432 2200 2655 2268 orando,
2687 2201 2984 2272 psallendo,
3027 2203 3274 2274 legendo,
3321 2213 3374 2261 et
3413 2206 3464 2260 in
3502 2206 3616 2277 lege
3646 2207 3742 2262 Dei

2155 2293 2464 2350 meditando
2509 2295 2858 2362 insumantur,
2901 2296 2955 2351 in
2993 2295 3210 2352 delicias
3251 2299 3552 2369 spirituales
3580 2299 3742 2355 etiam

2157 2387 2270 2456 ipsa
2310 2402 2430 2457 quae
2458 2387 2705 2444 videntur
2751 2389 3014 2446 laboriosa
3041 2398 3343 2446 vertuntur.
3391 2390 3544 2447 Nullo
3583 2391 3744 2448 modo

2157 2480 2298 2534 enim
2325 2489 2450 2535 sunt
2474 2481 2686 2537 onerosi
2716 2480 2929 2537 labores
2965 2483 3279 2547 amantium,
3321 2484 3414 2539 sed
3444 2485 3602 2540 etiam
3641 2485 3743 2555 ipsi

2157 2570 2451 2638 delectant,
2499 2575 2636 2628 sicut
2676 2574 3014 2642 venantium,
3064 2578 3474 2646 aucupantium,
3527 2577 3743 2647 piscan-

2159 2667 2312 2728 tium,
2338 2663 2802 2732 viudemiantium,
2837 2667 3246 2736 negotiantium,
3274 2667 3400 2723 ludo
3423 2669 3598 2738 aliquo
3624 2684 3744 2724 sese

2157 2757 2556 2813 oblectantium.
2586 2758 2816 2816 Interest
2846 2775 2975 2830 ergo
3003 2759 3127 2830 quid
3169 2771 3397 2815 ametur.
3425 2760 3556 2816 Nam
3598 2762 3647 2815 in
3677 2776 3744 2816 eo

2156 2850 2298 2921 quod
2337 2859 2565 2919 amatur,
2596 2860 2687 2907 aut
2717 2866 2824 2907 non
2867 2852 3155 2918 laboratur,
3187 2864 3278 2907 aut
3335 2862 3387 2908 et
3425 2853 3574 2908 labor
3599 2869 3746 2908 ama-

2157 2949 2263 2996 tur.
2296 2941 2367 2998 Et
2387 2942 2505 2998 vide
2527 2959 2687 3014 quam
2719 2943 3027 3016 pudendum
3055 2951 3106 2998 et
3139 2942 3424 2999 dolendum
3463 2945 3552 3010 sit,
3582 2945 3624 2999 si
3647 2943 3743 2999 de-

2157 3031 2320 3088 lectat
2346 3033 2497 3089 labor
2521 3043 2579 3089 ut
2604 3034 2714 3090 fera
2742 3035 3005 3105 capiatur,
3037 3042 3099 3090 ut
3127 3049 3260 3104 cupa
3286 3044 3341 3090 et
3367 3035 3610 3090 sacculus
3638 3036 3742 3089 im—

2160 3123 2384 3194 pleatur,
2429 3132 2488 3180 ut
2535 3124 2640 3196 pila
2674 3124 2923 3196 jaciatur,
2981 3132 3035 3181 et
3082 3140 3188 3180 non
3229 3124 3460 3181 delectat
3506 3135 3560 3180 ut
3603 3126 3743 3181 Deus

2159 3215 2483 3284 acquiratur.

2227 3304 2454 3362 CAPUT
2492 3305 2660 3362 XXII.
2686 3305 2867 3362 -27,
2909 3305 3089 3362 Fame
3116 3306 3259 3362 bona
3292 3323 3435 3362 cura.
3471 3306 3526 3362 In
3569 3307 3745 3362 omni-

2159 3394 2259 3451 bus
2284 3411 2411 3452 sane
2439 3396 2800 3466 spiritualibus
2825 3397 3053 3465 deliciis,
3085 3398 3276 3468 quibus
3302 3397 3550 3454 fruuntur
3579 3399 3739 3453 innu-

2159 3495 2285 3557 pt:e,
2337 3497 2518 3543 sancta
2569 3503 2752 3544 earum
2799 3499 3135 3546 conversatio
3176 3497 3332 3545 cauta
3375 3490 3535 3545 etiam
3583 3489 3746 3545 debet

2159 3595 2308 3646 esse;
2349 3596 2419 3636 ne
2449 3580 2585 3637 forte
2624 3598 2746 3639 cum
2777 3583 2915 3638 mala
2944 3584 3049 3638 vita
3089 3599 3197 3638 non
3228 3583 3298 3638 sit
3321 3598 3420 3655 per
3445 3584 3742 3650 lasciviam,

2160 3671 2298 3725 mala
2337 3672 2406 3727 sit
2443 3671 2580 3727 fama
2607 3689 2706 3745 per
2739 3675 3137 3746 negligentiam.
3167 3674 3275 3730 Nec
3308 3675 3556 3730 audiendi
3595 3686 3740 3744 sunt,

2158 3762 2270 3817 sive
2300 3763 2398 3818 viri
2439 3765 2628 3832 sancti,
2678 3766 2790 3821 sive
2821 3767 3054 3831 feminae,
3086 3766 3299 3837 quando
3338 3766 3659 3838 reprehensa
3689 3769 3742 3823 in

2157 3855 2336 3928 aliquo
2364 3857 2683 3928 negligentia
2710 3873 2826 3926 sua,
2855 3875 2951 3930 per
2973 3874 3132 3931 quam
3159 3859 3218 3914 tlt
3246 3868 3306 3914 ut
3348 3860 3401 3914 in
3434 3860 3625 3916 malam
3651 3876 3744 3915 ve-

2159 3947 2309 4002 niant
2353 3948 2732 4017 suspicionem,
2779 3949 2918 4004 unde
2958 3964 3108 4005 suam
3147 3950 3309 4004 vitam
3355 3949 3513 4021 longe
3557 3951 3743 4006 abesse

2158 4039 2354 4104 sciunt,
2385 4038 2568 4094 dicunt
2597 4039 2696 4094 sibi
2727 4054 2906 4095 coram
2929 4041 3039 4096 Deo
3065 4039 3310 4096 sufficere
3335 4043 3738 4112 conscientiam,

2157 4128 2607 4186 existimationem
2637 4129 2913 4187 hominum
2956 4147 3061 4187 non
3103 4133 3472 4203 imprudenter
3497 4136 3517 4166 ¹
3546 4135 3738 4201 solum,

2157 4233 2343 4274 verum
2366 4221 2524 4275 etiam
2555 4221 2843 4278 crudeliter
2871 4233 3306 4287 contemnentes;
3340 4241 3459 4280 cum
3495 4227 3742 4280 occidunt

2158 4311 2362 4366 animas
2381 4313 2627 4380 aliorum,
2665 4315 2777 4370 sive
2806 4315 3286 4386 blasphemantium
3311 4320 3446 4373 viam
3476 4320 3586 4387 Dei,
3617 4321 3739 4388 qui-

2158 4400 2259 4458 bus
2301 4405 2593 4461 secundum
2638 4422 2788 4462 suam
2838 4409 3196 4478 suspicionem
3227 4413 3373 4481 quasi
3407 4413 3574 4481 turpis
3617 4428 3741 4482 qua:

2157 4501 2301 4547 casta
2342 4504 2424 4549 est
2453 4495 2699 4566 displicet
2739 4499 2845 4553 vita
2892 4509 3220 4567 sanctorum,
3270 4501 3380 4555 sive
3419 4503 3576 4556 etiam
3616 4519 3740 4558 cum

2157 4585 2500 4641 excusatione
2531 4587 2875 4656 imitantium,
2916 4607 3021 4646 non
3062 4592 3204 4663 quod
3231 4593 3428 4657 vident,
3472 4594 3565 4649 sed
3596 4597 3740 4666 quod

2159 4683 2362 4744 putant.
2415 4677 2646 4734 Proinde
2673 4682 2927 4752 quisquis
2973 4699 3005 4738 a
3049 4686 3363 4740 criminibus
3418 4687 3775 4755 flagitiorum-

2157 4775 2316 4838 atque
2350 4768 2642 4827 facinorum
2669 4773 2830 4828 vitam
2870 4790 3022 4831 suam
3065 4779 3316 4846 custodit,
3364 4780 3462 4835 sibi
3495 4781 3629 4837 bene
3661 4784 3739 4836 fa-

2156 4858 2230 4913 cit
2252 4877 2266 4914 :
2291 4861 2532 4932 quisquis
2560 4872 2737 4920 autem
2764 4866 2924 4920 etiam
2956 4868 3176 4932 famam,
3206 4880 3261 4924 et
3291 4871 3342 4924 in
3371 4873 3506 4927 alios
3535 4873 3742 4927 miseri-

2157 4964 2280 5006 cors
2309 4961 2412 5008 est.
2443 4952 2608 5009 Nobis
2634 4957 2776 5011 enim
2809 4960 3108 5013 necessaria
3135 4967 3219 5014 est
3247 4961 3354 5015 vita
3389 4972 3589 5026 nostra,
3623 4965 3745 5018 aliis

2157 5042 2294 5098 fama
2325 5053 2506 5100 nostra
2535 5063 2549 5100 :
2573 5055 2628 5102 et
2658 5047 2839 5119 utique
2863 5050 3023 5105 etiam
3064 5051 3206 5122 quod
3233 5053 3350 5108 aliis
3378 5055 3744 5110 ministramus

2157 5135 2574 5194 misericorditer
2611 5138 2676 5194 ad
2718 5139 2965 5207 salutem,
3007 5143 3072 5197 ad
3123 5152 3360 5199 nostram
3400 5161 3611 5216 quoque
3654 5163 3744 5201 rc-

2155 5225 2356 5283 dundat
2384 5230 2678 5286 utilitatem.
2720 5231 2872 5288 Unde
2899 5248 3005 5288 non
3031 5234 3223 5289 frustra
3250 5237 3538 5306 Apostolus
3568 5254 3581 5289 :
3613 5235 3746 5290 Pro-

2155 5320 2398 5387 videmus,
2441 5323 2629 5393 inquit,
2662 5323 2813 5392 bona,
2861 5342 2962 5380 non
2999 5328 3165 5381 solum
3195 5345 3369 5382 coram
3411 5326 3543 5396 Deo,
3573 5345 3744 5382 verum

2155 5411 2306 5465 etiam
2343 5429 2514 5468 coram
2557 5415 2841 5472 hominibus
2867 5418 2932 5489 (ll
2963 5416 3081 5474 Cor.
3113 5437 3226 5488 vttt,
3256 5420 3370 5492 2t).
3403 5421 3532 5477 Item
3564 5419 3696 5477 dicit
3723 5438 3738 5475 :

2221 5587 2236 5618 ί
2262 5589 2335 5637 sic
2357 5594 2465 5637 Mss.
2495 5597 2547 5639 At
2572 5591 2708 5655 editi,
2753 5605 2973 5654 repressa
3014 5593 3286 5655 intentione,
3321 5597 3554 5648 scrutandi
3577 5597 3670 5648 rint
3692 5598 3745 5648 in

2155 5646 2273 5698 alios
2297 5663 2459 5760 δειέἓςιιε
2482 5646 2834 5714 promptiorem.
2860 5661 2931 5702 Er.
2952 5664 3000 5705 et
3024 5657 3202 5720 aliqunt
3228 5646 3354 5719 Mss,
3378 5646 3432 5709 at
3447 5646 3564 5713 alios
3578 5646 3747 5712 Quae

2155 5723 2324 5760 nromn
2394 5725 2446 5760 re

2155 5723 2418 5772 promptior

2218 5775 2238 5804 ²
2264 5773 2430 5824 Plures
2445 5780 2573 5836 Mss,
2597 5773 2914 5839 impudenter.
