4142 6212
449 313 558 374 449

448 428 656 485 Placete
692 434 924 488 omnibus
963 451 1053 505 per
1086 442 1273 503 omnia,
1305 442 1434 496 sicut
1481 453 1525 497 et
1569 463 1657 517 ego
1691 450 1921 505 omnibus
1945 470 2035 522 per

444 521 613 575 omnia
657 523 846 590 placeo,
900 542 1000 579 non
1041 544 1271 599 qua’reus
1309 534 1442 601 quod
1483 536 1606 590 mihi
1635 541 1755 592 utile
1802 552 1896 608 est,
1944 546 2032 597 sed

441 613 576 682 quod
603 616 794 678 multis,
837 624 890 668 ut
923 618 1049 671 salvi
1075 621 1201 687 ﬁant
1233 622 1275 690 (Ι
1316 623 1434 677 Cor.
1468 642 1523 688 Χ.
1552 629 1663 697 55).
1703 629 1760 683 In
1801 633 2028 702 quadam

439 706 598 761 etiam
652 707 1024 766 exhortatione
1076 711 1245 766 dicit:
1276 713 1354 769 De
1397 727 1595 785 uetera,
1644 722 1848 790 fratres,
1885 742 2027 794 qure-

436 814 649 869 cumque
689 808 808 853 sunt
840 816 977 868 vera,
1008 819 1333 875 quaecumque
1362 821 1556 876 sancta,
1595 829 1916 886 qutecumque
1932 819 2027 887 ju-

434 900 533 956 sta,
571 907 898 962 quacumque
943 904 1104 963 casta,
1145 914 1470 971 quaecumque
1523 904 1840 972 charissima,
1886 925 2026 979 qua:-

432 997 645 1052 cumque
668 983 813 1038 bona:
848 984 1021 1055 famur,
1053 989 1098 1042 si
1117 1007 1216 1059 qua
1238 993 1411 1058 virtus,
1439 994 1484 1048 si
1512 1013 1614 1067 qua
1642 998 1776 1065 laus,
1803 1001 1910 1055 hwc
1932 1019 2021 1056 co-

429 1075 604 1144 gitate,
649 1093 760 1148 quce
810 1088 856 1132 et
899 1079 1165 1147 didicistis,
1211 1094 1257 1138 et
1287 1088 1570 1156 accepistis,
1618 1101 1665 1144 et
1685 1092 1941 1162 audistis,’
1973 1106 2022 1151 et

428 1167 623 1223 vidistis
651 1170 703 1223 in
731 1187 810 1225 me
834 1171 1090 1244 (Philipp.
1116 1191 1198 1243 tv,
1227 1177 1260 1231 8
1281 1187 1324 1230 et
1354 1177 1433 1250 9).
1463 1180 1651 1236 Cernis
1677 1187 2020 1254 quemadmo-

426 1257 553 1313 dum
602 1260 740 1315 inter
776 1263 940 1317 multa
987 1279 1106 1334 qua:
1145 1269 1476 1325 exhortando
1519 1280 1866 1342 commonuit,
1910 1295 2016 1335 non

427 1353 721 1422 neglexerit
761 1369 980 1424 ponere,
1027 1373 1353 1430 quaecumque
1390 1362 1534 1418 bona:
1562 1370 1750 1435 famw;
1780 1369 2016 1425 duobus.

423 1459 530 1514 que
556 1445 733 1501 verbis
770 1458 954 1503 cuncta
985 1452 1323 1518 concluserit,
1363 1455 1451 1510 ubi
1490 1459 1584 1524 ait,
1621 1460 1666 1512 si
1699 1477 1798 1530 qua
1833 1464 2010 1533 virtus,

421 1534 588 1604 siqua
614 1535 746 1590 laus.
792 1538 872 1592 Ad
901 1539 1148 1596 virtutem
1191 1559 1419 1615 namque
1460 1549 1728 1617 pertinent
1751 1568 1870 1623 qua:
1909 1571 2010 1611 an-

420 1634 509 1681 tea
551 1630 865 1684 memoravit
908 1632 1083 1696 bona;
1127 1633 1265 1690 fama
1298 1653 1446 1705 vero,
1494 1640 1561 1695 ad
1610 1642 1844 1700 laudem.
1874 1647 2009 1704 Puto

419 1717 562 1786 quod
592 1735 693 1772 non
726 1720 934 1776 laudem
961 1721 1234 1780 hominum
1267 1743 1362 1797 pro
1388 1745 1582 1801 magno
1605 1736 1844 1793 sumebat
1863 1743 2009 1809 Apo-

416 1809 609 1875 stolus,
641 1811 745 1865 alio
777 1812 895 1868 loco
925 1813 1128 1881 dicens,
1162 1817 1293 1873 Mihi
1321 1829 1486 1877 autem
1512 1825 1773 1882 minimum
1797 1839 1867 1885 est
1896 1840 2006 1887 uta

416 1899 553 1954 vobis
583 1901 852 1971 dijudicer,
895 1916 980 1960 aut
1019 1907 1081 1961 ab
1119 1909 1339 1965 lmmano
1368 1915 1449 1967 die
1478 1915 1517 1985 (Ι
1545 1915 1665 1972 Cor.
1702 1935 1774 1987 Iv,
1815 1921 1901 1992 5);
1949 1933 2005 1980 et

413 1991 562 2056 alibi,
595 1992 660 2048 Si
687 1995 969 2051 hominibus
998 1999 1267 2068 placerem,
1305 2003 1493 2060 Christi
1519 2024 1687 2064 servus
1719 2028 1818 2066 non
1845 2030 2002 2070 essent

413 2082 608 2154 (Galat.
638 2101 674 2152 ι,
705 2088 829 2156 10);
871 2099 922 2144 et
956 2091 1176 2158 iterum,
1220 2095 1356 2149 Nam
1381 2099 1546 2166 gloria
1575 2111 1744 2155 nostra
1772 2105 1877 2158 haec
1905 2117 1996 2174 est,

410 2176 748 2231 testimonium
785 2183 1103 2237 conscientia'
1133 2195 1318 2242 nostra:
1349 2188 1413 2260 (Il
1447 2189 1564 2244 Cor.
1583 2208 1621 2259 ι,
1655 2193 1766 2266 12).
1798 2196 1903 2252 Sed
1936 2199 2000 2253 il-

407 2264 582 2322 lorum
611 2269 861 2338 duorum,
897 2273 946 2327 id
977 2285 1078 2340 est,
1109 2276 1263 2334 home
1298 2281 1415 2335 vita:
1445 2293 1497 2337 et
1525 2284 1678 2340 bona:
1712 2264 1888 2357 famae,
1911 2293 1996 2347 vel

405 2359 550 2428 quod
592 2360 803 2417 brevius
856 2364 1069 2431 dicitur,
1111 2369 1322 2425 virtutis
1359 2381 1414 2427 et
1443 2374 1632 2440 laudis,
1681 2393 1841 2434 unum
1873 2397 1998 2451 pro-

404 2459 527 2520 pler
556 2469 613 2507 se
654 2454 824 2523 ipsum
855 2458 1249 2526 sapientissime
1287 2463 1569 2534 retinebat,
1611 2469 1838 2526 alterum
1867 2488 1994 2542 pro-

401 2551 524 2611 pter
553 2544 688 2599 alios
717 2546 1216 2607 misericordissima
1242 2556 1569 2623 providebat.
1600 2561 1704 2616 Sed
1740 2567 1989 2634 quoniam

400 2637 727 2702 quantalibet
760 2640 988 2694 humana
1032 2645 1236 2699 cautela
1286 2650 1616 2718 suspiciones
1660 2656 1990 2714 malevolenw

399 2727 636 2782 tissimas
683 2745 786 2783 non
830 2743 1005 2801 potest
1045 2737 1189 2790 omni
1234 2753 1298 2792 ex
1342 2750 1494 2810 parte
1524 2744 1712 2813 vitare,
1760 2749 1846 2804 ubi
1892 2767 1988 2821 pro

397 2817 799 2876 existimatione
847 2833 1026 2879 nostra
1065 2827 1316 2898 quidquid
1357 2843 1502 2889 recte
1527 2850 1810 2905 possumus
1849 2840 1988 2899 fece-

395 2910 585 2977 rimus,
613 2913 656 2966 si
691 2914 852 2984 aliqui
873 2915 941 2971 de
963 2917 1114 2974 nobis
1139 2922 1221 2976 vel
1246 2923 1380 2978 mala
1409 2927 1711 2998 tingendo‘,
1744 2935 1824 2988 vel
1847 2938 1986 2993 male

397 3001 692 3069 credendo,
724 3005 917 3062 tamam
945 3019 1177 3065 nostram
1200 3012 1510 3074 decolorare
1533 3032 1811 3090 conantur,
1845 3027 1985 3084 adsit

394 3095 740 3151 conscientiae
767 3098 1033 3167 solatium,
1063 3104 1324 3177 planeque
1359 3110 1516 3164 etiam
1547 3114 1816 3182 gaudium,
1839 3121 1979 3190 quod

391 3202 600 3243 merces
629 3200 809 3245 nostra
840 3208 1027 3265 magna
1056 3206 1137 3250 est
1167 3199 1218 3253 in
1259 3201 1429 3268 caelis,
1453 3205 1613 3260 etiam
1652 3222 1770 3263 cum
1797 3210 1981 3267 dicunt

389 3276 638 3336 homines
681 3283 818 3337 mala
863 3287 1025 3340 multa
1066 3287 1132 3342 de
1179 3290 1352 3356 nobis,
1403 3293 1487 3363 pie
1527 3304 1704 3353 tamen
1729 3300 1979 3374 justeque

383 3372 690 3429 viventibus
719 3375 926 3446 (ΜαιΙΙι.
961 3395 1012 3445 v,
1049 3381 1134 3447 ιι,
1171 3381 1400 3452 12).llla
1439 3387 1579 3442 enim
1621 3406 1826 3448 merces
1862 3372 1977 3451 tan-

382 3481 545 3533 quam
575 3467 894 3537 stipendium
930 3481 1011 3525 cst
1037 3473 1398 3546 militantium,
1433 3496 1528 3548 per
1552 3497 1700 3539 arma
1732 3487 1973 3560 justitize,

382 3571 492 3610 non
523 3558 694 3612 solum
727 3560 962 3629 dextera,
999 3581 1181 3620 verum
1226 3578 1279 3622 ct
1319 3569 1572 3641 sinislra;
1618 3592 1713 3647 per
1749 3581 1972 3650 gloriam

380 3648 584 3704 scilicet
615 3659 669 3704 et
709 3651 1112 3723 ignobilitatem,
1147 3674 1241 3729 per
1269 3661 1538 3721 infamiam
1578 3677 1631 3724 et
1669 3648 1861 3728 bonam
1894 3674 1970 3730 [ειε-

377 3757 521 3796 mam
551 3742 616 3815 (ll
641 3743 759 3799 Cor.
792 3761 862 3811 γι,
897 3749 947 3815 7,
978 3750 1055 3821 8).

452 3833 680 3892 CAPUT
723 3837 908 3893 XXIII.
949 3870 1022 3881 --
1048 3842 1140 3898 28.
1185 3845 1506 3905 Coutineutes
1553 3867 1883 3924 perseverent,
1921 3872 1968 3914 et

374 3929 493 3982 aliis
521 3931 853 3997 persuadeant
882 3937 1256 3993 continentiam.
1289 3941 1574 4000 Conclusio.
1607 3949 1757 4018 Agite
1787 3952 1965 4023 itaque

372 4037 592 4077 cursum
625 4035 875 4092 \'(‘>ll'lllll,
919 4038 973 4084 et
1012 4044 1416 4100 perseveranter
1458 4041 1673 4105 currite,
1723 4053 1777 4097 ut
1816 4060 1965 4101 com-

369 4114 755 4184 prehendatis;
796 4129 848 4174 et
887 4125 1132 4193 exemplo
1159 4127 1278 4180 vita:
1323 4128 1813 4205 exhortationisque
1843 4153 1959 4193 ser-

365 4219 542 4259 mone
589 4208 751 4275 rapite
795 4211 846 4265 in
876 4213 1121 4269 eumdem
1162 4233 1376 4273 cursum
1410 4232 1640 4278 vestrum
1671 4242 1957 4296 quascum-

362 4311 479 4367 que
506 4301 804 4366 potueritis.
835 4303 947 4359 Non
975 4321 1070 4362 vos
1095 4308 1162 4362 ab
1190 4309 1290 4366 hoc
1317 4313 1513 4380 studio,
1541 4331 1646 4385 quo
1673 4319 1864 4375 multas
1891 4323 1957 4378 ad

360 4388 685 4446 imitandum
729 4397 992 4462 excitatis,
1032 4399 1237 4473 frangat
1283 4407 1496 4475 querela
1546 4423 1825 4480 vanorum,
1865 4416 1957 4486 qui

359 4479 553 4537 dicunt
597 4502 611 4536 :
661 4486 941 4554 Quomodo
1002 4493 1255 4550 subsistet
1307 4513 1474 4567 genus
1526 4500 1848 4574 humanum,
1911 4509 1956 4563 si

355 4590 556 4631 omnes
597 4577 796 4636 fuerint
838 4585 1204 4642 continentes?
1241 4589 1399 4658 Quasi
1431 4603 1646 4664 propter
1687 4597 1828 4654 aliud
1872 4617 1956 4658 re-

352 4668 604 4724 tardetur
629 4671 731 4727 hoc
760 4677 1032 4742 smculum,
1068 4680 1166 4735 nisi
1209 4691 1264 4736 ut
1293 4684 1577 4755 impleatur
1602 4691 1950 4760 prtedestina-

317 4769 450 4817 rtus
476 4777 731 4818 numerus
759 4765 846 4821 ille
875 4779 1200 4840 sanctorum,
1234 4790 1338 4844 quo
1379 4778 1534 4833 citius
1560 4781 1799 4852 impleto,
1828 4799 1953 4854 pro-

339 4851 499 4908 tecto
539 4868 638 4909 nec
682 4860 940 4916 terminus
983 4864 1160 4919 saeculi
1200 4866 1492 4926 differetur.
1530 4873 1640 4929 Nec
1685 4875 1814 4930 illud
1856 4892 1949 4933 vos

318 4963 322 4966 ’
412 4983 432 5016 ³
457 4982 606 5046 Editi,
629 4987 703 5038 vel
734 4988 858 5042 male
877 4990 1122 5058 ﬁngendo.
1149 4998 1373 5050 leliores
1387 5008 1517 5062 Mss,
1537 5005 1682 5056 mala.

1624 333 1709 390 DE
1747 336 1926 395 ΒΟΝο
1969 340 2355 404 γιυυιτΑτιδ
2395 349 2617 412 LIBER.

3625 389 3736 451 430

2141 461 2377 518 retardet
2405 465 2473 521 ab
2495 469 2669 526 studio
2699 477 3050 542 persuadendi
3083 483 3200 543 aliis
3237 485 3434 549 bonum
3460 508 3722 573 vestrum,

2141 554 2185 607 si
2224 555 2431 613 dicatur
2475 562 2624 619 vobis
2656 566 2828 624 :Cum
2874 581 2929 627 et
2974 578 3167 646 nuptize
3206 581 3359 639 home
3403 587 3540 653 sint,

2141 647 2300 703 modo
2321 662 2478 707 erunt
2498 658 2676 712 omnia
2701 659 2840 718 bona
2869 664 2920 719 in
2943 666 3139 724 Christi
3161 686 3405 744 corpore,
3433 688 3487 735 et
3515 647 3718 754 maiora

2137 738 2342 796 scilicet
2367 751 2420 797 et
2449 745 2674 815 minora,
2704 753 2746 806 si
2774 770 2962 812 omnes
2987 761 3328 820 continentiae
3369 769 3524 827 laude
3557 784 3716 848 atque

2136 845 2317 890 amore
2347 836 2702 896 ‘imitentur?
2744 845 2942 916 Primo,
2987 853 3108 922 quia
3147 861 3389 916 conando
3438 874 3495 918 ut
3535 836 3723 929 omnes

2133 924 2240 978 sint
2271 929 2625 999 continentes,
2662 945 2786 993 tunc
2811 952 2967 998 erunt
3003 945 3086 1000 vel
3122 963 3321 1016 paucte.
3358 953 3537 1024 Neque
3573 962 3716 1017 enim

2131 1031 2300 1072 omnes
2327 1022 2532 1090 capiunt
2554 1026 2753 1082 verbum
2782 1031 2895 1086 hoc.
2927 1033 3030 1090 Sed
3052 1040 3302 1106 quoniam
3329 1022 3582 1116 scriptum
3609 1062 3716 1118 est,

2134 1107 2235 1176 Qui
2262 1122 2422 1181 potest
2465 1132 2661 1188 capere,
2703 1124 2869 1193 capiat
2903 1126 3119 1195 (Matth.
3148 1148 3259 1199 xu,
3303 1137 3390 1202 Η,
3425 1107 3550 1211 l2);
3593 1107 3716 1201 tunc

2125 1383 2359 1453 capiant,
2391 1396 2445 1442 et
2482 1390 2679 1460 aliquid
2704 1394 2772 1451 de
2801 1398 3096 1458 minoribus
3120 1403 3296 1472 bonis,
3329 1410 3381 1465 id
3415 1423 3498 1468 est
3525 1383 3714 1488 conth

2121 1471 2252 1540 galia
2284 1473 2390 1529 vita
2409 1478 2452 1541 ⁷⁸,
2478 1478 2675 1536 Christi
2704 1483 2846 1540 desit
2876 1487 2929 1542 in
2971 1505 3215 1563 corpore.
3253 1471 3311 1554 Si
3348 1503 3490 1558 enim
3519 1471 3710 1564 omnes

2121 1563 2387 1622 audierint
2411 1578 2466 1626 et
2493 1587 2681 1630 omnes
2708 1581 2967 1650 ceperint,
3001 1585 3296 1660 intelligere
3321 1592 3579 1654 debemus
3605 1563 3708 1658 hoc

2119 1653 2291 1723 ipsum
2337 1659 2502 1718 fuisse
2537 1667 2991 1739 praedestinatum,
3044 1686 3102 1732 ut
3137 1653 3435 1755 conjugalia
3467 1688 3603 1745 bona
3649 1693 3702 1750 in

2116 1744 2325 1804 illorum
2352 1767 2574 1811 numero
2605 1761 2962 1819 membrorum
2986 1766 3097 1836 jam
3125 1772 3409 1842 sufficiant,
3440 1795 3558 1850 quae
3596 1793 3702 1842 tam

2114 1838 2278 1893 multa
2325 1857 2392 1898 ex
2427 1844 2526 1901 hac
2553 1848 2656 1903 vita
2686 1855 3026 1911 transierunt.
3059 1859 3243 1932 Neque
3279 1867 3422 1922 enim
3457 1838 3624 1940 nunc,
3652 1876 3701 1932 si

2111 1941 2299 1986 omnes
2343 1932 2540 1992 fuerint
2583 1941 2954 2012 continentes,
3003 1947 3261 2010 honorem
3309 1959 3698 2022 continentium

2109 2016 2285 2076 daturi
2313 2034 2439 2079 sunt
2465 2028 2545 2082 eis
2579 2032 2666 2100 qui
2699 2033 3041 2093 tricenarium
3066 2040 3314 2113 fructum,
3344 2048 3390 2103 si
3426 2050 3478 2106 in
3505 2055 3698 2126 conjuo

2107 2111 2210 2180 gali
2255 2113 2396 2170 bono
2435 2118 2549 2188 ipse
2596 2122 2906 2196 intelligitur
2927 2130 2968 2196 ³,
3003 2131 3114 2202 jam
3159 2111 3443 2196 dominicis
3485 2111 3696 2206 horreis

2108 2200 2398 2262 intulerunt
2442 2209 2549 2281 (Id.
2582 2228 2700 2279 xm,
2739 2217 2817 2288 8).
2867 2200 3148 2280 Habebunt
3189 2242 3320 2300 ergo
3359 2231 3470 2289 illic
3509 2200 3687 2295 omni;

2107 2290 2206 2346 ista
2238 2294 2373 2350 bona
2418 2314 2572 2355 suum
2601 2303 2799 2371 locum,
2839 2312 3047 2368 etiamsi
3096 2315 3350 2392 deinceps
3390 2325 3530 2381 nulla
3555 2331 3688 2387 velit

2103 2383 2326 2452 nubere,
2354 2389 2433 2444 vel
2477 2408 2635 2449 nemo
2663 2395 2859 2455 ducere
2899 2418 3141 2462 uxorem.
3171 2409 3372 2468 Secura
3399 2414 3575 2487 itaque
3601 2420 3689 2476 iu-

2102 2485 2238 2532 state
2267 2480 2458 2550 quibus
2485 2489 2727 2557 potestis,
2759 2501 2817 2546 ut
2837 2495 2965 2549 tiant
2989 2499 3133 2567 quod
3151 2515 3245 2557 vos
3271 2505 3400 2560 estis
3421 2525 3435 2562 :
3456 2480 3513 2564 et
3535 2522 3690 2570 orate

2101 2570 2380 2641 vigilanter
2405 2586 2562 2647 atque
2590 2579 2882 2653 ferventer,
2915 2597 2972 2642 ut
3007 2589 3275 2660 adjutorio
3302 2596 3537 2658 dextera:
3584 2605 3692 2661 Ex-

2097 2663 2227 2717 celsi
2256 2675 2311 2719 et
2347 2667 2668 2726 abundantia
2699 2674 3211 2740 misericordissima:
3237 2689 3426 2758 gratia:
3451 2691 3687 2766 Domini,

2097 2761 2150 2807 et
2174 2761 2526 2824 perseveretis
2556 2762 2607 2816 in
2648 2779 2714 2820 eo
2752 2768 2894 2837 quod
2923 2772 3074 2840 estis,
3119 2783 3172 2830 et
3212 2779 3501 2847 proﬁciatis
3528 2785 3598 2842 ad
3633 2761 3688 2846 id

2095 2847 2234 2916 quod
2264 2851 2433 2906 eritis.

2164 2939 2254 2994 ‘19.
2288 2940 2490 2998 Deinde
2517 2946 2740 3004 obsecro
2768 2966 2863 3008 vos
2890 2967 2986 3024 per
3011 2955 3156 3012 illum
3179 2974 3211 3015 a
3236 2976 3342 3032 quo
3371 2974 3426 3020 et
3452 2965 3558 3025 hoc
3580 2969 3680 3028 do-

2093 3042 2221 3083 num
2265 3033 2582 3103 accepistis,
2629 3048 2683 3093 et
2725 3039 2884 3111 hujus
2925 3045 3051 3101 doni
3090 3052 3305 3118 prtemia
3332 3060 3598 3128 speratis,
3629 3071 3686 3120 ut

2091 3135 2178 3175 me
2217 3137 2427 3192 qquue
2465 3129 2795 3186 orationibus
2835 3137 3025 3192 vestris
3065 3142 3418 3202 memineritis
3442 3148 3682 3212 inserere

2089 3226 2208 3267 cum
2256 3223 2363 3269 tota
2406 3216 2695 3276 domestica
2745 3233 2916 3280 vestra
2966 3227 3223 3288 Ecclesia.
3266 3235 3675 3303 Ordinatissime

2088 3304 2283 3374 quippe
2325 3311 2568 3376 provenit
2612 3322 2670 3367 ut
2715 3317 2872 3371 matri
2906 3327 3097 3378 vestrm
3128 3323 3240 3394 jam
3277 3330 3574 3399 grandtevze
3609 3337 3680 3395 de

2085 3397 2325 3453 oratione
2367 3400 2648 3471 epistolam
2695 3407 2987 3466 scriberem
3030 3411 3143 3485 (a);
3183 3416 3253 3478 ad,
3281 3397 3451 3490 ipsam
3480 3425 3678 3499 quippe

2085 3490 2316 3547 maxime
2356 3495 2587 3563 pertinet
2629 3499 2834 3556 orando
2874 3517 3188 3565 concertare
3221 3524 3319 3581 pro
3340 3490 3527 3584 vobis,
3555 3490 3674 3591 quas

2082 3579 2150 3634 de
2185 3597 2245 3639 se
2282 3585 2460 3641 minus
2487 3589 2714 3647 sollicita
2740 3602 2825 3648 est
2847 3610 3007 3666 quam
3036 3597 3104 3656 de
3131 3579 3286 3660 vobis
3312 3621 3326 3659 :
3355 3615 3410 3662 et
3435 3617 3495 3664 ut
3513 3579 3590 3668 ad
3621 3622 3674 3671 te

2081 3677 2258 3746 potius
2287 3695 2444 3749 quam
2472 3682 2541 3737 ad
2571 3684 2714 3740 illam
2743 3686 2846 3744 hoc
2867 3688 2937 3745 de
2959 3693 3284 3752 continentia
3312 3699 3507 3757 viduali
3535 3720 3690 3775 opus

2078 3770 2282 3826 sculum
2331 3771 2601 3840 facerem;
2649 3778 2773 3847 quia
2818 3779 2911 3836 tibi
2957 3796 3214 3853 superare
3254 3788 3428 3847 adhuc
3459 3770 3664 3866 restat,

2077 3865 2217 3934 quod
2261 3865 2371 3934 jam
2413 3877 2546 3923 aetas
2588 3869 2734 3925 illius
2772 3876 3062 3942 superavit.
3093 3877 3257 3950 Virgo
3277 3889 3456 3939 autem
3483 3865 3664 3946 sancta

2076 3960 2254 4027 proles
2282 3967 2457 4014 vestra
2480 4001 2496 4026 ,
2528 3962 2572 4016 si
2595 3963 2795 4034 aliquid
2821 3965 2889 4021 de
2917 3981 3012 4023 sua
3041 3969 3375 4039 professione
3395 3974 3667 4040 desiderat

2073 4065 2142 4106 ex
2174 4051 2444 4107 laboribus
2473 4055 2671 4110 nostris
2690 4097 2706 4122 ,
2734 4055 2894 4114 habet
2917 4061 3176 4130 grandem
3203 4064 3398 4126 librum
3426 4068 3495 4126 de
3520 4070 3664 4128 Stin-

2071 4151 2155 4196 cta
2189 4141 2500 4212 Virginitate
2519 4184 2532 4209 ,
2565 4161 2722 4216 quem
2754 4147 2912 4220 legat.
2942 4151 3018 4208 De
3041 4168 3148 4225 quo
3172 4156 3397 4228 legendo
3424 4162 3582 4218 etiam
3609 4175 3662 4222 te

2069 4249 2537 4304 commonueram,
2575 4240 2827 4310 quoniam
2863 4244 3028 4302 multa
3060 4248 3298 4306 continet
3327 4252 3543 4325 utrique
3566 4272 3662 4314 ne-

2069 4329 2298 4383 cessaria
2326 4330 2575 4397 castitati,
2603 4332 2705 4390 hoc
2729 4343 2832 4402 est,
2861 4336 3104 4408 virginali
3123 4349 3284 4412 atque
3303 4343 3518 4414 viduali,
3540 4363 3661 4420 quae

2068 4419 2156 4476 hic
2200 4431 2481 4493 propterea
2523 4425 2716 4496 partim
2756 4429 2986 4484 tenuiter
3010 4431 3188 4502 attigi,
3221 4436 3412 4503 partim
3441 4419 3658 4496 omnino

2069 4515 2421 4583 praetermisi,
2459 4517 2582 4586 quia
2619 4516 2694 4572 ibi
2722 4519 2995 4589 copiosius
3019 4521 3306 4592 diSputavi.
3338 4525 3658 4586 Perseveres

2065 4605 2119 4660 in
2143 4606 2314 4675 gratia
2337 4605 2559 4661 Christi.

2127 4745 2145 4818 ξ
2170 4745 2247 4818 _s_ic
2266 4749 2458 4818 ΜξδκΑι
2481 4743 2614 4818 editi,
2643 4745 2838 4818 tandem
2860 4733 3002 4813 atque
3023 4761 3252 4802 amorem.

2125 4805 3070 4891 ζῖτέίν¹¹Ξῗθ⁵ηὲξὲηυξέ⁶Ῠ

2099 4867 2232 4940 fita
2266 4866 2370 4917 Mss.
2407 4874 2463 4917 Αι
2505 4866 2658 4930 editi,
2700 4869 2784 4934 qui
2823 4870 3071 4938 cmjugali
3114 4873 3235 4928 bona
3279 4873 3434 4931 utesse
3476 4878 3652 4940 intelli-

2131 4941 2189 4978 ur
2194 4965 2205 4976 .

2059 4935 2420 5076 “(ligamist
2438 5012 2544 5073 130,
2574 5012 2636 5063 ad
2662 5015 2880 5065 Proham.

329 5181 3644 5230 __________________________________

407 5333 508 5396 In
541 5331 739 5393 libros
776 5334 852 5397 de
883 5336 1214 5419 Conjugiis
1247 5339 1638 5404 Adulterinis
1675 5343 1815 5404 vide
1861 5345 1972 5406 lib.
2003 5344 2064 5408 2.
2099 5364 2233 5426 cap.
2277 5346 2377 5421 5'7,
2411 5349 2990 5430 Retractationum,
3039 5361 3187 5418 tom.
3219 5357 3279 5432 1,
3322 5355 3444 5418 col.
3483 5355 3642 5432 653,

315 5431 829 5514 verbis.Scripsi
861 5437 1020 5501 duos
1057 5441 1280 5515 libros,
1313 5460 1500 5524 usque
1529 5443 1610 5505 ad
1639 5444 1842 5515 verba,
1890 5447 2044 5509 Mihi
2079 5447 2457 5526 scripseras.
2543 5451 2630 5512 M.
