4122 6212
323 452 434 509 453

329 566 535 623 Deinde
566 581 693 622 cum
731 565 929 619 dictqu
964 574 1080 629 est,
1111 564 1422 633 Quicumque
1450 561 1696 617 dimiserit
1719 575 1929 614 uxorem

324 676 510 723 suam,
552 667 761 729 excepta
795 672 949 710 causa
988 657 1369 726 fornicationis,
1408 655 1528 726 facit
1552 670 1661 707 eam
1689 652 1929 708 mazcltari

328 750 542 820 (Matth.
573 765 639 814 v,
671 748 761 816 59)
787 763 801 812 ;
833 748 1104 818 quomodo
1128 747 1329 801 dictum
1357 746 1678 801 intellecturi
1706 758 1926 811 sumus,

330 842 431 894 nisi
481 839 812 910 prohibitum
863 853 983 893 esse
1028 837 1231 892 homini
1273 837 1539 892 dimittere
1580 850 1835 902 uxorem,
1884 835 1926 890 si

331 934 476 986 nulla
529 945 690 985 causa
738 928 1103 983 fornicationis
1146 929 1451 983 exstiterit?
1496 928 1561 984 Et
1598 928 1800 983 dictum
1849 935 1931 981 est

330 1039 497 1094 quare
518 1066 533 1089 ,
566 1038 633 1077 ne
662 1022 863 1077 scilicet
890 1020 1050 1076 faciat
1077 1036 1195 1077 eam
1227 1020 1482 1077 mmchari
1513 1036 1528 1076 :
1557 1020 1743 1091 utique
1772 1018 1891 1073 ideo
1909 1059 1925 1083 ,

327 1119 454 1189 quia
493 1117 703 1171 etiamsi
746 1132 849 1170 non
889 1116 1003 1185 ipsa
1036 1114 1331 1180 dimiserit,
1369 1112 1464 1171 sed
1488 1114 1702 1169 dimissa
1729 1110 1887 1167 fuerit
1910 1152 1925 1178 ,

328 1210 434 1264 erit
461 1207 671 1263 moecha
690 1247 708 1273 ,
740 1206 784 1262 si
813 1205 1076 1277 nupserit.

406 1299 634 1356 CAPUT
663 1298 748 1354 ill.
783 1329 844 1339 —
872 1297 1037 1355 Lacus
1066 1298 1296 1370 Apostoli
1320 1296 1387 1353 ds
1404 1297 1613 1351 muliere
1639 1311 1751 1367 qua:
1770 1312 1802 1349 a
1820 1300 1929 1350 uiro

333 1394 620 1465 {emicante
661 1391 909 1455 discedit,
961 1389 1340 1461 intelligendus.
1389 1389 1614 1458 Propter
1655 1387 1756 1442 hoc
1800 1402 1928 1457 ergo

336 1496 444 1540 tam
476 1499 726 1554 tuagnum
752 1484 950 1537 malum
968 1523 981 1546 ,
1015 1497 1119 1536 non
1146 1482 1267 1536 licet
1287 1481 1489 1538 homini
1510 1482 1775 1536 dimittere
1796 1495 1931 1536 uxo-

339 1592 486 1641 rem,
516 1576 620 1629 nisi
647 1591 711 1629 ex
739 1588 899 1630 eausa
925 1574 1312 1629 fornicationis.
1346 1574 1495 1629 Tunc
1516 1575 1659 1628 enim
1688 1589 1791 1629 nou
1815 1568 1932 1642 ipse

336 1670 654 1726 dimittenda
690 1668 815 1724 facit
852 1668 1186 1733 adulteram,
1229 1668 1325 1723 sed
1364 1662 1584 1722 dimittit
1607 1665 1928 1723 adulteram.

337 1760 476 1830 Quid
517 1762 564 1815 si
608 1776 735 1830 ergo
777 1759 955 1826 dicat,
1004 1759 1220 1814 Dimitte
1253 1758 1467 1828 quidem
1508 1770 1727 1813 uxorem
1753 1770 1930 1812 meam

340 1855 458 1910 sine
501 1853 607 1907 ulla
644 1867 807 1907 causa
850 1850 1249 1915 fornicationis,
1296 1849 1390 1904 sed
1414 1844 1696 1903 continetis
1722 1858 1932 1918 perma-

338 1944 523 2000 nebo?
566 1943 755 1998 ideone
788 1942 1029 1998 dicemus
1058 1957 1179 1996 eum
1212 1942 1429 2010 impune
1453 1938 1648 1995 fecisse
1675 1938 1818 2009 quod
1848 1940 1928 1994 te-

338 2037 453 2093 cit?
493 2035 623 2105 Quis
662 2034 764 2089 hoc
801 2033 984 2089 dicere
1020 2031 1269 2095 audebit,
1314 2031 1402 2101 qui
1444 2031 1775 2085 voluntatem
1822 2029 1929 2084 Do-

337 2127 469 2181 mini
511 2125 626 2179 ba'c
664 2124 888 2179 dicentis
925 2122 1206 2193 intelligit?
1236 2121 1498 2188 Quoniam
1526 2134 1624 2174 nec
1650 2120 1931 2175 continen-

341 2218 431 2273 tia:
455 2232 614 2273 causa
643 2216 839 2271 dimitti
862 2216 1143 2287 coniugem
1170 2215 1366 2281 voluit,
1397 2214 1487 2285 qui
1512 2214 1682 2269 dolum
1710 2224 1928 2269 causam

278 2294 281 2299 ’
337 2306 706 2364 fornicationis
735 2305 963 2377 excepit.
1436 2324 1443 2331 λ

409 2401 462 2455 5.
505 2398 807 2454 Redeamus
839 2398 999 2468 igitur
1025 2396 1092 2452 ad
1129 2398 1240 2467 ipsa
1271 2397 1511 2467 Aposmli
1550 2398 1714 2452 verba
1739 2398 1927 2453 diceu~

340 2490 409 2545 tis
431 2531 446 2556 ,
482 2488 574 2544 His
594 2499 761 2543 autem
782 2490 868 2561 qui
892 2499 1010 2544 sunt
1032 2490 1086 2543 in
1105 2490 1342 2559 conjugio
1372 2489 1612 2559 principio
1632 2531 1645 2551 ,
1672 2506 1773 2543 non
1801 2506 1890 2561 ego
1912 2534 1927 2557 ,

338 2583 428 2639 sed
446 2581 721 2649 Dominus,
744 2599 953 2638 uxorem
976 2600 1008 2637 a
1026 2584 1134 2637 uiro
1156 2599 1256 2637 non
1278 2584 1532 2639 discedere
1559 2599 1577 2647 ;
1601 2582 1735 2655 quod
1764 2586 1808 2637 si
1831 2584 1932 2640 dis-

338 2674 577 2741 cesserit,
607 2690 811 2729 manere
846 2676 1110 2745 innuptam
1140 2690 1159 2738 ς
1203 2685 1255 2728 et
1284 2686 1405 2728 eum
1451 2675 1594 2731 velut
1630 2674 1928 2745 interroge-

339 2783 486 2835 mus,
518 2776 571 2822 et
600 2775 847 2838 tanquam
878 2775 1196 2837 przcsentem
1221 2766 1452 2836 quodam
1484 2766 1644 2820 modo
1682 2767 1931 2821 consula-

344 2875 467 2915 mus
492 2877 505 2914 :
530 2858 640 2914 Cur
664 2858 865 2925 dixisti,
905 2858 1181 2929 Apostoie,
1221 2858 1355 2926 quod
1392 2858 1434 2912 si
1460 2859 1774 2923 discesserit,
1821 2872 1934 2911 nta-

339 2971 460 3009 nere
487 2953 757 3026 innuptam
782 2954 810 3007 1’
834 2953 1057 3010 Licetne
1079 2953 1389 3019 discedere,
1418 2969 1484 3007 an
1514 2952 1620 3007 uu'n
1669 2954 1793 3009 licet
1818 2953 1843 3005 ?
1870 2953 1929 3008 Si

339 3060 444 3101 ttOu
472 3044 627 3112 licet,
655 3060 753 3100 cur
797 3044 1042 3114 praecipis
1080 3044 1374 3100 discedenti
1404 3053 1463 3097 ut
1510 3044 1724 3098 nianeat
1771 3045 1931 3098 inuu-

340 3148 429 3209 pta
456 3138 479 3193 ?
503 3139 560 3195 Si
589 3146 767 3193 autem
787 3137 912 3191 licet
935 3178 950 3203 ,
984 3135 1228 3206 profecto
1267 3143 1350 3189 est
1389 3135 1565 3205 aliqua
1617 3144 1775 3188 causa
1825 3146 1930 3205 qua

341 3231 520 3286 liceat.
549 3231 678 3285 Haec
703 3238 881 3285 autem
907 3229 1156 3299 inquisita
1184 3244 1289 3284 non
1318 3228 1605 3294 invenitur;
1638 3230 1740 3283 nisi
1771 3242 1930 3297 quam

341 3323 510 3378 solam
540 3322 786 3379 Salvator
823 3321 1069 3390 excepit,
1102 3321 1154 3374 id
1181 3330 1300 3384 est,
1350 3334 1510 3375 causa
1544 3320 1927 3375 fornicationis.

341 3414 421 3469 Ac
460 3428 559 3484 per
598 3413 702 3467 hoc
739 3426 848 3467 non
890 3412 1144 3482 praecepit
1193 3413 1481 3482 Apostolus
1520 3410 1836 3477 mulierem,
1884 3414 1930 3468 si

342 3503 669 3570 discesserit,
699 3517 919 3559 manere
946 3503 1242 3572 innuptam,
1264 3504 1364 3558 nisi
1390 3514 1508 3573 quat
1536 3505 1622 3559 illa
1646 3516 1804 3559 causa
1831 3496 1932 3559 dis-

342 3597 482 3653 cedit
526 3612 558 3651 a
584 3596 722 3663 viro,
749 3611 853 3667 qua
881 3596 997 3652 sola
1024 3596 1073 3650 ei
1102 3596 1300 3652 licitum
1328 3605 1413 3651 est
1438 3597 1712 3653 discedere
1739 3613 1766 3651 a
1794 3600 1926 3653 viro.

344 3687 443 3745 Ubi
468 3688 611 3744 enim
649 3686 843 3742 dicitur
865 3726 880 3753 ,
928 3684 1183 3757 Prtecipio
1227 3703 1330 3741 non
1366 3686 1620 3742 discedere
1654 3705 1674 3753 ;
1712 3689 1848 3758 quod
1888 3691 1931 3742 si

343 3778 647 3845 discesserit,
669 3793 872 3832 manere
893 3777 1161 3848 innuptam
1182 3793 1204 3842 ;
1222 3777 1362 3833 absit
1382 3789 1441 3832 ut
1460 3788 1645 3833 contra
1669 3778 1772 3834 hoc
1797 3792 1932 3848 pne-

344 3879 552 3939 ceptum
590 3866 773 3936 faciat,
811 3882 931 3937 qua:
958 3867 1039 3924 sic
1068 3866 1297 3924 discedit
1340 3877 1400 3922 ut
1448 3869 1667 3937 innupta
1715 3882 1932 3937 perma-

346 3970 485 4016 neat.
531 3958 646 4015 Nisi
690 3974 818 4029 ergo
846 3958 934 4014 illa
979 3959 1308 4029 intelligatur
1350 3960 1438 4015 cui
1488 3960 1611 4014 licet
1654 3958 1931 4013 discedere

348 4050 493 4123 (non
520 4060 701 4108 autem
731 4052 854 4107 licet
880 4050 983 4107 nisi
1020 4051 1136 4106 viro
1162 4050 1486 4123 fornicante)
1509 4092 1525 4116 ,
1552 4049 1822 4121 quomodo
1842 4050 1931 4118 ju-

346 4141 499 4198 betur
541 4144 757 4214 innupta
777 4184 793 4209 ,
824 4144 870 4198 si
896 4142 1198 4199 discesserit
1228 4182 1243 4207 ,
1278 4141 1639 4211 permanere?
1677 4140 1806 4207 Quis
1849 4150 1934 4196 cet

347 4235 438 4307 qui
470 4235 609 4291 dicat
656 4255 669 4291 :
718 4236 775 4291 Si
819 4236 1132 4291 discesserit
1181 4235 1373 4291 mulier
1409 4249 1441 4288 ι
1475 4234 1592 4289 viro
1620 4249 1723 4289 non
1752 4235 1930 4288 forni-

348 4339 503 4385 cante
524 4370 539 4393 ,
585 4330 806 4401 innupta
837 4338 1167 4400 permaneat,
1199 4342 1320 4384 cum
1351 4329 1400 4383 ei
1432 4328 1533 4383 nisi
1555 4342 1585 4382 ι
1622 4329 1736 4383 viro
1766 4327 1931 4382 torui-

348 4428 502 4476 cante
554 4420 837 4477 discedere
877 4421 1098 4476 omnino
1127 4436 1236 4476 non
1277 4422 1436 4476 liceat
1460 4423 1485 4474 Υ
1513 4421 1715 4476 Sensus
1756 4420 1934 4489 itaque

348 4510 447 4567 iste
475 4523 596 4568 tuus
621 4521 877 4584 quantum
907 4513 1220 4569 adversetur
1264 4515 1475 4569 vinculo
1501 4514 1766 4584 coniugali
1793 4556 1808 4579 ,
1844 4514 1932 4567 ubi

347 4601 601 4659 Dominus
631 4618 735 4660 nec
772 4605 1154 4661 continentiam
1185 4605 1352 4661 voluit
1405 4608 1599 4677 suscipi
1626 4646 1643 4672 ,
1684 4605 1784 4661 nisi
1820 4609 1933 4678 pari

348 4696 708 4766 concordique
735 4711 997 4753 consensu
1021 4736 1035 4763 ,
1068 4707 1195 4767 puto
1232 4698 1374 4769 quod
1400 4699 1511 4769 jam
1544 4700 1824 4770 intelligas.

416 4785 645 4843 CAPUT
684 4786 775 4845 IV.
804 4789 951 4844 —‘.
981 4788 1256 4858 Apostolus
1279 4792 1410 4844 male
1432 4790 1718 4845 intellectus
1738 4792 1802 4844 de
1821 4806 1933 4843 mlt-

349 4880 467 4935 liere
489 4880 551 4935 ob
569 4882 891 4937 continentia:
911 4883 1153 4952 placitum
1173 4883 1476 4937 discedente.
1500 4884 1606 4939 Sed
1632 4898 1741 4939 rem
1765 4878 1935 4953 ipsam

345 4971 506 5043 paulo
548 4972 788 5043 apertius
834 4973 1215 5042 proloquamur
1236 5014 1250 5037 ,
1281 4984 1337 5027 et
1372 4975 1524 5043 quasi
1552 4976 1939 5029 consdtuamus

340 5075 470 5119 ante
518 5065 726 5120 oculos.
774 5066 913 5120 Ecce
953 5066 1151 5134 placuit
1179 5066 1505 5120 continentia
1550 5065 1789 5131 mulieri,
1824 5067 1938 5121 viro

345 5173 454 5215 non
487 5158 686 5227 placutt
717 5176 733 5212 :
763 5158 1011 5215 discessit
1046 5158 1117 5212 ab
1144 5173 1211 5212 eo
1237 5159 1446 5223 titulicr,
1474 5168 1527 5213 et
1570 5160 1733 5227 cuipit
1761 5158 1939 5213 vivere

341 5251 703 5313 continenter,
733 5249 846 5320 ipsa
869 5250 1073 5305 scilicet
1091 5258 1237 5306 casta
1263 5264 1510 5303 mansura
1529 5290 1543 5313 ,
1580 5250 1673 5302 sed
1702 5249 1897 5303 tactura
1921 5292 1935 5316 ,

337 5341 489 5414 quod
520 5342 780 5398 Dominus
809 5359 918 5398 non
946 5343 1055 5397 vult
1081 5385 1098 5410 ,
1128 5342 1429 5397 adulterum
1460 5340 1628 5395 virum
1661 5356 1674 5405 ;
1704 5341 1791 5409 qui
1817 5356 1938 5395 cum

335 5450 401 5492 se
427 5450 537 5490 non
576 5434 921 5503 continuerit,
941 5436 1164 5490 alteram
1185 5441 1411 5505 quaeret.
1438 5433 1569 5500 Quid
1613 5444 1798 5487 sumus
1854 5434 1938 5488 di-

333 5526 482 5584 cturi
523 5526 754 5590 mulieri,
775 5527 875 5581 nisi
900 5526 1041 5597 quod
1068 5526 1196 5585 dicit
1225 5525 1476 5581 Ecclesia:
1497 5540 1622 5579 sana
1651 5525 1887 5580 doctrina
1918 5526 1943 5580 τ

332 5610 534 5676 Redde
562 5606 801 5674 debitum
832 5619 972 5687 viro,
999 5635 1069 5674 ne
1089 5619 1217 5675 dum
1246 5628 1300 5673 tu
1326 5618 1521 5687 quaeris
1549 5618 1689 5672 unde
1716 5620 1943 5689 amplius

331 5710 652 5778 honoreris,
694 5710 785 5767 ille
825 5711 969 5767 unde
996 5711 1279 5766 damnetur
1306 5711 1559 5765 inveniat.
1594 5711 1702 5765 Hoc
1724 5713 1865 5766 enim
1889 5721 1943 5765 et

333 5805 419 5859 illi
453 5803 762 5861 diceremus
781 5844 799 5871 ,
825 5803 871 5859 si
912 5814 964 5858 te
986 5804 1199 5858 nole’nte
1220 5803 1496 5863 continere
1520 5805 1794 5859 voluisset.
1827 5803 1941 5859 Non

332 5895 490 5955 enim
521 5894 690 5951 habes
733 5903 1053 5966 potestatem
1092 5897 1333 5966 corporis
1360 5897 1469 5962 tui,
1502 5896 1598 5954 sed
1640 5896 1730 5952 ille
1765 5915 1777 5952 :
1806 5896 1943 5953 sicut

904 449 992 506 DE
1036 446 1385 505 conruens
1423 440 1895 503 acueremus,
1940 438 1999 495 s.
2049 440 2417 498 AUGUSTINI
2474 442 2677 500 LIBER
2717 428 2995 504 minus.

2043 572 2141 611 nec
2173 559 2258 612 illc
2295 556 2451 613 habet
2482 572 2792 629 potestatem
2819 565 3060 633 corporis
3082 565 3184 633 sui,
3214 565 3310 625 sed
3345 576 3420 622 tu.
3452 568 3627 627 Nolite

2039 650 2265 704 invicem
2296 652 2560 717 fraudare,
2591 654 2689 709 nisi
2722 673 2785 710 ex
2830 672 3117 712 consensu.
3154 656 3288 714 Cum
3329 659 3445 717 haec
3466 671 3626 731 atque

2038 740 2338 810 hujusmodi
2369 746 2518 815 plura
2549 764 2663 815 quia!
2710 748 2775 801 ad
2820 749 2919 803 hoc
2957 752 3256 818 pertineant
3294 724 3655 823 dixerunt-18,;

2039 834 2279 904 plaeetne
2311 837 2401 891 tibi
2445 846 2503 893 ut
2545 838 2694 894 nobis
2724 840 2913 894 mulier
2939 857 2999 895 ex
3042 842 3140 896 ista
3174 846 3489 901 tuaratioue
3542 826 3650 901 νει-ί

2038 927 2296 996 spondeat
2331 928 2355 982 ?
2384 929 2493 998 Ego
2522 932 2830 1001 Apostolum
2856 932 3013 986 audio
3037 934 3295 990 dicentem
3322 977 3337 1003 ,
3373 936 3625 1006 Prwcipio

2036 1018 2292 1073 mulierem
2318 1038 2347 1074 a
2370 1021 2475 1075 viro
2497 1040 2593 1076 non
2635 1026 2885 1078 discedere
2915 1027 3092 1097 ;quod
3115 1028 3159 1081 si
3194 1027 3492 1093 discesserit,
3525 1048 3627 1086 nta-

2037 1126 2152 1164 nere
2173 1111 2460 1183 innuptam,
2484 1124 2569 1167 aut
2592 1116 2695 1168 viro
2716 1132 2811 1169 suo
2833 1119 3150 1173 reconciliari
3179 1135 3197 1174 :
3227 1136 3350 1176 ecce
3373 1122 3618 1191 discessi,
3642 1120 3645 1131 ’

2037 1201 2161 1256 nolo
2203 1204 2535 1259 reconciliari
2579 1206 2730 1269 viro,
2779 1208 2871 1263 sed
2914 1209 3129 1279 innupta
3172 1227 3477 1281 permaneo.
3508 1215 3626 1270 Non

2036 1292 2179 1347 enim
2213 1293 2324 1359 ait,
2355 1290 2409 1349 Si
2453 1294 2796 1365 discesserit,
2842 1315 3057 1355 manere
3096 1303 3404 1375 innuptam,
3453 1305 3625 1362 donec

2034 1384 2151 1437 viro
2185 1399 2283 1439 suo
2330 1388 2706 1443 reconcilietur
2735 1407 2748 1455 ;
2783 1391 2906 1453 sed,
2944 1409 3182 1459 manere,
3225 1394 3392 1464 inquit
3416 1436 3429 1457 .
3470 1398 3624 1450 innu-

2035 1484 2192 1545 ptam,
2220 1487 2306 1531 aut
2341 1480 2446 1532 viro
2476 1496 2567 1533 suo
2591 1481 2923 1536 reconciliari.
2953 1482 3081 1550 lloc,
3110 1486 3298 1558 inquit,
3331 1487 3504 1552 faciat.
3533 1497 3627 1545 aut

2034 1564 2164 1621 illud
2209 1586 2221 1621 :
2277 1584 2438 1624 unum
2480 1570 2746 1627 eduobus
2794 1573 3096 1645 eligendum
3153 1580 3392 1647 permisit
3444 1597 3459 1646 ;
3513 1597 3625 1638 non

2033 1660 2211 1714 autem
2251 1658 2305 1715 in
2338 1661 2525 1716 borum
2569 1662 2794 1719 alterum
2840 1668 3114 1737 compulit.
3147 1670 3362 1727 Manere
3404 1674 3625 1743 innupta

2032 1750 2196 1823 eligo,
2231 1768 2293 1809 ac
2315 1754 2389 1809 sic
2411 1766 2730 1827 praeceptum
2762 1759 2971 1831 impleo.
3012 1762 3251 1834 Corripe,
3298 1780 3492 1836 argue.
3537 1768 3626 1823 in-

2034 1857 2214 1914 crepa,
2248 1856 2395 1902 utere
2420 1864 2521 1917 qua
2553 1850 2780 1904 volueris
2809 1853 3121 1917 severitate,
3156 1855 3198 1908 si
3231 1872 3479 1926 uupsero.

2106 1935 2329 1992 CAPUT
2371 1937 2583 1994 V.-—-5.
2636 1939 2904 2009 Refutatur
2950 1944 3041 1998 illa
3085 1945 3433 2017 interpretatio
3481 1950 3624 2021 Apo-

2034 2027 2171 2082 stolt.
2214 2028 2348 2096 Quid
2379 2030 2501 2086 huic
2546 2035 2906 2090 contradicam
2940 2053 2955 2103 ;
2992 2039 3089 2092 nisi
3113 2082 3128 2106 ,
3173 2040 3488 2108 Apostolum
3518 2061 3627 2103 non

2036 2117 2175 2174 bene
2222 2120 2519 2192 intelligis?
2562 2122 2744 2195 Neque
2774 2127 2915 2181 enim
2964 2127 3052 2184 ille
3080 2133 3460 2203 praecepisset,
3509 2137 3553 2192 si
3592 2151 3626 2192 a

2034 2213 2150 2267 viro
2199 2211 2543 2279 discesserit,
2588 2217 2859 2286 innuptam
2911 2236 3127 2277 tuanerc
3172 2223 3480 2293 Ittttiierem,
3522 2227 3626 2284 nisi

2035 2321 2153 2361 eam
2191 2308 2276 2362 cui
2299 2308 2572 2363 discedere
2604 2311 2838 2365 licuisset
2862 2354 2877 2378 ,
2905 2312 2992 2368 illa
3023 2330 3123 2368 una
3151 2316 3394 2373 videlicet
3422 2334 3579 2374 causa
3604 2359 3622 2388 ,

2034 2413 2154 2468 quae
2180 2400 2249 2453 ibi
2283 2411 2559 2469 propterea
2587 2403 2739 2456 tacita
2767 2414 2876 2477 est,
2907 2405 3026 2474 quia
3057 2407 3331 2462 notissima
3357 2419 3475 2477 est,
3524 2411 3627 2467 hoc

2036 2496 2139 2554 est,
2163 2488 2546 2544 fornicationis.
2578 2482 2724 2547 nunc
2744 2474 2884 2548 eitim
2909 2495 3077 2551 solam
3097 2498 3233 2551 Deus
3261 2474 3512 2570 magister
3531 2517 3625 2557 ex-

2036 2582 2194 2661 cepit,
2222 2597 2341 2637 cum
2366 2584 2432 2638 de
2458 2584 2768 2641 dimittenda
2793 2587 3102 2658 loqueretur
3128 2606 3293 2646 uxore
3324 2608 3341 2655 ;
3374 2593 3626 2664 deditque

2035 2673 2260 2743 intelligi
2288 2676 2448 2730 talem
2472 2677 2695 2731 formam
2718 2678 2876 2732 etiam
2908 2680 2956 2733 in
2989 2681 3101 2735 viro
3123 2697 3243 2737 esse
3272 2685 3621 2740 servandam:

2036 2767 2287 2835 quoniam
2335 2782 2441 2821 non
2483 2769 2654 2822 solum
2700 2769 2888 2823 mulier
2937 2789 3040 2825 non
3088 2773 3246 2828 habet
3303 2785 3623 2844 potestatem

2037 2858 2277 2927 corporis
2314 2859 2427 2923 sui,
2468 2858 2560 2914 sed
2595 2858 2673 2913 vir
2704 2878 2718 2926 ;
2752 2859 2845 2915 scd
2876 2862 3121 2918 similiter
3149 2874 3203 2920 et
3227 2866 3306 2920 vir
3335 2882 3437 2921 non
3469 2867 3629 2924 habet

2037 2961 2355 3020 potestatem
2383 2954 2626 3023 corporis
2654 2955 2757 3019 sui,
2788 2955 2879 3009 sed
2909 2957 3117 3011 tundier.
3146 2957 3278 3013 Cum
3307 2975 3434 3029 ergo
3479 2971 3627 3016 tuum

2036 3044 2285 3098 maritum
2330 3060 2553 3115 arguere
2583 3045 2649 3099 de
2699 3045 3041 3102 fornicatione
3088 3065 3190 3103 non
3244 3053 3450 3120 possis,
3489 3070 3626 3124 quo-

2037 3132 2197 3187 modo
2222 3136 2377 3203 putas
2402 3134 2540 3205 quod
2576 3136 2642 3190 ab
2669 3152 2734 3190 eo
2761 3136 2987 3192 discedis
3032 3155 3134 3194 non
3179 3143 3425 3197 nubendo
3466 3160 3629 3200 excu-

2038 3240 2187 3293 sare,
2229 3242 2257 3279 a
2288 3243 2393 3297 quo
2438 3227 2527 3281 tibi
2572 3243 2674 3283 nco
2723 3228 2847 3283 licet
2890 3226 3106 3284 omnino
3133 3232 3456 3290 discedere?
3493 3236 3626 3293 Cum

2040 3315 2155 3373 hmo
2184 3333 2212 3372 a
2253 3319 2403 3373 nobis
2433 3319 2622 3374 mulier
2648 3318 2876 3374 audierit
2901 3362 2913 3384 ,
2958 3332 3085 3390 puto
3128 3323 3270 3394 quod
3320 3327 3458 3381 nolis
3503 3344 3627 3384 eam

2038 3411 2117 3467 sic
2141 3412 2467 3481 reSpondere
2494 3453 2508 3475 ,
2539 3422 2594 3467 ut
2619 3412 2755 3467 dicat
2803 3423 3081 3484 pr0pter0a
3122 3431 3180 3472 se
3222 3434 3437 3475 manere
3466 3414 3627 3476 innu-

2037 3510 2182 3572 ptam
2204 3546 2218 3571 ,
2249 3504 2369 3575 quia
2399 3505 2515 3559 sine
2539 3504 2644 3559 ulla
2676 3505 2771 3559 viri
2805 3492 3152 3563 fornicatiode
3179 3509 3457 3575 discessit;
3506 3528 3626 3569 nam

2037 3596 2083 3649 si
2132 3593 2221 3649 ille
2272 3593 2565 3649 fornicatus
2591 3605 2769 3661 esset,
2802 3613 2909 3653 non
2951 3599 3122 3655 solum
3171 3601 3271 3656 sibi
3311 3601 3624 3672 discedere,

2037 3700 2222 3741 verum
2250 3689 2410 3741 etiam
2446 3687 2647 3743 nubere
2677 3689 2931 3745 licuisset.

2108 3775 2335 3833 CAPUT
2359 3777 2443 3833 Vl.
2470 3805 2536 3818 -—-
2557 3779 2607 3833 6.
2636 3779 2876 3833 Pollcutt'i
2895 3782 3158 3847 sententia,
3184 3784 3383 3838 mulieri
3402 3785 3464 3838 ab
3485 3786 3630 3841 adul-

2040 3878 2144 3923 tero
2173 3868 2449 3923 discedenti
2484 3871 2683 3939 nuptias
2708 3887 2822 3923 cum
2845 3871 2947 3925 alio
2988 3890 3089 3926 non
3117 3890 3224 3928 esse
3260 3887 3509 3946 pra'cepto
3548 3894 3631 3935 vs-

2040 3960 2177 4025 titas,
2218 3958 2305 4013 sed
2331 3969 2524 4012 tantum
2554 3971 2758 4029 propter
2789 3962 3112 4033 approbrium
3140 3965 3392 4024 vitandas.
3419 3967 3629 4040 Nequa-

2037 4062 2196 4117 quam
2221 4048 2321 4102 hoc
2363 4048 2447 4101 illa
2478 4048 2677 4104 diceret
2702 4092 2715 4114 ,
2739 4066 2859 4106 cum
2896 4063 2949 4106 et
2989 4052 3103 4123 ipse
3126 4053 3200 4108 sis
3230 4058 3624 4116 verecundatus

2038 4139 2194 4194 istam
2223 4138 2538 4196 mulieribus
2559 4143 2686 4196 dare
2714 4142 3008 4199 licentiam.
3041 4144 3225 4202 Dixisti
3280 4148 3421 4205 enim
3454 4168 3467 4205 :
3506 4171 3524 4203 ι
3572 4148 3630 4209 Si

2048 4246 2067 4283 t
2114 4231 2196 4286 vir
2224 4248 2442 4286 uxorem
2473 4233 2766 4288 adulteram
2790 4233 3090 4304 dimiserit,
3118 4247 3171 4294 et
3198 4240 3356 4296 aliam
3385 4242 3628 4309 duxerit,

2044 4332 2065 4375 ι
2114 4325 2305 4379 mulier
2334 4333 2539 4379 tantum
2573 4327 2918 4397 opprobrium
2958 4327 3195 4388 habebit.
3224 4331 3279 4389 Si
3305 4343 3483 4390 autem
3512 4353 3630 4391 mu-

2047 4434 2066 4467 ‹
2115 4415 2214 4471 lier
2252 4432 2408 4486 supra
2435 4416 2573 4472 dicta
2610 4434 2765 4474 causa
2796 4420 2965 4476 virum
3011 4422 3293 4491 dimiserit,
3334 4427 3496 4481 etalii
3536 4445 3635 4483 nu-

2046 4514 2068 4558 ι
2117 4508 2312 4577 pserit,
2349 4522 2452 4561 non
2486 4511 2567 4561 vir
2598 4519 2823 4574 tantum,
2854 4510 2947 4565 sed
2979 4523 3033 4565 et
3073 4515 3262 4568 mulier
3289 4517 3631 4585 approbrium

2046 4614 2066 4648 ι
2116 4597 2349 4652 habebit.
2390 4617 2409 4649 ι
2441 4597 2601 4666 Cujus
2631 4599 2911 4653 sententia:
2943 4610 3046 4654 tua:
3070 4602 3329 4656 rationem
3360 4600 3630 4661 reddens:

2048 4709 2069 4743 ι
2118 4692 2300 4746 Dicent
2326 4690 2489 4754 enim,
2520 4690 2714 4760 inquis,
2739 4706 2856 4747 eam
2885 4691 3005 4747 ideo
3027 4692 3361 4759 discessisse,
3391 4706 3446 4750 ut
3472 4698 3632 4753 alium

2049 4802 2069 4836 ι
2114 4785 2286 4839 virum
2317 4782 2416 4837 sibi
2448 4783 2796 4854 coniungeret
2820 4828 2833 4852 ,
2865 4787 2963 4841 etsi
3008 4787 3128 4842 talis
3158 4787 3291 4843 forte
3319 4787 3475 4844 fuerit
3500 4807 3634 4861 qua—

2048 4892 2069 4926 t
2117 4874 2184 4929 lis
2228 4890 2257 4929 a
2300 4890 2405 4944 quo
2449 4874 2695 4929 discessit
2748 4892 2761 4942 ;
2812 4893 3068 4947 perquam
3119 4879 3275 4933 facile
3324 4881 3467 4936 enim
3509 4884 3636 4939 viris

2051 4986 2071 5018 ι
2114 4974 2229 5034 est,
2283 4966 2334 5019 iu
2370 4964 2469 5019 hoc
2496 4966 2663 5020 morbi
2696 4967 2876 5021 vitium
2909 4970 3131 5024 irruere.
3161 4969 3214 5025 Si
3250 4981 3426 5025 autem
3474 4985 3525 5028 ct
3555 4974 3634 5045 ip-

2052 5080 2071 5113 ι
2120 5077 2235 5115 sum
2282 5059 2582 5123 dimiserit,
2634 5069 2688 5112 et
2730 5061 2816 5113 alii
2850 5060 3117 5130 nupserit,
3162 5062 3328 5133 magis
3366 5066 3637 5137 magisque

2050 5171 2071 5205 ι
2118 5152 2297 5206 dicent
2342 5166 2459 5206 eam
2508 5152 2941 5205 numerositatem
2985 5152 3219 5206 virorum
3269 5157 3555 5224 appetisse.
3612 5178 3631 5210 ι

2045 5244 2156 5300 llac
2196 5242 2399 5298 reddita
2441 5244 2645 5297 ratione
2670 5242 2945 5297 concludis
2970 5286 2984 5310 ,
3034 5256 3086 5299 ct
3120 5244 3293 5301 dicis:
3329 5267 3346 5298 ι
3390 5248 3481 5302 His
3510 5265 3638 5321 ergo

2052 5354 2072 5391 t
2120 5337 2459 5408 pertractatis
2488 5336 2568 5389 vel
2596 5336 2753 5389 etiam
2785 5334 3039 5391 discussis
3070 5381 3085 5405 ,
3114 5351 3326 5409 Oportet
3358 5340 3635 5396 "mlierem

2053 5438 2072 5482 ι
2118 5430 2293 5484 virum
2341 5426 2593 5493 tolerare,
2634 5436 2724 5481 aut
2772 5426 3044 5496 innuptam
3087 5442 3320 5483 manere.
3363 5448 3380 5480 ι
3433 5429 3635 5485 Bonum

2046 5523 2203 5595 plane
2256 5518 2449 5577 dedisti
2499 5520 2779 5574 consiliqu
2826 5519 3175 5587 mulieribus,
3209 5531 3261 5573 ut
3301 5537 3420 5575 cmu
3468 5524 3639 5580 sciant

2048 5618 2148 5675 sibi
2176 5632 2294 5673 esse
2339 5616 2657 5685 permissum
2685 5655 2700 5679 ,
2746 5613 2791 5669 si
2813 5612 3088 5669 adulteros
3121 5615 3260 5668 virOS
3291 5612 3589 5671 dimiserint
3617 5660 3631 5685 ,

2048 5710 2165 5765 aliis
2205 5706 2508 5778 coniugari,
2558 5721 2662 5760 non
2711 5715 2883 5761 tamen
2936 5700 3133 5759 faciant
3172 5714 3390 5776 prepter
3437 5723 3636 5777 oppro-

2048 5803 2220 5860 brium
2256 5819 2268 5865 ;
2301 5801 2393 5857 sed
2420 5801 2595 5870 potius
2626 5800 2853 5854 tolerent
2883 5799 3041 5853 etiam
3066 5790 3338 5855 adulteros
3366 5799 3527 5867 viros,
3571 5819 3638 5858 ne

2051 5896 2332 5952 videantur
2360 5894 2458 5949 hac
2482 5893 2767 5950 occasione
2787 5892 2967 5949 multis
2990 5892 3127 5949 velle
3148 5890 3383 5959 misceri,
3410 5905 3476 5949 eo
3495 5891 3640 5962 quod
