4142 6212
509 319 617 379 455

505 434 722 495 diﬂlcile
757 432 829 490 sit
867 437 924 487 ut
950 442 1054 484 non
1084 425 1248 480 talem
1274 420 1512 478 inveniat
1539 416 1731 473 mulier
1759 415 1843 470 cui
1889 413 2054 467 nubat
2075 453 2091 478 ,

507 529 680 604 qualis
722 526 880 583 fuerit
915 536 1072 593 quem
1103 516 1334 581 dimisit,
1367 513 1617 586 quoniam
1657 509 1812 564 valde
1860 508 1918 604 in
1954 507 2097 604 hunc

509 597 751 679 morbum
798 622 922 672 sunt
954 609 1216 684 proclives
1240 606 1359 662 viri.
1391 604 1524 658 Cum
1565 616 1692 672 ergo
1736 614 1834 655 nos
1871 597 2096 652 dicimus

506 717 665 770 etiam
696 711 770 766 illi
802 705 1041 772 mulieri,
1073 719 1190 774 qua:
1221 701 1388 755 virum
1416 695 1766 751 fornicantem
1797 689 2093 758 dimiserit,

507 804 658 860 alteri
683 801 881 856 nubere
904 813 1007 851 nun
1041 795 1221 856 licere,
1253 801 1304 846 tu
1327 798 1502 844 autem
1525 787 1657 842 dicis
1681 786 1839 839 licere
1858 780 2095 854 quidem,

508 896 600 952 sed
633 888 1020 962 non‘expedire
1054 905 1069 955 ;
1101 886 1309 956 utrique
1334 881 1520 954 procul
1549 879 1710 934 dubio
1728 877 1954 932 dicimus
1977 888 2098 928 eam

507 1005 626 1058 qua:
663 983 1010 1041 fornicantem
1035 980 1203 1034 virum
1235 975 1483 1038 dimittit,
1513 971 1713 1027 nubere
1744 983 1851 1024 non
1878 967 2096 1023 debere.

501 1079 705 1136 Verum
755 1077 857 1132 hoc
908 1074 1168 1138 interest,
1224 1067 1364 1138 quod
1416 1079 1548 1131 nos,
1595 1060 1807 1134 quando
1846 1058 2101 1128 conjuch

508 1171 665 1226 ambo
693 1165 965 1225 christiani
997 1173 1153 1228 sunt,
1201 1159 1449 1222 mulieri,
1505 1155 1548 1211 si
1593 1171 1621 1208 a
1652 1154 1766 1208 viro
1803 1152 2100 1207 fornicante

508 1259 850 1324 discesserit,
883 1258 1106 1314 dicimus
1133 1270 1236 1310 non
1268 1253 1427 1308 licere
1454 1249 1608 1305 alteri
1642 1247 1844 1302 nubere
1868 1286 1883 1308 ,
1924 1259 1954 1298 a
1983 1244 2101 1298 viro

509 1366 685 1414 autem
715 1370 821 1410 non
861 1350 1158 1407 fornicante
1198 1361 1303 1402 non
1345 1344 1503 1399 licere
1535 1341 1754 1396 omnino
1778 1336 2096 1393 discedere:

511 1460 567 1506 ιιι
593 1463 721 1506 vero
750 1445 903 1509 dicis,
934 1443 978 1497 si
1007 1441 1196 1496 mulier
1220 1453 1249 1491 a
1288 1438 1406 1490 viro
1433 1449 1539 1488 non
1580 1431 1872 1486 fornicante
1901 1426 2103 1482 disces-

510 1537 684 1604 serit,
711 1552 814 1593 non
845 1535 894 1590 ei
941 1533 1103 1588 licere
1144 1529 1297 1585 alteri
1364 1525 1596 1590 nubere,
1651 1530 1869 1593 propter
1895 1532 2100 1590 praece-

511 1644 658 1706 ptum
685 1650 699 1699 ;
724 1631 768 1687 si
793 1639 970 1686 autem
997 1643 1026 1682 a
1053 1624 1346 1680 fornicante
1371 1617 1698 1681 discesserit,
1713 1629 1818 1669 non
1847 1612 1898 1668 ei
1924 1625 2100 1706 expe-

510 1703 626 1783 dire
669 1722 870 1778 nubere
922 1726 1136 1790 propter
1182 1711 1546 1784 opprobrium.
1600 1706 1880 1762 Mulierem
1923 1703 2102 1771 itaque

512 1833 620 1874 non
645 1824 928 1886 nupturam
949 1807 1226 1866 discedere
1251 1822 1282 1860 a
1308 1805 1443 1870 viro,
1477 1803 1588 1858 sive
1622 1798 1920 1855 fornicante
1939 1836 1956 1863 ,
1988 1795 2102 1850 sive

513 1925 620 1966 non
652 1905 946 1962 fornicantc
967 1944 982 1969 ,
1016 1898 1298 1972 permittis.

582 1996 810 2056 CAPUT
852 1992 1112 2050 Vll.—7.
1151 1987 1370 2059 Prwcipi
1399 1995 1454 2040 ut
1483 1987 1698 2055 innupta
1723 1989 1925 2037 maneat
1951 1979 2103 2034 etiam

514 2105 628 2163 qua:
671 2091 732 2143 ab
783 2085 1015 2140 adultero
1060 2080 1288 2136 discedit.
1338 2078 1507 2133 Porro
1553 2076 1738 2131 beatus
1776 2070 2098 2143 Apostolus,

514 2183 623 2250 imo
652 2195 747 2252 per
801 2175 1114 2247 Apostolum
1157 2169 1452 2235 Dominus,
1499 2167 1620 2237 quia
1667 2164 1943 2219 mulierem
1995 2175 2102 2216 non

515 2272 770 2348 permittit
796 2285 826 2325 a
867 2269 982 2323 viro
1012 2282 1114 2321 non
1147 2263 1439 2318 fornicante
1468 2258 1745 2314 discedere
1786 2275 1800 2322 ;
1845 2264 2013 2312 restat
2037 2261 2098 2348 ut

513 2347 631 2425 eam
658 2362 973 2437 prohibeat,
999 2359 1042 2414 si
1065 2354 1403 2420 discesserit,
1435 2352 1638 2407 nubere
1659 2392 1672 2417 ,
1701 2365 1858 2421 quam
1887 2347 2106 2420 permit-

516 2459 577 2516 tit
606 2475 636 2514 a
668 2456 964 2512 fornicante
988 2449 1284 2507 discedere.
1326 2446 1402 2501 De
1439 2460 1542 2516 qua
1568 2444 1710 2499 enim
1739 2441 1952 2506 dicitur,
1987 2439 2042 2494 Si
2073 2455 2103 2494 a

514 2553 631 2608 viro
657 2546 996 2611 discesserit,
1025 2558 1130 2598 non
1161 2539 1322 2594 nubat
1346 2554 1360 2602 ;
1407 2552 1467 2591 ea
1496 2533 1800 2590 conditione
1827 2530 2106 2588 discedere

515 2641 840 2717 permittitur
863 2678 878 2703 ,
910 2644 968 2690 ut
1001 2648 1108 2689 non
1134 2631 1316 2686 nubat.
1360 2627 1414 2684 Si
1446 2643 1573 2696 ergo
1604 2625 1822 2717 elegerit
1845 2638 1970 2717 _ll0n

516 2712 676 2800 bere,
726 2745 830 2791 non
864 2736 947 2784 est
981 2742 1078 2782 cur
1114 2722 1463 2794 prohibeatur
1492 2715 1786 2772 discedere.
1826 2713 1988 2800 Sicut
2016 2712 2106 2767 illa

516 2825 587 2882 de
611 2798 714 2896 qua
744 2819 938 2876 dicitur
959 2858 973 2885 ,
1000 2813 1056 2871 Si
1082 2829 1140 2868 se
1166 2827 1273 2867 non
1302 2808 1559 2871 continet,
1582 2806 1747 2860 nubat
1777 2798 1834 2876 (Ι
1863 2803 1981 2858 Cor.
2010 2818 2104 2868 vn,

517 2916 588 2989 9)
618 2895 639 2983 ;ﬁ
662 2915 760 2970 hac
781 2911 965 2982 utique
989 2904 1299 2964 conditione
1325 2917 1429 2957 non
1454 2900 1728 2956 continere
1755 2895 2104 2970 permittitur,

517 3017 580 3066 ut
596 3016 771 3064 tamen
798 3001 980 3060 nubat.
1000 2999 1058 3058 Si
1083 3011 1213 3069 ergo
1232 2993 1454 3066 elegerit
1476 2992 1696 3056 nubere,
1724 2989 1841 3059 cogi
1879 3003 1983 3043 non
2007 3002 2107 3057 po-

519 3111 626 3163 test
663 3099 957 3159 continere.
1000 3093 1151 3150 Sicut
1194 3104 1321 3160 ergo
1364 3087 1463 3142 ista
1503 3085 1838 3140 incontinens
1867 3081 2108 3151 compel-

518 3197 648 3255 litur
694 3192 928 3254 nubere,
969 3195 1026 3242 ut
1069 3182 1239 3255 possit
1262 3178 1404 3252 quod
1445 3192 1550 3232 non
1579 3176 1818 3232 continet
1841 3188 1947 3228 non
1990 3187 2111 3228 esse

518 3285 822 3348 damnabile
857 3300 872 3339 :
904 3282 982 3337 sic
1018 3295 1048 3333 a
1078 3278 1194 3332 viro
1237 3275 1324 3330 illa
1353 3271 1668 3336 discedens,
1703 3270 1922 3338 innupta
1965 3283 2112 3322 com-

521 3382 737 3455 pellitur
762 3386 1106 3449 permanere,
1139 3377 1198 3423 ut
1227 3367 1392 3438 possit
1422 3363 1563 3435 quod
1591 3361 1952 3455 disceditinon
1992 3375 2112 3416 esse

520 3454 804 3545 culpabile.
828 3464 1176 3535 Culpabilitcr
1214 3470 1392 3514 autem
1437 3472 1466 3510 a
1509 3456 1624 3510 viro
1665 3471 1771 3510 non
1819 3454 2113 3509 fornicante

523 3563 770 3627 discedit,
800 3556 1007 3616 etiamsi
1035 3555 1253 3622 innupta
1284 3548 1653 3622 permanserit.
1679 3547 1772 3601 llla
1801 3561 1928 3616 ergo
1953 3545 2110 3600 innu-

525 3667 618 3731 pta
655 3665 874 3710 manere
903 3645 1242 3721 praecipitur,
1284 3642 1328 3697 si
1361 3639 1698 3702 discesserit,
1731 3654 1847 3708 quae
1873 3653 1904 3692 a
1947 3637 2114 3692 forni-

525 3729 682 3806 cante
721 3742 967 3802 discedit.
996 3741 1124 3807 Quae
1149 3752 1268 3792 cum
1300 3736 1369 3790 ita
1397 3750 1456 3789 se
1486 3731 1754 3798 habeant,
1783 3731 1828 3785 si
1856 3745 1920 3786 eo
1954 3729 2116 3784 modo

524 3837 943 3899 intellexerimus
990 3829 1305 3902 Apostolum
1331 3867 1346 3892 ,
1390 3834 1446 3878 ut
1486 3821 1799 3878 mulieribus
1838 3821 2114 3885 dicamus,

523 3934 600 3992 Ita
629 3932 791 3989 nolite
818 3925 1094 3984 discedere
1121 3937 1152 3977 a
1199 3921 1328 3976 viris
1356 3919 1546 3974 vestris
1585 3918 1743 3972 etiam
1786 3915 1990 4000 pudicis
2011 3956 2025 3980 ,
2061 3922 2120 3970 ut

525 4027 571 4082 si
613 4020 891 4081 discedere
937 4013 1242 4078 volueritis,
1296 4011 1529 4081 innupta:
1581 4007 1886 4070 maneatis;
1927 4020 2117 4061 omnes

525 4117 720 4191 quibus
757 4109 1019 4185 placuerit
1061 4103 1411 4164 continentia,
1448 4101 1607 4154 etiam
1641 4115 1746 4153 non
1776 4098 2116 4154 consentien-

526 4189 668 4268 tibus
698 4205 828 4261 viris
852 4244 867 4267 ,
895 4197 1276 4256 existimabunt
1303 4193 1403 4246 sibi
1440 4191 1600 4246 licere
1638 4189 1933 4245 discedere.
1965 4189 2117 4256 Quod

531 4297 720 4373 procul
759 4291 923 4350 dubio
960 4289 1081 4360 quia
1123 4283 1433 4355 permittere
1473 4297 1578 4335 non
1604 4279 1899 4373 debemus,
1953 4287 2119 4335 restat

529 4372 591 4449 ut
619 4387 761 4461 quod
791 4384 991 4440 dictum
1018 4388 1137 4444 εει,
1186 4377 1229 4432 si
1250 4373 1550 4438 discesserit,
1585 4387 1784 4426 manere
1806 4372 2074 4436 innuptam
2098 4414 2113 4440 ,

530 4487 599 4544 de
620 4484 711 4541 illa
735 4479 935 4536 dictum
965 4474 1161 4529 docere
1179 4469 1490 4533 debeamus,
1523 4465 1610 4521 cui
1631 4465 1791 4520 licere
1818 4464 2115 4532 discedere,

530 4597 638 4640 ηοη
661 4578 840 4647 utique
869 4569 970 4626 nisi
1002 4584 1032 4622 a
1058 4565 1353 4622 fornicanle
1376 4602 1391 4628 ,
1423 4559 1728 4615 didicimus.
1757 4556 1836 4613 Ne
1872 4559 1918 4613 si
1960 4558 2120 4614 aliter

530 4669 898 4732 docuerimus,
929 4661 1150 4718 obtentu
1188 4653 1528 4712 continentia:
1571 4653 1948 4722 perturbemus
1977 4651 2119 4706 chri—

531 4768 704 4825 stiana
741 4757 1014 4830 coniugia,
1063 4761 1120 4810 et
1165 4757 1351 4807 contra
1395 4747 1951 4804 misericordissimum
2002 4747 2116 4802 Do-

531 4858 663 4917 mini
688 4859 1015 4926 praeceptum
1045 4843 1296 4900 dimissos
1333 4855 1365 4895 a
1386 4838 1782 4896 continentibus
1811 4839 2121 4894 mulieribus

530 4949 927 5010 incontinentes
951 4940 1126 5003 viros,
1155 4935 1240 4990 vel
1286 4947 1317 4987 a
1343 4930 1742 4988 continentibus
1776 4931 1905 4986 viris
1935 4931 2118 4986 incon-

532 5043 768 5100 tinentes
786 5033 1036 5091 mulieres
1062 5028 1116 5082 in
1145 5021 1408 5080 adulteria
1440 5021 1844 5092 compellamus.

601 5125 830 5188 CAPUT
872 5122 1000 5180 Vlll.
1020 5148 1092 5162 -—-
1113 5117 1170 5174 8.
1204 5115 1390 5170 Parem
1415 5128 1524 5169 esse
1548 5114 1601 5166 in
1628 5129 1686 5167 ea
1711 5129 1766 5166 re
1789 5117 2003 5185 formam
2030 5113 2124 5168 viri

533 5237 583 5285 et
620 5219 868 5279 mulieris.
892 5211 1024 5268 Illud
1052 5223 1179 5281 ergo
1201 5206 1342 5279 quod
1374 5205 1648 5270 Dominus,
1680 5219 1784 5258 non
1824 5204 2039 5274 quidem
2070 5206 2122 5261 in

532 5329 784 5382 sermone
815 5313 933 5382 ipso
960 5305 1050 5378 qui
1085 5301 1445 5373 exponebatur
1485 5314 1513 5353 a
1562 5298 1718 5355 nobis
1742 5341 1757 5364 ,
1808 5297 1902 5355 sed
1945 5307 2123 5356 tamen

532 5412 660 5470 alibi
683 5410 760 5464 ait
786 5445 803 5473 ,
832 5403 1143 5470 Quicumque
1182 5394 1426 5448 dimiserit
1459 5408 1666 5447 uxorem
1699 5407 1844 5447 suam
1868 5435 1882 5460 ,
1930 5395 2026 5448 nisi
2064 5411 2127 5449 ex

531 5517 692 5563 causa
713 5491 1092 5571 fornicationis,
1115 5493 1160 5541 et
1179 5485 1335 5538 aliam
1359 5483 1577 5548 duxerit,
1601 5483 1878 5539 moechatur
1899 5483 2121 5554 (Matth.

533 5611 652 5661 ιιι,
676 5588 777 5660 9),
808 5585 854 5642 si
878 5583 982 5638 hoc
1006 5576 1167 5635 modo
1196 5573 1591 5644 intelligendum
1617 5583 1699 5629 est
1722 5614 1737 5638 ,
1779 5583 1837 5628 ut
1879 5575 2122 5644 quicum-

535 5699 646 5760 que
687 5691 850 5737 causa
891 5666 1557 5760 fornicationis‘dimiser‘it
1584 5674 1638 5722 et
1680 5665 1838 5723 aliam
1875 5667 2119 5734 duxerit,

538 5756 652 5834 non
677 5767 974 5830 multetur
1000 5781 1017 5831 ;
1061 5776 1167 5818 non
1191 5757 1402 5816 videtur
1433 5758 1486 5813 in
1512 5756 1612 5813 hac
1634 5773 1791 5816 causa
1818 5776 1913 5832 par
1951 5761 2122 5821 forma

1388 303 1474 360 DE
1511 295 1859 358 CONJUGIIS
1897 291 2375 364 ADULTERINIS,
2418 299 2476 354 S.
2517 300 2882 358 AUGUSTINI

3685 305 3796 365 458

2203 428 2322 469 εεεε
2349 413 2522 469 mariti
2561 422 2614 470 et
2643 417 2823 471 uxoris
2856 435 2868 470 :
2903 415 3326 488 quandoquidem
3353 418 3546 474 mulier
3580 419 3794 479 etiamsi

2202 521 2361 562 causa
2392 507 2755 563 fornicationis
2779 508 3084 565 discesserit
3111 524 3142 563 a
3171 509 3288 564 viro
3317 518 3370 565 et
3391 511 3480 566 alii
3513 514 3789 582 nupserit,

2201 598 2500 654 mtechatnr
2532 618 2546 667 ;
2580 601 2658 654 vir
2683 609 2861 656 autem
2899 602 2941 655 si
2987 600 3172 657 eadem
3198 617 3357 657 causa
3385 619 3610 660 uxorem
3635 605 3795 662 dimi-

2203 691 2334 745 serit
2356 701 2410 746 et
2433 692 2590 747 aliam
2612 692 2843 759 duxerit,
2875 708 2979 748 non
3004 693 3318 748 moechatur.
3343 695 3412 748 At
3435 695 3479 750 si
3507 711 3601 765 par
3623 695 3792 754 forma

2203 791 2286 838 est
2313 782 2365 837 in
2397 792 2618 854 utroque
2637 825 2652 850 ,
2681 794 2902 854 uterque
2925 785 3220 840 moechatur
3243 825 3258 851 ,
3287 784 3331 840 si
3366 800 3427 841 se
3464 786 3618 842 alteri
3657 788 3790 858 jun-

2206 878 2382 940 xerit,
2412 878 2572 932 etiam
2611 893 2732 932 cum
2762 893 2818 932 se
2860 893 2890 932 a
2917 877 3210 933 fornicante
3239 877 3573 948 disiunxerit.
3603 880 3793 937 Parem

2205 985 2332 1024 vero
2370 983 2489 1024 esse
2517 967 2741 1024 formam
2773 971 2824 1023 in
2858 968 2957 1023 hac
2999 984 3156 1024 causa
3187 969 3284 1024 viri
3319 978 3476 1040 atque
3514 971 3752 1027 mulieris
3776 1012 3792 1036 ,

2207 1059 2277 1114 ibi
2294 1060 2530 1116 ostendit
2555 1061 2840 1130 Apostolus
2871 1061 3051 1132 (quod
3082 1075 3226 1131 stripe
3264 1063 3792 1118 commemorandum

2205 1155 2325 1222 est)
2352 1195 2366 1217 ,
2415 1151 2500 1206 ubi
2547 1168 2668 1207 cum
2711 1152 2971 1219 dixisset,
3016 1152 3160 1208 Uxor
3180 1169 3280 1206 non
3318 1153 3464 1207 habet
3502 1163 3794 1223 potestatem

2206 1243 2430 1314 corporis
2453 1244 2570 1310 sui,
2602 1243 2691 1299 sed
2709 1245 2784 1297 vir
2812 1259 2833 1308 ,°
2867 1243 3060 1314 adjecit
3095 1253 3255 1314 atque
3300 1245 3414 1310 ait,
3459 1244 3705 1300 Similiter
3748 1255 3796 1301 et

2206 1335 2282 1387 vir
2299 1351 2398 1388 non
2420 1335 2564 1388 habet
2589 1345 2880 1406 potestatem
2901 1337 3127 1406 corporis
3151 1338 3230 1390 sui
3253 1379 3267 1404 ,
3296 1338 3385 1392 sed
3412 1339 3610 1392 mulier.

2276 1425 2504 1482 CAPUT
2544 1426 2634 1481 IX.
2675 1457 2748 1467 —
2783 1428 2836 1484 9.
2881 1427 3107 1498 Objectio
3143 1428 3385 1484 Pollentii
3419 1446 3483 1485 ea:
3510 1430 3620 1485 loco
3648 1429 3793 1483 Mat-

2210 1520 2351 1574 thwi.
2397 1519 2669 1590 Refellitur
2705 1537 2770 1575 ex
2796 1521 2952 1574 simili
2989 1521 3100 1574 loco
3141 1519 3341 1574 Jacobi.
3393 1519 3606 1576 Peccata
3643 1522 3794 1592 igno-

2216 1616 2457 1669 rantium.
2491 1613 2576 1670 Ea:
2607 1614 2783 1669 Marco
2829 1625 2873 1668 et
2915 1613 3058 1668 Luca
3101 1614 3372 1670 Matthteus
3413 1615 3791 1686 intelligendus.

2215 1724 2234 1756 ‹
2269 1705 2376 1762 Cur
2401 1721 2545 1777 ergo,
2579 1706 2773 1776 inquis,
2803 1705 3117 1776 interposuit
3143 1703 3400 1761 Dominus
3422 1720 3639 1760 causam
3685 1703 3799 1760 for-

2213 1817 2232 1849 ι
2266 1798 2568 1863 nicationis,
2595 1805 2649 1852 et
2675 1812 2780 1852 non
2808 1798 2982 1867 potius
3004 1797 3324 1868 generaliter
3345 1797 3438 1862 ait,
3463 1796 3796 1868 Quicumque

2214 1909 2233 1942 ι
2267 1889 2535 1946 dimiserit
2563 1905 2782 1946 uxorem
2825 1905 2974 1945 suam
3004 1899 3058 1946 et
3085 1890 3244 1946 aliam
3281 1890 3510 1957 duxerit,
3554 1891 3795 1947 moecha-

2215 2002 2235 2036 ι
2273 1991 2392 2049 ιιιι·;
2422 1983 2466 2038 si
2492 1990 2544 2038 et
2571 1983 2660 2038 ille
2680 1981 2923 2039 machus
2950 1991 3033 2039 est
3060 1985 3099 2048 ⁸,
3129 1983 3220 2054 qui
3239 1983 3459 2038 dimissa
3496 1981 3798 2040 fornicante

2213 2093 2234 2128 ι
2266 2075 2495 2132 muliere
2524 2075 2744 2131 alteram
2784 2074 2964 2131 ducit?
2997 2093 3016 2127 ι
3064 2074 3258 2142 Credo,
3307 2075 3429 2146 quia
3473 2075 3604 2130 illud
3651 2074 3796 2147 quod

2207 2169 2380 2241 majus
2399 2177 2502 2237 est,
2524 2169 2628 2225 hoc
2650 2169 2905 2225 Dominus
2920 2183 3343 2225 commemorare
3374 2171 3394 2201 ²
3421 2169 3606 2224 voluit.
3630 2169 3800 2240 Majas

2209 2262 2350 2317 enim
2377 2259 2695 2316 adulterium
2723 2275 2842 2317 esse
2861 2261 2980 2332 quis
3000 2268 3178 2332 negat,
3195 2275 3364 2316 uxore
3378 2274 3483 2316 non
3502 2261 3800 2318 fornicante

2207 2351 2426 2413 dimissa
2454 2352 2679 2407 alteram
2706 2351 2937 2419 ducere,
2967 2365 3127 2422 quam
3168 2351 3214 2408 si
3255 2350 3605 2408 fornicantem
3650 2353 3802 2424 quis-

2208 2458 2314 2515 que
2341 2442 2640 2509 dimiserit,
2677 2451 2735 2499 et
2763 2452 2889 2498 tunc
2930 2443 3154 2499 alteram
3182 2442 3428 2499 duxerit?
3449 2442 3565 2498 Non
3591 2443 3715 2515 quia
3741 2451 3802 2500 et

2212 2537 2314 2592 hoc
2339 2535 2662 2592 adulterium
2689 2552 2794 2592 non
2823 2546 2937 2603 est;
2965 2537 3059 2594 sed
3083 2539 3208 2609 quia
3233 2539 3409 2595 minus
3437 2547 3539 2605 est,
3566 2539 3658 2594 ubi
3691 2540 3802 2596 for-

2212 2630 2425 2686 nicante
2447 2629 2668 2686 dimissa
2697 2631 2866 2687 altera
2914 2631 3148 2688 ducitur.
3175 2630 3307 2686 Nam
3341 2632 3502 2687 simili
3531 2632 3801 2690 locutione

2212 2737 2338 2776 usus
2364 2723 2525 2778 etiam
2560 2723 2850 2793 Apostolus
2874 2722 3104 2779 Iacobus
3142 2723 3219 2778 ait
3245 2740 3258 2776 :
3289 2722 3483 2779 Scienti
3523 2724 3680 2796 igitur
3705 2723 3800 2778 bo-

2212 2830 2332 2867 num
2359 2818 2545 2885 facere,
2587 2823 2632 2868 et
2665 2831 2768 2870 non
2798 2815 3026 2884 facienti,
3067 2815 3329 2887 peccatum
3365 2825 3440 2870 est
3475 2815 3554 2870 illi
3578 2815 3802 2886 (Jacobi

2212 2921 2286 2971 tv,
2316 2904 2442 2978 17).
2483 2905 2750 2978 Numquid
2787 2906 2909 2963 ideo
2952 2921 3057 2962 non
3098 2915 3375 2977 peccatum
3413 2918 3496 2963 est
3525 2906 3600 2962 illi
3637 2907 3801 2963 etiam

2217 2997 2309 3068 qui
2335 2998 2510 3054 nescit
2532 2998 2732 3054 bonum
2771 2997 2968 3063 facere,
3010 3006 3068 3054 et
3107 2996 3231 3053 ideo
3269 3012 3378 3053 non
3414 2997 3577 3052 facit?
3605 2995 3803 3069 Utique

2220 3100 2497 3162 peccatum
2527 3101 2640 3159 est;
2669 3091 2765 3149 sed
2794 3091 2898 3148 hoc
2919 3092 3159 3163 gravius,
3190 3091 3236 3146 si
3266 3091 3427 3147 etiam
3453 3091 3588 3146 sciat
3613 3100 3668 3146 et
3693 3105 3801 3146 non

2215 3185 2408 3240 faciat:
2441 3199 2542 3240 nec
2578 3183 2714 3239 illud
2758 3183 2876 3238 ideo
2902 3183 3138 3249 nullum,
3169 3181 3294 3254 quia
3323 3181 3520 3237 minus.
3565 3181 3632 3238 Ut
3672 3197 3803 3253 ergo

2215 3274 2405 3330 eodem
2453 3275 2619 3330 modo
2646 3281 2933 3344 utrumque
2977 3273 3258 3337 dicamus:
3305 3273 3444 3329 sicut
3485 3273 3804 3344 quicumque

2216 3365 2482 3421 dimiserit
2531 3380 2778 3430 uxorem,
2834 3372 3062 3435 excepta
3114 3379 3276 3420 causa
3318 3363 3703 3431 fornicationis,
3747 3372 3806 3420 et

2218 3457 2379 3512 aliam
2407 3456 2642 3523 duxerit,
2668 3455 3002 3524 moechatur;
3033 3456 3103 3512 ita
3133 3457 3453 3527 quicumque
3480 3457 3580 3512 scit
3603 3456 3804 3512 bonum

2218 3547 2418 3612 facere,
2450 3557 2505 3603 et
2532 3563 2639 3604 non
2679 3547 2825 3614 facit,
2855 3555 3058 3618 peccat.
3087 3547 3193 3604 Sed
3228 3547 3673 3618 quemadmodum
3718 3547 3806 3605 hic

2221 3650 2369 3695 recte
2397 3639 2506 3695 dici
2549 3655 2657 3694 non
2683 3648 2892 3710 potest,
2932 3640 3073 3710 Ergo
3115 3640 3161 3695 si
3203 3640 3406 3707 nescit,
3436 3656 3542 3696 non
3588 3649 3802 3712 peccat;

2223 3738 2350 3785 sunt
2373 3728 2521 3786 enim
2558 3729 2718 3784 etiam
2766 3739 2982 3800 peccata
3010 3731 3369 3800 ignorantium
3394 3771 3409 3796 ,
3439 3733 3681 3802 quamvis
3707 3733 3809 3788 mi-

2225 3837 2355 3877 nora
2383 3837 2543 3893 quam
2570 3823 2852 3877 scientium
2879 3839 2892 3875 :
2922 3823 2994 3877 ita
3026 3837 3125 3878 nec
3152 3822 3260 3877 illic
3296 3833 3443 3879 recte
3479 3823 3582 3879 dici
3609 3832 3804 3895 potest,

2227 3915 2370 3985 Ergo
2401 3915 2445 3969 si
2477 3929 2637 3970 causa
2671 3913 3034 3971 fornicationis
3061 3913 3340 3981 dimiserit,
3372 3925 3426 3972 et
3451 3915 3609 3971 aliam
3636 3916 3806 3973 duxe-

2223 4009 2314 4074 rit,
2340 4021 2448 4062 non
2474 4008 2802 4072 moechatur;
2826 4017 2910 4063 est
2933 4007 3076 4063 enim
3101 4007 3386 4064 mtechatio
3409 4024 3596 4065 eorum
3621 4011 3805 4078 etiam,

2221 4100 2311 4170 qui
2342 4099 2475 4154 alias
2505 4100 2726 4166 ducunt,
2755 4099 2956 4155 relictis
2984 4109 3202 4171 propter
3231 4101 3635 4158 fornicationem
3665 4102 3810 4173 prio-

2222 4191 2407 4258 ribus;
2436 4191 2531 4246 sed
2566 4192 2750 4262 utique
2779 4192 2952 4248 minor
2974 4206 3134 4263 quam
3163 4207 3350 4249 eorum
3393 4195 3484 4266 qui
3528 4210 3633 4250 non
3679 4209 3808 4264 pro-

2223 4293 2342 4353 pter
2376 4282 2787 4339 fornicationem
2815 4283 3110 4352 dimittunt,
3140 4293 3196 4340 et
3226 4286 3420 4342 alteras
3448 4285 3667 4341 ducunt.
3699 4285 3808 4342 Po-

2226 4383 2333 4430 test
2359 4375 2574 4446 quippe,
2601 4374 2740 4430 sicut
2762 4374 2961 4430 dictum
2989 4383 3092 4438 est,
3125 4376 3319 4432 Scienti
3343 4377 3523 4431 bonum
3549 4379 3735 4448 facere,
3761 4388 3811 4433 et

2225 4483 2326 4521 non
2352 4466 2578 4538 facienti,
2612 4475 2871 4536 peccatum
2899 4475 2972 4522 est
3001 4467 3118 4533 illi;
3154 4468 3341 4524 eodem
3380 4468 3537 4523 modo
3579 4476 3636 4524 et
3676 4469 3808 4526 illud

2224 4557 2356 4625 dici,
2391 4557 2684 4612 Dimittenti
2715 4573 2935 4613 uxorem
2970 4558 3086 4614 sine
3122 4573 3282 4614 causa
3321 4558 3719 4626 fornicationis,
3754 4570 3809 4616 ct

2222 4647 2382 4702 aliam
2409 4647 2648 4714 ducenti,
2675 4649 2958 4704 moechatio
2985 4658 3069 4704 est
3096 4650 3196 4704 illi.
3223 4650 3681 4719 Quemadmodum
3709 4653 3808 4722 igi-

2225 4748 2312 4796 tur
2332 4741 2376 4796 si
2397 4740 2714 4806 dixerimus,
2742 4740 3074 4812 Quicumque
3100 4743 3380 4798 mulierem
3404 4759 3432 4797 a
3457 4745 3649 4799 marito
3674 4761 3808 4815 prte-

2226 4843 2310 4890 ter
2331 4847 2546 4889 causam
2579 4831 2945 4888 fornicationis
2984 4833 3256 4889 dimissam
3296 4833 3545 4902 duxerit,
3577 4835 3810 4891 moecha-

2227 4935 2335 4992 tur,
2367 4925 2752 4996 proculdubio
2782 4941 2970 4983 verum
3015 4927 3275 4995 dicimus;
3325 4943 3424 4984 nec
3469 4939 3644 4984 tamen
3692 4929 3812 4983 ideo

2230 5017 2380 5072 illum
2407 5019 2495 5088 qui
2527 5027 2749 5089 propter
2775 5033 2989 5074 causam
3018 5019 3386 5075 fornicationis
3413 5019 3686 5075 dimissam
3714 5020 3814 5074 du-

2227 5109 2383 5175 xerit,
2421 5107 2489 5163 ab
2516 5107 2618 5165 hoc
2643 5108 2868 5165 crimine
2891 5109 3239 5177 absolvimus,
3267 5109 3360 5165 sed
3389 5118 3646 5182 utrosque
3675 5127 3813 5166 mo:-

2228 5204 2360 5258 chos
2399 5217 2520 5258 esse
2564 5201 2784 5258 minime
2824 5201 3130 5257 dubitamus
3163 5219 3176 5256 :
3217 5203 3290 5258 ita
3329 5219 3451 5259 eum
3487 5204 3579 5275 qui
3623 5214 3816 5275 prater

2229 5312 2444 5353 causam
2471 5296 2838 5352 fornicationis
2877 5311 3099 5352 uxorem
3125 5295 3392 5354 dimiserit
3418 5305 3474 5353 et
3517 5297 3675 5353 aliam
3713 5297 3819 5352 du-

2229 5390 2390 5456 xerit,
2435 5389 2701 5446 mtechum
2743 5390 3183 5460 pronuntiamus;
3213 5404 3312 5446 nec
3341 5389 3462 5446 idco
3485 5398 3664 5446 tamen
3696 5405 3820 5446 eum

2231 5484 2323 5555 qui
2348 5491 2568 5554 propter
2600 5496 2816 5537 causam
2855 5481 3221 5539 fornicationis
3260 5482 3545 5552 dimiserit,
3589 5490 3647 5540 et
3685 5484 3823 5540 alte-

2232 5591 2346 5632 ram
2373 5575 2608 5638 duxerit,
2639 5573 2707 5629 ab
2734 5572 2892 5645 huius
2919 5575 3121 5644 peccati
3150 5574 3270 5633 labe
3297 5573 3658 5633 defendimus.
3685 5576 3820 5634 Am-

2294 5715 2309 5742 ¹
2346 5718 2470 5769 Μεε.,
2497 5707 2599 5759 siet
2619 5706 2702 5759 ille
2724 5707 3088 5761 mwchatusest.

2293 5775 2313 5804 ³
2346 5779 2396 5822 ln
2418 5778 2548 5832 ttss.,
2571 5772 2922 5823 commendare.
