4122 6212
218 281 317 344 ιειι

219 399 311 456 bos
332 395 498 460 enim,
527 391 657 448 licet
692 386 913 444 alterum
949 381 1120 439 altero
1155 361 1384 449 gravius,
1424 372 1663 429 mmchos
1702 380 1780 425 ta-

221 504 335 544 men
364 498 484 541 esse
507 478 903 551 cognoscimus.
927 473 1110 543 Neque
1137 469 1276 525 enim
1303 465 1583 537 quisquam
1613 462 1683 515 ita
1709 467 1794 515 est

221 575 500 641 absurdus,
542 582 602 627 ut
637 568 904 626 mwchum
954 570 1111 635 neget
1156 576 1274 616 esse
1302 558 1389 628 qui
1418 553 1630 610 duxerit
1675 567 1792 607 eam

222 685 374 741 quam
416 665 642 721 maritus
672 670 889 732 propter
921 670 1133 713 causam
1174 648 1536 707 fornicationis
1580 643 1792 712 abiecit,

223 778 337 819 cum
368 758 638 817 moechum
669 754 810 809 dicat
835 766 955 805 eum
994 749 1084 820 qui
1113 745 1324 801 duxerit
1349 755 1467 797 eam
1505 752 1623 808 quae
1662 750 1799 805 prae-

230 863 306 908 ter
332 863 551 907 causam
586 840 956 900 fornicationis
994 839 1197 907 abiecta
1241 842 1324 889 est
1368 848 1380 884 :
1428 830 1505 884 sic
1546 839 1674 896 ergo
1711 824 1801 879 isti

226 944 382 1000 ambo
415 948 540 996 sunt
578 936 795 993 mmchi.
833 931 984 989 Unde
1022 945 1144 986 cum
1182 926 1428 989 dicimus,
1471 921 1800 988 Quicumque

228 1034 507 1090 mulierem
535 1037 730 1100 praeter
753 1037 967 1079 causam
1001 1014 1365 1074 fornicationis
1405 1027 1435 1066 a
1477 1010 1594 1065 viro
1619 1006 1801 1062 dimis-

229 1142 338 1183 sam
372 1097 609 1188 duxerit,
636 1117 968 1180 moechatur;
991 1112 1060 1167 de
1089 1124 1196 1165 uno
1220 1105 1434 1178 quidem
1463 1103 1699 1173 ipsorum
1724 1097 1805 1188 dif

230 1217 418 1279 cimus,
452 1226 551 1267 nec
582 1185 757 1264 tamen
795 1204 916 1261 ideo
952 1199 1212 1258 mmcbari
1255 1207 1514 1265 negamus
1554 1204 1674 1246 eum
1716 1185 1807 1257 qui

230 1320 343 1360 eam
371 1301 604 1363 duxerit,
631 1312 791 1370 quam
819 1300 1042 1365 propter
1068 1303 1282 1346 causam
1309 1279 1673 1340 fornicationis
1700 1292 1808 1332 ma-

232 1399 362 1452 ritus
394 1367 699 1450 dimiserit:
730 1388 805 1443 ita
842 1398 963 1440 eum
1006 1382 1165 1437 ambo
1193 1379 1301 1434 sint
1345 1372 1585 1439 mmchi,
1625 1377 1680 1425 et
1721 1367 1809 1422 ille

231 1486 434 1540 scilicet
461 1482 551 1552 qui
594 1476 855 1535 dimiserit
894 1487 1117 1530 uxorem
1160 1482 1311 1524 suam
1358 1472 1555 1537 praeter
1595 1472 1809 1516 causam

233 1571 600 1629 fornicationis
619 1580 673 1625 et
699 1568 857 1623 aliam
879 1562 1111 1625 duxerit,
1139 1566 1195 1615 et
1220 1557 1309 1612 ille
1335 1554 1424 1626 qui
1452 1559 1668 1623 propter
1685 1562 1810 1604 cau-

233 1681 344 1722 sam
381 1660 941 1718 fornicationisuxore
968 1653 1185 1709 dimissa
1226 1663 1286 1705 se
1320 1644 1474 1701 alteri
1521 1640 1811 1713 copulave-

234 1757 296 1812 rit
320 1771 336 1821 ;
372 1752 613 1824 profecto
640 1748 852 1820 quando
876 1746 945 1803 de
971 1760 1079 1801 uno
1105 1756 1291 1799 eorum
1331 1737 1578 1808 legimus,
1604 1748 1713 1789 non
1739 1733 1811 1787 ita

235 1847 533 1915 intelligere
558 1842 838 1905 debemus,
864 1837 1011 1908 quasi
1040 1849 1106 1890 ex
1148 1835 1250 1887 hoc
1285 1830 1417 1885 alter
1449 1825 1692 1884 nttecltus
1717 1840 1813 1879 ne-

238 1948 389 2009 gatus
417 1936 509 2001 sit,
538 1931 684 2003 quod
712 1930 851 1984 alter
874 1938 1158 1995 expressus
1184 1922 1275 1976 sit.

307 2031 395 2084 10.
425 2025 539 2083 Sed
561 2024 605 2078 si
635 2023 738 2076 hoc
764 2017 1085 2087 evangelista
1102 2012 1403 2076 Matthmus,
1424 2010 1545 2079 quia
1564 2019 1818 2078 expressa

242 2137 339 2177 una
370 2116 561 2189 specie
583 2113 806 2167 alteram
834 2108 1015 2173 tacuit,
1038 2104 1164 2161 facit
1187 2102 1256 2157 ad
1299 2098 1691 2171 intelligendum
1719 2096 1821 2151 dif-

246 2212 413 2271 ﬁcile;
442 2200 705 2273 numquid
733 2214 838 2254 non
869 2197 959 2253 alii
980 2194 1303 2267 generaliter
1328 2190 1553 2261 idipsum
1579 2189 1648 2243 ita
1676 2200 1825 2241 com-

245 2303 383 2373 plexi
412 2306 561 2361 sunt,
588 2304 646 2348 ut
674 2292 740 2347 de
768 2300 991 2360 utroque
1040 2293 1221 2356 posset
1263 2282 1520 2353 intelligi?
1555 2280 1685 2335 Nam
1736 2294 1824 2334 se-

245 2369 480 2448 cundum
516 2385 748 2441 Marcum
786 2381 866 2437 sic
893 2378 1146 2448 scriptum
1174 2383 1292 2431 est:
1328 2372 1637 2441 Quicumque
1677 2369 1829 2423 diuti-

244 2484 368 2539 ειτίε
417 2493 627 2533 uxorem
667 2490 834 2539 suam,
881 2480 927 2526 et
973 2470 1181 2523 alterunt
1233 2464 1479 2528 duxerit,
1527 2460 1831 2515 adulterium

246 2571 516 2627 committit
540 2584 692 2637 super
714 2578 858 2628 eam;
887 2572 934 2617 et
958 2562 1002 2617 si
1030 2576 1159 2615 uxor
1188 2557 1434 2612 dimiserit
1469 2554 1632 2609 virum
1660 2569 1827 2618 suum,

246 2674 291 2718 et
317 2662 412 2715 alii
440 2659 686 2729 nupserit,
713 2655 986 2711 ma'cltatur
1019 2650 1206 2725 (Marc.
1231 2664 1285 2714 κ,
1317 2649 1377 2704 ll
1401 2656 1447 2701 et
1472 2644 1591 2718 l2).
1623 2644 1829 2701 Secun-

249 2756 382 2811 dum
425 2752 619 2807 Lucam
646 2749 767 2804 sic:
814 2745 990 2800 Omnis
1028 2743 1113 2813 qui
1157 2739 1361 2795 dimittit
1406 2752 1611 2793 uxorem
1660 2751 1829 2801 suam,

251 2861 296 2902 ct
344 2843 560 2897 alterum
605 2839 764 2905 ducit,
812 2837 1118 2896 mwclmtm;
1159 2840 1206 2886 et
1247 2830 1332 2901 qui
1361 2829 1620 2883 dimissam
1653 2843 1687 2882 a
1724 2825 1833 2881 viro

252 2936 432 3000 ducit,
487 2929 762 2987 mmclmtur
807 2924 978 2998 (Luc.
1025 2937 1116 2978 xw
1140 2964 1157 2989 ,
1216 2921 1281 2976 18
1310 2920 1352 2990 ).
1402 2919 1503 2986 Qui
1553 2931 1682 2990 ergo
1733 2931 1833 2972 nos

255 3041 443 3084 smnus
467 3067 482 3092 ,
532 3032 592 3079 ut
636 3022 910 3083 dicamus,
970 3015 1068 3071 Est
1122 3014 1210 3085 qui
1266 3010 1561 3068 intuebatur
1588 3052 1603 3077 ,
1668 3020 1835 3064 uxore

258 3134 359 3177 sua
386 3116 605 3172 dimissa
632 3113 853 3167 alteram
883 3110 1103 3170 ducens,
1149 3114 1203 3160 et
1247 3110 1329 3157 cst
1374 3102 1462 3171 qui
1496 3100 1596 3155 ltoc
1635 3097 1837 3153 faciens

260 3226 371 3268 non
396 3206 715 3270 intuebatur,
755 3218 876 3258 cum
907 3198 1253 3269 Evangelinm
1281 3195 1423 3250 dicat
1451 3206 1663 3249 onmem
1697 3203 1837 3247 mm-

267 3301 417 3359 cltari
447 3301 539 3370 qui
565 3297 667 3352 ltoe
695 3294 855 3351 facit?
884 3290 1112 3348 Proinde
1140 3288 1183 3343 si
1214 3287 1533 3357 quicumque
1561 3283 1662 3337 hoc
1697 3279 1840 3337 fece-

265 3395 360 3460 rit,
404 3392 457 3447 id
484 3397 587 3455 est,
618 3386 792 3442 onmis
819 3383 909 3454 qui
938 3381 1039 3437 ltoc
1062 3379 1271 3445 fecerit,
1314 3386 1370 3431 ut
1410 3389 1573 3431 uxore
1616 3387 1712 3428 sua
1753 3370 1837 3427 di-

265 3487 428 3542 missa
456 3482 676 3539 alteram
701 3478 880 3542 ducat,
907 3471 1239 3536 moechatur;
1271 3470 1388 3524 sine
1414 3465 1744 3522 dubitatione
1769 3463 1841 3519 ibi

267 3586 390 3633 sunt
432 3571 610 3637 ambo,
640 3578 696 3625 et
732 3566 821 3638 qui
863 3572 1056 3635 praeter
1096 3574 1311 3617 causam
1357 3554 1737 3622 fornicationis,
1787 3561 1843 3609 et

268 3668 358 3740 qui
408 3673 623 3736 propter
664 3672 878 3716 causam
923 3653 1283 3711 fornicationis
1324 3650 1541 3706 dimittit
1588 3661 1835 3703 uxorem.

273 3738 383 3816 llnc
411 3767 494 3814 est
517 3754 657 3812 enim
677 3793 693 3821 ,
727 3750 1032 3819 Quicumque
1067 3743 1309 3801 dimiserit
1335 3759 1354 3796 :
1382 3740 1482 3798 hoc
1516 3748 1618 3808 est,
1655 3738 1833 3793 Omnis

270 3851 355 3920 qui
386 3848 611 3902 dimittit.

342 3937 569 3995 CAPUT
625 3934 692 3990 Χ.
745 3962 816 3974 —
861 3931 949 4001 ll.
1006 3926 1236 3984 llattlnei
1284 3925 1423 3980 locus
1496 3927 1736 3976 tractatus
1792 3917 1848 3970 in

276 4033 415 4088 libris
469 4045 594 4098 quos
641 4026 759 4097 legit
815 4021 1096 4078 Pollentius
1117 4058 1134 4083 ,
1179 4014 1427 4087 quomodo
1485 4010 1683 4064 habeat.
1732 4004 1849 4060 Non

275 4135 457 4180 autem
484 4119 642 4190 (sicut
695 4115 874 4173 nescio
927 4125 1094 4184 quare
1150 4107 1244 4163 tibi
1294 4106 1464 4159 visum
1510 4100 1676 4190 esti,
1728 4113 1849 4155 cum

279 4209 552 4283 Evangelii
609 4205 894 4264 secumlum
951 4198 1254 4257 Mattlncum
1317 4192 1476 4248 verba
1518 4189 1811 4260 proferrem
1833 4228 1848 4254 ,

282 4280 596 4377 praetenuis:
627 4297 767 4370 quod
796 4297 1050 4366 scriptum
1079 4297 1193 4354 est,
1235 4296 1284 4342 et
1327 4285 1482 4339 aliam
1527 4280 1726 4335 duxerit
1738 4294 1759 4344 ,'
1799 4286 1854 4334 et

283 4372 359 4460 sic
383 4393 513 4457 dixi,
539 4390 812 4445 mmclmtur
843 4402 861 4441 :
899 4382 994 4440 sed
1035 4396 1097 4437 ea
1124 4377 1281 4436 verba
1322 4374 1471 4446 posui
1498 4387 1616 4443 quae
1645 4372 1698 4426 in
1734 4384 1852 4426 ser-

285 4499 444 4539 mone
488 4481 580 4536 illo
620 4478 826 4551 prolixo
866 4476 1128 4546 leguntur,
1170 4483 1328 4540 quem
1373 4463 1627 4521 Dominus
1670 4460 1856 4518 habuit

286 4575 339 4630 in
369 4582 567 4628 monte.
603 4570 755 4625 llunc
781 4565 924 4622 enim
952 4558 1282 4618 traetandmn
1322 4568 1654 4625 susceperam
1678 4592 1694 4619 ,
1735 4567 1855 4623 quae

287 4664 445 4721 verba
472 4662 579 4718 illic
611 4662 681 4715 ita
708 4658 1034 4728 legunturut
1071 4649 1261 4722 posui,
1307 4647 1360 4702 id
1389 4654 1504 4712 cst,
1539 4644 1855 4713 Quicumque

287 4757 528 4813 dimiserit
571 4767 782 4808 uxorem
825 4763 967 4804 suam
986 4787 1003 4814 ,
1043 4751 1250 4813 excepta
1290 4756 1443 4796 causa
1486 4734 1852 4813 fornicationis,

287 4850 406 4922 facit
431 4864 541 4903 eam
566 4841 804 4899 maecltari
825 4856 844 4907 ;
869 4849 915 4894 et
937 4838 1023 4908 qui
1046 4834 1266 4890 solutam
1292 4849 1325 4886 a
1352 4831 1458 4884 viro
1488 4829 1708 4891 duxerit,
1733 4840 1858 4880 ma:-

287 4915 486 4995 chatur.
535 4936 634 4995 Ubi
663 4934 763 4991 etsi
793 4929 1044 4987 nonnulla
1081 4923 1403 4993 exemplaria
1429 4920 1604 4977 verbis
1631 4915 1860 4974 diversis

288 5030 537 5088 eumdem
576 5040 791 5083 sensum
831 5022 1027 5077 habent
1054 5018 1451 5085 interpretatum
1477 5051 1492 5076 ,
1536 5025 1640 5065 non
1685 5018 1860 5062 tamen

286 5127 356 5179 ab
381 5138 448 5179 eo
485 5119 627 5192 quod
661 5114 969 5185 intelligitur
997 5110 1319 5176 discrepant.
1366 5104 1481 5159 Alia
1525 5103 1721 5172 quippe
1764 5099 1862 5192 ba-

284 5214 436 5281 bcut,
468 5190 777 5279 Quicumque
802 5203 1087 5261 dimiserit:
1125 5199 1247 5264 alia,
1291 5194 1465 5250 Omnis
1488 5194 1572 5262 qui
1599 5190 1860 5245 dimiserit.

286 5307 529 5377 Itemque
564 5304 689 5369 alia,
732 5308 937 5366 excepta
966 5310 1118 5350 causa
1144 5287 1529 5364 fornicationis:
1555 5284 1693 5352 alia,
1733 5298 1864 5355 pra:-

285 5409 365 5455 tcr
390 5413 598 5453 causam
627 5390 975 5466 fornicationis
1001 5404 1018 5443 :
1045 5385 1170 5452 alia,
1196 5383 1293 5437 nisi
1318 5381 1378 5437 ob
1406 5395 1608 5434 causam
1636 5377 1865 5450 fornica-

283 5491 464 5546 tionis.
498 5488 628 5542 ltcm
669 5484 791 5549 alia,
835 5482 922 5553 qui
947 5480 1164 5536 solutam
1191 5492 1225 5530 α
1252 5475 1357 5529 viro
1398 5472 1617 5538 duxerit,
1644 5470 1864 5524 mtecha-

282 5592 373 5637 tur
392 5597 414 5636 :
441 5580 567 5644 alia,
594 5577 681 5650 qui
717 5575 974 5629 dimissam
999 5588 1030 5625 a
1053 5572 1159 5626 uiro
1187 5567 1405 5633 duxerit,
1445 5563 1738 5620 moechatur.
1768 5561 1866 5618 Ubi

278 5677 422 5751 puto
459 5666 605 5741 quod
644 5664 827 5721 videas
871 5662 1002 5718 nilnil
1030 5662 1289 5716 interesse
1310 5657 1383 5721 ad
1412 5671 1569 5714 unam
1599 5652 1868 5719 eamdem-

653 5755 868 5823 Sutc'r
909 5754 1189 5818 Aususr.
1218 5749 1330 5815 VI.
1380 5814 1389 5824 ί

1586 254 1783 312 LIBER
1823 251 2092 310 PRIMUS.

2398 167 2436 193 ’θ’

1901 384 2006 440 quo
2052 369 2390 425 sententiam.
2431 372 2684 440 Quamvis
2710 371 2840 427 illud
2876 359 3145 442 ultimum,
3172 370 3227 428 id
3255 364 3362 443 est,
3392 378 3487 447 qui

1900 459 2159 516 dimissam
2204 478 2236 514 a
2284 463 2389 517 viro
2433 464 2651 531 duxerit,
2673 464 2984 531 moechatur;
3022 464 3077 518 in
3124 478 3188 520 eo
3233 478 3483 523 sermone

1900 567 2058 622 quem
2098 553 2355 609 Dominus
2384 554 2507 610 fecit
2548 556 2602 610 in
2645 565 2858 621 monte,
2906 556 3143 611 nonnulli
3185 556 3398 613 codices
3424 567 3488 614 et

1902 644 2058 711 graeci
2086 653 2139 699 et
2165 644 2314 699 latini
2338 660 2445 700 non
2476 645 2722 700 habeant.
2749 645 2922 701 Credo
2948 655 3247 717 propterea,
3277 649 3399 717 quia
3427 656 3490 703 et

1904 732 1978 788 ibi
2006 733 2296 802 explicatus
2339 734 2427 790 ltic
2455 750 2646 790 sensus
2693 736 2863 804 putari
2908 734 3113 805 potuit,
3159 736 3212 789 in
3250 750 3315 790 eo
3342 736 3490 806 quod

1904 824 2147 893 superius
2163 824 2360 879 dictum
2381 833 2482 891 est,
2498 826 2617 893 facit
2639 842 2750 879 eam
2770 826 3027 880 maechari.
3043 824 3320 893 Quomodo
3340 829 3485 881 enim

1905 914 2123 970 dimissa
2146 916 2203 970 fit
2223 916 2450 981 moecha,
2478 917 2578 970 nisi
2603 916 2694 970 fiat
2712 917 2802 987 qui
2823 933 2938 970 eam
2972 916 3188 971 duxerit
3210 916 3492 972 moechus?

1980 1008 2203 1064 CAPUT
2242 1007 2335 1063 XI.
2365 1039 2438 1050 ——
2474 1007 2563 1063 12.
2597 1008 2739 1062 Alius
2781 1008 3013 1063 Matt/mei
3054 1008 3195 1064 locus
3222 1009 3496 1063 subobscu-

1907 1115 2016 1165 rus,
2048 1099 2136 1153 sed
2176 1098 2240 1152 ab
2282 1099 2598 1169 evangelistis
2641 1098 2759 1153 aliis
2798 1100 3118 1170 explanatus.
3152 1099 3324 1155 Verba
3361 1114 3492 1155 vero

1909 1203 2028 1259 quae
2059 1188 2173 1257 ipse
2198 1189 2444 1258 posuisti,
2474 1188 2614 1242 unde
2653 1188 2749 1243 tibi
2776 1189 2948 1243 visum
2988 1198 3070 1245 est
3099 1205 3205 1245 non
3234 1188 3496 1244 moechari
3526 1208 3531 1214 ε

1911 1292 2035 1333 eum
2055 1277 2143 1348 qui
2172 1286 2388 1348 propter
2410 1292 2625 1333 causam
2651 1278 3014 1333 fornicationis
3036 1294 3255 1334 uxorem
3277 1278 3496 1334 dimise-

1912 1370 1984 1425 rit
2019 1378 2073 1425 et
2116 1370 2272 1424 aliam
2316 1369 2566 1437 duxerit,
2595 1369 2841 1440 {obscure
2880 1370 3092 1440 quidem
3134 1371 3305 1440 posita
3348 1377 3490 1424 sunt.

1914 1460 2066 1518 Unde
2095 1477 2199 1517 non
2229 1462 2395 1517 miror
2432 1462 2489 1517 in
2525 1462 2603 1516 eis
2638 1460 2994 1531 intelligendis
3039 1460 3284 1516 laborare
3326 1459 3501 1515 lecto—

1914 1570 2029 1611 rem
2054 1573 2068 1609 :
2099 1554 2193 1611 sed
2219 1569 2325 1609 non
2366 1563 2492 1610 sunt
2517 1554 2571 1609 in
2601 1568 2667 1610 eo
2696 1568 2944 1609 sermone
2971 1552 3210 1620 Domini,
3249 1551 3338 1621 qui
3374 1561 3505 1606 tunc

1916 1662 1946 1701 a
1973 1663 2061 1703 me
2089 1646 2432 1713 tractabatur,
2478 1645 2690 1716 quando
2719 1647 2806 1701 illa
2848 1646 3176 1717 conscripsi,
3216 1660 3334 1716 quae
3377 1660 3507 1700 cum

1918 1738 2125 1809 legeres
2152 1747 2207 1794 te
2229 1747 2532 1793 moverunt.
2566 1737 2703 1792 Alibi
2737 1737 2933 1807 quippe
2968 1736 3105 1791 idem
3132 1735 3414 1789 Mattlueus
3438 1748 3508 1788 ea

1924 1830 2207 1885 Dominum
2250 1828 2451 1884 dixisse
2490 1828 2749 1895 narravit,
2781 1842 2887 1882 non
2916 1842 3036 1882 cum
3063 1827 3210 1881 illum
3238 1826 3505 1896 prolixum

1920 1920 2122 1976 faceret
2165 1919 2220 1974 in
2257 1926 2439 1973 monte
2469 1932 2795 1983 sermonem,
2843 1917 2937 1972 sed
2980 1931 3101 1972 cum
3148 1917 3507 1986 interrogatus

1921 2019 2067 2068 esset
2092 2025 2123 2064 a
2151 2009 2434 2065 Pbarisaeis
2460 2017 2637 2063 utrum
2668 2008 2854 2063 liceret
2889 2023 2956 2063 ex
2987 2021 3318 2077 quacumque
3345 2020 3505 2061 causa

1924 2102 2192 2158 dimittere
2219 2117 2463 2158 uxorem.
2503 2101 2605 2158 Sec
2644 2100 2785 2171 quod
2825 2100 3001 2154 minus
3029 2099 3339 2170 intelligitur
3365 2099 3506 2169 apud

1927 2195 2256 2263 Matthaeum,
2293 2193 2432 2265 apud
2471 2195 2603 2249 alios
2649 2193 3003 2263 evangelistas
3046 2192 3265 2263 intelligi
3310 2199 3507 2262 potest.

1928 2286 2260 2356 Quapropter
2299 2300 2420 2341 cum
2461 2285 2744 2355 legerimus
2784 2284 2836 2338 in
2882 2282 3169 2353 Evangelio
3216 2282 3514 2339 secundum

1929 2375 2256 2442 Mattha-um,
2284 2376 2599 2446 Quicumque
2623 2374 2867 2429 dimiserit
2894 2389 3104 2427 uxorem
3128 2373 3228 2427 nisi
3265 2372 3325 2427 ob
3351 2374 3520 2445 forni-

1934 2468 2204 2532 cationem,
2242 2474 2337 2521 aut
2369 2466 2510 2537 quod
2553 2465 2721 2534 magis
2759 2465 2813 2519 in
2855 2478 3031 2534 graeco
3069 2463 3282 2534 legitur,
3332 2472 3520 2533 prater

1935 2574 2142 2613 causam
2170 2556 2539 2627 fornicationis,
2566 2564 2613 2610 et
2637 2555 2794 2610 aliam
2822 2554 3043 2626 duxerit,
3066 2554 3343 2608 mmchatur
3364 2569 3385 2608 :
3404 2568 3519 2609 non

1935 2648 2196 2704 debemus
2223 2647 2479 2704 continuo
2518 2654 2707 2717 putare
2741 2645 2891 2700 illum
2936 2659 3043 2700 non
3082 2643 3378 2711 mtecbari,
3423 2632 3521 2715 qui

1935 2745 2155 2809 propter
2181 2751 2395 2793 causam
2426 2735 2792 2791 fornicationis
2836 2733 3121 2799 dimiserit,
3152 2744 3206 2791 et
3231 2735 3388 2790 aliam
3418 2733 3521 2791 du-

1936 2832 2105 2897 xerit;
2151 2829 2244 2885 scd
2290 2827 2809 2898 adhue'ambigere,
2839 2825 3010 2883 donec
3041 2826 3383 2899 Evangelium
3427 2842 3518 2882 se-

1939 2922 2170 2979 cundum
2191 2922 2325 2977 alios
2347 2920 2698 2991 evangelistas
2717 2933 2749 2975 a
2771 2920 2964 2989 quibus
2987 2918 3089 2974 hoc
3112 2930 3386 2975 narratum
3411 2929 3518 2988 est,

1940 3012 2299 3068 consulamus.
2325 3009 2465 3081 Quid
2492 3011 2538 3066 si
2566 3011 2710 3066 enim
2739 3010 3029 3065 secundum
3056 3008 3383 3075 Matthceum,
3410 3025 3518 3065 non

1940 3104 2154 3175 quidem
2179 3101 2321 3173 quod
2348 3102 2415 3157 ad
2437 3101 2574 3155 hanc
2598 3115 2712 3155 rem
2741 3100 2971 3169 pertinet
2999 3099 3198 3153 dictum
3219 3107 3302 3153 est
3325 3106 3518 3165 totum,

1941 3196 2037 3253 sed
2067 3196 2137 3251 ita
2164 3208 2287 3266 pars
2315 3194 2455 3248 dicta
2480 3199 2581 3258 est,
2604 3200 2664 3245 ut
2682 3189 3065 3259 intelligeretur
3091 3204 3123 3244 a
3150 3197 3301 3259 parte
3327 3196 3526 3257 totum,

1941 3289 2084 3362 quod
2120 3296 2366 3359 tanquam
2411 3283 2757 3356 explanantes
2780 3280 2988 3338 Marcus
3016 3288 3071 3337 et
3101 3280 3293 3350 Lucas,
3324 3288 3380 3336 ut
3409 3281 3527 3337 cla-

1944 3389 2090 3438 reret
2115 3380 2268 3451 plena
2295 3377 2580 3444 sententia,
2610 3384 2779 3431 totum
2821 3373 2998 3430 dicere
3022 3373 3364 3430 maluerunt?
3388 3372 3524 3430 Cum

1945 3472 2123 3544 itaque
2148 3471 2375 3543 primum
2401 3482 2510 3524 non
2533 3466 2838 3523 dubitantes
2860 3481 3045 3523 verum
3069 3481 3189 3523 esse
3212 3464 3357 3539 quod
3382 3466 3523 3540 apud

1944 3562 2247 3619 Matthteum
2274 3560 2483 3631 legitur,
2514 3558 2826 3628 Quicumque
2862 3557 3105 3612 dimiserit
3143 3573 3352 3613 uxorem
3377 3576 3527 3613 suam

1947 3664 2152 3724 prapter
2160 3666 2363 3707 causam
2379 3649 2743 3719 fornicationis,
2757 3655 2803 3700 et
2814 3647 2968 3701 aliam
2983 3647 3201 3714 duxerit,
3216 3649 3492 3702 mmcltatur
3506 3664 3529 3712 ;

1948 3743 2315 3814 qumsierimus
2350 3750 2529 3794 utrum
2566 3747 2771 3792 tantum
2810 3737 2911 3791 iste
2947 3737 3248 3792 mtecbetur
3282 3738 3530 3791 ducendo

1949 3835 2172 3889 alteram
2219 3843 2476 3894 uxorem,
2533 3828 2624 3896 qui
2666 3833 2862 3894 praeter
2904 3840 3119 3879 causam
3162 3825 3534 3879 fernicationis

1951 3925 2181 3995 priorem
2212 3919 2495 3982 dimiserit,
2527 3930 2595 3968 an
2621 3914 2795 3968 omnis
2820 3913 2911 3981 qui
2938 3913 3155 3968 dimissa
3191 3928 3358 3967 uxore
3396 3914 3533 3969 alte-

1952 4026 2068 4066 ram
2097 4006 2327 4069 duxerit,
2363 4012 2423 4058 ut
2450 4003 2520 4058 ibi
2557 4003 2626 4056 sit
2650 4001 2808 4054 etiam
2836 3999 2925 4054 ille
2950 4000 3039 4070 qui
3067 4000 3415 4055 fornicantem
3450 4002 3534 4057 di-

1953 4099 2158 4157 miserit
2186 4116 2199 4152 :
2231 4111 2406 4152 nonne
2430 4093 2720 4151 secundum
2746 4091 2977 4148 Marcum
3004 4092 3412 4164 respondebitur
3437 4110 3536 4151 no-

1954 4193 2057 4257 bis,
2085 4189 2222 4259 Quid
2251 4187 2489 4259 quaeritis
2518 4194 2695 4241 utrum
2725 4185 2815 4241 ille
2840 4186 2908 4241 sit
2936 4185 3200 4252 moechus,
3230 4195 3284 4241 et
3310 4186 3400 4243 ille
3424 4204 3531 4244 non

1956 4284 2058 4341 sit?
2084 4282 2396 4351 Quicumque
2423 4278 2668 4335 dimiserit
2692 4294 2900 4333 uxorem
2927 4293 3092 4344 suam,
3115 4286 3164 4331 et
3186 4277 3342 4333 aliam
3369 4280 3536 4335 duxe-

1956 4376 2042 4443 rit,
2067 4374 2371 4430 adulterium
2395 4372 2673 4427 committit.
2700 4368 2889 4425 Nonne
2916 4369 3076 4425 etiam
3103 4370 3397 4427 secundum
3424 4371 3534 4427 Lu-

1958 4482 2074 4523 cam
2117 4465 2320 4522 dicetur
2361 4464 2533 4531 nobis,
2574 4461 2712 4530 Quid
2750 4460 3015 4529 ambigitis
3058 4472 3233 4515 utrum
3302 4463 3394 4517 ille
3439 4463 3537 4530 qui

1962 4566 2180 4630 propter
2207 4569 2423 4613 causam
2466 4551 2829 4607 fornicationis
2872 4565 3093 4605 uxorem
3134 4551 3435 4618 dimiserit,
3480 4559 3540 4608 et

1962 4649 2118 4703 aliam
2162 4644 2405 4711 duxerit,
2450 4657 2557 4697 non
2604 4640 2936 4696 mmchetur?
2977 4640 3154 4695 Omnis
3198 4643 3281 4711 qui
3328 4642 3539 4700 dimittit

1961 4752 2171 4792 uxorem
2197 4750 2361 4800 suam,
2384 4740 2433 4787 et
2462 4730 2600 4786 ducit
2623 4731 2855 4796 alterum,
2880 4732 3174 4787 moechatur.
3196 4733 3276 4788 Ac
3294 4747 3392 4803 per
3412 4734 3540 4800 hoc,

1963 4825 2212 4897 quoniam
2240 4822 2318 4879 fas
2344 4836 2452 4879 non
2479 4828 2562 4876 est
2590 4828 2648 4875 ut
2685 4820 3068 4890 Evangelistas,
3096 4822 3338 4891 quamvis
3363 4822 3543 4879 diver-

1964 4918 2041 4975 sis
2061 4915 2239 4973 verbis
2266 4913 2333 4970 de
2359 4927 2463 4969 una
2490 4928 2552 4969 re
2576 4912 2875 4982 loquentes,
2899 4910 2966 4966 ab
2993 4927 3100 4967 uno
3129 4928 3287 4968 sensu
3322 4916 3541 4972 eadem-

1966 5023 2070 5080 que
2094 5005 2353 5064 sententia
2377 5003 2662 5059 dissentire
2684 5001 2949 5068 dicamus;
2974 5012 3137 5058 restat
3161 5012 3219 5058 ut
3237 5004 3541 5062 Matthaaum

1966 5100 2326 5172 intelligamus
2352 5113 2384 5152 a
2412 5104 2563 5168 parte
2590 5104 2759 5150 totum
2790 5093 3087 5164 signiﬁcare
3112 5097 3364 5168 voluisse,
3391 5114 3542 5155 eam-

1968 5189 2091 5247 dem
2131 5199 2308 5246 tamen
2340 5188 2574 5244 tenuisse
2602 5184 2950 5249 sententiam,
2996 5194 3054 5241 ut
3097 5186 3368 5245 dimittens
3412 5205 3547 5246 uxo-

1967 5297 2083 5339 rem
2108 5290 2165 5338 et
2199 5281 2425 5336 alteram
2460 5279 2662 5335 ducens
2684 5319 2700 5346 ,
2743 5291 2851 5333 non
2890 5278 3102 5347 quidam
3146 5279 3460 5347 mtechetur,
3489 5279 3565 5336 id

1969 5381 2075 5438 est,
2103 5372 2193 5443 qui
2220 5380 2413 5443 praeter
2435 5368 2838 5425 fornicationem
2862 5370 3142 5438 dimiserit,
3172 5371 3384 5441 quidam
3417 5384 3551 5427 vero

1971 5481 2083 5522 non
2109 5463 2425 5531 mmcbetur,
2452 5461 2505 5518 id
2530 5471 2631 5529 est,
2659 5464 2750 5534 qui
2780 5458 2997 5534 propter
3023 5463 3429 5518 fornicationem
3464 5461 3551 5519 di-

1971 5558 2196 5625 miserit,
2221 5556 2315 5614 sed
2344 5556 2519 5613 omnis
2545 5556 2634 5627 qui
2672 5555 2888 5611 dimittit
2916 5570 3138 5611 uxorem
3177 5569 3347 5623 suam,
3372 5544 3573 5615 etde-1.:

1971 5651 2046 5706 cit
2070 5651 2311 5719 alteram,
2334 5646 2594 5705 mmebari
2616 5646 2835 5703 minime
2859 5646 3145 5705 dubitctur.

2931 5734 3267 5827 (ρυεηισ.)
