  <div class='ocr_page' id='page_1' title='image "/cluster/home/n/w/nwhite01/storage/ocr_20150623/40/hvd.32044096580626/237.png"; bbox 0 0 4122 6212; ppageno 0'>
   <div class='ocr_carea' id='block_1_1' title="bbox 532 225 973 300">
    <p class='ocr_par' dir='ltr' id='par_1_1' title="bbox 532 225 973 300">
     <span class='ocr_line' id='line_1_1' title="bbox 532 225 973 300; baseline -0.007 0"><span class='ocrx_word' id='word_1_1' title='bbox 532 225 632 300; x_wconf 58' lang='lat' dir='ltr'><strong><em>eo</em></strong></span> <span class='ocrx_word' id='word_1_2' title='bbox 963 255 973 269; x_wconf 91' lang='lat'><strong><em>-</em></strong></span> 
     </span>
    </p>
   </div>
   <div class='ocr_carea' id='block_1_2' title="bbox 605 328 2116 402">
    <p class='ocr_par' dir='ltr' id='par_1_2' title="bbox 605 328 2116 402">
     <span class='ocr_line' id='line_1_2' title="bbox 605 328 2116 402; baseline -0.006 -10"><span class='ocrx_word' id='word_1_3' title='bbox 605 336 830 394; x_wconf 85' lang='lat' dir='ltr'><strong>CAPUT</strong></span> <span class='ocrx_word' id='word_1_4' title='bbox 859 335 971 392; x_wconf 80' lang='lat' dir='ltr'><strong><em>XII.</em></strong></span> <span class='ocrx_word' id='word_1_5' title='bbox 993 365 1062 378; x_wconf 83' lang='lat'><strong><em>—-</em></strong></span> <span class='ocrx_word' id='word_1_6' title='bbox 1088 335 1177 390; x_wconf 76' lang='grc'><strong>15.</strong></span> <span class='ocrx_word' id='word_1_7' title='bbox 1210 333 1395 388; x_wconf 79' lang='lat' dir='ltr'><strong><em>Mulier</em></strong></span> <span class='ocrx_word' id='word_1_8' title='bbox 1416 331 1475 385; x_wconf 90' lang='lat' dir='ltr'><strong><em>ob</em></strong></span> <span class='ocrx_word' id='word_1_9' title='bbox 1504 331 1884 402; x_wconf 74' lang='lat' dir='ltr'><strong><em>fornicationem</em></strong></span> <span class='ocrx_word' id='word_1_10' title='bbox 1907 328 2116 386; x_wconf 86' lang='lat' dir='ltr'><strong><em>dimissa</em></strong></span> 
     </span>
    </p>
   </div>
   <div class='ocr_carea' id='block_1_3' title="bbox 537 411 2120 497">
    <p class='ocr_par' dir='ltr' id='par_1_3' title="bbox 537 411 2120 497">
     <span class='ocr_line' id='line_1_3' title="bbox 537 411 2120 497; baseline -0.005 -15"><span class='ocrx_word' id='word_1_11' title='bbox 537 444 636 482; x_wconf 87' lang='lat' dir='ltr'><strong><em>non</em></strong></span> <span class='ocrx_word' id='word_1_12' title='bbox 661 411 819 482; x_wconf 84' lang='lat' dir='ltr'><strong><em>cessat</em></strong></span> <span class='ocrx_word' id='word_1_13' title='bbox 839 444 943 483; x_wconf 88' lang='lat' dir='ltr'><strong><em>esse</em></strong></span> <span class='ocrx_word' id='word_1_14' title='bbox 969 441 1097 482; x_wconf 72' lang='lat' dir='ltr'><strong><em>uxor</em></strong></span> <span class='ocrx_word' id='word_1_15' title='bbox 1123 427 1230 497; x_wconf 85' lang='lat' dir='ltr'><strong><em>ejus</em></strong></span> <span class='ocrx_word' id='word_1_16' title='bbox 1250 425 1334 494; x_wconf 88' lang='lat' dir='ltr'><strong><em>qui</em></strong></span> <span class='ocrx_word' id='word_1_17' title='bbox 1357 421 1566 476; x_wconf 78' lang='lat' dir='ltr'><strong><em>dimisit.</em></strong></span> <span class='ocrx_word' id='word_1_18' title='bbox 1591 421 1722 474; x_wconf 86' lang='lat' dir='ltr'><strong><em>Nam</em></strong></span> <span class='ocrx_word' id='word_1_19' title='bbox 1745 433 1799 476; x_wconf 90' lang='lat' dir='ltr'><strong><em>et</em></strong></span> <span class='ocrx_word' id='word_1_20' title='bbox 1831 421 1956 475; x_wconf 90' lang='lat' dir='ltr'><strong><em>illud</em></strong></span> <span class='ocrx_word' id='word_1_21' title='bbox 1977 418 2120 490; x_wconf 90' lang='lat' dir='ltr'><strong><em>quod</em></strong></span> 
     </span>
    </p>
   </div>
   <div class='ocr_carea' id='block_1_4' title="bbox 539 511 2121 586">
    <p class='ocr_par' dir='ltr' id='par_1_4' title="bbox 539 511 2121 586">
     <span class='ocr_line' id='line_1_4' title="bbox 539 511 2121 586; baseline -0.008 -11"><span class='ocrx_word' id='word_1_22' title='bbox 539 522 698 575; x_wconf 87' lang='lat' dir='ltr'><strong><em>etiam</em></strong></span> <span class='ocrx_word' id='word_1_23' title='bbox 727 518 1016 574; x_wconf 88' lang='lat' dir='ltr'><strong><em>secundum</em></strong></span> <span class='ocrx_word' id='word_1_24' title='bbox 1039 525 1232 571; x_wconf 90' lang='lat' dir='ltr'><strong><em>Lucam</em></strong></span> <span class='ocrx_word' id='word_1_25' title='bbox 1265 515 1526 586; x_wconf 73' lang='lat' dir='ltr'><strong><em>sequitur,</em></strong></span> <span class='ocrx_word' id='word_1_26' title='bbox 1553 512 1654 580; x_wconf 86' lang='lat' dir='ltr'><strong><em>Qui</em></strong></span> <span class='ocrx_word' id='word_1_27' title='bbox 1677 513 1936 567; x_wconf 82' lang='lat' dir='ltr'><strong><em>dimissam</em></strong></span> <span class='ocrx_word' id='word_1_28' title='bbox 1961 529 1992 564; x_wconf 93' lang='lat' dir='ltr'><strong><em>a</em></strong></span> <span class='ocrx_word' id='word_1_29' title='bbox 2017 511 2121 564; x_wconf 76' lang='lat' dir='ltr'><strong><em>viro</em></strong></span> 
     </span>
    </p>
   </div>
   <div class='ocr_carea' id='block_1_5' title="bbox 543 604 2124 680">
    <p class='ocr_par' dir='ltr' id='par_1_5' title="bbox 543 604 2124 680">
     <span class='ocr_line' id='line_1_5' title="bbox 543 604 2124 680; baseline -0.004 -16"><span class='ocrx_word' id='word_1_30' title='bbox 543 612 698 678; x_wconf 89' lang='lat' dir='ltr'><strong><em>ducit,</em></strong></span> <span class='ocrx_word' id='word_1_31' title='bbox 728 612 1019 673; x_wconf 70' lang='lat' dir='ltr'><strong><em>moechatur,</em></strong></span> <span class='ocrx_word' id='word_1_32' title='bbox 1045 606 1311 680; x_wconf 88' lang='lat' dir='ltr'><strong><em>quomodo</em></strong></span> <span class='ocrx_word' id='word_1_33' title='bbox 1338 617 1421 661; x_wconf 89' lang='lat' dir='ltr'><strong><em>est</em></strong></span> <span class='ocrx_word' id='word_1_34' title='bbox 1448 606 1668 662; x_wconf 85' lang='lat' dir='ltr'><strong><em>verum?</em></strong></span> <span class='ocrx_word' id='word_1_35' title='bbox 1690 604 1968 672; x_wconf 82' lang='lat' dir='ltr'><strong><em>Quomodo</em></strong></span> <span class='ocrx_word' id='word_1_36' title='bbox 1992 619 2124 658; x_wconf 70' lang='lat' dir='ltr'><strong><em>mm-</em></strong></span> 
     </span>
    </p>
   </div>
   <div class='ocr_carea' id='block_1_6' title="bbox 544 698 2124 770">
    <p class='ocr_par' dir='ltr' id='par_1_6' title="bbox 544 698 2124 770">
     <span class='ocr_line' id='line_1_6' title="bbox 544 698 2124 770; baseline -0.004 -13"><span class='ocrx_word' id='word_1_37' title='bbox 544 703 752 768; x_wconf 89' lang='lat' dir='ltr'><strong><em>chatur,</em></strong></span> <span class='ocrx_word' id='word_1_38' title='bbox 796 701 894 755; x_wconf 87' lang='lat' dir='ltr'><strong><em>nisi</em></strong></span> <span class='ocrx_word' id='word_1_39' title='bbox 925 700 1045 770; x_wconf 84' lang='lat' dir='ltr'><strong><em>quia</em></strong></span> <span class='ocrx_word' id='word_1_40' title='bbox 1077 700 1165 753; x_wconf 86' lang='lat' dir='ltr'><strong><em>illa</em></strong></span> <span class='ocrx_word' id='word_1_41' title='bbox 1195 714 1352 770; x_wconf 89' lang='lat' dir='ltr'><strong><em>quam</em></strong></span> <span class='ocrx_word' id='word_1_42' title='bbox 1381 698 1547 764; x_wconf 80' lang='lat' dir='ltr'><strong><em>duxit,</em></strong></span> <span class='ocrx_word' id='word_1_43' title='bbox 1582 712 1647 752; x_wconf 90' lang='lat' dir='ltr'><strong><em>co</em></strong></span> <span class='ocrx_word' id='word_1_44' title='bbox 1693 700 1902 751; x_wconf 86' lang='lat' dir='ltr'><strong><em>vivente</em></strong></span> <span class='ocrx_word' id='word_1_45' title='bbox 1945 710 1972 749; x_wconf 88' lang='lat' dir='ltr'><strong><em>a</em></strong></span> <span class='ocrx_word' id='word_1_46' title='bbox 2019 710 2124 765; x_wconf 84' lang='lat' dir='ltr'><strong><em>quo</em></strong></span> 
     </span>
    </p>
   </div>
   <div class='ocr_carea' id='block_1_7' title="bbox 543 784 2124 854">
    <p class='ocr_par' dir='ltr' id='par_1_7' title="bbox 543 784 2124 854">
     <span class='ocr_line' id='line_1_7' title="bbox 543 784 2124 854; baseline -0.007 -6"><span class='ocrx_word' id='word_1_47' title='bbox 543 793 760 848; x_wconf 88' lang='lat' dir='ltr'><strong><em>dimissa</em></strong></span> <span class='ocrx_word' id='word_1_48' title='bbox 809 800 922 854; x_wconf 86' lang='lat' dir='ltr'><strong><em>est,</em></strong></span> <span class='ocrx_word' id='word_1_49' title='bbox 971 790 1145 845; x_wconf 84' lang='lat' dir='ltr'><strong><em>adhuc</em></strong></span> <span class='ocrx_word' id='word_1_50' title='bbox 1189 806 1320 844; x_wconf 87' lang='lat' dir='ltr'><strong><em>uxor</em></strong></span> <span class='ocrx_word' id='word_1_51' title='bbox 1362 789 1533 843; x_wconf 89' lang='lat' dir='ltr'><strong><em>aliena</em></strong></span> <span class='ocrx_word' id='word_1_52' title='bbox 1578 787 1693 843; x_wconf 87' lang='lat' dir='ltr'><strong><em>est?</em></strong></span> <span class='ocrx_word' id='word_1_53' title='bbox 1734 787 1789 841; x_wconf 88' lang='lat' dir='ltr'><strong><em>Si</em></strong></span> <span class='ocrx_word' id='word_1_54' title='bbox 1836 785 1977 840; x_wconf 91' lang='lat' dir='ltr'><strong><em>enim</em></strong></span> <span class='ocrx_word' id='word_1_55' title='bbox 2013 784 2124 854; x_wconf 89' lang='lat' dir='ltr'><strong><em>jam</em></strong></span> 
     </span>
    </p>
   </div>
   <div class='ocr_carea' id='block_1_8' title="bbox 545 876 2123 958">
    <p class='ocr_par' dir='ltr' id='par_1_8' title="bbox 545 876 2123 951">
     <span class='ocr_line' id='line_1_8' title="bbox 545 876 2123 951; baseline -0.005 -13"><span class='ocrx_word' id='word_1_56' title='bbox 545 900 677 951; x_wconf 72' lang='lat' dir='ltr'><strong><em>sum,</em></strong></span> <span class='ocrx_word' id='word_1_57' title='bbox 710 899 814 938; x_wconf 90' lang='lat' dir='ltr'><strong><em>non</em></strong></span> <span class='ocrx_word' id='word_1_58' title='bbox 843 883 1031 938; x_wconf 72' lang='lat' dir='ltr'><strong><em>aliena:</em></strong></span> <span class='ocrx_word' id='word_1_59' title='bbox 1059 884 1313 937; x_wconf 90' lang='lat' dir='ltr'><strong><em>miscetur</em></strong></span> <span class='ocrx_word' id='word_1_60' title='bbox 1341 879 1516 948; x_wconf 76' lang='lat' dir='ltr'><strong><em>uxori,</em></strong></span> <span class='ocrx_word' id='word_1_61' title='bbox 1545 880 1725 949; x_wconf 88' lang='lat' dir='ltr'><strong><em>utique</em></strong></span> <span class='ocrx_word' id='word_1_62' title='bbox 1755 896 1859 933; x_wconf 90' lang='lat' dir='ltr'><strong><em>non</em></strong></span> <span class='ocrx_word' id='word_1_63' title='bbox 1887 876 2123 932; x_wconf 59' lang='lat' dir='ltr'><strong><em>moecha-</em></strong></span> 
     </span>
    </p>
   </div>
   <div class='ocr_carea' id='block_1_9' title="bbox 544 961 2159 1043">
    <p class='ocr_par' dir='ltr' id='par_1_9' title="bbox 544 961 2159 1043">
     <span class='ocr_line' id='line_1_9' title="bbox 544 961 2159 1043; baseline -0.006 -11"><span class='ocrx_word' id='word_1_64' title='bbox 544 985 630 1032; x_wconf 90' lang='lat' dir='ltr'><strong><em>tur</em></strong></span> <span class='ocrx_word' id='word_1_65' title='bbox 658 995 669 1030; x_wconf 92' lang='lat'>:</span> <span class='ocrx_word' id='word_1_66' title='bbox 701 978 999 1033; x_wconf 80' lang='lat' dir='ltr'><strong><em>moechatur</em></strong></span> <span class='ocrx_word' id='word_1_67' title='bbox 1023 985 1196 1030; x_wconf 88' lang='lat' dir='ltr'><strong><em>autem</em></strong></span> <span class='ocrx_word' id='word_1_68' title='bbox 1221 993 1234 1042; x_wconf 89' lang='lat'>;</span> <span class='ocrx_word' id='word_1_69' title='bbox 1263 975 1436 1028; x_wconf 89' lang='lat' dir='ltr'><strong><em>aliena</em></strong></span> <span class='ocrx_word' id='word_1_70' title='bbox 1463 982 1545 1029; x_wconf 88' lang='lat' dir='ltr'><strong><em>est</em></strong></span> <span class='ocrx_word' id='word_1_71' title='bbox 1583 988 1711 1043; x_wconf 80' lang='lat' dir='ltr'><strong><em>ergo</em></strong></span> <span class='ocrx_word' id='word_1_72' title='bbox 1737 971 1823 1028; x_wconf 91' lang='lat' dir='ltr'><strong><em>cui</em></strong></span> <span class='ocrx_word' id='word_1_73' title='bbox 1851 971 2122 1026; x_wconf 80' lang='lat' dir='ltr'><strong><em>miscetur.</em></strong></span> <span class='ocrx_word' id='word_1_74' title='bbox 2156 961 2159 964; x_wconf 74' lang='grc'><em>’</em></span> 
     </span>
    </p>
   </div>
   <div class='ocr_carea' id='block_1_10' title="bbox 553 1066 2126 1138">
    <p class='ocr_par' dir='ltr' id='par_1_10' title="bbox 553 1066 2126 1138">
     <span class='ocr_line' id='line_1_10' title="bbox 553 1066 2126 1138; baseline -0.006 -11"><span class='ocrx_word' id='word_1_75' title='bbox 553 1072 723 1127; x_wconf 88' lang='lat' dir='ltr'><strong><em>Porro</em></strong></span> <span class='ocrx_word' id='word_1_76' title='bbox 753 1073 797 1126; x_wconf 82' lang='lat' dir='ltr'><strong><em>si</em></strong></span> <span class='ocrx_word' id='word_1_77' title='bbox 829 1073 1002 1126; x_wconf 88' lang='lat' dir='ltr'><strong><em>aliena</em></strong></span> <span class='ocrx_word' id='word_1_78' title='bbox 1029 1079 1131 1138; x_wconf 88' lang='lat' dir='ltr'><strong><em>est,</em></strong></span> <span class='ocrx_word' id='word_1_79' title='bbox 1163 1069 1264 1123; x_wconf 91' lang='lat' dir='ltr'><strong><em>hoc</em></strong></span> <span class='ocrx_word' id='word_1_80' title='bbox 1289 1078 1390 1133; x_wconf 89' lang='lat' dir='ltr'><strong><em>est,</em></strong></span> <span class='ocrx_word' id='word_1_81' title='bbox 1434 1067 1554 1138; x_wconf 63' lang='lat' dir='ltr'><strong><em>ejus</em></strong></span> <span class='ocrx_word' id='word_1_82' title='bbox 1575 1083 1604 1120; x_wconf 94' lang='lat' dir='ltr'><strong><em>a</em></strong></span> <span class='ocrx_word' id='word_1_83' title='bbox 1635 1081 1738 1138; x_wconf 90' lang='lat' dir='ltr'><strong><em>quo</em></strong></span> <span class='ocrx_word' id='word_1_84' title='bbox 1769 1066 1984 1120; x_wconf 87' lang='lat' dir='ltr'><strong><em>dimissa</em></strong></span> <span class='ocrx_word' id='word_1_85' title='bbox 2009 1072 2126 1128; x_wconf 86' lang='lat' dir='ltr'><strong><em>est;</em></strong></span> 
     </span>
    </p>
   </div>
   <div class='ocr_carea' id='block_1_11' title="bbox 549 1159 2127 1234">
    <p class='ocr_par' dir='ltr' id='par_1_11' title="bbox 549 1159 2127 1234">
     <span class='ocr_line' id='line_1_11' title="bbox 549 1159 2127 1234; baseline -0.006 -14"><span class='ocrx_word' id='word_1_86' title='bbox 549 1165 756 1220; x_wconf 88' lang='lat' dir='ltr'><strong><em>etiamsi</em></strong></span> <span class='ocrx_word' id='word_1_87' title='bbox 809 1172 1027 1234; x_wconf 85' lang='lat' dir='ltr'><strong><em>propter</em></strong></span> <span class='ocrx_word' id='word_1_88' title='bbox 1070 1160 1437 1217; x_wconf 81' lang='lat' dir='ltr'><strong><em>fornicationis</em></strong></span> <span class='ocrx_word' id='word_1_89' title='bbox 1490 1175 1703 1216; x_wconf 83' lang='lat' dir='ltr'><strong><em>causam</em></strong></span> <span class='ocrx_word' id='word_1_90' title='bbox 1747 1159 1965 1213; x_wconf 86' lang='lat' dir='ltr'><strong><em>dimissa</em></strong></span> <span class='ocrx_word' id='word_1_91' title='bbox 2008 1167 2127 1224; x_wconf 83' lang='lat' dir='ltr'><strong><em>est,</em></strong></span> 
     </span>
    </p>
   </div>
   <div class='ocr_carea' id='block_1_12' title="bbox 548 1249 2130 1310">
    <p class='ocr_par' dir='ltr' id='par_1_12' title="bbox 548 1249 2130 1310">
     <span class='ocr_line' id='line_1_12' title="bbox 548 1249 2130 1310; baseline -0.006 0"><span class='ocrx_word' id='word_1_92' title='bbox 548 1255 784 1310; x_wconf 90' lang='lat' dir='ltr'><strong><em>nondum</em></strong></span> <span class='ocrx_word' id='word_1_93' title='bbox 830 1255 1146 1310; x_wconf 89' lang='lat' dir='ltr'><strong><em>dimittentis</em></strong></span> <span class='ocrx_word' id='word_1_94' title='bbox 1187 1269 1319 1308; x_wconf 77' lang='lat' dir='ltr'><strong><em>uxor</em></strong></span> <span class='ocrx_word' id='word_1_95' title='bbox 1344 1267 1463 1307; x_wconf 84' lang='lat' dir='ltr'><strong><em>esse</em></strong></span> <span class='ocrx_word' id='word_1_96' title='bbox 1492 1252 1740 1308; x_wconf 81' lang='lat' dir='ltr'><strong><em>cessavit.</em></strong></span> <span class='ocrx_word' id='word_1_97' title='bbox 1775 1250 1833 1304; x_wconf 90' lang='lat' dir='ltr'><strong><em>Si</em></strong></span> <span class='ocrx_word' id='word_1_98' title='bbox 1859 1258 2033 1304; x_wconf 84' lang='lat' dir='ltr'><strong><em>autent</em></strong></span> <span class='ocrx_word' id='word_1_99' title='bbox 2063 1249 2130 1302; x_wconf 89' lang='lat' dir='ltr'><strong><em>il-</em></strong></span> 
     </span>
    </p>
   </div>
   <div class='ocr_carea' id='block_1_13' title="bbox 551 1342 2135 1419">
    <p class='ocr_par' dir='ltr' id='par_1_13' title="bbox 551 1342 2135 1419">
     <span class='ocr_line' id='line_1_13' title="bbox 551 1342 2135 1419; baseline -0.007 -16"><span class='ocrx_word' id='word_1_100' title='bbox 551 1350 655 1404; x_wconf 89' lang='lat' dir='ltr'><strong><em>lius</em></strong></span> <span class='ocrx_word' id='word_1_101' title='bbox 683 1365 802 1405; x_wconf 88' lang='lat' dir='ltr'><strong><em>esse</em></strong></span> <span class='ocrx_word' id='word_1_102' title='bbox 832 1350 1089 1414; x_wconf 82' lang='lat' dir='ltr'><strong><em>cessavit,</em></strong></span> <span class='ocrx_word' id='word_1_103' title='bbox 1116 1349 1224 1419; x_wconf 88' lang='lat' dir='ltr'><strong><em>jam</em></strong></span> <span class='ocrx_word' id='word_1_104' title='bbox 1259 1347 1416 1417; x_wconf 89' lang='lat' dir='ltr'><strong><em>hujus</em></strong></span> <span class='ocrx_word' id='word_1_105' title='bbox 1445 1355 1526 1400; x_wconf 89' lang='lat' dir='ltr'><strong><em>est</em></strong></span> <span class='ocrx_word' id='word_1_106' title='bbox 1553 1344 1640 1399; x_wconf 88' lang='lat' dir='ltr'><strong><em>cui</em></strong></span> <span class='ocrx_word' id='word_1_107' title='bbox 1665 1343 1817 1397; x_wconf 88' lang='lat' dir='ltr'><strong><em>alteri</em></strong></span> <span class='ocrx_word' id='word_1_108' title='bbox 1845 1342 2056 1410; x_wconf 88' lang='lat' dir='ltr'><strong><em>nupsit:</em></strong></span> <span class='ocrx_word' id='word_1_109' title='bbox 2081 1347 2135 1394; x_wconf 89' lang='lat' dir='ltr'><strong><em>et</em></strong></span> 
     </span>
    </p>
   </div>
   <div class='ocr_carea' id='block_1_14' title="bbox 549 1432 2134 1511">
    <p class='ocr_par' dir='ltr' id='par_1_14' title="bbox 549 1432 2134 1511">
     <span class='ocr_line' id='line_1_14' title="bbox 549 1432 2134 1511; baseline -0.006 -17"><span class='ocrx_word' id='word_1_110' title='bbox 549 1441 595 1494; x_wconf 89' lang='lat' dir='ltr'><strong><em>si</em></strong></span> <span class='ocrx_word' id='word_1_111' title='bbox 621 1441 778 1511; x_wconf 82' lang='lat' dir='ltr'><strong><em>hujus</em></strong></span> <span class='ocrx_word' id='word_1_112' title='bbox 808 1452 909 1508; x_wconf 88' lang='lat' dir='ltr'><strong><em>est,</em></strong></span> <span class='ocrx_word' id='word_1_113' title='bbox 940 1455 1044 1495; x_wconf 90' lang='lat' dir='ltr'><strong><em>non</em></strong></span> <span class='ocrx_word' id='word_1_114' title='bbox 1074 1439 1313 1494; x_wconf 70' lang='lat' dir='ltr'><strong><em>moechus</em></strong></span> <span class='ocrx_word' id='word_1_115' title='bbox 1347 1437 1664 1509; x_wconf 85' lang='lat' dir='ltr'><strong><em>judicandus</em></strong></span> <span class='ocrx_word' id='word_1_116' title='bbox 1704 1446 1806 1500; x_wconf 89' lang='lat' dir='ltr'><strong><em>est,</em></strong></span> <span class='ocrx_word' id='word_1_117' title='bbox 1844 1434 1938 1489; x_wconf 90' lang='lat' dir='ltr'><strong><em>sed</em></strong></span> <span class='ocrx_word' id='word_1_118' title='bbox 1969 1432 2134 1486; x_wconf 85' lang='lat' dir='ltr'><strong><em>mari-</em></strong></span> 
     </span>
    </p>
   </div>
   <div class='ocr_carea' id='block_1_15' title="bbox 552 1523 2137 1602">
    <p class='ocr_par' dir='ltr' id='par_1_15' title="bbox 552 1523 2137 1602">
     <span class='ocr_line' id='line_1_15' title="bbox 552 1523 2137 1602; baseline -0.005 -16"><span class='ocrx_word' id='word_1_119' title='bbox 552 1542 656 1587; x_wconf 91' lang='lat' dir='ltr'><strong><em>tus.</em></strong></span> <span class='ocrx_word' id='word_1_120' title='bbox 684 1533 785 1588; x_wconf 88' lang='lat' dir='ltr'><strong><em>Sed</em></strong></span> <span class='ocrx_word' id='word_1_121' title='bbox 818 1534 938 1602; x_wconf 89' lang='lat' dir='ltr'><strong><em>quia</em></strong></span> <span class='ocrx_word' id='word_1_122' title='bbox 975 1549 1080 1588; x_wconf 91' lang='lat' dir='ltr'><strong><em>non</em></strong></span> <span class='ocrx_word' id='word_1_123' title='bbox 1110 1547 1230 1587; x_wconf 90' lang='lat' dir='ltr'><strong><em>eum</em></strong></span> <span class='ocrx_word' id='word_1_124' title='bbox 1271 1531 1517 1586; x_wconf 87' lang='lat' dir='ltr'><strong><em>maritum</em></strong></span> <span class='ocrx_word' id='word_1_125' title='bbox 1559 1528 1686 1583; x_wconf 88' lang='lat' dir='ltr'><strong><em>dicit</em></strong></span> <span class='ocrx_word' id='word_1_126' title='bbox 1727 1523 2137 1596; x_wconf 82' lang='lat' dir='ltr'><strong><em>Scriptura,scd</em></strong></span> 
     </span>
    </p>
   </div>
   <div class='ocr_carea' id='block_1_16' title="bbox 549 1621 2136 1691">
    <p class='ocr_par' dir='ltr' id='par_1_16' title="bbox 549 1621 2136 1691">
     <span class='ocr_line' id='line_1_16' title="bbox 549 1621 2136 1691; baseline -0.004 -13"><span class='ocrx_word' id='word_1_127' title='bbox 549 1625 850 1690; x_wconf 76' lang='lat' dir='ltr'><strong><em>mtechum;</em></strong></span> <span class='ocrx_word' id='word_1_128' title='bbox 894 1624 1067 1680; x_wconf 88' lang='lat' dir='ltr'><strong><em>adhuc</em></strong></span> <span class='ocrx_word' id='word_1_129' title='bbox 1107 1626 1195 1680; x_wconf 89' lang='lat' dir='ltr'><strong><em>illa</em></strong></span> <span class='ocrx_word' id='word_1_130' title='bbox 1225 1624 1366 1678; x_wconf 89' lang='lat' dir='ltr'><strong><em>illius</em></strong></span> <span class='ocrx_word' id='word_1_131' title='bbox 1412 1632 1513 1687; x_wconf 89' lang='lat' dir='ltr'><strong><em>est,</em></strong></span> <span class='ocrx_word' id='word_1_132' title='bbox 1553 1638 1582 1676; x_wconf 90' lang='lat' dir='ltr'><strong><em>a</em></strong></span> <span class='ocrx_word' id='word_1_133' title='bbox 1629 1637 1735 1691; x_wconf 88' lang='lat' dir='ltr'><strong><em>quo</em></strong></span> <span class='ocrx_word' id='word_1_134' title='bbox 1774 1621 1934 1675; x_wconf 89' lang='lat' dir='ltr'><strong><em>etiam</em></strong></span> <span class='ocrx_word' id='word_1_135' title='bbox 1976 1633 2136 1672; x_wconf 87' lang='lat' dir='ltr'><strong><em>causa</em></strong></span> 
     </span>
    </p>
   </div>
   <div class='ocr_carea' id='block_1_17' title="bbox 551 1711 2136 1787">
    <p class='ocr_par' dir='ltr' id='par_1_17' title="bbox 551 1711 2136 1787">
     <span class='ocr_line' id='line_1_17' title="bbox 551 1711 2136 1787; baseline -0.004 -17"><span class='ocrx_word' id='word_1_136' title='bbox 551 1718 921 1774; x_wconf 79' lang='lat' dir='ltr'><strong><em>fornicationis</em></strong></span> <span class='ocrx_word' id='word_1_137' title='bbox 951 1717 1153 1787; x_wconf 89' lang='lat' dir='ltr'><strong><em>abjecta</em></strong></span> <span class='ocrx_word' id='word_1_138' title='bbox 1187 1726 1285 1772; x_wconf 89' lang='lat' dir='ltr'><strong><em>est.</em></strong></span> <span class='ocrx_word' id='word_1_139' title='bbox 1319 1716 1388 1770; x_wconf 83' lang='lat' dir='ltr'><strong><em>Et</em></strong></span> <span class='ocrx_word' id='word_1_140' title='bbox 1418 1715 1537 1770; x_wconf 90' lang='lat' dir='ltr'><strong><em>ideo</em></strong></span> <span class='ocrx_word' id='word_1_141' title='bbox 1564 1727 1952 1785; x_wconf 87' lang='lat' dir='ltr'><strong><em>quamcumque</em></strong></span> <span class='ocrx_word' id='word_1_142' title='bbox 1977 1711 2136 1766; x_wconf 78' lang='lat' dir='ltr'><strong><em>etiam</em></strong></span> 
     </span>
    </p>
   </div>
   <div class='ocr_carea' id='block_1_18' title="bbox 552 1807 2137 1880">
    <p class='ocr_par' dir='ltr' id='par_1_18' title="bbox 552 1807 2137 1880">
     <span class='ocr_line' id='line_1_18' title="bbox 552 1807 2137 1880; baseline -0.004 -18"><span class='ocrx_word' id='word_1_143' title='bbox 552 1809 666 1880; x_wconf 88' lang='lat' dir='ltr'><strong><em>ipse</em></strong></span> <span class='ocrx_word' id='word_1_144' title='bbox 694 1810 784 1863; x_wconf 89' lang='lat' dir='ltr'><strong><em>illa</em></strong></span> <span class='ocrx_word' id='word_1_145' title='bbox 812 1810 1031 1864; x_wconf 88' lang='lat' dir='ltr'><strong><em>dimissa</em></strong></span> <span class='ocrx_word' id='word_1_146' title='bbox 1060 1810 1206 1864; x_wconf 85' lang='lat' dir='ltr'><strong><em>ducit</em></strong></span> <span class='ocrx_word' id='word_1_147' title='bbox 1233 1823 1476 1876; x_wconf 79' lang='lat' dir='ltr'><strong><em>uxorem,</em></strong></span> <span class='ocrx_word' id='word_1_148' title='bbox 1519 1809 1639 1876; x_wconf 87' lang='lat' dir='ltr'><strong><em>quia</em></strong></span> <span class='ocrx_word' id='word_1_149' title='bbox 1671 1823 1790 1861; x_wconf 89' lang='lat' dir='ltr'><strong><em>cum</em></strong></span> <span class='ocrx_word' id='word_1_150' title='bbox 1823 1807 1996 1860; x_wconf 87' lang='lat' dir='ltr'><strong><em>alieno</em></strong></span> <span class='ocrx_word' id='word_1_151' title='bbox 2023 1818 2137 1856; x_wconf 58' lang='lat' dir='ltr'><strong><em>ma.</em></strong></span> 
     </span>
    </p>
   </div>
   <div class='ocr_carea' id='block_1_19' title="bbox 551 1896 2142 1967">
    <p class='ocr_par' dir='ltr' id='par_1_19' title="bbox 551 1896 2142 1967">
     <span class='ocr_line' id='line_1_19' title="bbox 551 1896 2142 1967; baseline -0.003 -14"><span class='ocrx_word' id='word_1_152' title='bbox 551 1899 658 1954; x_wconf 87' lang='lat' dir='ltr'><strong><em>rito</em></strong></span> <span class='ocrx_word' id='word_1_153' title='bbox 690 1901 1019 1967; x_wconf 90' lang='lat' dir='ltr'><strong><em>concumbit,</em></strong></span> <span class='ocrx_word' id='word_1_154' title='bbox 1051 1901 1292 1954; x_wconf 87' lang='lat' dir='ltr'><strong><em>adultera</em></strong></span> <span class='ocrx_word' id='word_1_155' title='bbox 1321 1910 1422 1954; x_wconf 90' lang='lat' dir='ltr'><strong><em>est.</em></strong></span> <span class='ocrx_word' id='word_1_156' title='bbox 1443 1897 1595 1953; x_wconf 87' lang='lat' dir='ltr'><strong><em>Unde</em></strong></span> <span class='ocrx_word' id='word_1_157' title='bbox 1619 1907 1798 1951; x_wconf 90' lang='lat' dir='ltr'><strong><em>autem</em></strong></span> <span class='ocrx_word' id='word_1_158' title='bbox 1823 1896 1934 1949; x_wconf 84' lang='lat' dir='ltr'><strong><em>ﬁeri</em></strong></span> <span class='ocrx_word' id='word_1_159' title='bbox 1967 1901 2142 1964; x_wconf 92' lang='lat' dir='ltr'><strong><em>potest</em></strong></span> 
     </span>
    </p>
   </div>
   <div class='ocr_carea' id='block_1_20' title="bbox 554 1988 2142 2062">
    <p class='ocr_par' dir='ltr' id='par_1_20' title="bbox 554 1988 2142 2062">
     <span class='ocr_line' id='line_1_20' title="bbox 554 1988 2142 2062; baseline -0.002 -18"><span class='ocrx_word' id='word_1_160' title='bbox 554 1999 615 2044; x_wconf 90' lang='lat' dir='ltr'><strong><em>ut</em></strong></span> <span class='ocrx_word' id='word_1_161' title='bbox 651 1991 858 2047; x_wconf 87' lang='lat' dir='ltr'><strong><em>adulter</em></strong></span> <span class='ocrx_word' id='word_1_162' title='bbox 883 1992 1042 2047; x_wconf 89' lang='lat' dir='ltr'><strong><em>etiam</em></strong></span> <span class='ocrx_word' id='word_1_163' title='bbox 1073 1994 1186 2062; x_wconf 89' lang='lat' dir='ltr'><strong><em>ipse</em></strong></span> <span class='ocrx_word' id='word_1_164' title='bbox 1216 2007 1322 2048; x_wconf 91' lang='lat' dir='ltr'><strong><em>non</em></strong></span> <span class='ocrx_word' id='word_1_165' title='bbox 1349 1993 1440 2060; x_wconf 87' lang='lat' dir='ltr'><strong><em>sit,</em></strong></span> <span class='ocrx_word' id='word_1_166' title='bbox 1466 2007 1588 2046; x_wconf 90' lang='lat' dir='ltr'><strong><em>cum</em></strong></span> <span class='ocrx_word' id='word_1_167' title='bbox 1608 1998 1817 2046; x_wconf 86' lang='lat' dir='ltr'><strong><em>constet</em></strong></span> <span class='ocrx_word' id='word_1_168' title='bbox 1837 1988 2142 2044; x_wconf 84' lang='lat' dir='ltr'><strong><em>adulterare</em></strong></span> 
     </span>
    </p>
   </div>
   <div class='ocr_carea' id='block_1_21' title="bbox 553 2084 929 2156">
    <p class='ocr_par' dir='ltr' id='par_1_21' title="bbox 553 2084 929 2156">
     <span class='ocr_line' id='line_1_21' title="bbox 553 2084 929 2156; baseline 0.008 -21"><span class='ocrx_word' id='word_1_169' title='bbox 553 2097 711 2156; x_wconf 89' lang='lat' dir='ltr'><strong><em>quam</em></strong></span> <span class='ocrx_word' id='word_1_170' title='bbox 739 2084 929 2138; x_wconf 78' lang='lat' dir='ltr'><strong><em>duxit?</em></strong></span> 
     </span>
    </p>
   </div>
   <div class='ocr_carea' id='block_1_22' title="bbox 627 2173 2142 2243">
    <p class='ocr_par' dir='ltr' id='par_1_22' title="bbox 627 2173 2142 2243">
     <span class='ocr_line' id='line_1_22' title="bbox 627 2173 2142 2243; baseline -0.002 -16"><span class='ocrx_word' id='word_1_171' title='bbox 627 2173 850 2229; x_wconf 82' lang='lat' dir='ltr'><strong>CAPUT</strong></span> <span class='ocrx_word' id='word_1_172' title='bbox 881 2174 1198 2230; x_wconf 73' lang='grc' dir='ltr'><strong>Χ111.-14.</strong></span> <span class='ocrx_word' id='word_1_173' title='bbox 1222 2175 1488 2230; x_wconf 87' lang='lat' dir='ltr'><strong><em>Dimittere</em></strong></span> <span class='ocrx_word' id='word_1_174' title='bbox 1514 2174 1742 2243; x_wconf 89' lang='lat' dir='ltr'><strong><em>inﬁdeles</em></strong></span> <span class='ocrx_word' id='word_1_175' title='bbox 1772 2173 2011 2243; x_wconf 83' lang='lat' dir='ltr'><strong><em>conjuges</em></strong></span> <span class='ocrx_word' id='word_1_176' title='bbox 2041 2185 2142 2224; x_wconf 86' lang='lat' dir='ltr'><strong><em>non</em></strong></span> 
     </span>
    </p>
   </div>
   <div class='ocr_carea' id='block_1_23' title="bbox 558 2263 2144 2342">
    <p class='ocr_par' dir='ltr' id='par_1_23' title="bbox 558 2263 2144 2342">
     <span class='ocr_line' id='line_1_23' title="bbox 558 2263 2144 2342; baseline -0.002 -23"><span class='ocrx_word' id='word_1_177' title='bbox 558 2266 712 2342; x_wconf 24' lang='lat' dir='ltr'><strong><em>licere.</em></strong></span> <span class='ocrx_word' id='word_1_178' title='bbox 744 2267 894 2320; x_wconf 90' lang='lat' dir='ltr'><strong><em>sentit</em></strong></span> <span class='ocrx_word' id='word_1_179' title='bbox 941 2266 1228 2321; x_wconf 86' lang='lat' dir='ltr'><strong><em>Pollentius</em></strong></span> <span class='ocrx_word' id='word_1_180' title='bbox 1245 2287 1262 2333; x_wconf 89' lang='lat'><em>;</em></span> <span class='ocrx_word' id='word_1_181' title='bbox 1309 2268 1476 2331; x_wconf 86' lang='lat' dir='ltr'><strong><em>licere,</em></strong></span> <span class='ocrx_word' id='word_1_182' title='bbox 1504 2266 1592 2320; x_wconf 87' lang='lat' dir='ltr'><strong><em>sed</em></strong></span> <span class='ocrx_word' id='word_1_183' title='bbox 1619 2283 1720 2320; x_wconf 90' lang='lat' dir='ltr'><strong><em>non</em></strong></span> <span class='ocrx_word' id='word_1_184' title='bbox 1746 2266 1981 2335; x_wconf 72' lang='lat' dir='ltr'><strong><em>expedire</em></strong></span> <span class='ocrx_word' id='word_1_185' title='bbox 2022 2263 2144 2318; x_wconf 84' lang='lat' dir='ltr'><strong><em>dicit</em></strong></span> 
     </span>
    </p>
   </div>
   <div class='ocr_carea' id='block_1_24' title="bbox 554 2355 2141 2426">
    <p class='ocr_par' dir='ltr' id='par_1_24' title="bbox 554 2355 2141 2426">
     <span class='ocr_line' id='line_1_24' title="bbox 554 2355 2141 2426; baseline -0.001 -16"><span class='ocrx_word' id='word_1_186' title='bbox 554 2356 887 2426; x_wconf 82' lang='lat' dir='ltr'><strong><em>Augustinus.</em></strong></span> <span class='ocrx_word' id='word_1_187' title='bbox 933 2357 1050 2412; x_wconf 83' lang='lat' dir='ltr'><strong><em>Jam</em></strong></span> <span class='ocrx_word' id='word_1_188' title='bbox 1081 2373 1222 2412; x_wconf 88' lang='lat' dir='ltr'><strong><em>nunc</em></strong></span> <span class='ocrx_word' id='word_1_189' title='bbox 1259 2358 1387 2412; x_wconf 90' lang='lat' dir='ltr'><strong><em>illud</em></strong></span> <span class='ocrx_word' id='word_1_190' title='bbox 1428 2358 1698 2413; x_wconf 83' lang='lat' dir='ltr'><strong><em>videamus</em></strong></span> <span class='ocrx_word' id='word_1_191' title='bbox 1725 2355 1864 2425; x_wconf 91' lang='lat' dir='ltr'><strong><em>quod</em></strong></span> <span class='ocrx_word' id='word_1_192' title='bbox 1891 2357 1963 2410; x_wconf 86' lang='lat' dir='ltr'><strong><em>ait</em></strong></span> <span class='ocrx_word' id='word_1_193' title='bbox 1994 2356 2141 2424; x_wconf 85' lang='lat' dir='ltr'><strong><em>Apo-</em></strong></span> 
     </span>
    </p>
   </div>
   <div class='ocr_carea' id='block_1_25' title="bbox 557 2447 2144 2521">
    <p class='ocr_par' dir='ltr' id='par_1_25' title="bbox 557 2447 2144 2521">
     <span class='ocr_line' id='line_1_25' title="bbox 557 2447 2144 2521; baseline -0.003 -15"><span class='ocrx_word' id='word_1_194' title='bbox 557 2451 732 2506; x_wconf 85' lang='lat' dir='ltr'><strong><em>stolus</em></strong></span> <span class='ocrx_word' id='word_1_195' title='bbox 767 2493 781 2516; x_wconf 89' lang='lat'><strong><em>,</em></strong></span> <span class='ocrx_word' id='word_1_196' title='bbox 811 2451 1013 2506; x_wconf 70' lang='lat' dir='ltr'><strong><em>(Jtcleris</em></strong></span> <span class='ocrx_word' id='word_1_197' title='bbox 1039 2461 1204 2505; x_wconf 85' lang='lat' dir='ltr'><strong><em>autent</em></strong></span> <span class='ocrx_word' id='word_1_198' title='bbox 1231 2467 1320 2521; x_wconf 89' lang='lat' dir='ltr'><strong><em>ego</em></strong></span> <span class='ocrx_word' id='word_1_199' title='bbox 1350 2451 1483 2518; x_wconf 84' lang='lat' dir='ltr'><strong><em>dico,</em></strong></span> <span class='ocrx_word' id='word_1_200' title='bbox 1517 2467 1617 2504; x_wconf 90' lang='lat' dir='ltr'><strong><em>non</em></strong></span> <span class='ocrx_word' id='word_1_201' title='bbox 1645 2449 1893 2503; x_wconf 88' lang='lat' dir='ltr'><strong><em>Dontinus</em></strong></span> <span class='ocrx_word' id='word_1_202' title='bbox 1913 2464 1931 2502; x_wconf 91' lang='lat'><strong><em>:</em></strong></span> <span class='ocrx_word' id='word_1_203' title='bbox 1949 2447 2018 2503; x_wconf 86' lang='lat' dir='ltr'><strong><em>ad</em></strong></span> <span class='ocrx_word' id='word_1_204' title='bbox 2045 2449 2144 2502; x_wconf 89' lang='lat' dir='ltr'><strong><em>im-</em></strong></span> 
     </span>
    </p>
   </div>
   <div class='ocr_carea' id='block_1_26' title="bbox 552 2541 2143 2615">
    <p class='ocr_par' dir='ltr' id='par_1_26' title="bbox 552 2541 2143 2615">
     <span class='ocr_line' id='line_1_26' title="bbox 552 2541 2143 2615; baseline 0.001 -17"><span class='ocrx_word' id='word_1_205' title='bbox 552 2545 701 2615; x_wconf 87' lang='lat' dir='ltr'><strong><em>paria</em></strong></span> <span class='ocrx_word' id='word_1_206' title='bbox 727 2546 952 2610; x_wconf 86' lang='lat' dir='ltr'><strong><em>scilicet,</em></strong></span> <span class='ocrx_word' id='word_1_207' title='bbox 985 2547 1086 2602; x_wconf 90' lang='lat' dir='ltr'><strong><em>hoc</em></strong></span> <span class='ocrx_word' id='word_1_208' title='bbox 1116 2555 1218 2612; x_wconf 89' lang='lat' dir='ltr'><strong><em>est,</em></strong></span> <span class='ocrx_word' id='word_1_209' title='bbox 1263 2545 1352 2600; x_wconf 93' lang='lat' dir='ltr'><strong><em>ubi</em></strong></span> <span class='ocrx_word' id='word_1_210' title='bbox 1380 2561 1486 2601; x_wconf 92' lang='lat' dir='ltr'><strong><em>non</em></strong></span> <span class='ocrx_word' id='word_1_211' title='bbox 1532 2546 1690 2600; x_wconf 89' lang='lat' dir='ltr'><strong><em>ambo</em></strong></span> <span class='ocrx_word' id='word_1_212' title='bbox 1719 2543 1994 2598; x_wconf 90' lang='lat' dir='ltr'><strong><em>christiani</em></strong></span> <span class='ocrx_word' id='word_1_213' title='bbox 2026 2541 2143 2599; x_wconf 83' lang='lat' dir='ltr'><strong><em>lue-</em></strong></span> 
     </span>
    </p>
   </div>
   <div class='ocr_carea' id='block_1_27' title="bbox 554 2635 2144 2706">
    <p class='ocr_par' dir='ltr' id='par_1_27' title="bbox 554 2635 2144 2706">
     <span class='ocr_line' id='line_1_27' title="bbox 554 2635 2144 2706; baseline 0 -18"><span class='ocrx_word' id='word_1_214' title='bbox 554 2642 697 2696; x_wconf 84' lang='lat' dir='ltr'><strong><em>rant,</em></strong></span> <span class='ocrx_word' id='word_1_215' title='bbox 745 2637 992 2706; x_wconf 78' lang='lat' dir='ltr'><strong><em>conjugia</em></strong></span> <span class='ocrx_word' id='word_1_216' title='bbox 1033 2637 1283 2706; x_wconf 88' lang='lat' dir='ltr'><strong><em>loquitur.</em></strong></span> <span class='ocrx_word' id='word_1_217' title='bbox 1333 2635 1485 2703; x_wconf 83' lang='lat' dir='ltr'><strong><em>Quod</em></strong></span> <span class='ocrx_word' id='word_1_218' title='bbox 1529 2635 1656 2691; x_wconf 87' lang='lat' dir='ltr'><strong><em>mihi</em></strong></span> <span class='ocrx_word' id='word_1_219' title='bbox 1686 2635 1858 2690; x_wconf 87' lang='lat' dir='ltr'><strong><em>visum</em></strong></span> <span class='ocrx_word' id='word_1_220' title='bbox 1901 2642 1984 2688; x_wconf 90' lang='lat' dir='ltr'><strong><em>est</em></strong></span> <span class='ocrx_word' id='word_1_221' title='bbox 2019 2647 2144 2688; x_wconf 85' lang='lat' dir='ltr'><strong><em>eum</em></strong></span> 
     </span>
    </p>
   </div>
   <div class='ocr_carea' id='block_1_28' title="bbox 557 2725 2144 2796">
    <p class='ocr_par' dir='ltr' id='par_1_28' title="bbox 557 2725 2144 2796">
     <span class='ocr_line' id='line_1_28' title="bbox 557 2725 2144 2796; baseline 0.001 -18"><span class='ocrx_word' id='word_1_222' title='bbox 557 2726 830 2782; x_wconf 89' lang='lat' dir='ltr'><strong><em>monendo</em></strong></span> <span class='ocrx_word' id='word_1_223' title='bbox 856 2727 1076 2784; x_wconf 76' lang='lat' dir='ltr'><strong><em>dixisse.</em></strong></span> <span class='ocrx_word' id='word_1_224' title='bbox 1100 2728 1232 2794; x_wconf 85' lang='lat' dir='ltr'><strong><em>Quia</em></strong></span> <span class='ocrx_word' id='word_1_225' title='bbox 1264 2728 1404 2781; x_wconf 89' lang='lat' dir='ltr'><strong><em>enim</em></strong></span> <span class='ocrx_word' id='word_1_226' title='bbox 1427 2731 1618 2794; x_wconf 75' lang='lat' dir='ltr'><strong><em>conjux</em></strong></span> <span class='ocrx_word' id='word_1_227' title='bbox 1648 2727 1822 2796; x_wconf 86' lang='lat' dir='ltr'><strong><em>ﬁdelis</em></strong></span> <span class='ocrx_word' id='word_1_228' title='bbox 1846 2725 2144 2793; x_wconf 84' lang='lat' dir='ltr'><strong><em>relinquere</em></strong></span> 
     </span>
    </p>
   </div>
   <div class='ocr_carea' id='block_1_29' title="bbox 560 2817 2142 2888">
    <p class='ocr_par' dir='ltr' id='par_1_29' title="bbox 560 2817 2142 2888">
     <span class='ocr_line' id='line_1_29' title="bbox 560 2817 2142 2888; baseline -0.001 -17"><span class='ocrx_word' id='word_1_229' title='bbox 560 2821 844 2888; x_wconf 77' lang='lat' dir='ltr'><strong><em>conjugem</em></strong></span> <span class='ocrx_word' id='word_1_230' title='bbox 888 2819 1036 2874; x_wconf 76' lang='lat' dir='ltr'><strong><em>licitc‘</em></strong></span> <span class='ocrx_word' id='word_1_231' title='bbox 1068 2820 1241 2888; x_wconf 89' lang='lat' dir='ltr'><strong><em>potuit</em></strong></span> <span class='ocrx_word' id='word_1_232' title='bbox 1269 2818 1556 2883; x_wconf 88' lang='lat' dir='ltr'><strong><em>inlidelem,</em></strong></span> <span class='ocrx_word' id='word_1_233' title='bbox 1599 2817 1718 2872; x_wconf 87' lang='lat' dir='ltr'><strong><em>ideo</em></strong></span> <span class='ocrx_word' id='word_1_234' title='bbox 1745 2817 1855 2872; x_wconf 86' lang='lat' dir='ltr'><strong><em>ﬁeri</em></strong></span> <span class='ocrx_word' id='word_1_235' title='bbox 1897 2818 1997 2872; x_wconf 86' lang='lat' dir='ltr'><strong><em>hoc</em></strong></span> <span class='ocrx_word' id='word_1_236' title='bbox 2036 2831 2142 2871; x_wconf 91' lang='lat' dir='ltr'><strong><em>non</em></strong></span> 
     </span>
    </p>
   </div>
   <div class='ocr_carea' id='block_1_30' title="bbox 562 2907 2145 2979">
    <p class='ocr_par' dir='ltr' id='par_1_30' title="bbox 562 2907 2145 2979">
     <span class='ocr_line' id='line_1_30' title="bbox 562 2907 2145 2979; baseline 0.003 -17"><span class='ocrx_word' id='word_1_237' title='bbox 562 2907 844 2975; x_wconf 87' lang='lat' dir='ltr'><strong><em>Dominus,</em></strong></span> <span class='ocrx_word' id='word_1_238' title='bbox 875 2909 970 2964; x_wconf 90' lang='lat' dir='ltr'><strong><em>sed</em></strong></span> <span class='ocrx_word' id='word_1_239' title='bbox 998 2909 1287 2979; x_wconf 84' lang='lat' dir='ltr'><strong><em>Apostolus</em></strong></span> <span class='ocrx_word' id='word_1_240' title='bbox 1319 2908 1582 2977; x_wconf 86' lang='lat' dir='ltr'><strong><em>prohibet.</em></strong></span> <span class='ocrx_word' id='word_1_241' title='bbox 1614 2908 1764 2973; x_wconf 75' lang='lat' dir='ltr'><strong><em>Quod</em></strong></span> <span class='ocrx_word' id='word_1_242' title='bbox 1791 2907 1931 2963; x_wconf 90' lang='lat' dir='ltr'><strong><em>enim</em></strong></span> <span class='ocrx_word' id='word_1_243' title='bbox 1964 2907 2145 2966; x_wconf 82' lang='lat' dir='ltr'><strong><em>Domi-</em></strong></span> 
     </span>
    </p>
   </div>
   <div class='ocr_carea' id='block_1_31' title="bbox 557 2998 2146 3070">
    <p class='ocr_par' dir='ltr' id='par_1_31' title="bbox 557 2998 2146 3070">
     <span class='ocr_line' id='line_1_31' title="bbox 557 2998 2146 3070; baseline -0.001 -17"><span class='ocrx_word' id='word_1_244' title='bbox 557 3013 660 3053; x_wconf 88' lang='lat' dir='ltr'><strong><em>nus</em></strong></span> <span class='ocrx_word' id='word_1_245' title='bbox 705 2999 994 3069; x_wconf 87' lang='lat' dir='ltr'><strong><em>prohibet,</em></strong></span> <span class='ocrx_word' id='word_1_246' title='bbox 1047 2999 1161 3055; x_wconf 85' lang='lat' dir='ltr'><strong><em>ﬁcri</em></strong></span> <span class='ocrx_word' id='word_1_247' title='bbox 1209 3000 1428 3070; x_wconf 77' lang='lat' dir='ltr'><strong><em>omnino</em></strong></span> <span class='ocrx_word' id='word_1_248' title='bbox 1473 3014 1578 3054; x_wconf 91' lang='lat' dir='ltr'><strong><em>non</em></strong></span> <span class='ocrx_word' id='word_1_249' title='bbox 1606 2998 1749 3054; x_wconf 89' lang='lat' dir='ltr'><strong><em>licet.</em></strong></span> <span class='ocrx_word' id='word_1_250' title='bbox 1797 2998 1977 3054; x_wconf 82' lang='lat' dir='ltr'><strong><em>Monet</em></strong></span> <span class='ocrx_word' id='word_1_251' title='bbox 2017 3011 2146 3067; x_wconf 75' lang='lat' dir='ltr'><strong><em>ergo</em></strong></span> 
     </span>
    </p>
   </div>
   <div class='ocr_carea' id='block_1_32' title="bbox 561 3087 2145 3162">
    <p class='ocr_par' dir='ltr' id='par_1_32' title="bbox 561 3087 2145 3162">
     <span class='ocr_line' id='line_1_32' title="bbox 561 3087 2145 3162; baseline 0.001 -20"><span class='ocrx_word' id='word_1_252' title='bbox 561 3087 872 3159; x_wconf 80' lang='lat' dir='ltr'><strong><em>Apostolus,</em></strong></span> <span class='ocrx_word' id='word_1_253' title='bbox 901 3105 1008 3160; x_wconf 92' lang='lat' dir='ltr'><strong><em>quo</em></strong></span> <span class='ocrx_word' id='word_1_254' title='bbox 1040 3090 1210 3162; x_wconf 88' lang='lat' dir='ltr'><strong><em>possit</em></strong></span> <span class='ocrx_word' id='word_1_255' title='bbox 1239 3103 1358 3145; x_wconf 89' lang='lat' dir='ltr'><strong><em>esse</em></strong></span> <span class='ocrx_word' id='word_1_256' title='bbox 1385 3089 1672 3144; x_wconf 86' lang='lat' dir='ltr'><strong><em>multorum</em></strong></span> <span class='ocrx_word' id='word_1_257' title='bbox 1700 3090 1909 3146; x_wconf 88' lang='lat' dir='ltr'><strong><em>occasio</em></strong></span> <span class='ocrx_word' id='word_1_258' title='bbox 1936 3089 2145 3144; x_wconf 81' lang='lat' dir='ltr'><strong><em>lucran-</em></strong></span> 
     </span>
    </p>
   </div>
   <div class='ocr_carea' id='block_1_33' title="bbox 557 3177 2144 3252">
    <p class='ocr_par' dir='ltr' id='par_1_33' title="bbox 557 3177 2144 3252">
     <span class='ocr_line' id='line_1_33' title="bbox 557 3177 2144 3252; baseline -0.001 -18"><span class='ocrx_word' id='word_1_259' title='bbox 557 3177 770 3248; x_wconf 89' lang='lat' dir='ltr'><strong><em>dorum,</em></strong></span> <span class='ocrx_word' id='word_1_260' title='bbox 810 3190 869 3236; x_wconf 90' lang='lat' dir='ltr'><strong><em>ut</em></strong></span> <span class='ocrx_word' id='word_1_261' title='bbox 897 3181 1084 3237; x_wconf 86' lang='lat' dir='ltr'><strong><em>ﬁdeles</em></strong></span> <span class='ocrx_word' id='word_1_262' title='bbox 1126 3181 1382 3252; x_wconf 80' lang='lat' dir='ltr'><strong><em>conjuges</em></strong></span> <span class='ocrx_word' id='word_1_263' title='bbox 1421 3181 1476 3236; x_wconf 92' lang='lat' dir='ltr'><strong><em>in</em></strong></span> <span class='ocrx_word' id='word_1_264' title='bbox 1519 3179 1884 3251; x_wconf 86' lang='lat' dir='ltr'><strong><em>relinquendis</em></strong></span> <span class='ocrx_word' id='word_1_265' title='bbox 1915 3179 2144 3236; x_wconf 87' lang='lat' dir='ltr'><strong><em>inﬁdeli-</em></strong></span> 
     </span>
    </p>
   </div>
   <div class='ocr_carea' id='block_1_34' title="bbox 556 3271 2146 3342">
    <p class='ocr_par' dir='ltr' id='par_1_34' title="bbox 556 3271 2146 3342">
     <span class='ocr_line' id='line_1_34' title="bbox 556 3271 2146 3342; baseline 0 -15"><span class='ocrx_word' id='word_1_266' title='bbox 556 3271 660 3328; x_wconf 87' lang='lat' dir='ltr'><strong><em>bus</em></strong></span> <span class='ocrx_word' id='word_1_267' title='bbox 692 3273 955 3342; x_wconf 89' lang='lat' dir='ltr'><strong><em>pcrmissa</em></strong></span> <span class='ocrx_word' id='word_1_268' title='bbox 986 3273 1198 3328; x_wconf 85' lang='lat' dir='ltr'><strong><em>licentia</em></strong></span> <span class='ocrx_word' id='word_1_269' title='bbox 1228 3288 1334 3328; x_wconf 90' lang='lat' dir='ltr'><strong><em>non</em></strong></span> <span class='ocrx_word' id='word_1_270' title='bbox 1366 3280 1602 3328; x_wconf 86' lang='lat' dir='ltr'><strong><em>utantur.</em></strong></span> <span class='ocrx_word' id='word_1_271' title='bbox 1636 3273 1753 3326; x_wconf 87' lang='lat' dir='ltr'><strong><em>Tibi</em></strong></span> <span class='ocrx_word' id='word_1_272' title='bbox 1787 3281 1964 3327; x_wconf 86' lang='lat' dir='ltr'><strong><em>autem</em></strong></span> <span class='ocrx_word' id='word_1_273' title='bbox 1994 3271 2146 3327; x_wconf 89' lang='lat' dir='ltr'><strong><em>vide-</em></strong></span> 
     </span>
    </p>
   </div>
   <div class='ocr_carea' id='block_1_35' title="bbox 559 3363 2144 3435">
    <p class='ocr_par' dir='ltr' id='par_1_35' title="bbox 559 3363 2144 3435">
     <span class='ocr_line' id='line_1_35' title="bbox 559 3363 2144 3435; baseline 0.001 -18"><span class='ocrx_word' id='word_1_274' title='bbox 559 3371 646 3418; x_wconf 88' lang='lat' dir='ltr'><strong><em>tur</em></strong></span> <span class='ocrx_word' id='word_1_275' title='bbox 682 3363 926 3420; x_wconf 87' lang='lat' dir='ltr'><strong><em>inﬁdeles</em></strong></span> <span class='ocrx_word' id='word_1_276' title='bbox 965 3379 1177 3435; x_wconf 90' lang='lat' dir='ltr'><strong><em>quoque</em></strong></span> <span class='ocrx_word' id='word_1_277' title='bbox 1217 3364 1414 3419; x_wconf 88' lang='lat' dir='ltr'><strong><em>dimitti</em></strong></span> <span class='ocrx_word' id='word_1_278' title='bbox 1457 3380 1487 3418; x_wconf 90' lang='lat' dir='ltr'><strong><em>a</em></strong></span> <span class='ocrx_word' id='word_1_279' title='bbox 1529 3363 1774 3418; x_wconf 87' lang='lat' dir='ltr'><strong><em>ﬁdelibus</em></strong></span> <span class='ocrx_word' id='word_1_280' title='bbox 1821 3378 1927 3417; x_wconf 90' lang='lat' dir='ltr'><strong><em>non</em></strong></span> <span class='ocrx_word' id='word_1_281' title='bbox 1961 3363 2144 3430; x_wconf 85' lang='lat' dir='ltr'><strong><em>licere,</em></strong></span> 
     </span>
    </p>
   </div>
   <div class='ocr_carea' id='block_1_36' title="bbox 560 3454 2140 3526">
    <p class='ocr_par' dir='ltr' id='par_1_36' title="bbox 560 3454 2140 3526">
     <span class='ocr_line' id='line_1_36' title="bbox 560 3454 2140 3526; baseline 0.001 -18"><span class='ocrx_word' id='word_1_282' title='bbox 560 3456 684 3526; x_wconf 88' lang='lat' dir='ltr'><strong><em>quia</em></strong></span> <span class='ocrx_word' id='word_1_283' title='bbox 724 3455 827 3509; x_wconf 90' lang='lat' dir='ltr'><strong><em>hoc</em></strong></span> <span class='ocrx_word' id='word_1_284' title='bbox 865 3463 1009 3512; x_wconf 88' lang='lat' dir='ltr'><strong><em>vetat</em></strong></span> <span class='ocrx_word' id='word_1_285' title='bbox 1045 3455 1371 3525; x_wconf 89' lang='lat' dir='ltr'><strong><em>Apostolus:</em></strong></span> <span class='ocrx_word' id='word_1_286' title='bbox 1414 3469 1534 3511; x_wconf 91' lang='lat' dir='ltr'><strong><em>cum</em></strong></span> <span class='ocrx_word' id='word_1_287' title='bbox 1579 3469 1680 3524; x_wconf 78' lang='lat' dir='ltr'><strong><em>ego</em></strong></span> <span class='ocrx_word' id='word_1_288' title='bbox 1725 3454 1897 3510; x_wconf 90' lang='lat' dir='ltr'><strong><em>dicam</em></strong></span> <span class='ocrx_word' id='word_1_289' title='bbox 1947 3455 2140 3520; x_wconf 84' lang='lat' dir='ltr'><strong><em>licere,</em></strong></span> 
     </span>
    </p>
   </div>
   <div class='ocr_carea' id='block_1_37' title="bbox 561 3544 2140 3618">
    <p class='ocr_par' dir='ltr' id='par_1_37' title="bbox 561 3544 2140 3618">
     <span class='ocr_line' id='line_1_37' title="bbox 561 3544 2140 3618; baseline 0.002 -20"><span class='ocrx_word' id='word_1_290' title='bbox 561 3546 685 3618; x_wconf 88' lang='lat' dir='ltr'><strong><em>quia</em></strong></span> <span class='ocrx_word' id='word_1_291' title='bbox 724 3544 827 3604; x_wconf 87' lang='lat' dir='ltr'><strong><em>hoc</em></strong></span> <span class='ocrx_word' id='word_1_292' title='bbox 855 3560 962 3600; x_wconf 89' lang='lat' dir='ltr'><strong><em>non</em></strong></span> <span class='ocrx_word' id='word_1_293' title='bbox 1001 3554 1146 3601; x_wconf 89' lang='lat' dir='ltr'><strong><em>vetat</em></strong></span> <span class='ocrx_word' id='word_1_294' title='bbox 1192 3546 1481 3613; x_wconf 84' lang='lat' dir='ltr'><strong><em>Dominus;</em></strong></span> <span class='ocrx_word' id='word_1_295' title='bbox 1529 3561 1633 3602; x_wconf 90' lang='lat' dir='ltr'><strong><em>non</em></strong></span> <span class='ocrx_word' id='word_1_296' title='bbox 1665 3555 1841 3601; x_wconf 89' lang='lat' dir='ltr'><strong><em>tamen</em></strong></span> <span class='ocrx_word' id='word_1_297' title='bbox 1870 3546 2140 3616; x_wconf 81' lang='lat' dir='ltr'><strong><em>expedire,</em></strong></span> 
     </span>
    </p>
   </div>
   <div class='ocr_carea' id='block_1_38' title="bbox 559 3636 2145 3708">
    <p class='ocr_par' dir='ltr' id='par_1_38' title="bbox 559 3636 2145 3708">
     <span class='ocr_line' id='line_1_38' title="bbox 559 3636 2145 3708; baseline 0.001 -18"><span class='ocrx_word' id='word_1_298' title='bbox 559 3637 684 3706; x_wconf 89' lang='lat' dir='ltr'><strong><em>quia</em></strong></span> <span class='ocrx_word' id='word_1_299' title='bbox 711 3636 813 3693; x_wconf 88' lang='lat' dir='ltr'><strong><em>hoc</em></strong></span> <span class='ocrx_word' id='word_1_300' title='bbox 838 3652 905 3692; x_wconf 88' lang='lat' dir='ltr'><strong><em>ne</em></strong></span> <span class='ocrx_word' id='word_1_301' title='bbox 937 3637 1048 3706; x_wconf 86' lang='lat' dir='ltr'><strong><em>ﬁat,</em></strong></span> <span class='ocrx_word' id='word_1_302' title='bbox 1080 3647 1262 3694; x_wconf 89' lang='lat' dir='ltr'><strong><em>monet</em></strong></span> <span class='ocrx_word' id='word_1_303' title='bbox 1290 3638 1576 3708; x_wconf 83' lang='lat' dir='ltr'><strong><em>Apostolus</em></strong></span> <span class='ocrx_word' id='word_1_304' title='bbox 1601 3656 1615 3692; x_wconf 89' lang='lat'>:</span> <span class='ocrx_word' id='word_1_305' title='bbox 1662 3639 1751 3707; x_wconf 87' lang='lat' dir='ltr'><strong><em>qui</em></strong></span> <span class='ocrx_word' id='word_1_306' title='bbox 1782 3638 1956 3694; x_wconf 84' lang='lat' dir='ltr'><strong><em>reddit</em></strong></span> <span class='ocrx_word' id='word_1_307' title='bbox 1985 3639 2145 3692; x_wconf 88' lang='lat' dir='ltr'><strong><em>etiam</em></strong></span> 
     </span>
    </p>
   </div>
   <div class='ocr_carea' id='block_1_39' title="bbox 559 3727 2146 3799">
    <p class='ocr_par' dir='ltr' id='par_1_39' title="bbox 559 3727 2146 3799">
     <span class='ocr_line' id='line_1_39' title="bbox 559 3727 2146 3799; baseline 0 -17"><span class='ocrx_word' id='word_1_308' title='bbox 559 3728 822 3784; x_wconf 89' lang='lat' dir='ltr'><strong><em>rationem</em></strong></span> <span class='ocrx_word' id='word_1_309' title='bbox 853 3744 948 3784; x_wconf 89' lang='lat' dir='ltr'><strong><em>cur</em></strong></span> <span class='ocrx_word' id='word_1_310' title='bbox 970 3727 1085 3784; x_wconf 85' lang='lat' dir='ltr'><strong><em>ﬁeri</em></strong></span> <span class='ocrx_word' id='word_1_311' title='bbox 1115 3746 1222 3784; x_wconf 91' lang='lat' dir='ltr'><strong><em>non</em></strong></span> <span class='ocrx_word' id='word_1_312' title='bbox 1248 3729 1515 3799; x_wconf 78' lang='lat' dir='ltr'><strong><em>expediat,</em></strong></span> <span class='ocrx_word' id='word_1_313' title='bbox 1538 3731 1780 3798; x_wconf 84' lang='lat' dir='ltr'><strong><em>quamvis</em></strong></span> <span class='ocrx_word' id='word_1_314' title='bbox 1806 3730 1982 3784; x_wconf 88' lang='lat' dir='ltr'><strong><em>liccat.</em></strong></span> <span class='ocrx_word' id='word_1_315' title='bbox 2012 3730 2146 3794; x_wconf 85' lang='lat' dir='ltr'><strong><em>Quid</em></strong></span> 
     </span>
    </p>
   </div>
   <div class='ocr_carea' id='block_1_40' title="bbox 557 3810 2145 3892">
    <p class='ocr_par' dir='ltr' id='par_1_40' title="bbox 557 3810 2145 3892">
     <span class='ocr_line' id='line_1_40' title="bbox 557 3810 2145 3892; baseline 0.002 -19"><span class='ocrx_word' id='word_1_316' title='bbox 557 3821 691 3874; x_wconf 89' lang='lat' dir='ltr'><strong><em>enim</em></strong></span> <span class='ocrx_word' id='word_1_317' title='bbox 719 3822 836 3886; x_wconf 84' lang='lat' dir='ltr'><strong><em>scis,</em></strong></span> <span class='ocrx_word' id='word_1_318' title='bbox 873 3821 1062 3892; x_wconf 86' lang='lat' dir='ltr'><strong><em>inquit,</em></strong></span> <span class='ocrx_word' id='word_1_319' title='bbox 1105 3823 1304 3889; x_wconf 85' lang='lat' dir='ltr'><strong><em>mulier,</em></strong></span> <span class='ocrx_word' id='word_1_320' title='bbox 1334 3823 1378 3876; x_wconf 90' lang='lat' dir='ltr'><strong><em>si</em></strong></span> <span class='ocrx_word' id='word_1_321' title='bbox 1407 3810 1568 3876; x_wconf 82' lang='lat' dir='ltr'><strong><em>uirum</em></strong></span> <span class='ocrx_word' id='word_1_322' title='bbox 1595 3823 1786 3876; x_wconf 85' lang='lat' dir='ltr'><strong><em>saluum</em></strong></span> <span class='ocrx_word' id='word_1_323' title='bbox 1825 3822 2021 3892; x_wconf 79' lang='lat' dir='ltr'><strong><em>facies?</em></strong></span> <span class='ocrx_word' id='word_1_324' title='bbox 2059 3831 2145 3876; x_wconf 89' lang='lat' dir='ltr'><strong><em>aut</em></strong></span> 
     </span>
    </p>
   </div>
   <div class='ocr_carea' id='block_1_41' title="bbox 556 3913 2146 3985">
    <p class='ocr_par' dir='ltr' id='par_1_41' title="bbox 556 3913 2146 3985">
     <span class='ocr_line' id='line_1_41' title="bbox 556 3913 2146 3985; baseline 0.001 -19"><span class='ocrx_word' id='word_1_325' title='bbox 556 3913 691 3967; x_wconf 89' lang='lat' dir='ltr'><strong><em>unde</em></strong></span> <span class='ocrx_word' id='word_1_326' title='bbox 719 3914 836 3980; x_wconf 87' lang='lat' dir='ltr'><strong><em>scis,</em></strong></span> <span class='ocrx_word' id='word_1_327' title='bbox 866 3914 961 3981; x_wconf 85' lang='lat' dir='ltr'><strong><em>vir,</em></strong></span> <span class='ocrx_word' id='word_1_328' title='bbox 987 3914 1031 3968; x_wconf 87' lang='lat' dir='ltr'><strong><em>si</em></strong></span> <span class='ocrx_word' id='word_1_329' title='bbox 1055 3930 1263 3970; x_wconf 75' lang='lat' dir='ltr'><strong><em>uxorem</em></strong></span> <span class='ocrx_word' id='word_1_330' title='bbox 1287 3913 1478 3970; x_wconf 85' lang='lat' dir='ltr'><strong><em>saluam</em></strong></span> <span class='ocrx_word' id='word_1_331' title='bbox 1505 3914 1695 3985; x_wconf 91' lang='lat' dir='ltr'><strong><em>facies?</em></strong></span> <span class='ocrx_word' id='word_1_332' title='bbox 1715 3914 1849 3968; x_wconf 86' lang='lat' dir='ltr'><strong><em>Cum</em></strong></span> <span class='ocrx_word' id='word_1_333' title='bbox 1873 3913 2032 3968; x_wconf 89' lang='lat' dir='ltr'><strong><em>etiam</em></strong></span> <span class='ocrx_word' id='word_1_334' title='bbox 2064 3927 2146 3968; x_wconf 84' lang='lat' dir='ltr'><strong><em>su-</em></strong></span> 
     </span>
    </p>
   </div>
   <div class='ocr_carea' id='block_1_42' title="bbox 557 4004 2146 4074">
    <p class='ocr_par' dir='ltr' id='par_1_42' title="bbox 557 4004 2146 4074">
     <span class='ocr_line' id='line_1_42' title="bbox 557 4004 2146 4074; baseline 0 -17"><span class='ocrx_word' id='word_1_335' title='bbox 557 4004 741 4072; x_wconf 89' lang='lat' dir='ltr'><strong><em>perius</em></strong></span> <span class='ocrx_word' id='word_1_336' title='bbox 769 4004 1015 4071; x_wconf 76' lang='lat' dir='ltr'><strong><em>dixisset,</em></strong></span> <span class='ocrx_word' id='word_1_337' title='bbox 1049 4004 1410 4073; x_wconf 82' lang='lat' dir='ltr'><strong><em>Sanctiﬁcatus</em></strong></span> <span class='ocrx_word' id='word_1_338' title='bbox 1448 4015 1520 4059; x_wconf 90' lang='lat' dir='ltr'><strong><em>est</em></strong></span> <span class='ocrx_word' id='word_1_339' title='bbox 1559 4007 1690 4059; x_wconf 90' lang='lat' dir='ltr'><strong><em>enim</em></strong></span> <span class='ocrx_word' id='word_1_340' title='bbox 1727 4007 1802 4059; x_wconf 85' lang='lat' dir='ltr'><strong><em>vir</em></strong></span> <span class='ocrx_word' id='word_1_341' title='bbox 1843 4006 2064 4074; x_wconf 82' lang='lat' dir='ltr'><strong><em>inﬁdelis</em></strong></span> <span class='ocrx_word' id='word_1_342' title='bbox 2091 4007 2146 4058; x_wconf 88' lang='lat' dir='ltr'><strong><em>in</em></strong></span> 
     </span>
    </p>
   </div>
   <div class='ocr_carea' id='block_1_43' title="bbox 557 4095 2141 4167">
    <p class='ocr_par' dir='ltr' id='par_1_43' title="bbox 557 4095 2141 4167">
     <span class='ocr_line' id='line_1_43' title="bbox 557 4095 2141 4167; baseline 0.003 -22"><span class='ocrx_word' id='word_1_343' title='bbox 557 4109 714 4148; x_wconf 73' lang='lat' dir='ltr'><strong><em>uxore</em></strong></span> <span class='ocrx_word' id='word_1_344' title='bbox 740 4095 780 4157; x_wconf 83' lang='grc'><strong><em>¹,</em></strong></span> <span class='ocrx_word' id='word_1_345' title='bbox 828 4103 872 4147; x_wconf 89' lang='lat' dir='ltr'><strong><em>et</em></strong></span> <span class='ocrx_word' id='word_1_346' title='bbox 926 4096 1242 4162; x_wconf 86' lang='lat' dir='ltr'><strong><em>sanctiﬁcata</em></strong></span> <span class='ocrx_word' id='word_1_347' title='bbox 1277 4105 1351 4149; x_wconf 86' lang='lat' dir='ltr'><strong><em>est</em></strong></span> <span class='ocrx_word' id='word_1_348' title='bbox 1380 4096 1558 4150; x_wconf 82' lang='lat' dir='ltr'><strong><em>mulier</em></strong></span> <span class='ocrx_word' id='word_1_349' title='bbox 1616 4097 1835 4165; x_wconf 76' lang='lat' dir='ltr'><strong><em>infidelis</em></strong></span> <span class='ocrx_word' id='word_1_350' title='bbox 1869 4099 1920 4151; x_wconf 89' lang='lat' dir='ltr'><strong><em>in</em></strong></span> <span class='ocrx_word' id='word_1_351' title='bbox 1965 4103 2141 4167; x_wconf 81' lang='lat' dir='ltr'><strong><em>fratre,</em></strong></span> 
     </span>
    </p>
   </div>
   <div class='ocr_carea' id='block_1_44' title="bbox 562 4183 2146 4258">
    <p class='ocr_par' dir='ltr' id='par_1_44' title="bbox 562 4183 2146 4258">
     <span class='ocr_line' id='line_1_44' title="bbox 562 4183 2146 4258; baseline 0.004 -22"><span class='ocrx_word' id='word_1_352' title='bbox 562 4183 662 4238; x_wconf 92' lang='lat' dir='ltr'><strong><em>hoc</em></strong></span> <span class='ocrx_word' id='word_1_353' title='bbox 690 4194 792 4249; x_wconf 89' lang='lat' dir='ltr'><strong><em>est,</em></strong></span> <span class='ocrx_word' id='word_1_354' title='bbox 822 4184 874 4238; x_wconf 90' lang='lat' dir='ltr'><strong><em>in</em></strong></span> <span class='ocrx_word' id='word_1_355' title='bbox 901 4184 1228 4239; x_wconf 84' lang='lat' dir='ltr'><strong><em>christiano:</em></strong></span> <span class='ocrx_word' id='word_1_356' title='bbox 1253 4187 1477 4254; x_wconf 82' lang='lat' dir='ltr'><strong><em>alioquin</em></strong></span> <span class='ocrx_word' id='word_1_357' title='bbox 1508 4188 1603 4254; x_wconf 92' lang='lat' dir='ltr'><strong><em>ﬁlii</em></strong></span> <span class='ocrx_word' id='word_1_358' title='bbox 1633 4190 1801 4254; x_wconf 83' lang='lat' dir='ltr'><strong><em>vestri,</em></strong></span> <span class='ocrx_word' id='word_1_359' title='bbox 1833 4189 2020 4258; x_wconf 90' lang='lat' dir='ltr'><strong><em>inquit,</em></strong></span> <span class='ocrx_word' id='word_1_360' title='bbox 2051 4190 2146 4242; x_wconf 88' lang='lat' dir='ltr'><strong><em>im-</em></strong></span> 
     </span>
    </p>
   </div>
   <div class='ocr_carea' id='block_1_45' title="bbox 560 4277 2146 4348">
    <p class='ocr_par' dir='ltr' id='par_1_45' title="bbox 560 4277 2146 4348">
     <span class='ocr_line' id='line_1_45' title="bbox 560 4277 2146 4348; baseline 0.004 -20"><span class='ocrx_word' id='word_1_361' title='bbox 560 4277 737 4329; x_wconf 84' lang='lat' dir='ltr'><strong><em>mundi</em></strong></span> <span class='ocrx_word' id='word_1_362' title='bbox 766 4287 958 4340; x_wconf 85' lang='lat' dir='ltr'><strong><em>essent;</em></strong></span> <span class='ocrx_word' id='word_1_363' title='bbox 990 4293 1121 4330; x_wconf 90' lang='lat' dir='ltr'><strong><em>nunc</em></strong></span> <span class='ocrx_word' id='word_1_364' title='bbox 1146 4287 1312 4331; x_wconf 88' lang='lat' dir='ltr'><strong><em>autent</em></strong></span> <span class='ocrx_word' id='word_1_365' title='bbox 1335 4280 1494 4334; x_wconf 78' lang='lat' dir='ltr'><strong><em>sancti</em></strong></span> <span class='ocrx_word' id='word_1_366' title='bbox 1522 4289 1637 4332; x_wconf 85' lang='lat' dir='ltr'><strong><em>sunt</em></strong></span> <span class='ocrx_word' id='word_1_367' title='bbox 1665 4281 1684 4346; x_wconf 91' lang='lat'><strong><em>(</em></strong></span> <span class='ocrx_word' id='word_1_368' title='bbox 1706 4281 1725 4334; x_wconf 95' lang='lat' dir='ltr'><strong><em>l</em></strong></span> <span class='ocrx_word' id='word_1_369' title='bbox 1753 4280 1871 4336; x_wconf 86' lang='lat' dir='ltr'><strong><em>Cor.</em></strong></span> <span class='ocrx_word' id='word_1_370' title='bbox 1903 4297 1976 4336; x_wconf 85' lang='lat' dir='ltr'><strong><em>vu</em></strong></span> <span class='ocrx_word' id='word_1_371' title='bbox 1994 4322 2008 4348; x_wconf 93' lang='lat'><strong><em>,</em></strong></span> <span class='ocrx_word' id='word_1_372' title='bbox 2048 4281 2146 4335; x_wconf 71' lang='grc'><strong>12-</strong></span> 
     </span>
    </p>
   </div>
   <div class='ocr_carea' id='block_1_46' title="bbox 521 4366 2142 4440">
    <p class='ocr_par' dir='ltr' id='par_1_46' title="bbox 521 4366 2142 4440">
     <span class='ocr_line' id='line_1_46' title="bbox 521 4366 2142 4440; baseline 0.004 -20"><span class='ocrx_word' id='word_1_373' title='bbox 521 4366 524 4382; x_wconf 79' lang='grc'>⁵</span> <span class='ocrx_word' id='word_1_374' title='bbox 561 4366 630 4420; x_wconf 87' lang='grc'><strong><em>16</em></strong></span> <span class='ocrx_word' id='word_1_375' title='bbox 655 4367 694 4437; x_wconf 80' lang='grc'><strong><em>).</em></strong></span> <span class='ocrx_word' id='word_1_376' title='bbox 725 4367 811 4422; x_wconf 90' lang='lat' dir='ltr'><strong><em>Sic</em></strong></span> <span class='ocrx_word' id='word_1_377' title='bbox 877 4369 944 4423; x_wconf 90' lang='lat' dir='ltr'><strong><em>ad</em></strong></span> <span class='ocrx_word' id='word_1_378' title='bbox 986 4368 1270 4424; x_wconf 89' lang='lat' dir='ltr'><strong><em>lucrandos</em></strong></span> <span class='ocrx_word' id='word_1_379' title='bbox 1318 4369 1574 4439; x_wconf 78' lang='lat' dir='ltr'><strong><em>conjuges</em></strong></span> <span class='ocrx_word' id='word_1_380' title='bbox 1617 4381 1672 4425; x_wconf 88' lang='lat' dir='ltr'><strong><em>et</em></strong></span> <span class='ocrx_word' id='word_1_381' title='bbox 1718 4371 1854 4427; x_wconf 90' lang='lat' dir='ltr'><strong><em>ﬁlios</em></strong></span> <span class='ocrx_word' id='word_1_382' title='bbox 1896 4371 2142 4440; x_wconf 77' lang='lat' dir='ltr'><strong><em>Christo,</em></strong></span> 
     </span>
    </p>
   </div>
   <div class='ocr_carea' id='block_1_47' title="bbox 560 4460 2149 4533">
    <p class='ocr_par' dir='ltr' id='par_1_47' title="bbox 560 4460 2149 4533">
     <span class='ocr_line' id='line_1_47' title="bbox 560 4460 2149 4533; baseline 0.005 -19"><span class='ocrx_word' id='word_1_383' title='bbox 560 4460 720 4515; x_wconf 90' lang='lat' dir='ltr'><strong><em>etiam</em></strong></span> <span class='ocrx_word' id='word_1_384' title='bbox 748 4461 1013 4531; x_wconf 81' lang='lat' dir='ltr'><strong><em>exemplis</em></strong></span> <span class='ocrx_word' id='word_1_385' title='bbox 1038 4477 1156 4531; x_wconf 67' lang='lat' dir='ltr'><strong><em>quae</em></strong></span> <span class='ocrx_word' id='word_1_386' title='bbox 1202 4461 1313 4533; x_wconf 86' lang='lat' dir='ltr'><strong><em>jam</em></strong></span> <span class='ocrx_word' id='word_1_387' title='bbox 1363 4473 1736 4531; x_wconf 84' lang='lat' dir='ltr'><strong><em>provenerant,</em></strong></span> <span class='ocrx_word' id='word_1_388' title='bbox 1771 4465 1978 4520; x_wconf 86' lang='lat' dir='ltr'><strong><em>videtur</em></strong></span> <span class='ocrx_word' id='word_1_389' title='bbox 2024 4465 2149 4522; x_wconf 87' lang='lat' dir='ltr'><strong><em>hor-</em></strong></span> 
     </span>
    </p>
   </div>
   <div class='ocr_carea' id='block_1_48' title="bbox 562 4551 2146 4628">
    <p class='ocr_par' dir='ltr' id='par_1_48' title="bbox 562 4551 2146 4628">
     <span class='ocr_line' id='line_1_48' title="bbox 562 4551 2146 4628; baseline 0.004 -20"><span class='ocrx_word' id='word_1_390' title='bbox 562 4560 722 4620; x_wconf 80' lang='lat' dir='ltr'><strong><em>tatus.</em></strong></span> <span class='ocrx_word' id='word_1_391' title='bbox 752 4551 860 4610; x_wconf 89' lang='lat' dir='ltr'><strong><em>Cur</em></strong></span> <span class='ocrx_word' id='word_1_392' title='bbox 885 4569 1012 4624; x_wconf 74' lang='lat' dir='ltr'><strong><em>ergo</em></strong></span> <span class='ocrx_word' id='word_1_393' title='bbox 1042 4569 1148 4609; x_wconf 90' lang='lat' dir='ltr'><strong><em>non</em></strong></span> <span class='ocrx_word' id='word_1_394' title='bbox 1174 4553 1422 4623; x_wconf 77' lang='lat' dir='ltr'><strong><em>expediat</em></strong></span> <span class='ocrx_word' id='word_1_395' title='bbox 1445 4555 1603 4611; x_wconf 90' lang='lat' dir='ltr'><strong><em>etiam</em></strong></span> <span class='ocrx_word' id='word_1_396' title='bbox 1629 4555 1870 4611; x_wconf 84' lang='lat' dir='ltr'><strong><em>inﬁdeles</em></strong></span> <span class='ocrx_word' id='word_1_397' title='bbox 1895 4557 2146 4628; x_wconf 74' lang='lat' dir='ltr'><strong><em>conjuges</em></strong></span> 
     </span>
    </p>
   </div>
   <div class='ocr_carea' id='block_1_49' title="bbox 563 4644 2145 4718">
    <p class='ocr_par' dir='ltr' id='par_1_49' title="bbox 563 4644 2145 4718">
     <span class='ocr_line' id='line_1_49' title="bbox 563 4644 2145 4718; baseline 0.003 -18"><span class='ocrx_word' id='word_1_398' title='bbox 563 4644 757 4702; x_wconf 88' lang='lat' dir='ltr'><strong><em>dimitti</em></strong></span> <span class='ocrx_word' id='word_1_399' title='bbox 783 4661 812 4699; x_wconf 92' lang='lat' dir='ltr'><strong><em>a</em></strong></span> <span class='ocrx_word' id='word_1_400' title='bbox 843 4646 1107 4712; x_wconf 88' lang='lat' dir='ltr'><strong><em>ﬁdelibus,</em></strong></span> <span class='ocrx_word' id='word_1_401' title='bbox 1135 4661 1294 4702; x_wconf 88' lang='lat' dir='ltr'><strong><em>causa</em></strong></span> <span class='ocrx_word' id='word_1_402' title='bbox 1321 4645 1595 4702; x_wconf 79' lang='lat' dir='ltr'><strong><em>evidenter</em></strong></span> <span class='ocrx_word' id='word_1_403' title='bbox 1621 4663 1877 4718; x_wconf 78' lang='lat' dir='ltr'><strong><em>expressa</em></strong></span> <span class='ocrx_word' id='word_1_404' title='bbox 1905 4659 2006 4704; x_wconf 88' lang='lat' dir='ltr'><strong><em>est.</em></strong></span> <span class='ocrx_word' id='word_1_405' title='bbox 2031 4648 2145 4705; x_wconf 84' lang='lat' dir='ltr'><strong><em>Non</em></strong></span> 
     </span>
    </p>
   </div>
   <div class='ocr_carea' id='block_1_50' title="bbox 561 4739 2145 4812">
    <p class='ocr_par' dir='ltr' id='par_1_50' title="bbox 561 4739 2145 4812">
     <span class='ocr_line' id='line_1_50' title="bbox 561 4739 2145 4812; baseline 0.004 -20"><span class='ocrx_word' id='word_1_406' title='bbox 561 4739 704 4796; x_wconf 86' lang='lat' dir='ltr'><strong><em>enim</em></strong></span> <span class='ocrx_word' id='word_1_407' title='bbox 743 4750 962 4812; x_wconf 83' lang='lat' dir='ltr'><strong><em>propter</em></strong></span> <span class='ocrx_word' id='word_1_408' title='bbox 1003 4741 1273 4796; x_wconf 90' lang='lat' dir='ltr'><strong><em>vinculum</em></strong></span> <span class='ocrx_word' id='word_1_409' title='bbox 1315 4755 1438 4796; x_wconf 88' lang='lat' dir='ltr'><strong><em>cum</em></strong></span> <span class='ocrx_word' id='word_1_410' title='bbox 1485 4741 1676 4795; x_wconf 89' lang='lat' dir='ltr'><strong><em>talibus</em></strong></span> <span class='ocrx_word' id='word_1_411' title='bbox 1703 4742 1982 4812; x_wconf 76' lang='lat' dir='ltr'><strong><em>oonjugale</em></strong></span> <span class='ocrx_word' id='word_1_412' title='bbox 2028 4759 2145 4798; x_wconf 84' lang='lat' dir='ltr'><strong><em>ser-</em></strong></span> 
     </span>
    </p>
   </div>
   <div class='ocr_carea' id='block_1_51' title="bbox 560 4833 2146 4904">
    <p class='ocr_par' dir='ltr' id='par_1_51' title="bbox 560 4833 2146 4904">
     <span class='ocr_line' id='line_1_51' title="bbox 560 4833 2146 4904; baseline 0.004 -18"><span class='ocrx_word' id='word_1_413' title='bbox 560 4833 825 4899; x_wconf 88' lang='lat' dir='ltr'><strong><em>vandum,</em></strong></span> <span class='ocrx_word' id='word_1_414' title='bbox 879 4834 972 4890; x_wconf 90' lang='lat' dir='ltr'><strong><em>sed</em></strong></span> <span class='ocrx_word' id='word_1_415' title='bbox 1019 4842 1076 4890; x_wconf 88' lang='lat' dir='ltr'><strong><em>ut</em></strong></span> <span class='ocrx_word' id='word_1_416' title='bbox 1111 4833 1450 4904; x_wconf 90' lang='lat' dir='ltr'><strong><em>acquirantur</em></strong></span> <span class='ocrx_word' id='word_1_417' title='bbox 1488 4833 1541 4888; x_wconf 91' lang='lat' dir='ltr'><strong><em>in</em></strong></span> <span class='ocrx_word' id='word_1_418' title='bbox 1587 4834 1854 4893; x_wconf 86' lang='lat' dir='ltr'><strong><em>Christum</em></strong></span> <span class='ocrx_word' id='word_1_419' title='bbox 1879 4839 1920 4902; x_wconf 75' lang='lat'><strong><em>&#39;,</em></strong></span> <span class='ocrx_word' id='word_1_420' title='bbox 1967 4836 2146 4893; x_wconf 86' lang='lat' dir='ltr'><strong><em>recedi</em></strong></span> 
     </span>
    </p>
   </div>
   <div class='ocr_carea' id='block_1_52' title="bbox 561 4923 1800 4995">
    <p class='ocr_par' dir='ltr' id='par_1_52' title="bbox 561 4923 1800 4995">
     <span class='ocr_line' id='line_1_52' title="bbox 561 4923 1800 4995; baseline 0.002 -17"><span class='ocrx_word' id='word_1_421' title='bbox 561 4923 630 4978; x_wconf 84' lang='lat' dir='ltr'><strong><em>ab</em></strong></span> <span class='ocrx_word' id='word_1_422' title='bbox 655 4923 958 4980; x_wconf 83' lang='lat' dir='ltr'><strong><em>inﬁdelibus</em></strong></span> <span class='ocrx_word' id='word_1_423' title='bbox 983 4925 1295 4995; x_wconf 74' lang='lat' dir='ltr'><strong><em>coniugibus</em></strong></span> <span class='ocrx_word' id='word_1_424' title='bbox 1322 4925 1612 4994; x_wconf 85' lang='lat' dir='ltr'><strong><em>Apostolus</em></strong></span> <span class='ocrx_word' id='word_1_425' title='bbox 1639 4935 1800 4981; x_wconf 80' lang='lat' dir='ltr'><strong><em>vetat.</em></strong></span> 
     </span>
    </p>
   </div>
   <div class='ocr_carea' id='block_1_53' title="bbox 631 5015 2146 5090">
    <p class='ocr_par' dir='ltr' id='par_1_53' title="bbox 631 5015 2146 5090">
     <span class='ocr_line' id='line_1_53' title="bbox 631 5015 2146 5090; baseline 0.003 -20"><span class='ocrx_word' id='word_1_426' title='bbox 631 5015 855 5074; x_wconf 85' lang='lat' dir='ltr'><strong>CAPUT</strong></span> <span class='ocrx_word' id='word_1_427' title='bbox 894 5016 1032 5073; x_wconf 81' lang='lat' dir='ltr'><strong><em>XIV.</em></strong></span> <span class='ocrx_word' id='word_1_428' title='bbox 1058 5047 1130 5058; x_wconf 97' lang='lat'>—</span> <span class='ocrx_word' id='word_1_429' title='bbox 1157 5017 1245 5072; x_wconf 82' lang='grc'><strong>15.</strong></span> <span class='ocrx_word' id='word_1_430' title='bbox 1275 5016 1443 5071; x_wconf 76' lang='lat' dir='ltr'><strong><em>Multa</em></strong></span> <span class='ocrx_word' id='word_1_431' title='bbox 1467 5033 1567 5070; x_wconf 88' lang='lat' dir='ltr'><strong><em>non</em></strong></span> <span class='ocrx_word' id='word_1_432' title='bbox 1579 5019 1729 5085; x_wconf 86' lang='lat' dir='ltr'><strong><em>jussa</em></strong></span> <span class='ocrx_word' id='word_1_433' title='bbox 1763 5021 2053 5090; x_wconf 62' lang='lat' dir='ltr'><strong><em>praseripto</em></strong></span> <span class='ocrx_word' id='word_1_434' title='bbox 2077 5022 2146 5074; x_wconf 64' lang='lat' dir='ltr'><strong><em>leo</em></strong></span> 
     </span>
    </p>
   </div>
   <div class='ocr_carea' id='block_1_54' title="bbox 563 5106 2144 5178">
    <p class='ocr_par' dir='ltr' id='par_1_54' title="bbox 563 5106 2144 5178">
     <span class='ocr_line' id='line_1_54' title="bbox 563 5106 2144 5178; baseline 0.004 -16"><span class='ocrx_word' id='word_1_435' title='bbox 563 5106 669 5178; x_wconf 83' lang='lat' dir='ltr'><strong><em>gis,</em></strong></span> <span class='ocrx_word' id='word_1_436' title='bbox 698 5108 928 5178; x_wconf 88' lang='lat' dir='ltr'><strong><em>facienda</em></strong></span> <span class='ocrx_word' id='word_1_437' title='bbox 947 5118 1062 5164; x_wconf 89' lang='lat' dir='ltr'><strong><em>sunt</em></strong></span> <span class='ocrx_word' id='word_1_438' title='bbox 1085 5108 1297 5164; x_wconf 87' lang='lat' dir='ltr'><strong><em>consilio</em></strong></span> <span class='ocrx_word' id='word_1_439' title='bbox 1325 5108 1604 5162; x_wconf 86' lang='lat' dir='ltr'><strong><em>charitatis.</em></strong></span> <span class='ocrx_word' id='word_1_440' title='bbox 1632 5109 1789 5166; x_wconf 75' lang='lat' dir='ltr'><strong><em>Multa</em></strong></span> <span class='ocrx_word' id='word_1_441' title='bbox 1820 5121 1943 5165; x_wconf 89' lang='lat' dir='ltr'><strong><em>sunt</em></strong></span> <span class='ocrx_word' id='word_1_442' title='bbox 1966 5121 2144 5168; x_wconf 87' lang='lat' dir='ltr'><strong><em>autem</em></strong></span> 
     </span>
    </p>
   </div>
   <div class='ocr_carea' id='block_1_55' title="bbox 561 5196 2148 5270">
    <p class='ocr_par' dir='ltr' id='par_1_55' title="bbox 561 5196 2148 5270">
     <span class='ocr_line' id='line_1_55' title="bbox 561 5196 2148 5270; baseline 0.004 -18"><span class='ocrx_word' id='word_1_443' title='bbox 561 5196 802 5270; x_wconf 61' lang='lat' dir='ltr'><strong><em>fugienda</em></strong></span> <span class='ocrx_word' id='word_1_444' title='bbox 826 5214 932 5256; x_wconf 87' lang='lat' dir='ltr'><strong><em>non</em></strong></span> <span class='ocrx_word' id='word_1_445' title='bbox 971 5199 1189 5269; x_wconf 75' lang='lat' dir='ltr'><strong><em>iubente</em></strong></span> <span class='ocrx_word' id='word_1_446' title='bbox 1235 5200 1383 5270; x_wconf 76' lang='lat' dir='ltr'><strong><em>lege,</em></strong></span> <span class='ocrx_word' id='word_1_447' title='bbox 1432 5200 1525 5256; x_wconf 89' lang='lat' dir='ltr'><strong><em>sed</em></strong></span> <span class='ocrx_word' id='word_1_448' title='bbox 1555 5201 1718 5258; x_wconf 88' lang='lat' dir='ltr'><strong><em>libera</em></strong></span> <span class='ocrx_word' id='word_1_449' title='bbox 1763 5201 2020 5259; x_wconf 85' lang='lat' dir='ltr'><strong><em>charitate</em></strong></span> <span class='ocrx_word' id='word_1_450' title='bbox 2049 5221 2062 5256; x_wconf 91' lang='lat'><strong>:</strong></span> <span class='ocrx_word' id='word_1_451' title='bbox 2094 5213 2148 5258; x_wconf 87' lang='lat' dir='ltr'><strong><em>et</em></strong></span> 
     </span>
    </p>
   </div>
   <div class='ocr_carea' id='block_1_56' title="bbox 562 5292 2147 5375">
    <p class='ocr_par' dir='ltr' id='par_1_56' title="bbox 562 5292 2147 5375">
     <span class='ocr_line' id='line_1_56' title="bbox 562 5292 2147 5375; baseline 0 -25"><span class='ocrx_word' id='word_1_452' title='bbox 562 5306 626 5364; x_wconf 64' lang='lat' dir='ltr'><strong><em>ea</em></strong></span> <span class='ocrx_word' id='word_1_453' title='bbox 663 5301 788 5362; x_wconf 82' lang='lat' dir='ltr'><strong><em>sunt</em></strong></span> <span class='ocrx_word' id='word_1_454' title='bbox 821 5293 876 5348; x_wconf 86' lang='lat' dir='ltr'><strong><em>in</em></strong></span> <span class='ocrx_word' id='word_1_455' title='bbox 904 5293 1100 5348; x_wconf 87' lang='lat' dir='ltr'><strong><em>nostris</em></strong></span> <span class='ocrx_word' id='word_1_456' title='bbox 1139 5292 1330 5348; x_wconf 81' lang='lat' dir='ltr'><strong><em>ofﬁciis</em></strong></span> <span class='ocrx_word' id='word_1_457' title='bbox 1373 5293 1602 5363; x_wconf 75' lang='lat' dir='ltr'><strong><em>gratiora</em></strong></span> <span class='ocrx_word' id='word_1_458' title='bbox 1623 5336 1638 5357; x_wconf 84' lang='lat'><strong><em>,</em></strong></span> <span class='ocrx_word' id='word_1_459' title='bbox 1675 5310 1940 5375; x_wconf 65' lang='lat' dir='ltr'><strong><em>quaecum</em></strong></span> <span class='ocrx_word' id='word_1_460' title='bbox 1964 5297 2147 5351; x_wconf 87' lang='lat' dir='ltr'><strong><em>liceret</em></strong></span> 
     </span>
    </p>
   </div>
   <div class='ocr_carea' id='block_1_57' title="bbox 561 5382 2145 5452">
    <p class='ocr_par' dir='ltr' id='par_1_57' title="bbox 561 5382 2145 5452">
     <span class='ocr_line' id='line_1_57' title="bbox 561 5382 2145 5452; baseline 0.002 -12"><span class='ocrx_word' id='word_1_461' title='bbox 561 5383 716 5452; x_wconf 73' lang='lat' dir='ltr'><strong><em>nobis</em></strong></span> <span class='ocrx_word' id='word_1_462' title='bbox 757 5383 920 5442; x_wconf 83' lang='lat' dir='ltr'><strong><em>etiam</em></strong></span> <span class='ocrx_word' id='word_1_463' title='bbox 961 5397 1070 5438; x_wconf 90' lang='lat' dir='ltr'><strong><em>non</em></strong></span> <span class='ocrx_word' id='word_1_464' title='bbox 1105 5382 1447 5452; x_wconf 87' lang='lat' dir='ltr'><strong><em>impendere,</em></strong></span> <span class='ocrx_word' id='word_1_465' title='bbox 1483 5395 1661 5441; x_wconf 88' lang='lat' dir='ltr'><strong><em>tamen</em></strong></span> <span class='ocrx_word' id='word_1_466' title='bbox 1701 5401 1861 5442; x_wconf 87' lang='lat' dir='ltr'><strong><em>causa</em></strong></span> <span class='ocrx_word' id='word_1_467' title='bbox 1903 5388 2145 5444; x_wconf 86' lang='lat' dir='ltr'><strong><em>dilectio-</em></strong></span> 
     </span>
    </p>
   </div>
   <div class='ocr_carea' id='block_1_58' title="bbox 561 5534 2147 5650">
    <p class='ocr_par' dir='ltr' id='par_1_58' title="bbox 561 5534 2147 5650">
     <span class='ocr_line' id='line_1_58' title="bbox 561 5534 2147 5650; baseline 0.016 -72"><span class='ocrx_word' id='word_1_468' title='bbox 561 5538 654 5650; x_wconf 55' lang='lat'><strong><em>“;</em></strong></span> <span class='ocrx_word' id='word_1_469' title='bbox 677 5543 809 5602; x_wconf 56' lang='lat' dir='ltr'><strong><em>Lam,</em></strong></span> <span class='ocrx_word' id='word_1_470' title='bbox 844 5538 895 5589; x_wconf 82' lang='lat' dir='ltr'><strong><em>in</em></strong></span> <span class='ocrx_word' id='word_1_471' title='bbox 934 5549 1087 5589; x_wconf 73' lang='lat' dir='ltr'><strong><em>uxore</em></strong></span> <span class='ocrx_word' id='word_1_472' title='bbox 1119 5534 1272 5603; x_wconf 83' lang='lat' dir='ltr'><strong><em>ﬁdeli.</em></strong></span> <span class='ocrx_word' id='word_1_473' title='bbox 1307 5537 1480 5602; x_wconf 80' lang='lat' dir='ltr'><strong><em>Abest,</em></strong></span> <span class='ocrx_word' id='word_1_474' title='bbox 1504 5539 1667 5606; x_wconf 86' lang='lat' dir='ltr'><strong><em>ﬁdeli,</em></strong></span> <span class='ocrx_word' id='word_1_475' title='bbox 1691 5544 1754 5598; x_wconf 89' lang='lat' dir='ltr'><strong><em>ab</em></strong></span> <span class='ocrx_word' id='word_1_476' title='bbox 1785 5545 1930 5598; x_wconf 85' lang='lat' dir='ltr'><strong><em>editis</em></strong></span> <span class='ocrx_word' id='word_1_477' title='bbox 1965 5546 2072 5602; x_wconf 81' lang='lat' dir='ltr'><strong><em>aliis</em></strong></span> <span class='ocrx_word' id='word_1_478' title='bbox 2094 5555 2147 5602; x_wconf 88' lang='lat' dir='ltr'><strong><em>et</em></strong></span> 
     </span>
    </p>
   </div>
   <div class='ocr_carea' id='block_1_59' title="bbox 623 5635 1648 5728">
    <p class='ocr_par' dir='ltr' id='par_1_59' title="bbox 623 5635 1648 5728">
     <span class='ocr_line' id='line_1_59' title="bbox 623 5635 1648 5728; baseline 0.004 -13"><span class='ocrx_word' id='word_1_479' title='bbox 623 5635 944 5718; x_wconf 66' lang='lat' dir='ltr'><strong><em>i&#39;sotaedtuo</em></strong></span> <span class='ocrx_word' id='word_1_480' title='bbox 960 5670 1093 5727; x_wconf 76' lang='grc' dir='ltr'><strong>ιον..</strong></span> <span class='ocrx_word' id='word_1_481' title='bbox 1113 5661 1424 5728; x_wconf 59' lang='lat' dir='ltr'><strong><em>«quem</em></strong></span> <span class='ocrx_word' id='word_1_482' title='bbox 1445 5661 1648 5719; x_wconf 70' lang='lat' dir='ltr'><strong><em>om.</em></strong></span> 
     </span>
    </p>
   </div>
   <div class='ocr_carea' id='block_1_60' title="bbox 1484 211 2974 278">
    <p class='ocr_par' dir='ltr' id='par_1_60' title="bbox 1484 211 2974 278">
     <span class='ocr_line' id='line_1_60' title="bbox 1484 211 2974 278; baseline -0.002 -8"><span class='ocrx_word' id='word_1_483' title='bbox 1484 216 1570 271; x_wconf 77' lang='lat' dir='ltr'><strong><em>DE</em></strong></span> <span class='ocrx_word' id='word_1_484' title='bbox 1606 211 1954 272; x_wconf 81' lang='lat' dir='ltr'><strong><em>CONJUGHS</em></strong></span> <span class='ocrx_word' id='word_1_485' title='bbox 1988 211 2465 278; x_wconf 79' lang='lat' dir='ltr'><strong><em>ADULTERINIS,</em></strong></span> <span class='ocrx_word' id='word_1_486' title='bbox 2509 212 2564 269; x_wconf 90' lang='lat' dir='ltr'><strong><em>S.</em></strong></span> <span class='ocrx_word' id='word_1_487' title='bbox 2608 213 2974 270; x_wconf 80' lang='lat' dir='ltr'><strong><em>AUGUSTINI</em></strong></span> 
     </span>
    </p>
   </div>
   <div class='ocr_carea' id='block_1_61' title="bbox 3703 215 3811 275">
    <p class='ocr_par' dir='ltr' id='par_1_61' title="bbox 3703 215 3811 275">
     <span class='ocr_line' id='line_1_61' title="bbox 3703 215 3811 275; baseline 0 0"><span class='ocrx_word' id='word_1_488' title='bbox 3703 215 3811 275; x_wconf 74' lang='grc' dir='ltr'><strong><em>ιω</em></strong></span> 
     </span>
    </p>
   </div>
   <div class='ocr_carea' id='block_1_62' title="bbox 2230 328 3818 399">
    <p class='ocr_par' dir='ltr' id='par_1_62' title="bbox 2230 328 3818 399">
     <span class='ocr_line' id='line_1_62' title="bbox 2230 328 3818 399; baseline 0.004 -17"><span class='ocrx_word' id='word_1_489' title='bbox 2230 328 2313 384; x_wconf 89' lang='lat' dir='ltr'><strong><em>nis</em></strong></span> <span class='ocrx_word' id='word_1_490' title='bbox 2362 328 2734 398; x_wconf 88' lang='lat' dir='ltr'><strong><em>impendimus.</em></strong></span> <span class='ocrx_word' id='word_1_491' title='bbox 2768 329 2922 385; x_wconf 83' lang='lat' dir='ltr'><strong><em>Unde</em></strong></span> <span class='ocrx_word' id='word_1_492' title='bbox 2947 329 3092 398; x_wconf 89' lang='lat' dir='ltr'><strong><em>prior</em></strong></span> <span class='ocrx_word' id='word_1_493' title='bbox 3117 328 3231 399; x_wconf 86' lang='lat' dir='ltr'><strong><em>ipse</em></strong></span> <span class='ocrx_word' id='word_1_494' title='bbox 3269 329 3556 397; x_wconf 85' lang='lat' dir='ltr'><strong><em>Dominus,</em></strong></span> <span class='ocrx_word' id='word_1_495' title='bbox 3612 344 3818 389; x_wconf 89' lang='lat' dir='ltr'><strong><em>cumse</em></strong></span> 
     </span>
    </p>
   </div>
   <div class='ocr_carea' id='block_1_63' title="bbox 2231 420 3821 489">
    <p class='ocr_par' dir='ltr' id='par_1_63' title="bbox 2231 420 3821 489">
     <span class='ocr_line' id='line_1_63' title="bbox 2231 420 3821 489; baseline 0.001 -13"><span class='ocrx_word' id='word_1_496' title='bbox 2231 421 2483 476; x_wconf 89' lang='lat' dir='ltr'><strong><em>tributum</em></strong></span> <span class='ocrx_word' id='word_1_497' title='bbox 2508 436 2614 475; x_wconf 88' lang='lat' dir='ltr'><strong><em>non</em></strong></span> <span class='ocrx_word' id='word_1_498' title='bbox 2642 420 2838 476; x_wconf 88' lang='lat' dir='ltr'><strong><em>debere</em></strong></span> <span class='ocrx_word' id='word_1_499' title='bbox 2879 430 3265 488; x_wconf 84' lang='lat' dir='ltr'><strong><em>monstrasset,</em></strong></span> <span class='ocrx_word' id='word_1_500' title='bbox 3298 421 3458 475; x_wconf 78' lang='lat' dir='ltr'><strong><em>solvit</em></strong></span> <span class='ocrx_word' id='word_1_501' title='bbox 3501 430 3715 489; x_wconf 88' lang='lat' dir='ltr'><strong><em>tamen,</em></strong></span> <span class='ocrx_word' id='word_1_502' title='bbox 3747 437 3821 480; x_wconf 86' lang='lat' dir='ltr'><strong><em>ne</em></strong></span> 
     </span>
    </p>
   </div>
   <div class='ocr_carea' id='block_1_64' title="bbox 2229 513 3820 586">
    <p class='ocr_par' dir='ltr' id='par_1_64' title="bbox 2229 513 3820 586">
     <span class='ocr_line' id='line_1_64' title="bbox 2229 513 3820 586; baseline 0.003 -18"><span class='ocrx_word' id='word_1_503' title='bbox 2229 516 2611 570; x_wconf 87' lang='lat' dir='ltr'><strong><em>seandalizaret</em></strong></span> <span class='ocrx_word' id='word_1_504' title='bbox 2637 531 2729 570; x_wconf 91' lang='lat' dir='ltr'><strong><em>eos</em></strong></span> <span class='ocrx_word' id='word_1_505' title='bbox 2760 513 2952 584; x_wconf 89' lang='lat' dir='ltr'><strong><em>quibus</em></strong></span> <span class='ocrx_word' id='word_1_506' title='bbox 2982 514 3047 569; x_wconf 90' lang='lat' dir='ltr'><strong><em>ad</em></strong></span> <span class='ocrx_word' id='word_1_507' title='bbox 3087 523 3342 574; x_wconf 85' lang='lat' dir='ltr'><strong><em>aeternam</em></strong></span> <span class='ocrx_word' id='word_1_508' title='bbox 3369 513 3595 570; x_wconf 86' lang='lat' dir='ltr'><strong><em>salutem</em></strong></span> <span class='ocrx_word' id='word_1_509' title='bbox 3619 531 3820 586; x_wconf 76' lang='lat' dir='ltr'><strong><em>gerens</em></strong></span> 
     </span>
    </p>
   </div>
   <div class='ocr_carea' id='block_1_65' title="bbox 2230 605 3821 677">
    <p class='ocr_par' dir='ltr' id='par_1_65' title="bbox 2230 605 3821 677">
     <span class='ocr_line' id='line_1_65' title="bbox 2230 605 3821 677; baseline 0.003 -18"><span class='ocrx_word' id='word_1_510' title='bbox 2230 606 2500 662; x_wconf 87' lang='lat' dir='ltr'><strong><em>hominem</em></strong></span> <span class='ocrx_word' id='word_1_511' title='bbox 2527 607 2837 662; x_wconf 87' lang='lat' dir='ltr'><strong><em>consulebat</em></strong></span> <span class='ocrx_word' id='word_1_512' title='bbox 2862 605 3076 677; x_wconf 73' lang='lat' dir='ltr'><strong><em>(Matth.</em></strong></span> <span class='ocrx_word' id='word_1_513' title='bbox 3105 622 3213 661; x_wconf 78' lang='lat' dir='ltr'><strong><em>xvii</em></strong></span> <span class='ocrx_word' id='word_1_514' title='bbox 3233 647 3247 671; x_wconf 91' lang='lat'><strong><em>,</em></strong></span> <span class='ocrx_word' id='word_1_515' title='bbox 3278 605 3494 676; x_wconf 70' lang='lat'><strong><em>23-26).</em></strong></span> <span class='ocrx_word' id='word_1_516' title='bbox 3524 605 3641 661; x_wconf 82' lang='lat' dir='ltr'><strong><em>Jam</em></strong></span> <span class='ocrx_word' id='word_1_517' title='bbox 3690 623 3821 664; x_wconf 88' lang='lat' dir='ltr'><strong><em>vero</em></strong></span> 
     </span>
    </p>
   </div>
   <div class='ocr_carea' id='block_1_66' title="bbox 2231 699 3818 770">
    <p class='ocr_par' dir='ltr' id='par_1_66' title="bbox 2231 699 3818 770">
     <span class='ocr_line' id='line_1_66' title="bbox 2231 699 3818 770; baseline 0.003 -18"><span class='ocrx_word' id='word_1_518' title='bbox 2231 701 2516 768; x_wconf 86' lang='lat' dir='ltr'><strong><em>Apostolus</em></strong></span> <span class='ocrx_word' id='word_1_519' title='bbox 2543 699 2989 769; x_wconf 84' lang='lat' dir='ltr'><strong><em>quemadmodum</em></strong></span> <span class='ocrx_word' id='word_1_520' title='bbox 3019 701 3118 752; x_wconf 90' lang='lat' dir='ltr'><strong><em>ista</em></strong></span> <span class='ocrx_word' id='word_1_521' title='bbox 3145 699 3517 764; x_wconf 87' lang='lat' dir='ltr'><strong><em>commendet,</em></strong></span> <span class='ocrx_word' id='word_1_522' title='bbox 3550 701 3666 770; x_wconf 84' lang='lat' dir='ltr'><strong><em>ejus</em></strong></span> <span class='ocrx_word' id='word_1_523' title='bbox 3689 717 3818 756; x_wconf 88' lang='lat' dir='ltr'><strong><em>ver-</em></strong></span> 
     </span>
    </p>
   </div>
   <div class='ocr_carea' id='block_1_67' title="bbox 2230 791 3818 864">
    <p class='ocr_par' dir='ltr' id='par_1_67' title="bbox 2230 791 3818 864">
     <span class='ocr_line' id='line_1_67' title="bbox 2230 791 3818 864; baseline 0.001 -16"><span class='ocrx_word' id='word_1_524' title='bbox 2230 791 2297 848; x_wconf 78' lang='lat' dir='ltr'><strong><em>ba</em></strong></span> <span class='ocrx_word' id='word_1_525' title='bbox 2325 801 2605 860; x_wconf 84' lang='lat' dir='ltr'><strong><em>testantur,</em></strong></span> <span class='ocrx_word' id='word_1_526' title='bbox 2628 793 2714 847; x_wconf 92' lang='lat' dir='ltr'><strong><em>ubi</em></strong></span> <span class='ocrx_word' id='word_1_527' title='bbox 2735 792 2864 848; x_wconf 88' lang='lat' dir='ltr'><strong><em>dicit</em></strong></span> <span class='ocrx_word' id='word_1_528' title='bbox 2888 809 2900 844; x_wconf 88' lang='lat'><strong>:</strong></span> <span class='ocrx_word' id='word_1_529' title='bbox 2930 792 3053 846; x_wconf 85' lang='lat' dir='ltr'><strong><em>Cum</em></strong></span> <span class='ocrx_word' id='word_1_530' title='bbox 3075 793 3206 846; x_wconf 90' lang='lat' dir='ltr'><strong><em>enim</em></strong></span> <span class='ocrx_word' id='word_1_531' title='bbox 3229 793 3352 847; x_wconf 87' lang='lat' dir='ltr'><strong><em>liber</em></strong></span> <span class='ocrx_word' id='word_1_532' title='bbox 3371 794 3466 847; x_wconf 86' lang='lat' dir='ltr'><strong><em>sim</em></strong></span> <span class='ocrx_word' id='word_1_533' title='bbox 3483 810 3544 848; x_wconf 81' lang='lat' dir='ltr'><strong><em>ea:</em></strong></span> <span class='ocrx_word' id='word_1_534' title='bbox 3564 795 3818 864; x_wconf 88' lang='lat' dir='ltr'><strong><em>omnibus,</em></strong></span> 
     </span>
    </p>
   </div>
   <div class='ocr_carea' id='block_1_68' title="bbox 2231 884 3820 955">
    <p class='ocr_par' dir='ltr' id='par_1_68' title="bbox 2231 884 3820 955">
     <span class='ocr_line' id='line_1_68' title="bbox 2231 884 3820 955; baseline 0.004 -19"><span class='ocrx_word' id='word_1_535' title='bbox 2231 884 2457 937; x_wconf 88' lang='lat' dir='ltr'><strong><em>onmium</em></strong></span> <span class='ocrx_word' id='word_1_536' title='bbox 2497 900 2695 938; x_wconf 86' lang='lat' dir='ltr'><strong><em>servum</em></strong></span> <span class='ocrx_word' id='word_1_537' title='bbox 2720 901 2795 938; x_wconf 87' lang='lat' dir='ltr'><strong><em>me</em></strong></span> <span class='ocrx_word' id='word_1_538' title='bbox 2821 885 2947 955; x_wconf 90' lang='lat' dir='ltr'><strong><em>feci,</em></strong></span> <span class='ocrx_word' id='word_1_539' title='bbox 2995 895 3047 938; x_wconf 91' lang='lat' dir='ltr'><strong><em>ut</em></strong></span> <span class='ocrx_word' id='word_1_540' title='bbox 3089 887 3258 954; x_wconf 80' lang='lat' dir='ltr'><strong><em>plures</em></strong></span> <span class='ocrx_word' id='word_1_541' title='bbox 3288 887 3652 954; x_wconf 85' lang='lat' dir='ltr'><strong><em>lucrifacerem.</em></strong></span> <span class='ocrx_word' id='word_1_542' title='bbox 3685 887 3820 942; x_wconf 87' lang='lat' dir='ltr'><strong><em>Cum</em></strong></span> 
     </span>
    </p>
   </div>
   <div class='ocr_carea' id='block_1_69' title="bbox 2233 976 3823 1051">
    <p class='ocr_par' dir='ltr' id='par_1_69' title="bbox 2233 976 3823 1051">
     <span class='ocr_line' id='line_1_69' title="bbox 2233 976 3823 1051; baseline 0.004 -23"><span class='ocrx_word' id='word_1_543' title='bbox 2233 976 2389 1044; x_wconf 90' lang='lat' dir='ltr'><strong><em>paulo</em></strong></span> <span class='ocrx_word' id='word_1_544' title='bbox 2427 977 2671 1045; x_wconf 86' lang='lat' dir='ltr'><strong><em>superius</em></strong></span> <span class='ocrx_word' id='word_1_545' title='bbox 2697 977 2919 1032; x_wconf 80' lang='lat' dir='ltr'><strong><em>dixisset</em></strong></span> <span class='ocrx_word' id='word_1_546' title='bbox 2947 995 2960 1030; x_wconf 88' lang='lat'>:</span> <span class='ocrx_word' id='word_1_547' title='bbox 2991 976 3253 1048; x_wconf 81' lang='lat' dir='ltr'><strong><em>Numquid</em></strong></span> <span class='ocrx_word' id='word_1_548' title='bbox 3283 995 3381 1032; x_wconf 91' lang='lat' dir='ltr'><strong><em>non</em></strong></span> <span class='ocrx_word' id='word_1_549' title='bbox 3407 979 3644 1034; x_wconf 79' lang='lat' dir='ltr'><strong><em>habemus</em></strong></span> <span class='ocrx_word' id='word_1_550' title='bbox 3680 991 3823 1051; x_wconf 83' lang='lat' dir='ltr'><strong><em>pote-</em></strong></span> 
     </span>
    </p>
   </div>
   <div class='ocr_carea' id='block_1_70' title="bbox 2235 1069 3821 1140">
    <p class='ocr_par' dir='ltr' id='par_1_70' title="bbox 2235 1069 3821 1140">
     <span class='ocr_line' id='line_1_70' title="bbox 2235 1069 3821 1140; baseline 0.003 -17"><span class='ocrx_word' id='word_1_551' title='bbox 2235 1079 2414 1123; x_wconf 87' lang='lat' dir='ltr'><strong><em>statem</em></strong></span> <span class='ocrx_word' id='word_1_552' title='bbox 2442 1070 2783 1122; x_wconf 85' lang='lat' dir='ltr'><strong><em>ntanducandi</em></strong></span> <span class='ocrx_word' id='word_1_553' title='bbox 2809 1079 2855 1123; x_wconf 90' lang='lat' dir='ltr'><strong><em>et</em></strong></span> <span class='ocrx_word' id='word_1_554' title='bbox 2887 1070 3126 1123; x_wconf 80' lang='lat' dir='ltr'><strong><em>bibendi?</em></strong></span> <span class='ocrx_word' id='word_1_555' title='bbox 3156 1069 3418 1140; x_wconf 80' lang='lat' dir='ltr'><strong><em>Numquid</em></strong></span> <span class='ocrx_word' id='word_1_556' title='bbox 3454 1088 3551 1124; x_wconf 88' lang='lat' dir='ltr'><strong><em>non</em></strong></span> <span class='ocrx_word' id='word_1_557' title='bbox 3583 1071 3821 1127; x_wconf 82' lang='lat' dir='ltr'><strong><em>habemus</em></strong></span> 
     </span>
    </p>
   </div>
   <div class='ocr_carea' id='block_1_71' title="bbox 2236 1160 3822 1228">
    <p class='ocr_par' dir='ltr' id='par_1_71' title="bbox 2236 1160 3822 1228">
     <span class='ocr_line' id='line_1_71' title="bbox 2236 1160 3822 1228; baseline 0.003 -15"><span class='ocrx_word' id='word_1_558' title='bbox 2236 1160 2487 1214; x_wconf 89' lang='lat' dir='ltr'><strong><em>licentiam</em></strong></span> <span class='ocrx_word' id='word_1_559' title='bbox 2526 1177 2751 1216; x_wconf 87' lang='lat' dir='ltr'><strong><em>sororem</em></strong></span> <span class='ocrx_word' id='word_1_560' title='bbox 2811 1161 3071 1216; x_wconf 79' lang='lat' dir='ltr'><strong><em>mulierem</em></strong></span> <span class='ocrx_word' id='word_1_561' title='bbox 3113 1163 3514 1216; x_wconf 78' lang='lat' dir='ltr'><strong><em>circumducendi</em></strong></span> <span class='ocrx_word' id='word_1_562' title='bbox 3533 1204 3546 1228; x_wconf 94' lang='lat'><strong><em>,</em></strong></span> <span class='ocrx_word' id='word_1_563' title='bbox 3591 1165 3719 1217; x_wconf 85' lang='lat' dir='ltr'><strong><em>sicut</em></strong></span> <span class='ocrx_word' id='word_1_564' title='bbox 3775 1174 3822 1218; x_wconf 85' lang='lat' dir='ltr'><strong><em>et</em></strong></span> 
     </span>
    </p>
   </div>
   <div class='ocr_carea' id='block_1_72' title="bbox 2237 1252 3821 1326">
    <p class='ocr_par' dir='ltr' id='par_1_72' title="bbox 2237 1252 3821 1326">
     <span class='ocr_line' id='line_1_72' title="bbox 2237 1252 3821 1326; baseline 0.003 -20"><span class='ocrx_word' id='word_1_565' title='bbox 2237 1253 2400 1307; x_wconf 72' lang='lat' dir='ltr'><strong><em>cancri</em></strong></span> <span class='ocrx_word' id='word_1_566' title='bbox 2431 1252 2661 1322; x_wconf 80' lang='lat' dir='ltr'><strong><em>Apostoli</em></strong></span> <span class='ocrx_word' id='word_1_567' title='bbox 2685 1295 2699 1319; x_wconf 88' lang='lat'><strong><em>,</em></strong></span> <span class='ocrx_word' id='word_1_568' title='bbox 2728 1263 2772 1307; x_wconf 86' lang='lat' dir='ltr'><strong><em>et</em></strong></span> <span class='ocrx_word' id='word_1_569' title='bbox 2798 1254 2981 1321; x_wconf 83' lang='lat' dir='ltr'><strong><em>fratres</em></strong></span> <span class='ocrx_word' id='word_1_570' title='bbox 3007 1253 3208 1306; x_wconf 81' lang='lat' dir='ltr'><strong><em>Domini</em></strong></span> <span class='ocrx_word' id='word_1_571' title='bbox 3229 1295 3242 1315; x_wconf 86' lang='lat'><strong><em>.</em></strong></span> <span class='ocrx_word' id='word_1_572' title='bbox 3271 1263 3317 1308; x_wconf 88' lang='lat' dir='ltr'><strong><em>et</em></strong></span> <span class='ocrx_word' id='word_1_573' title='bbox 3348 1253 3587 1323; x_wconf 75' lang='lat' dir='ltr'><strong><em>Cephas?</em></strong></span> <span class='ocrx_word' id='word_1_574' title='bbox 3615 1255 3694 1308; x_wconf 79' lang='lat' dir='ltr'><strong><em>An</em></strong></span> <span class='ocrx_word' id='word_1_575' title='bbox 3729 1272 3821 1326; x_wconf 85' lang='lat' dir='ltr'><strong><em>ego</em></strong></span> 
     </span>
    </p>
   </div>
   <div class='ocr_carea' id='block_1_73' title="bbox 2238 1346 3823 1417">
    <p class='ocr_par' dir='ltr' id='par_1_73' title="bbox 2238 1346 3823 1417">
     <span class='ocr_line' id='line_1_73' title="bbox 2238 1346 3823 1417; baseline 0.003 -18"><span class='ocrx_word' id='word_1_576' title='bbox 2238 1346 2376 1399; x_wconf 85' lang='lat' dir='ltr'><strong><em>solus</em></strong></span> <span class='ocrx_word' id='word_1_577' title='bbox 2396 1355 2441 1398; x_wconf 93' lang='lat' dir='ltr'><strong><em>et</em></strong></span> <span class='ocrx_word' id='word_1_578' title='bbox 2464 1346 2723 1400; x_wconf 83' lang='lat' dir='ltr'><strong><em>Barnabas</em></strong></span> <span class='ocrx_word' id='word_1_579' title='bbox 2751 1363 2850 1402; x_wconf 91' lang='lat' dir='ltr'><strong><em>non</em></strong></span> <span class='ocrx_word' id='word_1_580' title='bbox 2890 1347 3126 1402; x_wconf 84' lang='lat' dir='ltr'><strong><em>habemus</em></strong></span> <span class='ocrx_word' id='word_1_581' title='bbox 3167 1357 3460 1417; x_wconf 87' lang='lat' dir='ltr'><strong><em>potestatem</em></strong></span> <span class='ocrx_word' id='word_1_582' title='bbox 3489 1347 3583 1401; x_wconf 84' lang='lat' dir='ltr'><strong><em>hoc</em></strong></span> <span class='ocrx_word' id='word_1_583' title='bbox 3609 1365 3823 1417; x_wconf 80' lang='lat' dir='ltr'><strong><em>operan-</em></strong></span> 
     </span>
    </p>
   </div>
   <div class='ocr_carea' id='block_1_74' title="bbox 2239 1437 3824 1510">
    <p class='ocr_par' dir='ltr' id='par_1_74' title="bbox 2239 1437 3824 1510">
     <span class='ocr_line' id='line_1_74' title="bbox 2239 1437 3824 1510; baseline 0.002 -20"><span class='ocrx_word' id='word_1_584' title='bbox 2239 1437 2330 1490; x_wconf 87' lang='lat' dir='ltr'><strong><em>di?</em></strong></span> <span class='ocrx_word' id='word_1_585' title='bbox 2365 1438 2492 1504; x_wconf 82' lang='lat' dir='ltr'><strong><em>Quis</em></strong></span> <span class='ocrx_word' id='word_1_586' title='bbox 2544 1439 2725 1492; x_wconf 86' lang='lat' dir='ltr'><strong><em>militat</em></strong></span> <span class='ocrx_word' id='word_1_587' title='bbox 2762 1439 2865 1494; x_wconf 88' lang='lat' dir='ltr'><strong><em>suis</em></strong></span> <span class='ocrx_word' id='word_1_588' title='bbox 2909 1439 3170 1506; x_wconf 78' lang='lat' dir='ltr'><strong><em>stipendiis</em></strong></span> <span class='ocrx_word' id='word_1_589' title='bbox 3213 1440 3475 1506; x_wconf 80' lang='lat' dir='ltr'><strong><em>unquam?</em></strong></span> <span class='ocrx_word' id='word_1_590' title='bbox 3513 1439 3640 1505; x_wconf 82' lang='lat' dir='ltr'><strong><em>Quis</em></strong></span> <span class='ocrx_word' id='word_1_591' title='bbox 3674 1441 3824 1510; x_wconf 81' lang='lat' dir='ltr'><strong><em>plan-</em></strong></span> 
     </span>
    </p>
   </div>
   <div class='ocr_carea' id='block_1_75' title="bbox 2243 1531 3822 1603">
    <p class='ocr_par' dir='ltr' id='par_1_75' title="bbox 2243 1531 3822 1603">
     <span class='ocr_line' id='line_1_75' title="bbox 2243 1531 3822 1603; baseline 0.003 -19"><span class='ocrx_word' id='word_1_592' title='bbox 2243 1531 2610 1598; x_wconf 83' lang='lat' dir='ltr'><strong><em>tavituineam,</em></strong></span> <span class='ocrx_word' id='word_1_593' title='bbox 2664 1539 2708 1584; x_wconf 82' lang='lat' dir='ltr'><strong><em>et</em></strong></span> <span class='ocrx_word' id='word_1_594' title='bbox 2748 1531 2810 1585; x_wconf 89' lang='lat' dir='ltr'><strong><em>de</em></strong></span> <span class='ocrx_word' id='word_1_595' title='bbox 2855 1532 3025 1598; x_wconf 83' lang='lat' dir='ltr'><strong><em>fructu</em></strong></span> <span class='ocrx_word' id='word_1_596' title='bbox 3043 1532 3152 1599; x_wconf 84' lang='lat' dir='ltr'><strong><em>ejus</em></strong></span> <span class='ocrx_word' id='word_1_597' title='bbox 3177 1548 3277 1585; x_wconf 88' lang='lat' dir='ltr'><strong><em>non</em></strong></span> <span class='ocrx_word' id='word_1_598' title='bbox 3305 1532 3446 1586; x_wconf 86' lang='lat' dir='ltr'><strong><em>edit?</em></strong></span> <span class='ocrx_word' id='word_1_599' title='bbox 3494 1532 3620 1598; x_wconf 87' lang='lat' dir='ltr'><strong><em>Quis</em></strong></span> <span class='ocrx_word' id='word_1_600' title='bbox 3664 1535 3822 1603; x_wconf 89' lang='lat' dir='ltr'><strong><em>pascit</em></strong></span> 
     </span>
    </p>
   </div>
   <div class='ocr_carea' id='block_1_76' title="bbox 2242 1622 3821 1693">
    <p class='ocr_par' dir='ltr' id='par_1_76' title="bbox 2242 1622 3821 1693">
     <span class='ocr_line' id='line_1_76' title="bbox 2242 1622 3821 1693; baseline 0.004 -20"><span class='ocrx_word' id='word_1_601' title='bbox 2242 1637 2462 1691; x_wconf 82' lang='lat' dir='ltr'><strong><em>gregem,</em></strong></span> <span class='ocrx_word' id='word_1_602' title='bbox 2493 1631 2537 1674; x_wconf 86' lang='lat' dir='ltr'><strong><em>et</em></strong></span> <span class='ocrx_word' id='word_1_603' title='bbox 2567 1622 2626 1675; x_wconf 90' lang='lat' dir='ltr'><strong><em>de</em></strong></span> <span class='ocrx_word' id='word_1_604' title='bbox 2651 1623 2781 1675; x_wconf 91' lang='lat' dir='ltr'><strong><em>lacte</em></strong></span> <span class='ocrx_word' id='word_1_605' title='bbox 2806 1623 2970 1692; x_wconf 82' lang='lat' dir='ltr'><strong><em>gregis</em></strong></span> <span class='ocrx_word' id='word_1_606' title='bbox 2994 1638 3093 1676; x_wconf 89' lang='lat' dir='ltr'><strong><em>non</em></strong></span> <span class='ocrx_word' id='word_1_607' title='bbox 3121 1622 3370 1693; x_wconf 78' lang='lat' dir='ltr'><strong><em>percipit?</em></strong></span> <span class='ocrx_word' id='word_1_608' title='bbox 3396 1624 3458 1676; x_wconf 82' lang='lat' dir='ltr'><strong><em>Et</em></strong></span> <span class='ocrx_word' id='word_1_609' title='bbox 3485 1623 3638 1692; x_wconf 81' lang='lat' dir='ltr'><strong><em>paulo</em></strong></span> <span class='ocrx_word' id='word_1_610' title='bbox 3667 1633 3821 1693; x_wconf 89' lang='lat' dir='ltr'><strong><em>post:</em></strong></span> 
     </span>
    </p>
   </div>
   <div class='ocr_carea' id='block_1_77' title="bbox 2245 1712 3827 1785">
    <p class='ocr_par' dir='ltr' id='par_1_77' title="bbox 2245 1712 3827 1785">
     <span class='ocr_line' id='line_1_77' title="bbox 2245 1712 3827 1785; baseline 0.002 -17"><span class='ocrx_word' id='word_1_611' title='bbox 2245 1712 2306 1768; x_wconf 89' lang='lat' dir='ltr'><strong><em>Si</em></strong></span> <span class='ocrx_word' id='word_1_612' title='bbox 2331 1714 2451 1778; x_wconf 90' lang='lat' dir='ltr'><strong><em>alii,</em></strong></span> <span class='ocrx_word' id='word_1_613' title='bbox 2495 1713 2691 1782; x_wconf 88' lang='lat' dir='ltr'><strong><em>inquit,</em></strong></span> <span class='ocrx_word' id='word_1_614' title='bbox 2723 1715 2978 1783; x_wconf 85' lang='lat' dir='ltr'><strong><em>potestatis</em></strong></span> <span class='ocrx_word' id='word_1_615' title='bbox 3025 1723 3199 1768; x_wconf 78' lang='lat' dir='ltr'><strong><em>uestra:</em></strong></span> <span class='ocrx_word' id='word_1_616' title='bbox 3225 1717 3558 1785; x_wconf 83' lang='lat' dir='ltr'><strong><em>participant,</em></strong></span> <span class='ocrx_word' id='word_1_617' title='bbox 3591 1733 3690 1771; x_wconf 89' lang='lat' dir='ltr'><strong><em>non</em></strong></span> <span class='ocrx_word' id='word_1_618' title='bbox 3717 1734 3827 1771; x_wconf 82' lang='lat' dir='ltr'><strong><em>ma-</em></strong></span> 
     </span>
    </p>
   </div>
   <div class='ocr_carea' id='block_1_78' title="bbox 2244 1804 3827 1876">
    <p class='ocr_par' dir='ltr' id='par_1_78' title="bbox 2244 1804 3827 1876">
     <span class='ocr_line' id='line_1_78' title="bbox 2244 1804 3827 1876; baseline 0.004 -19"><span class='ocrx_word' id='word_1_619' title='bbox 2244 1805 2321 1874; x_wconf 87' lang='lat' dir='ltr'><strong><em>gis</em></strong></span> <span class='ocrx_word' id='word_1_620' title='bbox 2357 1806 2484 1858; x_wconf 86' lang='lat' dir='ltr'><strong><em>nos?</em></strong></span> <span class='ocrx_word' id='word_1_621' title='bbox 2521 1804 2628 1860; x_wconf 83' lang='lat' dir='ltr'><strong><em>Sed</em></strong></span> <span class='ocrx_word' id='word_1_622' title='bbox 2662 1822 2762 1859; x_wconf 87' lang='lat' dir='ltr'><strong><em>non</em></strong></span> <span class='ocrx_word' id='word_1_623' title='bbox 2791 1822 2963 1859; x_wconf 88' lang='lat' dir='ltr'><strong><em>sumus</em></strong></span> <span class='ocrx_word' id='word_1_624' title='bbox 3001 1807 3081 1860; x_wconf 77' lang='lat' dir='ltr'><strong><em>usi</em></strong></span> <span class='ocrx_word' id='word_1_625' title='bbox 3114 1807 3208 1861; x_wconf 89' lang='lat' dir='ltr'><strong><em>hac</em></strong></span> <span class='ocrx_word' id='word_1_626' title='bbox 3243 1817 3513 1876; x_wconf 81' lang='lat' dir='ltr'><strong><em>potestate,</em></strong></span> <span class='ocrx_word' id='word_1_627' title='bbox 3546 1810 3633 1861; x_wconf 76' lang='lat' dir='ltr'><strong><em>sed</em></strong></span> <span class='ocrx_word' id='word_1_628' title='bbox 3656 1811 3827 1863; x_wconf 85' lang='lat' dir='ltr'><strong><em>omnia</em></strong></span> 
     </span>
    </p>
   </div>
   <div class='ocr_carea' id='block_1_79' title="bbox 2246 1892 3827 1972">
    <p class='ocr_par' dir='ltr' id='par_1_79' title="bbox 2246 1892 3827 1972">
     <span class='ocr_line' id='line_1_79' title="bbox 2246 1892 3827 1972; baseline 0.006 -27"><span class='ocrx_word' id='word_1_629' title='bbox 2246 1892 2549 1958; x_wconf 89' lang='lat' dir='ltr'><strong><em>toleramus,</em></strong></span> <span class='ocrx_word' id='word_1_630' title='bbox 2591 1911 2652 1947; x_wconf 91' lang='lat' dir='ltr'><strong><em>ne</em></strong></span> <span class='ocrx_word' id='word_1_631' title='bbox 2690 1895 2823 1964; x_wconf 88' lang='lat' dir='ltr'><strong><em>quod</em></strong></span> <span class='ocrx_word' id='word_1_632' title='bbox 2868 1897 3276 1966; x_wconf 86' lang='lat' dir='ltr'><strong><em>impedimentum</em></strong></span> <span class='ocrx_word' id='word_1_633' title='bbox 3323 1898 3497 1952; x_wconf 88' lang='lat' dir='ltr'><strong><em>demus</em></strong></span> <span class='ocrx_word' id='word_1_634' title='bbox 3554 1897 3827 1972; x_wconf 77' lang='lat' dir='ltr'><strong><em>Evangelia</em></strong></span> 
     </span>
    </p>
   </div>
   <div class='ocr_carea' id='block_1_80' title="bbox 2247 1983 3828 2060">
    <p class='ocr_par' dir='ltr' id='par_1_80' title="bbox 2247 1983 3828 2060">
     <span class='ocr_line' id='line_1_80' title="bbox 2247 1983 3828 2060; baseline 0.005 -22"><span class='ocrx_word' id='word_1_635' title='bbox 2247 1983 2453 2040; x_wconf 83' lang='lat' dir='ltr'><strong><em>Christi.</em></strong></span> <span class='ocrx_word' id='word_1_636' title='bbox 2494 1986 2697 2042; x_wconf 87' lang='lat' dir='ltr'><strong><em>Deinde</em></strong></span> <span class='ocrx_word' id='word_1_637' title='bbox 2735 1996 2855 2056; x_wconf 91' lang='lat' dir='ltr'><strong><em>post</em></strong></span> <span class='ocrx_word' id='word_1_638' title='bbox 2885 2003 3086 2057; x_wconf 85' lang='lat' dir='ltr'><strong><em>pauca:</em></strong></span> <span class='ocrx_word' id='word_1_639' title='bbox 3121 1987 3247 2054; x_wconf 70' lang='lat' dir='ltr'><strong><em>Qua</em></strong></span> <span class='ocrx_word' id='word_1_640' title='bbox 3275 2005 3426 2060; x_wconf 85' lang='lat' dir='ltr'><strong><em>ergo,</em></strong></span> <span class='ocrx_word' id='word_1_641' title='bbox 3469 1991 3664 2060; x_wconf 90' lang='lat' dir='ltr'><strong><em>inquit,</em></strong></span> <span class='ocrx_word' id='word_1_642' title='bbox 3704 1993 3828 2046; x_wconf 88' lang='lat' dir='ltr'><strong><em>mihi</em></strong></span> 
     </span>
    </p>
   </div>
   <div class='ocr_carea' id='block_1_81' title="bbox 2245 2075 3828 2149">
    <p class='ocr_par' dir='ltr' id='par_1_81' title="bbox 2245 2075 3828 2149">
     <span class='ocr_line' id='line_1_81' title="bbox 2245 2075 3828 2149; baseline 0.004 -19"><span class='ocrx_word' id='word_1_643' title='bbox 2245 2091 2433 2130; x_wconf 82' lang='lat' dir='ltr'><strong><em>merces</em></strong></span> <span class='ocrx_word' id='word_1_644' title='bbox 2461 2075 2553 2129; x_wconf 85' lang='lat' dir='ltr'><strong><em>erit</em></strong></span> <span class='ocrx_word' id='word_1_645' title='bbox 2569 2077 2594 2129; x_wconf 91' lang='lat'><strong><em>?</em></strong></span> <span class='ocrx_word' id='word_1_646' title='bbox 2625 2075 2694 2131; x_wconf 90' lang='lat' dir='ltr'><strong><em>Ut</em></strong></span> <span class='ocrx_word' id='word_1_647' title='bbox 2717 2078 3063 2148; x_wconf 82' lang='lat' dir='ltr'><strong><em>euangelizans</em></strong></span> <span class='ocrx_word' id='word_1_648' title='bbox 3084 2079 3192 2133; x_wconf 85' lang='lat' dir='ltr'><strong><em>sine</em></strong></span> <span class='ocrx_word' id='word_1_649' title='bbox 3215 2089 3419 2149; x_wconf 87' lang='lat' dir='ltr'><strong><em>sumptu</em></strong></span> <span class='ocrx_word' id='word_1_650' title='bbox 3441 2096 3625 2149; x_wconf 87' lang='lat' dir='ltr'><strong><em>ponam</em></strong></span> <span class='ocrx_word' id='word_1_651' title='bbox 3651 2080 3828 2136; x_wconf 77' lang='lat' dir='ltr'><strong><em>Evan-</em></strong></span> 
     </span>
    </p>
   </div>
   <div class='ocr_carea' id='block_1_82' title="bbox 2246 2169 3830 2246">
    <p class='ocr_par' dir='ltr' id='par_1_82' title="bbox 2246 2169 3830 2246">
     <span class='ocr_line' id='line_1_82' title="bbox 2246 2169 3830 2246; baseline 0.004 -23"><span class='ocrx_word' id='word_1_652' title='bbox 2246 2169 2432 2238; x_wconf 87' lang='lat' dir='ltr'><strong><em>gelium</em></strong></span> <span class='ocrx_word' id='word_1_653' title='bbox 2453 2211 2467 2234; x_wconf 93' lang='lat'><strong><em>,</em></strong></span> <span class='ocrx_word' id='word_1_654' title='bbox 2511 2178 2566 2222; x_wconf 91' lang='lat' dir='ltr'><strong><em>ut</em></strong></span> <span class='ocrx_word' id='word_1_655' title='bbox 2600 2186 2701 2224; x_wconf 90' lang='lat' dir='ltr'><strong><em>non</em></strong></span> <span class='ocrx_word' id='word_1_656' title='bbox 2744 2171 2926 2225; x_wconf 85' lang='lat' dir='ltr'><strong><em>abutar</em></strong></span> <span class='ocrx_word' id='word_1_657' title='bbox 2966 2181 3208 2240; x_wconf 79' lang='lat' dir='ltr'><strong><em>potestate</em></strong></span> <span class='ocrx_word' id='word_1_658' title='bbox 3241 2189 3352 2226; x_wconf 82' lang='lat' dir='ltr'><strong><em>mea</em></strong></span> <span class='ocrx_word' id='word_1_659' title='bbox 3391 2175 3444 2226; x_wconf 90' lang='lat' dir='ltr'><strong><em>in</em></strong></span> <span class='ocrx_word' id='word_1_660' title='bbox 3485 2172 3762 2246; x_wconf 83' lang='lat' dir='ltr'><strong><em>Evangelia</em></strong></span> <span class='ocrx_word' id='word_1_661' title='bbox 3783 2174 3830 2246; x_wconf 86' lang='grc' dir='ltr'><strong><em>(Ι</em></strong></span> 
     </span>
    </p>
   </div>
   <div class='ocr_carea' id='block_1_83' title="bbox 2247 2260 3831 2335">
    <p class='ocr_par' dir='ltr' id='par_1_83' title="bbox 2247 2260 3831 2335">
     <span class='ocr_line' id='line_1_83' title="bbox 2247 2260 3831 2335; baseline 0.004 -19"><span class='ocrx_word' id='word_1_662' title='bbox 2247 2260 2366 2316; x_wconf 87' lang='lat' dir='ltr'><strong><em>Cor.</em></strong></span> <span class='ocrx_word' id='word_1_663' title='bbox 2406 2277 2490 2328; x_wconf 81' lang='lat' dir='ltr'><strong><em>Ix,</em></strong></span> <span class='ocrx_word' id='word_1_664' title='bbox 2535 2261 2717 2331; x_wconf 48' lang='lat'><strong><em>4‘19).</em></strong></span> <span class='ocrx_word' id='word_1_665' title='bbox 2759 2261 3129 2334; x_wconf 90' lang='lat' dir='ltr'><strong><em>Continuoque</em></strong></span> <span class='ocrx_word' id='word_1_666' title='bbox 3175 2263 3445 2334; x_wconf 74' lang='lat' dir='ltr'><strong><em>subjungit</em></strong></span> <span class='ocrx_word' id='word_1_667' title='bbox 3489 2265 3628 2334; x_wconf 91' lang='lat' dir='ltr'><strong><em>quod</em></strong></span> <span class='ocrx_word' id='word_1_668' title='bbox 3675 2267 3831 2335; x_wconf 87' lang='lat' dir='ltr'><strong><em>paulo</em></strong></span> 
     </span>
    </p>
   </div>
   <div class='ocr_carea' id='block_1_84' title="bbox 2247 2352 3830 2425">
    <p class='ocr_par' dir='ltr' id='par_1_84' title="bbox 2247 2352 3830 2425">
     <span class='ocr_line' id='line_1_84' title="bbox 2247 2352 3830 2425; baseline 0.003 -17"><span class='ocrx_word' id='word_1_669' title='bbox 2247 2363 2370 2409; x_wconf 82' lang='lat' dir='ltr'><strong><em>ante</em></strong></span> <span class='ocrx_word' id='word_1_670' title='bbox 2395 2354 2810 2408; x_wconf 88' lang='lat' dir='ltr'><strong><em>commemoravi</em></strong></span> <span class='ocrx_word' id='word_1_671' title='bbox 2841 2373 2853 2408; x_wconf 91' lang='lat'><strong><em>:</em></strong></span> <span class='ocrx_word' id='word_1_672' title='bbox 2883 2352 3010 2409; x_wconf 86' lang='lat' dir='ltr'><strong><em>Cum</em></strong></span> <span class='ocrx_word' id='word_1_673' title='bbox 3039 2357 3170 2408; x_wconf 87' lang='lat' dir='ltr'><strong><em>enim</em></strong></span> <span class='ocrx_word' id='word_1_674' title='bbox 3214 2357 3340 2410; x_wconf 84' lang='lat' dir='ltr'><strong><em>liber</em></strong></span> <span class='ocrx_word' id='word_1_675' title='bbox 3361 2357 3457 2410; x_wconf 89' lang='lat' dir='ltr'><strong><em>sim</em></strong></span> <span class='ocrx_word' id='word_1_676' title='bbox 3481 2372 3544 2410; x_wconf 82' lang='lat' dir='ltr'><strong><em>ea:</em></strong></span> <span class='ocrx_word' id='word_1_677' title='bbox 3578 2358 3830 2425; x_wconf 87' lang='lat' dir='ltr'><strong><em>omnibus,</em></strong></span> 
     </span>
    </p>
   </div>
   <div class='ocr_carea' id='block_1_85' title="bbox 2247 2445 3832 2516">
    <p class='ocr_par' dir='ltr' id='par_1_85' title="bbox 2247 2445 3832 2516">
     <span class='ocr_line' id='line_1_85' title="bbox 2247 2445 3832 2516; baseline 0.003 -17"><span class='ocrx_word' id='word_1_678' title='bbox 2247 2445 2470 2500; x_wconf 84' lang='lat' dir='ltr'><strong><em>omnium</em></strong></span> <span class='ocrx_word' id='word_1_679' title='bbox 2495 2461 2574 2499; x_wconf 88' lang='lat' dir='ltr'><strong><em>me</em></strong></span> <span class='ocrx_word' id='word_1_680' title='bbox 2611 2461 2805 2499; x_wconf 77' lang='lat' dir='ltr'><strong><em>servum</em></strong></span> <span class='ocrx_word' id='word_1_681' title='bbox 2836 2446 2964 2515; x_wconf 90' lang='lat' dir='ltr'><strong><em>feci,</em></strong></span> <span class='ocrx_word' id='word_1_682' title='bbox 3010 2454 3064 2499; x_wconf 87' lang='lat' dir='ltr'><strong><em>ut</em></strong></span> <span class='ocrx_word' id='word_1_683' title='bbox 3090 2447 3258 2516; x_wconf 82' lang='lat' dir='ltr'><strong><em>plures</em></strong></span> <span class='ocrx_word' id='word_1_684' title='bbox 3287 2447 3651 2516; x_wconf 83' lang='lat' dir='ltr'><strong><em>lucrifacerem.</em></strong></span> <span class='ocrx_word' id='word_1_685' title='bbox 3701 2448 3832 2504; x_wconf 87' lang='lat' dir='ltr'><strong><em>Item</em></strong></span> 
     </span>
    </p>
   </div>
   <div class='ocr_carea' id='block_1_86' title="bbox 2248 2535 3828 2610">
    <p class='ocr_par' dir='ltr' id='par_1_86' title="bbox 2248 2535 3828 2610">
     <span class='ocr_line' id='line_1_86' title="bbox 2248 2535 3828 2610; baseline 0.003 -18"><span class='ocrx_word' id='word_1_686' title='bbox 2248 2535 2353 2592; x_wconf 86' lang='lat' dir='ltr'><strong><em>alio</em></strong></span> <span class='ocrx_word' id='word_1_687' title='bbox 2378 2535 2497 2590; x_wconf 89' lang='lat' dir='ltr'><strong><em>loco</em></strong></span> <span class='ocrx_word' id='word_1_688' title='bbox 2522 2536 2591 2590; x_wconf 89' lang='lat' dir='ltr'><strong><em>de</em></strong></span> <span class='ocrx_word' id='word_1_689' title='bbox 2643 2537 2958 2606; x_wconf 87' lang='lat' dir='ltr'><strong><em>quibusdam</em></strong></span> <span class='ocrx_word' id='word_1_690' title='bbox 3007 2553 3125 2608; x_wconf 69' lang='lat' dir='ltr'><strong><em>qua:</em></strong></span> <span class='ocrx_word' id='word_1_691' title='bbox 3176 2539 3242 2594; x_wconf 88' lang='lat' dir='ltr'><strong><em>ad</em></strong></span> <span class='ocrx_word' id='word_1_692' title='bbox 3293 2554 3471 2595; x_wconf 87' lang='lat' dir='ltr'><strong><em>escam</em></strong></span> <span class='ocrx_word' id='word_1_693' title='bbox 3511 2543 3775 2610; x_wconf 84' lang='lat' dir='ltr'><strong><em>pertinent</em></strong></span> <span class='ocrx_word' id='word_1_694' title='bbox 3813 2561 3828 2598; x_wconf 88' lang='lat'><strong>:</strong></span> 
     </span>
    </p>
   </div>
   <div class='ocr_carea' id='block_1_87' title="bbox 2252 2625 3830 2706">
    <p class='ocr_par' dir='ltr' id='par_1_87' title="bbox 2252 2625 3830 2706">
     <span class='ocr_line' id='line_1_87' title="bbox 2252 2625 3830 2706; baseline 0.008 -28"><span class='ocrx_word' id='word_1_695' title='bbox 2252 2625 2436 2680; x_wconf 86' lang='lat' dir='ltr'><strong><em>Omnia</em></strong></span> <span class='ocrx_word' id='word_1_696' title='bbox 2454 2667 2469 2692; x_wconf 91' lang='lat'><strong><em>,</em></strong></span> <span class='ocrx_word' id='word_1_697' title='bbox 2502 2627 2704 2696; x_wconf 89' lang='lat' dir='ltr'><strong><em>inquit,</em></strong></span> <span class='ocrx_word' id='word_1_698' title='bbox 2737 2629 2863 2682; x_wconf 89' lang='lat' dir='ltr'><strong><em>mihi</em></strong></span> <span class='ocrx_word' id='word_1_699' title='bbox 2895 2630 3034 2683; x_wconf 86' lang='lat' dir='ltr'><strong><em>licita</em></strong></span> <span class='ocrx_word' id='word_1_700' title='bbox 3061 2640 3209 2698; x_wconf 91' lang='lat' dir='ltr'><strong><em>sunt,</em></strong></span> <span class='ocrx_word' id='word_1_701' title='bbox 3237 2632 3326 2686; x_wconf 83' lang='lat' dir='ltr'><strong><em>sed</em></strong></span> <span class='ocrx_word' id='word_1_702' title='bbox 3353 2650 3455 2688; x_wconf 93' lang='lat' dir='ltr'><strong><em>non</em></strong></span> <span class='ocrx_word' id='word_1_703' title='bbox 3477 2635 3646 2688; x_wconf 86' lang='lat' dir='ltr'><strong><em>omnia</em></strong></span> <span class='ocrx_word' id='word_1_704' title='bbox 3673 2650 3830 2706; x_wconf 66' lang='lat' dir='ltr'><strong><em>erpe-</em></strong></span> 
     </span>
    </p>
   </div>
   <div class='ocr_carea' id='block_1_88' title="bbox 2249 2717 3834 2794">
    <p class='ocr_par' dir='ltr' id='par_1_88' title="bbox 2249 2717 3834 2794">
     <span class='ocr_line' id='line_1_88' title="bbox 2249 2717 3834 2794; baseline 0.006 -24"><span class='ocrx_word' id='word_1_705' title='bbox 2249 2717 2393 2776; x_wconf 85' lang='lat' dir='ltr'><strong><em>diunt</em></strong></span> <span class='ocrx_word' id='word_1_706' title='bbox 2423 2735 2440 2772; x_wconf 93' lang='lat'><strong><em>:</em></strong></span> <span class='ocrx_word' id='word_1_707' title='bbox 2471 2720 2639 2774; x_wconf 85' lang='lat' dir='ltr'><strong><em>omnia</em></strong></span> <span class='ocrx_word' id='word_1_708' title='bbox 2662 2721 2786 2774; x_wconf 85' lang='lat' dir='ltr'><strong><em>mihi</em></strong></span> <span class='ocrx_word' id='word_1_709' title='bbox 2807 2721 2946 2774; x_wconf 89' lang='lat' dir='ltr'><strong><em>licita</em></strong></span> <span class='ocrx_word' id='word_1_710' title='bbox 2984 2731 3136 2786; x_wconf 87' lang='lat' dir='ltr'><strong><em>sunt,</em></strong></span> <span class='ocrx_word' id='word_1_711' title='bbox 3175 2723 3262 2777; x_wconf 82' lang='lat' dir='ltr'><strong><em>sed</em></strong></span> <span class='ocrx_word' id='word_1_712' title='bbox 3300 2739 3390 2794; x_wconf 87' lang='lat' dir='ltr'><strong><em>ego</em></strong></span> <span class='ocrx_word' id='word_1_713' title='bbox 3424 2726 3516 2778; x_wconf 87' lang='lat' dir='ltr'><strong><em>sub</em></strong></span> <span class='ocrx_word' id='word_1_714' title='bbox 3542 2723 3730 2780; x_wconf 89' lang='lat' dir='ltr'><strong><em>nullius</em></strong></span> <span class='ocrx_word' id='word_1_715' title='bbox 3753 2742 3834 2780; x_wconf 79' lang='lat' dir='ltr'><strong><em>rs-</em></strong></span> 
     </span>
    </p>
   </div>
   <div class='ocr_carea' id='block_1_89' title="bbox 2208 2809 3834 2882">
    <p class='ocr_par' dir='ltr' id='par_1_89' title="bbox 2208 2809 3834 2882">
     <span class='ocr_line' id='line_1_89' title="bbox 2208 2809 3834 2882; baseline 0.006 -18"><span class='ocrx_word' id='word_1_716' title='bbox 2208 2822 2212 2825; x_wconf 83' lang='lat'>&#39;</span> <span class='ocrx_word' id='word_1_717' title='bbox 2248 2809 2396 2880; x_wconf 83' lang='lat' dir='ltr'><strong><em>digar</em></strong></span> <span class='ocrx_word' id='word_1_718' title='bbox 2420 2819 2680 2879; x_wconf 85' lang='lat' dir='ltr'><strong><em>potestate.</em></strong></span> <span class='ocrx_word' id='word_1_719' title='bbox 2702 2811 2838 2866; x_wconf 88' lang='lat' dir='ltr'><strong><em>Esca</em></strong></span> <span class='ocrx_word' id='word_1_720' title='bbox 2863 2814 3020 2867; x_wconf 82' lang='lat' dir='ltr'><strong><em>ventri</em></strong></span> <span class='ocrx_word' id='word_1_721' title='bbox 3047 2823 3094 2867; x_wconf 83' lang='lat' dir='ltr'><strong><em>et</em></strong></span> <span class='ocrx_word' id='word_1_722' title='bbox 3122 2824 3292 2869; x_wconf 76' lang='lat' dir='ltr'><strong><em>uenter</em></strong></span> <span class='ocrx_word' id='word_1_723' title='bbox 3316 2817 3440 2871; x_wconf 88' lang='lat' dir='ltr'><strong><em>escis</em></strong></span> <span class='ocrx_word' id='word_1_724' title='bbox 3458 2859 3472 2882; x_wconf 91' lang='lat'><strong><em>,</em></strong></span> <span class='ocrx_word' id='word_1_725' title='bbox 3503 2817 3641 2872; x_wconf 83' lang='lat' dir='ltr'><strong><em>Deus</em></strong></span> <span class='ocrx_word' id='word_1_726' title='bbox 3663 2829 3834 2874; x_wconf 84' lang='lat' dir='ltr'><strong><em>autem</em></strong></span> 
     </span>
    </p>
   </div>
   <div class='ocr_carea' id='block_1_90' title="bbox 2248 2901 3835 2979">
    <p class='ocr_par' dir='ltr' id='par_1_90' title="bbox 2248 2901 3835 2979">
     <span class='ocr_line' id='line_1_90' title="bbox 2248 2901 3835 2979; baseline 0.01 -27"><span class='ocrx_word' id='word_1_727' title='bbox 2248 2908 2293 2952; x_wconf 86' lang='lat' dir='ltr'><strong><em>et</em></strong></span> <span class='ocrx_word' id='word_1_728' title='bbox 2319 2901 2453 2954; x_wconf 87' lang='lat' dir='ltr'><strong><em>hunc</em></strong></span> <span class='ocrx_word' id='word_1_729' title='bbox 2493 2911 2539 2955; x_wconf 82' lang='lat' dir='ltr'><strong><em>et</em></strong></span> <span class='ocrx_word' id='word_1_730' title='bbox 2571 2901 2663 2956; x_wconf 90' lang='lat' dir='ltr'><strong><em>has</em></strong></span> <span class='ocrx_word' id='word_1_731' title='bbox 2700 2905 2953 2958; x_wconf 86' lang='lat' dir='ltr'><strong><em>evacuabit</em></strong></span> <span class='ocrx_word' id='word_1_732' title='bbox 2979 2903 3091 2975; x_wconf 89' lang='lat' dir='ltr'><strong><em>(Id.</em></strong></span> <span class='ocrx_word' id='word_1_733' title='bbox 3125 2920 3193 2970; x_wconf 80' lang='lat' dir='ltr'><strong><em>Vl,</em></strong></span> <span class='ocrx_word' id='word_1_734' title='bbox 3221 2905 3287 2960; x_wconf 72' lang='grc'><strong>12</strong></span> <span class='ocrx_word' id='word_1_735' title='bbox 3313 2917 3362 2961; x_wconf 86' lang='lat' dir='ltr'><strong><em>et</em></strong></span> <span class='ocrx_word' id='word_1_736' title='bbox 3394 2909 3502 2979; x_wconf 74' lang='grc'><strong>13).</strong></span> <span class='ocrx_word' id='word_1_737' title='bbox 3535 2908 3664 2964; x_wconf 89' lang='lat' dir='ltr'><strong><em>Item</em></strong></span> <span class='ocrx_word' id='word_1_738' title='bbox 3707 2911 3835 2968; x_wconf 83' lang='lat' dir='ltr'><strong><em>alibi</em></strong></span> 
     </span>
    </p>
   </div>
   <div class='ocr_carea' id='block_1_91' title="bbox 2248 2989 3838 3066">
    <p class='ocr_par' dir='ltr' id='par_1_91' title="bbox 2248 2989 3838 3066">
     <span class='ocr_line' id='line_1_91' title="bbox 2248 2989 3838 3066; baseline 0.008 -21"><span class='ocrx_word' id='word_1_739' title='bbox 2248 2989 2316 3046; x_wconf 86' lang='lat' dir='ltr'><strong><em>de</em></strong></span> <span class='ocrx_word' id='word_1_740' title='bbox 2354 2989 2455 3046; x_wconf 76' lang='lat' dir='ltr'><strong><em>hoc</em></strong></span> <span class='ocrx_word' id='word_1_741' title='bbox 2494 2991 2612 3063; x_wconf 88' lang='lat' dir='ltr'><strong><em>ipso</em></strong></span> <span class='ocrx_word' id='word_1_742' title='bbox 2643 3011 2658 3048; x_wconf 88' lang='lat'><strong>:</strong></span> <span class='ocrx_word' id='word_1_743' title='bbox 2693 2994 2880 3049; x_wconf 80' lang='lat' dir='ltr'><strong><em>Omnia</em></strong></span> <span class='ocrx_word' id='word_1_744' title='bbox 2902 2997 3026 3050; x_wconf 91' lang='lat' dir='ltr'><strong><em>mihi</em></strong></span> <span class='ocrx_word' id='word_1_745' title='bbox 3063 2999 3077 3028; x_wconf 74' lang='grc' dir='ltr'>ί</span> <span class='ocrx_word' id='word_1_746' title='bbox 3114 2996 3252 3052; x_wconf 88' lang='lat' dir='ltr'><strong><em>licita</em></strong></span> <span class='ocrx_word' id='word_1_747' title='bbox 3275 3008 3430 3066; x_wconf 88' lang='lat' dir='ltr'><strong><em>sunt,</em></strong></span> <span class='ocrx_word' id='word_1_748' title='bbox 3466 3001 3554 3054; x_wconf 81' lang='lat' dir='ltr'><strong><em>sed</em></strong></span> <span class='ocrx_word' id='word_1_749' title='bbox 3581 3017 3682 3055; x_wconf 88' lang='lat' dir='ltr'><strong><em>non</em></strong></span> <span class='ocrx_word' id='word_1_750' title='bbox 3722 3019 3838 3056; x_wconf 82' lang='lat' dir='ltr'><strong><em>om-</em></strong></span> 
     </span>
    </p>
   </div>
   <div class='ocr_carea' id='block_1_92' title="bbox 2252 3082 3837 3157">
    <p class='ocr_par' dir='ltr' id='par_1_92' title="bbox 2252 3082 3837 3157">
     <span class='ocr_line' id='line_1_92' title="bbox 2252 3082 3837 3157; baseline 0.007 -20"><span class='ocrx_word' id='word_1_751' title='bbox 2252 3082 2340 3138; x_wconf 85' lang='lat' dir='ltr'><strong><em>nia</em></strong></span> <span class='ocrx_word' id='word_1_752' title='bbox 2360 3084 2630 3154; x_wconf 73' lang='lat' dir='ltr'><strong><em>expediunt</em></strong></span> <span class='ocrx_word' id='word_1_753' title='bbox 2659 3102 2679 3139; x_wconf 91' lang='lat'><strong><em>:</em></strong></span> <span class='ocrx_word' id='word_1_754' title='bbox 2709 3088 2880 3141; x_wconf 87' lang='lat' dir='ltr'><strong><em>omnia</em></strong></span> <span class='ocrx_word' id='word_1_755' title='bbox 2917 3089 3040 3142; x_wconf 89' lang='lat' dir='ltr'><strong><em>mihi</em></strong></span> <span class='ocrx_word' id='word_1_756' title='bbox 3065 3089 3204 3142; x_wconf 90' lang='lat' dir='ltr'><strong><em>licita</em></strong></span> <span class='ocrx_word' id='word_1_757' title='bbox 3239 3099 3354 3143; x_wconf 79' lang='lat' dir='ltr'><strong><em>sunt</em></strong></span> <span class='ocrx_word' id='word_1_758' title='bbox 3372 3132 3387 3157; x_wconf 94' lang='lat'><strong><em>,</em></strong></span> <span class='ocrx_word' id='word_1_759' title='bbox 3419 3092 3508 3145; x_wconf 82' lang='lat' dir='ltr'><strong><em>sed</em></strong></span> <span class='ocrx_word' id='word_1_760' title='bbox 3533 3109 3633 3147; x_wconf 84' lang='lat' dir='ltr'><strong><em>non</em></strong></span> <span class='ocrx_word' id='word_1_761' title='bbox 3661 3095 3837 3148; x_wconf 87' lang='lat' dir='ltr'><strong><em>omnia</em></strong></span> 
     </span>
    </p>
   </div>
   <div class='ocr_carea' id='block_1_93' title="bbox 2249 3176 3836 3256">
    <p class='ocr_par' dir='ltr' id='par_1_93' title="bbox 2249 3176 3836 3256">
     <span class='ocr_line' id='line_1_93' title="bbox 2249 3176 3836 3256; baseline 0.006 -26"><span class='ocrx_word' id='word_1_762' title='bbox 2249 3176 2523 3244; x_wconf 66' lang='lat' dir='ltr'><strong><em>mitiﬁcant.</em></strong></span> <span class='ocrx_word' id='word_1_763' title='bbox 2558 3177 2720 3232; x_wconf 84' lang='lat' dir='ltr'><strong><em>Nemo</em></strong></span> <span class='ocrx_word' id='word_1_764' title='bbox 2757 3179 2892 3247; x_wconf 86' lang='lat' dir='ltr'><strong><em>quod</em></strong></span> <span class='ocrx_word' id='word_1_765' title='bbox 2930 3195 3079 3234; x_wconf 84' lang='lat' dir='ltr'><strong><em>suum</em></strong></span> <span class='ocrx_word' id='word_1_766' title='bbox 3108 3190 3180 3234; x_wconf 87' lang='lat' dir='ltr'><strong><em>est</em></strong></span> <span class='ocrx_word' id='word_1_767' title='bbox 3222 3193 3446 3251; x_wconf 66' lang='lat' dir='ltr'><strong><em>quierat,</em></strong></span> <span class='ocrx_word' id='word_1_768' title='bbox 3479 3183 3567 3238; x_wconf 76' lang='lat' dir='ltr'><strong><em>sed</em></strong></span> <span class='ocrx_word' id='word_1_769' title='bbox 3602 3185 3657 3237; x_wconf 92' lang='lat' dir='ltr'><strong><em>id</em></strong></span> <span class='ocrx_word' id='word_1_770' title='bbox 3697 3188 3836 3256; x_wconf 88' lang='lat' dir='ltr'><strong><em>quod</em></strong></span> 
     </span>
    </p>
   </div>
   <div class='ocr_carea' id='block_1_94' title="bbox 2250 3271 3830 3346">
    <p class='ocr_par' dir='ltr' id='par_1_94' title="bbox 2250 3271 3830 3346">
     <span class='ocr_line' id='line_1_94' title="bbox 2250 3271 3830 3346; baseline 0.006 -23"><span class='ocrx_word' id='word_1_771' title='bbox 2250 3271 2459 3325; x_wconf 85' lang='lat' dir='ltr'><strong><em>alterius</em></strong></span> <span class='ocrx_word' id='word_1_772' title='bbox 2497 3281 2588 3324; x_wconf 88' lang='lat' dir='ltr'><strong><em>est.</em></strong></span> <span class='ocrx_word' id='word_1_773' title='bbox 2623 3273 2795 3342; x_wconf 79' lang='lat' dir='ltr'><strong><em>Atque</em></strong></span> <span class='ocrx_word' id='word_1_774' title='bbox 2841 3283 2898 3328; x_wconf 88' lang='lat' dir='ltr'><strong><em>ut</em></strong></span> <span class='ocrx_word' id='word_1_775' title='bbox 2940 3273 3247 3330; x_wconf 89' lang='lat' dir='ltr'><strong><em>ostenderet</em></strong></span> <span class='ocrx_word' id='word_1_776' title='bbox 3294 3275 3432 3330; x_wconf 89' lang='lat' dir='ltr'><strong><em>unde</em></strong></span> <span class='ocrx_word' id='word_1_777' title='bbox 3474 3277 3830 3346; x_wconf 76' lang='lat' dir='ltr'><strong><em>loqueretur:</em></strong></span> 
     </span>
    </p>
   </div>
   <div class='ocr_carea' id='block_1_95' title="bbox 2255 3360 3834 3435">
    <p class='ocr_par' dir='ltr' id='par_1_95' title="bbox 2255 3360 3834 3435">
     <span class='ocr_line' id='line_1_95' title="bbox 2255 3360 3834 3435; baseline 0.006 -21"><span class='ocrx_word' id='word_1_778' title='bbox 2255 3360 2444 3426; x_wconf 84' lang='lat' dir='ltr'><strong><em>Omne,</em></strong></span> <span class='ocrx_word' id='word_1_779' title='bbox 2470 3362 2666 3430; x_wconf 89' lang='lat' dir='ltr'><strong><em>inquit,</em></strong></span> <span class='ocrx_word' id='word_1_780' title='bbox 2696 3365 2832 3432; x_wconf 90' lang='lat' dir='ltr'><strong><em>quod</em></strong></span> <span class='ocrx_word' id='word_1_781' title='bbox 2861 3365 2913 3417; x_wconf 89' lang='lat' dir='ltr'><strong><em>in</em></strong></span> <span class='ocrx_word' id='word_1_782' title='bbox 2941 3365 3154 3420; x_wconf 88' lang='lat' dir='ltr'><strong><em>macello</em></strong></span> <span class='ocrx_word' id='word_1_783' title='bbox 3195 3368 3354 3431; x_wconf 76' lang='lat' dir='ltr'><strong><em>vertit,</em></strong></span> <span class='ocrx_word' id='word_1_784' title='bbox 3384 3369 3684 3423; x_wconf 76' lang='lat' dir='ltr'><strong><em>manducata</em></strong></span> <span class='ocrx_word' id='word_1_785' title='bbox 3703 3409 3718 3435; x_wconf 90' lang='lat'><strong><em>,</em></strong></span> <span class='ocrx_word' id='word_1_786' title='bbox 3748 3371 3834 3423; x_wconf 83' lang='lat' dir='ltr'><strong><em>ni-</em></strong></span> 
     </span>
    </p>
   </div>
   <div class='ocr_carea' id='block_1_96' title="bbox 2251 3452 3831 3533">
    <p class='ocr_par' dir='ltr' id='par_1_96' title="bbox 2251 3452 3831 3533">
     <span class='ocr_line' id='line_1_96' title="bbox 2251 3452 3831 3533; baseline 0.006 -27"><span class='ocrx_word' id='word_1_787' title='bbox 2251 3452 2324 3506; x_wconf 81' lang='lat' dir='ltr'><strong><em>hil</em></strong></span> <span class='ocrx_word' id='word_1_788' title='bbox 2352 3453 2710 3523; x_wconf 86' lang='lat' dir='ltr'><strong><em>interrogantes</em></strong></span> <span class='ocrx_word' id='word_1_789' title='bbox 2753 3465 2958 3525; x_wconf 86' lang='lat' dir='ltr'><strong><em>prapter</em></strong></span> <span class='ocrx_word' id='word_1_790' title='bbox 2996 3458 3351 3511; x_wconf 81' lang='lat' dir='ltr'><strong><em>conscientiam</em></strong></span> <span class='ocrx_word' id='word_1_791' title='bbox 3377 3457 3488 3530; x_wconf 82' lang='lat' dir='ltr'><strong><em>(Id.</em></strong></span> <span class='ocrx_word' id='word_1_792' title='bbox 3531 3475 3592 3524; x_wconf 67' lang='grc' dir='ltr'><strong><em>ι,</em></strong></span> <span class='ocrx_word' id='word_1_793' title='bbox 3623 3459 3831 3533; x_wconf 61' lang='lat'><strong><em>21-25).</em></strong></span> 
     </span>
    </p>
   </div>
   <div class='ocr_carea' id='block_1_97' title="bbox 2251 3543 3837 3606">
    <p class='ocr_par' dir='ltr' id='par_1_97' title="bbox 2251 3543 3837 3606">
     <span class='ocr_line' id='line_1_97' title="bbox 2251 3543 3837 3606; baseline 0.006 -10"><span class='ocrx_word' id='word_1_794' title='bbox 2251 3543 2317 3597; x_wconf 81' lang='lat' dir='ltr'><strong><em>Et</em></strong></span> <span class='ocrx_word' id='word_1_795' title='bbox 2341 3551 2513 3599; x_wconf 88' lang='lat' dir='ltr'><strong><em>tamen</em></strong></span> <span class='ocrx_word' id='word_1_796' title='bbox 2541 3545 2664 3600; x_wconf 90' lang='lat' dir='ltr'><strong><em>alibi</em></strong></span> <span class='ocrx_word' id='word_1_797' title='bbox 2691 3546 2817 3600; x_wconf 92' lang='lat' dir='ltr'><strong><em>dicit</em></strong></span> <span class='ocrx_word' id='word_1_798' title='bbox 2846 3565 2858 3600; x_wconf 91' lang='lat'><strong><em>:</em></strong></span> <span class='ocrx_word' id='word_1_799' title='bbox 2893 3547 3014 3602; x_wconf 89' lang='lat' dir='ltr'><strong><em>Non</em></strong></span> <span class='ocrx_word' id='word_1_800' title='bbox 3041 3549 3353 3606; x_wconf 86' lang='lat' dir='ltr'><strong><em>manducabo</em></strong></span> <span class='ocrx_word' id='word_1_801' title='bbox 3381 3566 3580 3604; x_wconf 78' lang='lat' dir='ltr'><strong><em>carnem</em></strong></span> <span class='ocrx_word' id='word_1_802' title='bbox 3609 3553 3664 3605; x_wconf 88' lang='lat' dir='ltr'><strong><em>in</em></strong></span> <span class='ocrx_word' id='word_1_803' title='bbox 3687 3567 3837 3606; x_wconf 72' lang='lat' dir='ltr'><strong><em>ater-</em></strong></span> 
     </span>
    </p>
   </div>
   <div class='ocr_carea' id='block_1_98' title="bbox 2251 3639 3831 3714">
    <p class='ocr_par' dir='ltr' id='par_1_98' title="bbox 2251 3639 3831 3714">
     <span class='ocr_line' id='line_1_98' title="bbox 2251 3639 3831 3714; baseline 0.008 -29"><span class='ocrx_word' id='word_1_804' title='bbox 2251 3649 2369 3686; x_wconf 89' lang='lat' dir='ltr'><strong><em>num</em></strong></span> <span class='ocrx_word' id='word_1_805' title='bbox 2389 3675 2404 3698; x_wconf 97' lang='lat'><strong><em>,</em></strong></span> <span class='ocrx_word' id='word_1_806' title='bbox 2431 3644 2484 3686; x_wconf 92' lang='lat' dir='ltr'><strong><em>ut</em></strong></span> <span class='ocrx_word' id='word_1_807' title='bbox 2511 3651 2610 3688; x_wconf 90' lang='lat' dir='ltr'><strong><em>non</em></strong></span> <span class='ocrx_word' id='word_1_808' title='bbox 2639 3639 2846 3707; x_wconf 86' lang='lat' dir='ltr'><strong><em>fratrem</em></strong></span> <span class='ocrx_word' id='word_1_809' title='bbox 2874 3655 3039 3692; x_wconf 83' lang='lat' dir='ltr'><strong><em>meum</em></strong></span> <span class='ocrx_word' id='word_1_810' title='bbox 3065 3641 3401 3694; x_wconf 83' lang='lat' dir='ltr'><strong><em>scandalizem</em></strong></span> <span class='ocrx_word' id='word_1_811' title='bbox 3429 3641 3537 3710; x_wconf 90' lang='lat' dir='ltr'><strong><em>(Id.</em></strong></span> <span class='ocrx_word' id='word_1_812' title='bbox 3562 3659 3651 3698; x_wconf 85' lang='lat' dir='ltr'><strong><em>viti</em></strong></span> <span class='ocrx_word' id='word_1_813' title='bbox 3673 3684 3687 3708; x_wconf 92' lang='lat'><strong><em>,</em></strong></span> <span class='ocrx_word' id='word_1_814' title='bbox 3720 3644 3831 3714; x_wconf 83' lang='grc'><strong>15).</strong></span> 
     </span>
    </p>
   </div>
   <div class='ocr_carea' id='block_1_99' title="bbox 2251 3724 3836 3800">
    <p class='ocr_par' dir='ltr' id='par_1_99' title="bbox 2251 3724 3836 3800">
     <span class='ocr_line' id='line_1_99' title="bbox 2251 3724 3836 3800; baseline 0.009 -22"><span class='ocrx_word' id='word_1_815' title='bbox 2251 3724 2486 3795; x_wconf 80' lang='lat' dir='ltr'><strong><em>Itemque</em></strong></span> <span class='ocrx_word' id='word_1_816' title='bbox 2515 3728 2638 3783; x_wconf 87' lang='lat' dir='ltr'><strong><em>alibi</em></strong></span> <span class='ocrx_word' id='word_1_817' title='bbox 2671 3746 2682 3780; x_wconf 94' lang='lat'>:</span> <span class='ocrx_word' id='word_1_818' title='bbox 2722 3730 2906 3783; x_wconf 85' lang='lat' dir='ltr'><strong><em>Omnia</em></strong></span> <span class='ocrx_word' id='word_1_819' title='bbox 2931 3732 3131 3800; x_wconf 87' lang='lat' dir='ltr'><strong><em>quidem</em></strong></span> <span class='ocrx_word' id='word_1_820' title='bbox 3163 3736 3350 3788; x_wconf 77' lang='lat' dir='ltr'><strong><em>munda</em></strong></span> <span class='ocrx_word' id='word_1_821' title='bbox 3370 3776 3385 3799; x_wconf 96' lang='lat'><strong><em>,</em></strong></span> <span class='ocrx_word' id='word_1_822' title='bbox 3417 3737 3506 3789; x_wconf 84' lang='lat' dir='ltr'><strong><em>sed</em></strong></span> <span class='ocrx_word' id='word_1_823' title='bbox 3548 3737 3733 3790; x_wconf 87' lang='lat' dir='ltr'><strong><em>malum</em></strong></span> <span class='ocrx_word' id='word_1_824' title='bbox 3759 3749 3836 3792; x_wconf 84' lang='lat' dir='ltr'><strong><em>est</em></strong></span> 
     </span>
    </p>
   </div>
   <div class='ocr_carea' id='block_1_100' title="bbox 2251 3816 3832 3900">
    <p class='ocr_par' dir='ltr' id='par_1_100' title="bbox 2251 3816 3832 3900">
     <span class='ocr_line' id='line_1_100' title="bbox 2251 3816 3832 3900; baseline 0.009 -32"><span class='ocrx_word' id='word_1_825' title='bbox 2251 3816 2440 3869; x_wconf 89' lang='lat' dir='ltr'><strong><em>homini</em></strong></span> <span class='ocrx_word' id='word_1_826' title='bbox 2481 3819 2567 3888; x_wconf 87' lang='lat' dir='ltr'><strong><em>qui</em></strong></span> <span class='ocrx_word' id='word_1_827' title='bbox 2596 3836 2684 3887; x_wconf 86' lang='lat' dir='ltr'><strong><em>per</em></strong></span> <span class='ocrx_word' id='word_1_828' title='bbox 2703 3820 3026 3886; x_wconf 76' lang='lat' dir='ltr'><strong><em>offensionem</em></strong></span> <span class='ocrx_word' id='word_1_829' title='bbox 3063 3825 3332 3878; x_wconf 87' lang='lat' dir='ltr'><strong><em>manducat</em></strong></span> <span class='ocrx_word' id='word_1_830' title='bbox 3359 3824 3532 3895; x_wconf 85' lang='lat' dir='ltr'><strong><em>(Rom.</em></strong></span> <span class='ocrx_word' id='word_1_831' title='bbox 3572 3843 3690 3894; x_wconf 75' lang='lat' dir='ltr'><strong><em>xrv,</em></strong></span> <span class='ocrx_word' id='word_1_832' title='bbox 3715 3828 3832 3900; x_wconf 72' lang='lat'><strong><em>20).</em></strong></span> 
     </span>
    </p>
   </div>
   <div class='ocr_carea' id='block_1_101' title="bbox 2250 3907 3838 3992">
    <p class='ocr_par' dir='ltr' id='par_1_101' title="bbox 2250 3907 3838 3992">
     <span class='ocr_line' id='line_1_101' title="bbox 2250 3907 3838 3992; baseline 0.008 -30"><span class='ocrx_word' id='word_1_833' title='bbox 2250 3907 2404 3974; x_wconf 83' lang='lat' dir='ltr'><strong><em>Quod</em></strong></span> <span class='ocrx_word' id='word_1_834' title='bbox 2445 3919 2557 3978; x_wconf 88' lang='lat' dir='ltr'><strong><em>est,</em></strong></span> <span class='ocrx_word' id='word_1_835' title='bbox 2593 3911 2776 3966; x_wconf 87' lang='lat' dir='ltr'><strong><em>Omnia</em></strong></span> <span class='ocrx_word' id='word_1_836' title='bbox 2807 3913 2944 3967; x_wconf 90' lang='lat' dir='ltr'><strong><em>licita</em></strong></span> <span class='ocrx_word' id='word_1_837' title='bbox 2968 3925 3120 3980; x_wconf 88' lang='lat' dir='ltr'><strong><em>sunt;</em></strong></span> <span class='ocrx_word' id='word_1_838' title='bbox 3152 3917 3324 3987; x_wconf 89' lang='lat' dir='ltr'><strong><em>ipsum</em></strong></span> <span class='ocrx_word' id='word_1_839' title='bbox 3354 3927 3468 3983; x_wconf 91' lang='lat' dir='ltr'><strong><em>est,</em></strong></span> <span class='ocrx_word' id='word_1_840' title='bbox 3504 3919 3687 3973; x_wconf 88' lang='lat' dir='ltr'><strong><em>Omnia</em></strong></span> <span class='ocrx_word' id='word_1_841' title='bbox 3721 3923 3838 3992; x_wconf 88' lang='lat' dir='ltr'><strong><em>qui-</em></strong></span> 
     </span>
    </p>
   </div>
   <div class='ocr_carea' id='block_1_102' title="bbox 2251 4001 3838 4084">
    <p class='ocr_par' dir='ltr' id='par_1_102' title="bbox 2251 4001 3838 4084">
     <span class='ocr_line' id='line_1_102' title="bbox 2251 4001 3838 4084; baseline 0.008 -29"><span class='ocrx_word' id='word_1_842' title='bbox 2251 4001 2364 4056; x_wconf 87' lang='lat' dir='ltr'><strong><em>dem</em></strong></span> <span class='ocrx_word' id='word_1_843' title='bbox 2392 4003 2582 4058; x_wconf 86' lang='lat' dir='ltr'><strong><em>munda</em></strong></span> <span class='ocrx_word' id='word_1_844' title='bbox 2606 4021 2624 4058; x_wconf 89' lang='lat'><strong><em>:</em></strong></span> <span class='ocrx_word' id='word_1_845' title='bbox 2647 4015 2699 4060; x_wconf 90' lang='lat' dir='ltr'><strong><em>et</em></strong></span> <span class='ocrx_word' id='word_1_846' title='bbox 2739 4007 2880 4076; x_wconf 89' lang='lat' dir='ltr'><strong><em>quod</em></strong></span> <span class='ocrx_word' id='word_1_847' title='bbox 2908 4019 2989 4062; x_wconf 86' lang='lat' dir='ltr'><strong><em>est</em></strong></span> <span class='ocrx_word' id='word_1_848' title='bbox 3008 4049 3022 4074; x_wconf 94' lang='lat'><strong><em>,</em></strong></span> <span class='ocrx_word' id='word_1_849' title='bbox 3065 4011 3153 4063; x_wconf 85' lang='lat' dir='ltr'><strong><em>sed</em></strong></span> <span class='ocrx_word' id='word_1_850' title='bbox 3182 4028 3281 4064; x_wconf 89' lang='lat' dir='ltr'><strong><em>non</em></strong></span> <span class='ocrx_word' id='word_1_851' title='bbox 3322 4013 3489 4065; x_wconf 84' lang='lat' dir='ltr'><strong><em>omnia</em></strong></span> <span class='ocrx_word' id='word_1_852' title='bbox 3527 4015 3838 4084; x_wconf 67' lang='lat' dir='ltr'><strong><em>expediunt;</em></strong></span> 
     </span>
    </p>
   </div>
   <div class='ocr_carea' id='block_1_103' title="bbox 2251 4094 3839 4173">
    <p class='ocr_par' dir='ltr' id='par_1_103' title="bbox 2251 4094 3839 4173">
     <span class='ocr_line' id='line_1_103' title="bbox 2251 4094 3839 4173; baseline 0.008 -26"><span class='ocrx_word' id='word_1_853' title='bbox 2251 4094 2423 4162; x_wconf 84' lang='lat' dir='ltr'><strong><em>ipsum</em></strong></span> <span class='ocrx_word' id='word_1_854' title='bbox 2449 4103 2566 4162; x_wconf 89' lang='lat' dir='ltr'><strong><em>cst,</em></strong></span> <span class='ocrx_word' id='word_1_855' title='bbox 2605 4097 2692 4149; x_wconf 87' lang='lat' dir='ltr'><strong><em>sed</em></strong></span> <span class='ocrx_word' id='word_1_856' title='bbox 2715 4099 2905 4151; x_wconf 87' lang='lat' dir='ltr'><strong><em>ntalum</em></strong></span> <span class='ocrx_word' id='word_1_857' title='bbox 2940 4109 3010 4153; x_wconf 86' lang='lat' dir='ltr'><strong><em>est</em></strong></span> <span class='ocrx_word' id='word_1_858' title='bbox 3052 4101 3244 4154; x_wconf 83' lang='lat' dir='ltr'><strong><em>homini</em></strong></span> <span class='ocrx_word' id='word_1_859' title='bbox 3289 4104 3374 4172; x_wconf 86' lang='lat' dir='ltr'><strong><em>qui</em></strong></span> <span class='ocrx_word' id='word_1_860' title='bbox 3400 4121 3488 4173; x_wconf 89' lang='lat' dir='ltr'><strong><em>per</em></strong></span> <span class='ocrx_word' id='word_1_861' title='bbox 3507 4104 3839 4171; x_wconf 75' lang='lat' dir='ltr'><strong><em>offensionem</em></strong></span> 
     </span>
    </p>
   </div>
   <div class='ocr_carea' id='block_1_104' title="bbox 2251 4185 3835 4262">
    <p class='ocr_par' dir='ltr' id='par_1_104' title="bbox 2251 4185 3835 4262">
     <span class='ocr_line' id='line_1_104' title="bbox 2251 4185 3835 4262; baseline 0.009 -25"><span class='ocrx_word' id='word_1_862' title='bbox 2251 4185 2542 4238; x_wconf 89' lang='lat' dir='ltr'><strong><em>manducat.</em></strong></span> <span class='ocrx_word' id='word_1_863' title='bbox 2594 4185 2666 4241; x_wconf 90' lang='lat' dir='ltr'><strong><em>Ita</em></strong></span> <span class='ocrx_word' id='word_1_864' title='bbox 2707 4188 2938 4242; x_wconf 87' lang='lat' dir='ltr'><strong><em>ostendit</em></strong></span> <span class='ocrx_word' id='word_1_865' title='bbox 2976 4205 3038 4243; x_wconf 89' lang='lat' dir='ltr'><strong><em>ea</em></strong></span> <span class='ocrx_word' id='word_1_866' title='bbox 3068 4206 3186 4259; x_wconf 75' lang='lat' dir='ltr'><strong><em>qua:</em></strong></span> <span class='ocrx_word' id='word_1_867' title='bbox 3239 4193 3378 4245; x_wconf 87' lang='lat' dir='ltr'><strong><em>licita</em></strong></span> <span class='ocrx_word' id='word_1_868' title='bbox 3426 4205 3583 4260; x_wconf 91' lang='lat' dir='ltr'><strong><em>sunt,</em></strong></span> <span class='ocrx_word' id='word_1_869' title='bbox 3619 4195 3668 4248; x_wconf 92' lang='lat' dir='ltr'><strong><em>id</em></strong></span> <span class='ocrx_word' id='word_1_870' title='bbox 3714 4205 3835 4262; x_wconf 79' lang='lat' dir='ltr'><strong><em>est,</em></strong></span> 
     </span>
    </p>
   </div>
   <div class='ocr_carea' id='block_1_105' title="bbox 2253 4276 3838 4356">
    <p class='ocr_par' dir='ltr' id='par_1_105' title="bbox 2253 4276 3838 4356">
     <span class='ocr_line' id='line_1_105' title="bbox 2253 4276 3838 4356; baseline 0.011 -28"><span class='ocrx_word' id='word_1_871' title='bbox 2253 4276 2397 4329; x_wconf 89' lang='lat' dir='ltr'><strong><em>nullo</em></strong></span> <span class='ocrx_word' id='word_1_872' title='bbox 2440 4287 2707 4348; x_wconf 58' lang='lat' dir='ltr'><strong><em>praecepto</em></strong></span> <span class='ocrx_word' id='word_1_873' title='bbox 2751 4280 2961 4334; x_wconf 89' lang='lat' dir='ltr'><strong><em>Domini</em></strong></span> <span class='ocrx_word' id='word_1_874' title='bbox 3005 4283 3386 4351; x_wconf 89' lang='lat' dir='ltr'><strong><em>prohibentur,</em></strong></span> <span class='ocrx_word' id='word_1_875' title='bbox 3436 4287 3572 4340; x_wconf 91' lang='lat' dir='ltr'><strong><em>sicut</em></strong></span> <span class='ocrx_word' id='word_1_876' title='bbox 3616 4288 3838 4356; x_wconf 77' lang='lat' dir='ltr'><strong><em>expedit</em></strong></span> 
     </span>
    </p>
   </div>
   <div class='ocr_carea' id='block_1_106' title="bbox 2254 4369 3837 4448">
    <p class='ocr_par' dir='ltr' id='par_1_106' title="bbox 2254 4369 3837 4448">
     <span class='ocr_line' id='line_1_106' title="bbox 2254 4369 3837 4448; baseline 0.009 -26"><span class='ocrx_word' id='word_1_877' title='bbox 2254 4369 2428 4437; x_wconf 88' lang='lat' dir='ltr'><strong><em>potius</em></strong></span> <span class='ocrx_word' id='word_1_878' title='bbox 2468 4386 2587 4426; x_wconf 91' lang='lat' dir='ltr'><strong><em>esse</em></strong></span> <span class='ocrx_word' id='word_1_879' title='bbox 2643 4374 2950 4439; x_wconf 88' lang='lat' dir='ltr'><strong><em>tractanda,</em></strong></span> <span class='ocrx_word' id='word_1_880' title='bbox 3005 4390 3110 4430; x_wconf 90' lang='lat' dir='ltr'><strong><em>non</em></strong></span> <span class='ocrx_word' id='word_1_881' title='bbox 3165 4378 3470 4446; x_wconf 73' lang='lat' dir='ltr'><strong><em>prmscripto</em></strong></span> <span class='ocrx_word' id='word_1_882' title='bbox 3510 4379 3672 4448; x_wconf 83' lang='lat' dir='ltr'><strong><em>legis,</em></strong></span> <span class='ocrx_word' id='word_1_883' title='bbox 3735 4383 3837 4436; x_wconf 88' lang='lat' dir='ltr'><strong><em>sed</em></strong></span> 
     </span>
    </p>
   </div>
   <div class='ocr_carea' id='block_1_107' title="bbox 2253 4466 3840 4544">
    <p class='ocr_par' dir='ltr' id='par_1_107' title="bbox 2253 4466 3840 4544">
     <span class='ocr_line' id='line_1_107' title="bbox 2253 4466 3840 4544; baseline 0.007 -25"><span class='ocrx_word' id='word_1_884' title='bbox 2253 4466 2474 4520; x_wconf 89' lang='lat' dir='ltr'><strong><em>consilio</em></strong></span> <span class='ocrx_word' id='word_1_885' title='bbox 2504 4467 2797 4524; x_wconf 88' lang='lat' dir='ltr'><strong><em>charitatis.</em></strong></span> <span class='ocrx_word' id='word_1_886' title='bbox 2826 4469 2951 4525; x_wconf 83' lang='lat' dir='ltr'><strong><em>Haec</em></strong></span> <span class='ocrx_word' id='word_1_887' title='bbox 2995 4480 3118 4524; x_wconf 92' lang='lat' dir='ltr'><strong><em>sunt</em></strong></span> <span class='ocrx_word' id='word_1_888' title='bbox 3148 4487 3265 4540; x_wconf 84' lang='lat' dir='ltr'><strong><em>quae</em></strong></span> <span class='ocrx_word' id='word_1_889' title='bbox 3291 4471 3516 4540; x_wconf 90' lang='lat' dir='ltr'><strong><em>amplius</em></strong></span> <span class='ocrx_word' id='word_1_890' title='bbox 3543 4483 3840 4544; x_wconf 81' lang='lat' dir='ltr'><strong><em>erogantur</em></strong></span> 
     </span>
    </p>
   </div>
   <div class='ocr_carea' id='block_1_108' title="bbox 2252 4559 3839 4628">
    <p class='ocr_par' dir='ltr' id='par_1_108' title="bbox 2252 4559 3839 4628">
     <span class='ocr_line' id='line_1_108' title="bbox 2252 4559 3839 4628; baseline 0.008 -17"><span class='ocrx_word' id='word_1_891' title='bbox 2252 4560 2463 4623; x_wconf 86' lang='lat' dir='ltr'><strong><em>saucio,</em></strong></span> <span class='ocrx_word' id='word_1_892' title='bbox 2498 4559 2587 4628; x_wconf 89' lang='lat' dir='ltr'><strong><em>qui</em></strong></span> <span class='ocrx_word' id='word_1_893' title='bbox 2616 4561 2882 4616; x_wconf 86' lang='lat' dir='ltr'><strong><em>curandus</em></strong></span> <span class='ocrx_word' id='word_1_894' title='bbox 2923 4561 2987 4616; x_wconf 90' lang='lat' dir='ltr'><strong><em>ad</em></strong></span> <span class='ocrx_word' id='word_1_895' title='bbox 3026 4563 3291 4616; x_wconf 88' lang='lat' dir='ltr'><strong><em>stabulum</em></strong></span> <span class='ocrx_word' id='word_1_896' title='bbox 3319 4563 3638 4618; x_wconf 87' lang='lat' dir='ltr'><strong><em>Samaritani</em></strong></span> <span class='ocrx_word' id='word_1_897' title='bbox 3693 4567 3839 4623; x_wconf 92' lang='lat' dir='ltr'><strong><em>illius</em></strong></span> 
     </span>
    </p>
   </div>
   <div class='ocr_carea' id='block_1_109' title="bbox 2253 4649 3839 4726">
    <p class='ocr_par' dir='ltr' id='par_1_109' title="bbox 2253 4649 3839 4726">
     <span class='ocr_line' id='line_1_109' title="bbox 2253 4649 3839 4726; baseline 0.008 -24"><span class='ocrx_word' id='word_1_898' title='bbox 2253 4649 2592 4705; x_wconf 87' lang='lat' dir='ltr'><strong><em>miseratione</em></strong></span> <span class='ocrx_word' id='word_1_899' title='bbox 2640 4652 2923 4721; x_wconf 89' lang='lat' dir='ltr'><strong><em>perductus</em></strong></span> <span class='ocrx_word' id='word_1_900' title='bbox 2971 4662 3051 4706; x_wconf 88' lang='lat' dir='ltr'><strong><em>est</em></strong></span> <span class='ocrx_word' id='word_1_901' title='bbox 3077 4652 3224 4724; x_wconf 88' lang='lat' dir='ltr'><strong><em>(Luc.</em></strong></span> <span class='ocrx_word' id='word_1_902' title='bbox 3254 4669 3286 4707; x_wconf 84' lang='lat' dir='ltr'><strong><em>x</em></strong></span> <span class='ocrx_word' id='word_1_903' title='bbox 3312 4697 3324 4716; x_wconf 93' lang='lat'><strong><em>,</em></strong></span> <span class='ocrx_word' id='word_1_904' title='bbox 3372 4655 3580 4726; x_wconf 79' lang='lat'><strong><em>55-55).</em></strong></span> <span class='ocrx_word' id='word_1_905' title='bbox 3615 4656 3683 4711; x_wconf 87' lang='lat' dir='ltr'><strong><em>Et</em></strong></span> <span class='ocrx_word' id='word_1_906' title='bbox 3716 4659 3839 4714; x_wconf 87' lang='lat' dir='ltr'><strong><em>ideo</em></strong></span> 
     </span>
    </p>
   </div>
   <div class='ocr_carea' id='block_1_110' title="bbox 2252 4740 3840 4815">
    <p class='ocr_par' dir='ltr' id='par_1_110' title="bbox 2252 4740 3840 4815">
     <span class='ocr_line' id='line_1_110' title="bbox 2252 4740 3840 4815; baseline 0.007 -22"><span class='ocrx_word' id='word_1_907' title='bbox 2252 4740 2500 4795; x_wconf 90' lang='lat' dir='ltr'><strong><em>dicuntur</em></strong></span> <span class='ocrx_word' id='word_1_908' title='bbox 2529 4757 2632 4796; x_wconf 92' lang='lat' dir='ltr'><strong><em>non</em></strong></span> <span class='ocrx_word' id='word_1_909' title='bbox 2659 4759 2689 4797; x_wconf 88' lang='lat' dir='ltr'><strong><em>a</em></strong></span> <span class='ocrx_word' id='word_1_910' title='bbox 2733 4745 2958 4799; x_wconf 91' lang='lat' dir='ltr'><strong><em>Domino</em></strong></span> <span class='ocrx_word' id='word_1_911' title='bbox 2985 4745 3230 4814; x_wconf 61' lang='lat' dir='ltr'><strong><em>praecipi,</em></strong></span> <span class='ocrx_word' id='word_1_912' title='bbox 3282 4747 3523 4815; x_wconf 88' lang='lat' dir='ltr'><strong><em>quamvis</em></strong></span> <span class='ocrx_word' id='word_1_913' title='bbox 3560 4749 3786 4804; x_wconf 90' lang='lat' dir='ltr'><strong><em>Domino</em></strong></span> <span class='ocrx_word' id='word_1_914' title='bbox 3818 4754 3840 4782; x_wconf 82' lang='grc'><strong><em>²</em></strong></span> 
     </span>
    </p>
   </div>
   <div class='ocr_carea' id='block_1_111' title="bbox 2251 4837 3843 4912">
    <p class='ocr_par' dir='ltr' id='par_1_111' title="bbox 2251 4837 3843 4912">
     <span class='ocr_line' id='line_1_111' title="bbox 2251 4837 3843 4912; baseline 0.007 -24"><span class='ocrx_word' id='word_1_915' title='bbox 2251 4845 2567 4889; x_wconf 85' lang='lat' dir='ltr'><strong><em>moneantur</em></strong></span> <span class='ocrx_word' id='word_1_916' title='bbox 2591 4837 2806 4903; x_wconf 78' lang='lat' dir='ltr'><strong><em>otTerri;</em></strong></span> <span class='ocrx_word' id='word_1_917' title='bbox 2836 4847 2892 4892; x_wconf 90' lang='lat' dir='ltr'><strong><em>ut</em></strong></span> <span class='ocrx_word' id='word_1_918' title='bbox 2931 4848 3075 4892; x_wconf 86' lang='lat' dir='ltr'><strong><em>tanto</em></strong></span> <span class='ocrx_word' id='word_1_919' title='bbox 3105 4839 3464 4910; x_wconf 82' lang='lat' dir='ltr'><strong><em>intelligantur</em></strong></span> <span class='ocrx_word' id='word_1_920' title='bbox 3492 4857 3612 4896; x_wconf 88' lang='lat' dir='ltr'><strong><em>esse</em></strong></span> <span class='ocrx_word' id='word_1_921' title='bbox 3643 4843 3843 4912; x_wconf 75' lang='lat' dir='ltr'><strong><em>gratio-</em></strong></span> 
     </span>
    </p>
   </div>
   <div class='ocr_carea' id='block_1_112' title="bbox 2252 4931 3410 5001">
    <p class='ocr_par' dir='ltr' id='par_1_112' title="bbox 2252 4931 3410 5001">
     <span class='ocr_line' id='line_1_112' title="bbox 2252 4931 3410 5001; baseline 0.001 -18"><span class='ocrx_word' id='word_1_922' title='bbox 2252 4943 2331 4996; x_wconf 85' lang='lat' dir='ltr'><strong><em>ra,</em></strong></span> <span class='ocrx_word' id='word_1_923' title='bbox 2363 4939 2560 4998; x_wconf 86' lang='lat' dir='ltr'><strong><em>quanto</em></strong></span> <span class='ocrx_word' id='word_1_924' title='bbox 2589 4931 2753 5001; x_wconf 82' lang='lat' dir='ltr'><strong><em>magis</em></strong></span> <span class='ocrx_word' id='word_1_925' title='bbox 2784 4932 3136 4986; x_wconf 87' lang='lat' dir='ltr'><strong><em>ostenduntur</em></strong></span> <span class='ocrx_word' id='word_1_926' title='bbox 3159 4933 3410 4988; x_wconf 87' lang='lat' dir='ltr'><strong><em>indebita.</em></strong></span> 
     </span>
    </p>
   </div>
   <div class='ocr_carea' id='block_1_113' title="bbox 2323 5019 3841 5099">
    <p class='ocr_par' dir='ltr' id='par_1_113' title="bbox 2323 5019 3841 5099">
     <span class='ocr_line' id='line_1_113' title="bbox 2323 5019 3841 5099; baseline 0.004 -23"><span class='ocrx_word' id='word_1_927' title='bbox 2323 5019 2546 5076; x_wconf 82' lang='lat' dir='ltr'><strong><em>CAPUT</em></strong></span> <span class='ocrx_word' id='word_1_928' title='bbox 2584 5021 2700 5075; x_wconf 81' lang='lat' dir='ltr'><strong><em>XV.</em></strong></span> <span class='ocrx_word' id='word_1_929' title='bbox 2729 5053 2798 5062; x_wconf 88' lang='lat'><strong><em>——</em></strong></span> <span class='ocrx_word' id='word_1_930' title='bbox 2822 5024 2905 5078; x_wconf 87' lang='grc'><strong>16.</strong></span> <span class='ocrx_word' id='word_1_931' title='bbox 2945 5021 3109 5077; x_wconf 81' lang='lat' dir='ltr'><strong><em>Lirita</em></strong></span> <span class='ocrx_word' id='word_1_932' title='bbox 3136 5026 3363 5092; x_wconf 82' lang='lat' dir='ltr'><strong><em>qutcdam</em></strong></span> <span class='ocrx_word' id='word_1_933' title='bbox 3393 5043 3507 5097; x_wconf 70' lang='lat' dir='ltr'><strong><em>qua:</em></strong></span> <span class='ocrx_word' id='word_1_934' title='bbox 3543 5043 3639 5080; x_wconf 90' lang='lat' dir='ltr'><strong><em>non</em></strong></span> <span class='ocrx_word' id='word_1_935' title='bbox 3681 5044 3841 5099; x_wconf 69' lang='lat' dir='ltr'><strong><em>expe-</em></strong></span> 
     </span>
    </p>
   </div>
   <div class='ocr_carea' id='block_1_114' title="bbox 2253 5112 3843 5187">
    <p class='ocr_par' dir='ltr' id='par_1_114' title="bbox 2253 5112 3843 5187">
     <span class='ocr_line' id='line_1_114' title="bbox 2253 5112 3843 5187; baseline 0.005 -21"><span class='ocrx_word' id='word_1_936' title='bbox 2253 5113 2416 5166; x_wconf 90' lang='lat' dir='ltr'><strong><em>diunt.</em></strong></span> <span class='ocrx_word' id='word_1_937' title='bbox 2445 5112 2551 5167; x_wconf 89' lang='lat' dir='ltr'><strong><em>Sed</em></strong></span> <span class='ocrx_word' id='word_1_938' title='bbox 2577 5128 2636 5167; x_wconf 90' lang='lat' dir='ltr'><strong><em>ea</em></strong></span> <span class='ocrx_word' id='word_1_939' title='bbox 2668 5129 2786 5184; x_wconf 68' lang='lat' dir='ltr'><strong><em>quae</em></strong></span> <span class='ocrx_word' id='word_1_940' title='bbox 2816 5116 2866 5167; x_wconf 90' lang='lat' dir='ltr'><strong><em>in</em></strong></span> <span class='ocrx_word' id='word_1_941' title='bbox 2900 5115 2983 5169; x_wconf 91' lang='lat' dir='ltr'><strong><em>his</em></strong></span> <span class='ocrx_word' id='word_1_942' title='bbox 3013 5117 3134 5170; x_wconf 83' lang='lat' dir='ltr'><strong><em>talia</em></strong></span> <span class='ocrx_word' id='word_1_943' title='bbox 3164 5124 3317 5184; x_wconf 87' lang='lat' dir='ltr'><strong><em>sunt,</em></strong></span> <span class='ocrx_word' id='word_1_944' title='bbox 3349 5126 3404 5171; x_wconf 92' lang='lat' dir='ltr'><strong><em>ut</em></strong></span> <span class='ocrx_word' id='word_1_945' title='bbox 3443 5119 3684 5187; x_wconf 88' lang='lat' dir='ltr'><strong><em>quamvis</em></strong></span> <span class='ocrx_word' id='word_1_946' title='bbox 3729 5119 3843 5176; x_wconf 87' lang='lat' dir='ltr'><strong><em>sint</em></strong></span> 
     </span>
    </p>
   </div>
   <div class='ocr_carea' id='block_1_115' title="bbox 2252 5205 3844 5280">
    <p class='ocr_par' dir='ltr' id='par_1_115' title="bbox 2252 5205 3844 5280">
     <span class='ocr_line' id='line_1_115' title="bbox 2252 5205 3844 5280; baseline 0.006 -21"><span class='ocrx_word' id='word_1_947' title='bbox 2252 5205 2391 5259; x_wconf 90' lang='lat' dir='ltr'><strong><em>licita</em></strong></span> <span class='ocrx_word' id='word_1_948' title='bbox 2419 5221 2521 5259; x_wconf 68' lang='lat' dir='ltr'><strong><em>non</em></strong></span> <span class='ocrx_word' id='word_1_949' title='bbox 2571 5207 2888 5277; x_wconf 80' lang='lat' dir='ltr'><strong><em>expediant,</em></strong></span> <span class='ocrx_word' id='word_1_950' title='bbox 2917 5224 3021 5262; x_wconf 91' lang='lat' dir='ltr'><strong><em>non</em></strong></span> <span class='ocrx_word' id='word_1_951' title='bbox 3051 5210 3100 5262; x_wconf 90' lang='lat' dir='ltr'><strong><em>in</em></strong></span> <span class='ocrx_word' id='word_1_952' title='bbox 3133 5210 3211 5263; x_wconf 90' lang='lat' dir='ltr'><strong><em>eis</em></strong></span> <span class='ocrx_word' id='word_1_953' title='bbox 3240 5210 3342 5266; x_wconf 90' lang='lat' dir='ltr'><strong><em>dici</em></strong></span> <span class='ocrx_word' id='word_1_954' title='bbox 3375 5221 3582 5280; x_wconf 87' lang='lat' dir='ltr'><strong><em>potest,</em></strong></span> <span class='ocrx_word' id='word_1_955' title='bbox 3631 5213 3844 5271; x_wconf 86' lang='lat' dir='ltr'><strong><em>Bonum</em></strong></span> 
     </span>
    </p>
   </div>
   <div class='ocr_carea' id='block_1_116' title="bbox 2251 5298 3839 5372">
    <p class='ocr_par' dir='ltr' id='par_1_116' title="bbox 2251 5298 3839 5372">
     <span class='ocr_line' id='line_1_116' title="bbox 2251 5298 3839 5372; baseline 0.006 -21"><span class='ocrx_word' id='word_1_956' title='bbox 2251 5307 2334 5352; x_wconf 89' lang='lat' dir='ltr'><strong><em>est</em></strong></span> <span class='ocrx_word' id='word_1_957' title='bbox 2381 5298 2510 5364; x_wconf 91' lang='lat' dir='ltr'><strong><em>hoc,</em></strong></span> <span class='ocrx_word' id='word_1_958' title='bbox 2563 5298 2656 5354; x_wconf 91' lang='lat' dir='ltr'><strong><em>sed</em></strong></span> <span class='ocrx_word' id='word_1_959' title='bbox 2698 5299 2824 5355; x_wconf 90' lang='lat' dir='ltr'><strong><em>illud</em></strong></span> <span class='ocrx_word' id='word_1_960' title='bbox 2870 5300 3061 5356; x_wconf 86' lang='lat' dir='ltr'><strong><em>melius</em></strong></span> <span class='ocrx_word' id='word_1_961' title='bbox 3095 5303 3272 5356; x_wconf 90' lang='lat' dir='ltr'><strong><em>:sicut</em></strong></span> <span class='ocrx_word' id='word_1_962' title='bbox 3314 5303 3512 5358; x_wconf 90' lang='lat' dir='ltr'><strong><em>dictum</em></strong></span> <span class='ocrx_word' id='word_1_963' title='bbox 3557 5314 3669 5371; x_wconf 89' lang='lat' dir='ltr'><strong><em>est,</em></strong></span> <span class='ocrx_word' id='word_1_964' title='bbox 3731 5305 3839 5372; x_wconf 88' lang='lat' dir='ltr'><strong><em>Qui</em></strong></span> 
     </span>
    </p>
   </div>
   <div class='ocr_carea' id='block_1_117' title="bbox 2252 5389 3846 5466">
    <p class='ocr_par' dir='ltr' id='par_1_117' title="bbox 2252 5389 3846 5466">
     <span class='ocr_line' id='line_1_117' title="bbox 2252 5389 3846 5466; baseline 0.006 -24"><span class='ocrx_word' id='word_1_965' title='bbox 2252 5389 2339 5444; x_wconf 86' lang='lat' dir='ltr'><strong><em>dat</em></strong></span> <span class='ocrx_word' id='word_1_966' title='bbox 2391 5401 2640 5461; x_wconf 88' lang='lat' dir='ltr'><strong><em>nuptum,</em></strong></span> <span class='ocrx_word' id='word_1_967' title='bbox 2673 5392 2794 5448; x_wconf 88' lang='lat' dir='ltr'><strong><em>bene</em></strong></span> <span class='ocrx_word' id='word_1_968' title='bbox 2831 5393 2991 5466; x_wconf 85' lang='lat' dir='ltr'><strong><em>facit;</em></strong></span> <span class='ocrx_word' id='word_1_969' title='bbox 3015 5402 3061 5448; x_wconf 88' lang='lat' dir='ltr'><strong><em>et</em></strong></span> <span class='ocrx_word' id='word_1_970' title='bbox 3090 5394 3177 5464; x_wconf 90' lang='lat' dir='ltr'><strong><em>qui</em></strong></span> <span class='ocrx_word' id='word_1_971' title='bbox 3218 5410 3320 5448; x_wconf 89' lang='lat' dir='ltr'><strong><em>non</em></strong></span> <span class='ocrx_word' id='word_1_972' title='bbox 3347 5395 3432 5449; x_wconf 87' lang='lat' dir='ltr'><strong><em>dat</em></strong></span> <span class='ocrx_word' id='word_1_973' title='bbox 3459 5407 3700 5466; x_wconf 88' lang='lat' dir='ltr'><strong><em>nuptunt,</em></strong></span> <span class='ocrx_word' id='word_1_974' title='bbox 3734 5413 3846 5452; x_wconf 86' lang='lat' dir='ltr'><strong><em>me-</em></strong></span> 
     </span>
    </p>
   </div>
   <div class='ocr_carea' id='block_1_118' title="bbox 2316 5550 3849 5617">
    <p class='ocr_par' dir='ltr' id='par_1_118' title="bbox 2316 5550 3849 5617">
     <span class='ocr_line' id='line_1_118' title="bbox 2316 5550 3849 5617; baseline 0.004 -14"><span class='ocrx_word' id='word_1_975' title='bbox 2316 5550 2634 5614; x_wconf 64' lang='lat' dir='ltr'><strong><em>‘Particula,</em></strong></span> <span class='ocrx_word' id='word_1_976' title='bbox 2669 5554 2944 5615; x_wconf 74' lang='lat' dir='ltr'><strong><em>mihi,hoc</em></strong></span> <span class='ocrx_word' id='word_1_977' title='bbox 2981 5561 3037 5605; x_wconf 86' lang='lat' dir='ltr'><strong><em>et</em></strong></span> <span class='ocrx_word' id='word_1_978' title='bbox 3067 5557 3288 5617; x_wconf 79' lang='lat' dir='ltr'><strong><em>proximo</em></strong></span> <span class='ocrx_word' id='word_1_979' title='bbox 3335 5554 3456 5605; x_wconf 72' lang='lat' dir='ltr'><strong><em>intra</em></strong></span> <span class='ocrx_word' id='word_1_980' title='bbox 3490 5553 3598 5607; x_wconf 84' lang='lat' dir='ltr'><strong><em>loco</em></strong></span> <span class='ocrx_word' id='word_1_981' title='bbox 3634 5555 3777 5608; x_wconf 78' lang='lat' dir='ltr'><strong><em>abest</em></strong></span> <span class='ocrx_word' id='word_1_982' title='bbox 3810 5567 3849 5609; x_wconf 74' lang='grc' dir='ltr'>ι</span> 
     </span>
    </p>
   </div>
   <div class='ocr_carea' id='block_1_119' title="bbox 2251 5619 3482 5742">
    <p class='ocr_par' dir='ltr' id='par_1_119' title="bbox 2251 5619 3482 5742">
     <span class='ocr_line' id='line_1_119' title="bbox 2251 5619 3482 5742; baseline 0.005 -16"><span class='ocrx_word' id='word_1_983' title='bbox 2251 5619 2439 5728; x_wconf 55' lang='grc' dir='ltr'><strong><em>Μεῗέἱο</em></strong></span> <span class='ocrx_word' id='word_1_984' title='bbox 2459 5682 2564 5728; x_wconf 76' lang='lat' dir='ltr'><strong><em>Mss.</em></strong></span> <span class='ocrx_word' id='word_1_985' title='bbox 2589 5681 2647 5727; x_wconf 80' lang='grc' dir='ltr'><strong><em>Αι</em></strong></span> <span class='ocrx_word' id='word_1_986' title='bbox 2667 5676 2805 5742; x_wconf 86' lang='lat' dir='ltr'><strong><em>editi,</em></strong></span> <span class='ocrx_word' id='word_1_987' title='bbox 2826 5691 2860 5730; x_wconf 88' lang='lat' dir='ltr'><strong><em>a</em></strong></span> <span class='ocrx_word' id='word_1_988' title='bbox 2885 5677 3084 5732; x_wconf 82' lang='lat' dir='ltr'><strong><em>Domino</em></strong></span> <span class='ocrx_word' id='word_1_989' title='bbox 3112 5691 3129 5732; x_wconf 89' lang='lat'><strong><em>:</em></strong></span> <span class='ocrx_word' id='word_1_990' title='bbox 3154 5677 3314 5732; x_wconf 87' lang='lat' dir='ltr'><strong><em>minus</em></strong></span> <span class='ocrx_word' id='word_1_991' title='bbox 3333 5678 3482 5732; x_wconf 85' lang='lat' dir='ltr'><strong><em>bene.</em></strong></span> 
     </span>
    </p>
   </div>
  </div>
