4122 6212
306 313 405 374 661

309 432 407 489 lius
428 433 552 506 facit
576 432 623 506 (ι
651 432 769 490 Cor.
799 448 871 489 vn
891 475 905 499 ,
932 430 1045 504 38).
1077 431 1151 488 Ibi
1177 433 1317 487 enim
1342 442 1628 505 utrumque
1655 433 1814 501 licet,
1842 444 1895 491 et

308 523 409 585 hoc
454 525 778 597 aliquando,
835 525 1121 596 aliquando
1165 526 1294 582 illud
1335 527 1567 597 expedit.
1622 527 1754 583 Nam
1793 529 1898 585 illis

305 633 423 690 qua:
468 634 529 676 se
567 634 678 674 non
704 619 1017 687 contineat,
1072 618 1253 689 utique
1298 619 1512 689 expedit
1557 619 1793 684 nubere;
1844 628 1899 677 et

303 709 447 781 quod
470 710 637 780 licet,
669 710 888 782 expedit
917 729 930 766 :
959 726 1079 781 quae
1115 718 1296 765 autem
1324 711 1568 766 voverint
1612 711 1896 767 continen-

308 806 433 860 tiam
453 846 468 869 ,
495 820 599 862 nec
624 804 778 869 licet,
801 819 901 861 nec
919 802 1157 874 expedit.
1189 803 1356 859 Porro
1402 803 1681 861 discedere
1706 804 1775 860 ab
1815 803 1898 861 ln-

308 898 448 957 ﬁdeli
478 898 707 971 conjuge
733 899 891 964 licet,
919 897 1012 952 sed
1042 913 1148 951 non
1175 895 1391 965 expedit
1422 913 1434 949 :
1480 911 1696 951 manere
1717 902 1897 951 autem

306 1005 428 1045 cum
455 989 579 1056 illo,
612 989 657 1045 si
688 988 997 1047 cohabitare
1019 986 1315 1051 consentit,
1347 995 1401 1043 et
1428 985 1549 1041 licet
1571 993 1626 1041 et
1649 984 1894 1054 expedit;

307 1081 429 1151 quia
459 1080 506 1136 si
537 1095 643 1137 nou
671 1080 887 1147 liceret,
919 1078 1174 1148 expedire
1203 1095 1307 1132 non
1335 1086 1531 1148 posset.
1563 1078 1745 1135 Potest
1769 1092 1898 1147 ergo

307 1172 507 1242 aliquid
534 1171 699 1229 licere
723 1180 779 1226 et
804 1185 910 1225 non
939 1169 1193 1239 expedire
1222 1187 1236 1223 :
1261 1168 1517 1239 expedire
1542 1176 1721 1227 autem
1754 1166 1898 1238 quod

238 1262 251 1271 “
307 1278 412 1319 non
444 1262 571 1320 licet
597 1278 701 1319 non
733 1268 926 1331 potest.
957 1260 1033 1319 Ac
1064 1276 1157 1331 per
1185 1260 1286 1318 hoc
1313 1276 1419 1317 non
1438 1261 1617 1317 omnia
1638 1260 1778 1315 licita
1802 1275 1898 1317 cx-

307 1353 557 1424 pediunt;
592 1352 767 1411 omnia
814 1360 992 1409 autem
1035 1351 1218 1407 illicita
1259 1366 1366 1425 non
1395 1350 1702 1421 expediunt.
1750 1350 1899 1407 Sicut

307 1445 449 1503 enim
504 1445 685 1501 omnis
732 1444 823 1513 qui
871 1441 1071 1499 Christi
1117 1442 1374 1513 sanguine
1428 1440 1734 1510 redemptus
1783 1448 1891 1506 est,

308 1536 470 1591 homo
495 1544 611 1600 est;
652 1549 758 1589 non
801 1544 979 1591 tamen
1031 1532 1204 1589 omnis
1246 1532 1333 1603 qui
1373 1531 1534 1587 homo
1576 1540 1691 1597 est,
1737 1532 1898 1586 etiam

308 1627 570 1696 sanguine
607 1624 811 1682 Christi
834 1622 1141 1694 redemptus
1178 1632 1258 1681 est
1284 1641 1296 1676 :
1323 1622 1398 1677 ita
1429 1637 1587 1677 omne
1620 1620 1761 1692 quod
1790 1635 1895 1677 non

309 1717 435 1775 licet
461 1731 569 1777 rion
593 1715 841 1785 expedit,
866 1730 965 1770 nec
993 1722 1170 1771 tamen
1201 1728 1361 1771 omne
1384 1712 1526 1783 quod
1552 1728 1658 1768 non
1683 1710 1898 1781 expedit

310 1808 472 1865 etiam
493 1823 599 1862 rion
623 1807 766 1863 licet.
788 1806 925 1862 Sunt
941 1805 1137 1876 quippe
1158 1805 1301 1862 licita
1322 1821 1439 1876 qua:
1456 1820 1561 1861 non
1582 1803 1895 1875 expediunt,

310 1899 449 1955 sicut
474 1898 734 1967 Apostulo
762 1905 895 1953 teste
924 1896 1228 1954 didicimus.

385 1986 609 2045 CAPUT
640 1986 779 2043 XVI.
794 2017 865 2027 -—
882 1987 969 2041 I7.
991 1984 1203 2040 Licitum
1214 1986 1348 2058 quod
1365 2001 1467 2040 non
1492 1984 1710 2054 expedit,
1731 1982 1900 2051 diﬂ‘ert

311 2078 374 2135 ab
399 2079 574 2135 illicito
594 2119 611 2144 ,
630 2079 703 2133 ita
726 2086 779 2132 ut
803 2077 933 2135 illud
958 2078 1005 2133 si
1029 2078 1120 2148 ﬁat
1141 2119 1156 2144 ,
1178 2093 1278 2132 non
1304 2078 1368 2132 sit
1395 2086 1654 2147 peccatum
1671 2118 1685 2141 ,
1715 2093 1899 2148 quam-

312 2172 386 2228 uis
414 2187 516 2225 non
543 2170 606 2225 sit
644 2169 953 2239 faciendum.
994 2167 1099 2224 Sed
1125 2169 1266 2224 inter
1291 2167 1342 2222 id
1369 2166 1508 2238 quod
1538 2167 1776 2222 illicitum
1820 2174 1901 2223 est

312 2270 368 2319 et
394 2261 513 2318 ideo
551 2276 660 2316 non
691 2260 935 2329 expedit,
968 2269 1128 2330 atque
1175 2258 1228 2314 id
1255 2258 1398 2329 quod
1439 2258 1639 2312 licitum
1670 2267 1752 2313 est
1802 2271 1902 2314 nec

311 2361 492 2409 tamen
513 2350 759 2423 expedit,
789 2350 913 2422 quid
942 2350 1182 2416 intersit,
1210 2351 1384 2421 aliqua
1417 2349 1706 2405 universali
1749 2364 1902 2421 regu-

312 2446 362 2501 la
392 2444 620 2501 deﬁnire
646 2441 862 2499 difﬁcile
889 2451 990 2498 est.
1019 2440 1186 2497 Citius
1213 2441 1354 2495 enim
1394 2440 1620 2511 quisque
1660 2439 1854 2495 dixerit
1884 2456 1899 2493 :

310 2535 484 2593 Onme
508 2530 652 2606 quod
681 2533 793 2587 ﬁeri
838 2547 943 2589 non
990 2531 1239 2602 expedit,
1278 2538 1555 2601 peccatum
1586 2540 1697 2597 est;
1744 2545 1904 2587 omne

311 2636 491 2684 autem
522 2634 797 2696 peccatum
824 2625 1064 2681 illicitum
1092 2634 1173 2680 est
1211 2641 1223 2677 :
1253 2639 1410 2681 omne
1447 2640 1574 2696 ergo
1608 2624 1750 2697 quod
1796 2639 1902 2680 non

312 2717 561 2789 expedit,
598 2716 835 2773 illicitum
886 2725 987 2772 est.
1042 2716 1110 2772 Et
1159 2715 1251 2771 ubi
1301 2725 1459 2773 erunt
1489 2716 1576 2771 illa
1604 2732 1723 2788 quae
1761 2715 1903 2772 licita

312 2824 468 2877 esse,
519 2808 618 2865 sed
649 2824 754 2864 non
797 2808 1074 2879 expedire,
1100 2808 1386 2879 Apostolus
1434 2807 1600 2874 dixit,
1650 2808 1694 2862 si
1745 2822 1904 2862 omne

312 2901 456 2976 quod
477 2918 587 2959 non
614 2901 861 2973 expedit,
886 2901 1086 2957 licitum
1114 2916 1223 2956 non
1247 2901 1368 2957 est?
1399 2899 1735 2972 Quapropter
1778 2901 1903 2972 quia

314 3009 500 3049 verum
521 2993 723 3050 dixisse
747 2992 1062 3062 Apostolum
1103 2992 1345 3048 dubitare
1370 3007 1477 3049 non
1501 3007 1782 3063 possumus
1800 3034 1818 3062 ,
1850 3001 1905 3050 et

314 3085 488 3156 aliqua
511 3091 731 3155 peccata
757 3099 878 3141 esse
902 3084 1047 3141 licita
1075 3083 1255 3140 dicere
1277 3100 1383 3141 non
1411 3083 1706 3150 audemus;
1736 3094 1905 3141 restat

317 3185 377 3231 ut
399 3176 671 3243 dicamus,
704 3176 817 3231 ﬁeri
854 3175 1054 3248 aliquid
1097 3176 1239 3248 quod
1293 3191 1401 3231 non
1432 3176 1714 3247 expediat,
1744 3186 1799 3233 et
1826 3185 1906 3232 ta-

315 3284 440 3326 men
488 3269 535 3324 si
567 3268 768 3325 licitum
818 3274 935 3335 est,
962 3283 1069 3324 non
1106 3283 1226 3326 esse
1266 3277 1544 3340 peccatum
1572 3270 1612 3337 ί,
1663 3268 1905 3340 quamvis

315 3359 570 3430 quoniam
591 3374 698 3414 non
726 3357 961 3429 expedit,
983 3373 1090 3415 non
1112 3359 1181 3415 sit
1202 3358 1383 3431 utique
1400 3357 1725 3415 faciendum.
1753 3358 1905 3429 Quod

316 3451 360 3505 si
386 3449 678 3507 absurdum
706 3448 951 3518 videtur,
979 3459 1039 3505 ut
1062 3450 1261 3523 aliquid
1298 3450 1390 3506 ﬁat
1413 3450 1554 3523 quod
1586 3466 1691 3506 non
1739 3466 1904 3523 cxpe-

317 3541 421 3608 dit,
472 3551 529 3597 et
576 3538 781 3597 dicatur
808 3554 915 3595 non
942 3554 1191 3611 peccasse
1219 3541 1310 3612 qui
1359 3540 1904 3614 fecerit;intelligen-

316 3631 440 3688 dum
466 3641 554 3688 est
597 3632 699 3688 hoc
737 3648 803 3689 ex
832 3632 1217 3689 consuetudine
1258 3635 1522 3691 sermonis
1565 3634 1855 3693 absurdum
1886 3653 1900 3691 :

317 3738 435 3794 qua:
464 3722 539 3778 ita
569 3723 676 3778 late
717 3730 893 3794 patet,
923 3731 978 3779 ut
1011 3724 1170 3780 etiam
1196 3723 1468 3795 jumenta,
1517 3727 1760 3798 quamvis
1800 3728 1908 3785 sint

318 3816 541 3872 rationis
569 3817 837 3887 expertia,
885 3825 1067 3873 tamen
1110 3818 1421 3890 plerumque
1448 3820 1684 3877 dicamus
1709 3821 1906 3878 debere

320 3910 572 3981 vapulare
605 3926 726 3965 cum
757 3919 1015 3980 peccant;
1058 3925 1280 3983 peccare
1321 3920 1499 3968 autem
1543 3913 1756 3984 proprie
1799 3928 1906 3969 non

320 4011 400 4057 est
429 4001 531 4057 nisi
564 4000 680 4071 ejus
707 4002 795 4073 qui
833 4002 1001 4057 utitur
1046 4002 1297 4057 rationali
1320 4002 1605 4059 voluntatis
1642 4003 1863 4058 arbitrio
1885 4044 1901 4070 ,

320 4093 459 4164 quod
492 4094 547 4148 in
594 4092 843 4149 omnibus
888 4095 1198 4151 mortalibus
1246 4096 1603 4152 animantibus
1654 4111 1759 4151 non
1803 4097 1905 4153 nisi

320 4182 526 4239 homini
566 4193 645 4239 est
686 4185 938 4241 divinitus
976 4186 1309 4242 attributum.
1347 4186 1453 4243 Sed
1499 4185 1643 4242 aliud
1679 4195 1761 4242 est
1784 4202 1906 4245 cum

322 4276 540 4347 pmprie
592 4275 885 4346 loquimur,
939 4276 1082 4333 aliud
1130 4292 1250 4333 cum
1291 4279 1454 4335 verba
1490 4292 1558 4334 ex
1587 4278 1706 4335 aliis
1747 4278 1908 4337 rebus

327 4366 699 4422 transferendo
721 4367 803 4422 vel
827 4367 1092 4423 abutendo
1114 4376 1419 4423 mutuamur
1436 4370 1481 4422 ’.

391 4456 622 4516 CAPUT
660 4457 823 4513 XVII.
862 4488 933 4501 —-
962 4459 1049 4514 18.
1095 4457 1241 4514 Unde
1286 4458 1454 4526 di/fert
1475 4458 1527 4515 id
1564 4459 1699 4530 quod
1718 4460 1830 4515 licet
1861 4470 1908 4516 et

326 4564 423 4603 non
451 4549 676 4619 expedit,
698 4549 759 4604 ab
778 4565 837 4604 eo
875 4550 1012 4621 quod
1028 4549 1140 4605 ideo
1160 4567 1259 4605 non
1279 4550 1477 4621 expedit
1506 4550 1626 4622 quia
1645 4567 1746 4606 non
1771 4553 1902 4608 licet.

326 4641 587 4699 Dimittere
611 4643 875 4713 conjugem
906 4642 1165 4712 inﬁdelem
1184 4684 1202 4711 ,
1225 4660 1314 4698 nec
1344 4652 1472 4699 uetat
1495 4661 1582 4700 nec
1608 4644 1742 4714 jubet
1769 4644 1909 4701 Clari-
1939 4690 1944 4696 .

324 4745 425 4789 stus
444 4777 460 4804 ,
492 4742 660 4789 monet
704 4732 901 4792 Paulus
928 4751 989 4790 ne
1017 4736 1127 4806 ﬁat.
1172 4735 1238 4794 Ut
1266 4737 1459 4807 igitur,
1490 4739 1535 4793 si
1585 4754 1866 4809 possumus
1888 4779 1903 4804 ,

326 4826 619 4893 enitamur,
651 4825 790 4881 inter
831 4823 885 4883 id
913 4825 1054 4896 quod
1094 4826 1218 4884 licet
1243 4836 1297 4883 et
1332 4843 1442 4884 non
1483 4829 1696 4898 expedit
1716 4870 1730 4892 ,
1764 4838 1818 4885 et
1852 4827 1909 4885 id

324 4917 462 4989 quod
489 4933 595 4972 non
626 4915 752 4972 licet
792 4926 950 4989 atque
983 4916 1103 4976 ideo
1142 4934 1246 4975 non
1272 4919 1524 4991 expedit,
1557 4920 1735 4992 aliquo
1761 4929 1909 4979 certo

324 5008 429 5066 line
454 5008 814 5082 distinguere;
850 5025 912 5066 ea
956 5009 1088 5065 mihi
1116 4997 1357 5065 videntur
1386 5011 1547 5069 licere
1580 5020 1635 5067 et
1676 5027 1784 5071 non
1812 5028 1907 5070 exe

323 5101 542 5172 pedire,
584 5118 703 5172 qua:
731 5118 826 5172 per
849 5102 1110 5173 justitiam
1149 5101 1361 5174 quidem
1386 5143 1402 5170 ,
1430 5118 1550 5173 quin
1592 5118 1768 5158 coram
1798 5103 1911 5160 Deo

320 5201 440 5258 est,
493 5191 900 5263 permittuntur,
955 5193 1049 5250 sed
1100 5200 1317 5264 propter
1345 5192 1695 5250 oll'ensionem
1735 5192 1910 5251 homi-

318 5299 481 5351 num,
511 5298 584 5340 ne
608 5283 678 5338 ob
705 5283 809 5339 hoe
831 5283 1188 5357 impediantur
1208 5298 1239 5339 a
1266 5282 1468 5348 salute,
1514 5283 1722 5339 vitanda
1749 5293 1906 5352 sunt;

315 5390 386 5432 ea
433 5390 563 5432 vero
593 5391 699 5431 non
741 5377 933 5444 licere,
975 5385 1029 5433 et
1070 5375 1192 5434 ideo
1217 5391 1319 5434 nec
1361 5375 1646 5449 expedire,
1675 5392 1795 5448 quae
1833 5377 1912 5435 sic

314 5468 435 5542 ipsa
457 5464 665 5538 justitia
708 5476 985 5535 vetantur,
1032 5477 1091 5525 ut
1118 5468 1359 5527 facienda
1397 5484 1505 5527 non
1534 5469 1676 5535 sint,
1702 5471 1910 5528 etiamsi

310 5559 391 5617 ab
417 5557 498 5614 eis
521 5557 715 5631 quibus
746 5558 801 5614 in
828 5560 1070 5618 notitiam
1101 5560 1297 5618 fuerint
1340 5561 1539 5633 perlata
1560 5602 1576 5629 ,
1606 5561 1906 5618 laudentur.

387 5671 1918 5739 πεοιαούἱιίοωτηαεοκωάιιίσϐωηιωοωθνω-

306 5740 619 5852 Win-uls
634 5794 856 5851 sitiens
868 5797 1292 5861 suam.

1699 317 1902 377 LIBER
1930 314 2202 377 PRIMUS.

2006 432 2157 499 Quod
2181 431 2226 487 si
2256 432 2325 488 ita
2379 441 2492 502 est,
2533 433 2654 492 ideo
2677 450 2782 492 non
2806 437 2911 494 nisi
2953 440 3139 501 illicita
3175 444 3529 516 prohibentur
3551 470 3586 513 a

2005 524 2265 590 Domino;
2298 534 2354 579 ut
2396 540 2460 581 ea
2500 543 2620 597 quae
2662 528 2801 584 licita
2846 540 2969 587 sunt
3011 544 3067 589 et
3109 550 3215 591 non
3258 540 3584 612 expediunt,

2004 633 2112 673 non
2140 618 2273 689 legis
2300 618 2513 676 vinculo
2532 660 2547 689 ,
2577 621 2673 677 sed
2711 622 2876 680 libera
2901 624 3202 687 dilectionis
3229 630 3587 695 beneﬁcentia

2004 720 2312 765 caveantur.

2078 802 2164 858 19.
2197 802 2454 872 Quocirca
2493 804 2539 860 si
2584 804 2850 863 dimittere
2880 808 3145 867 inﬁdelem
3171 816 3451 887 coniugem
3480 836 3587 876 non

2004 889 2225 959 liceret,
2290 893 2393 949 hoc
2444 894 2558 950 ﬁeri
2614 897 2865 954 Dominus
2914 904 3250 971 prohiberet,
3312 925 3482 979 neque
3536 913 3587 969 id

2003 984 2297 1053 Apostolus
2347 986 2635 1056 prohibens
2678 990 2911 1057 diceret,
2945 993 3056 1064 Ego
3097 996 3242 1062 dico,
3274 1016 3375 1055 non
3410 1001 3592 1059 Domi.

2007 1090 2100 1129 nus
2150 1074 2190 1146 (1
2221 1075 2336 1132 Cor.
2364 1093 2468 1142 vn,
2502 1077 2612 1151 12).
2645 1079 2775 1136 Nam
2821 1083 2866 1136 si
2913 1097 3131 1154 propter
3183 1089 3587 1152 fornicationem

2001 1167 2175 1221 carnis
2213 1170 2535 1237 permittitur
2562 1171 2721 1227 homo
2755 1189 2787 1229 a
2825 1176 3050 1247 conjuge
3075 1184 3345 1251 separari;
3388 1197 3590 1256 quanto

2002 1258 2173 1329 magis
2199 1259 2252 1313 in
2276 1261 2499 1332 conjuge
2529 1265 2724 1320 mentis
2747 1264 3026 1325 fornicatio
3051 1272 3362 1339 detestanda
3387 1281 3508 1339 est?
3536 1283 3590 1339 id

1999 1359 2115 1413 est,
2144 1351 2429 1409 inﬁdelitas
2456 1356 2495 1423 ί,
2528 1355 2596 1411 de
2623 1372 2725 1427 qua
2754 1361 3008 1430 scriptum
3035 1375 3116 1421 est
3134 1405 3151 1431 ,
3192 1367 3446 1432 Quoniam
3477 1389 3591 1431 ecce

2000 1444 2088 1513 qui
2130 1444 2279 1515 longe
2316 1463 2369 1501 se
2395 1448 2640 1518 faciunta
2662 1459 2747 1518 te,
2786 1454 3054 1523 peribant;
3088 1460 3352 1526 perdidisti
3392 1481 3589 1524 omnem

1998 1534 2084 1604 qui
2110 1536 2393 1605 fornicatur
2415 1538 2504 1594 abs
2530 1548 2577 1593 te
2602 1538 2774 1614 (Psal.
2800 1560 2972 1612 Lxxn,
3001 1546 3116 1618 27).

2072 1624 2299 1683 CAPUT
2338 1627 2521 1684 XVIII.
2546 1660 2616 1672 -—
2658 1631 2760 1687 Cur
2792 1635 2918 1689 sicut
2957 1636 3207 1713 Israelitis
3242 1659 3425 1701 uxores
3456 1647 3592 1706 alic-

2002 1714 2244 1805 nigenas,
2278 1734 2379 1773 non
2402 1719 2476 1774 ita
2515 1720 2815 1779 Christianis
2855 1726 3084 1796 inﬁdeles
3112 1732 3319 1805 jubetur
3341 1735 3588 1799 deserere.

2001 1803 2283 1899 Consilium
2307 1808 2460 1864 Pauli
2490 1821 2730 1884 tanquam
2760 1815 2946 1892 Christi
2971 1820 3339 1890 accipiendum.
3363 1824 3431 1883 Id
3450 1831 3592 1899 quod

2000 1894 2150 1963 licet,
2185 1900 2485 1971 quandoque
2521 1905 3055 1978 expedit,quandoque
3082 1927 3205 1968 non.
3238 1894 3491 1975 οἰδοαῶ
3519 1919 3584 1975 ab

2000 1988 2195 2059 inﬁdeli
2213 1994 2425 2065 conjuge
2445 2012 2545 2050 non
2596 1998 2847 2067 prohibita
2869 2011 3119 2071 praecepto
3146 2006 3271 2077 legis
3288 2047 3304 2073 ,
3350 2008 3440 2064 sed
3462 2027 3593 2069 con-

2001 2080 2117 2174 sitio
2138 2083 2419 2140 clraritatis.
2448 2085 2553 2142 Sed
2580 2089 2700 2159 quia
2732 2089 2802 2145 ita
2834 2090 3038 2151 licitum
3066 2104 3180 2165 est,
3213 2107 3273 2154 ut
3294 2115 3401 2158 non
3423 2117 3591 2174 expc.

2001 2170 2114 2228 diat
2145 2188 2157 2225 :
2192 2189 2260 2228 ne
2290 2183 2509 2247 propter
2547 2179 2833 2252 conjugum
2874 2187 3243 2255 separationes
3282 2191 3469 2253 oll'ensi

2001 2265 2210 2356 mines,
2244 2266 2413 2338 ipsam
2443 2269 2740 2328 doctrinam
2786 2275 3007 2344 salutis,
3048 2294 3150 2349 qua
3199 2282 3379 2341 illicita
3398 2273 3592 2356 prohi-

2002 2354 2196 2411 bentur
2213 2399 2228 2423 ,
2260 2359 2621 2430 exhorreant,
2643 2378 2705 2419 ac
2745 2364 2824 2421 sic
2868 2368 3079 2437 pejores
3102 2381 3262 2441 atque
3288 2354 3508 2445 perituri
3534 2380 3591 2439 in

2003 2445 2191 2503 eadem
2238 2448 2551 2506 inﬁdelitate
2581 2464 2925 2523 remaneant;
2958 2457 3238 2518 intercedit
3260 2464 3549 2535 Apostolus
3568 2509 3589 2539 .

2003 2546 2059 2594 et
2094 2539 2363 2596 monendo
2407 2541 2524 2597 ﬁeri
2568 2552 2711 2601 vetat
2755 2547 2897 2616 quod
2942 2550 3013 2603 ita
3039 2551 3239 2611 licitum
3266 2565 3353 2615 est
3379 2568 3437 2617 ut
3479 2576 3591 2621 non

2003 2630 2269 2702 expediat.
2300 2631 2389 2690 Sic
2425 2635 2567 2692 enim
2599 2638 2851 2695 recedere
2878 2640 2947 2696 ab
2987 2644 3290 2705 inlidelibus
3335 2653 3593 2713 uxoribus

2003 2721 2085 2777 vel
2109 2723 2315 2778 maritis
2333 2764 2348 2791 ,
2391 2725 2575 2782 ﬁdeles
2604 2728 2702 2783 viri
2730 2729 2816 2786 vel
2842 2731 3057 2789 femina:
3083 2751 3191 2792 non
3235 2741 3593 2810 prohibentur

2002 2828 2035 2869 a
2079 2814 2340 2882 Domino,
2387 2827 2444 2873 ut
2489 2836 2664 2891 neque
2703 2823 3010 2893 jubeantur.
3059 2829 3190 2886 Nam
3238 2834 3283 2888 si
3320 2835 3593 2896 dimittere

2004 2905 2137 2961 tales
2174 2909 2429 2981 coniuges
2464 2910 2815 2984 juberentur,
2861 2918 3043 2975 nullus
3081 2932 3225 2979 esset
3264 2924 3414 2983 locus
3458 2944 3592 2987 eon-

2002 2997 2123 3055 silio
2164 3001 2431 3057 monentis
2476 3003 2721 3073 Apostoli
2761 3022 2830 3065 ne
2877 3008 2979 3066 hoc
3025 3011 3198 3071 ﬁeret.
3236 3015 3395 3074 Nullo
3429 3020 3594 3079 modo

2003 3088 2148 3233 lenim
2173 3090 2316 3160 quod
2354 3092 2610 3150 Dominus
2628 3094 2780 3165 jubet
2798 3136 2813 3163 ,
2846 3112 3037 3157 servus
3065 3102 3238 3163 bonus
3263 3106 3380 3165 ﬁeri
3406 3110 3593 3183 probi-

2041 3187 2173 3233 eret.

2041 3187 2173 3235 eret.

2075 3270 2164 3326 20.
2186 3270 2426 3344 Namque
2474 3275 2577 3332 hoc
2607 3277 2868 3338 Dominus
2912 3283 3197 3354 aliquando
3222 3303 3321 3360 per
3362 3292 3592 3354 Esdram

2005 3360 2318 3433 prophetam
2353 3365 2547 3436 jussit,
2579 3376 2633 3423 ct
2658 3370 2853 3426 factum
2882 3384 2964 3430 est
3007 3391 3022 3430 :
3071 3377 3389 3440 dimiserunt
3415 3384 3594 3445 Israe-

2006 3451 2112 3508 lita:
2143 3469 2334 3549 uxores
2357 3457 2686 3549 alienigenas
2704 3501 2720 3529 ,
2753 3465 3077 3537 quicumque
3118 3479 3244 3529 tunc
3272 3474 3469 3534 habere
3492 3494 3595 3549 po-

2007 3550 2220 3601 tuerunt
2262 3545 2305 3615 (l
2344 3546 2503 3605 Esdr.
2536 3567 2603 3617 χ,
2639 3551 2733 3620 ll,
2781 3554 2910 3628 12),
2957 3574 3052 3629 per
3080 3577 3212 3632 quas
3257 3565 3419 3627 ﬁebat
3456 3545 3515 3626 ut
3537 3580 3596 3629 et

2005 3636 2106 3709 ipsi
2127 3637 2202 3732 ad
2246 3639 2450 3696 alienos
2492 3642 2876 3702 seducerentur
2917 3648 3083 3719 deos,
3110 3668 3216 3709 non
3256 3665 3317 3712 ut
3361 3659 3468 3717 illa:
3494 3676 3596 3732 per
3703 3703 3708 3714 .

2006 3729 2226 3785 maritos
2255 3746 2383 3788 vero
2408 3734 2810 3804 acquirerentur
2840 3740 2972 3796 Deo.
2995 3741 3243 3801 Nondum
3267 3749 3409 3804 enim
3445 3729 3593 3809 tanta

2006 3820 2173 3888 gratia
2195 3818 2486 3877 Salvatoris
2515 3823 2791 3895 illuxerat,
2824 3839 2879 3881 et
2906 3832 3185 3897 promissis
3206 3838 3592 3904 temporalibus

2007 3907 2218 3966 Veteris
2247 3911 2574 3968 Tcstamenti
2604 3914 2779 3971 adhuc
2819 3917 3054 3974 inhiabat
3079 3920 3224 3977 illius
3245 3926 3423 3994 populi
3449 3928 3593 3985 mul-

2008 4002 2193 4058 titudo.
2227 4003 2295 4058 Et
2321 4013 2602 4074 propterea
2630 4022 2749 4063 cum
2777 4008 2914 4065 bona
2943 4020 3175 4081 terrena,
3206 4032 3325 4086 qua:
3356 4034 3451 4089 pro
3471 4037 3591 4080 ma-

2005 4109 2112 4164 gno
2169 4096 2552 4165 exspectabant
2597 4113 2627 4152 a
2684 4100 2943 4168 Domino,
2999 4105 3242 4163 viderent
3292 4110 3453 4168 etiam
3505 4113 3592 4172 Itis

2006 4182 2279 4241 abundare
2308 4185 2399 4256 qui
2425 4188 2626 4243 multos
2659 4189 2823 4246 falsos
2848 4193 3095 4251 colebant
3122 4195 3254 4255 deos
3273 4214 3301 4267 ,'
3321 4200 3593 4262 blanditiis

2007 4290 2231 4333 uxorum
2273 4278 2419 4347 prius
2463 4294 2557 4335 eos
2604 4284 2987 4341 reverebantur
3037 4287 3337 4361 oﬁ'endere,
3398 4294 3595 4357 deinde

2010 4367 2397 4462 inducebantur
2437 4380 2491 4426 et
2520 4373 2719 4431 colere.
2749 4375 2900 4434 Unde
2935 4378 3173 4448 jusserat
3201 4384 3456 4444 Dominus
3495 4405 3595 4462 per

2009 4469 2247 4515 sanctum
2267 4461 2504 4534 Moysen,
2524 4480 2589 4520 ne
2614 4467 2732 4535 quis
2750 4482 2968 4523 uxorem
2996 4471 3346 4542 alienigenam
3373 4461 3596 4535 duceret

2013 4547 2188 4619 (Deut.
2214 4567 2287 4605 vn
2307 4593 2322 4618 ,
2376 4553 2455 4622 ὅ).
2486 4551 2673 4610 Merito
2700 4571 2856 4627 ergo,
2904 4574 3037 4628 quas
3064 4561 3326 4619 duxerant
3367 4567 3597 4624 Domino

2011 4639 2358 4708 prohibente,
2394 4642 2620 4698 Domino
2657 4644 2876 4714 jubente
2920 4647 3257 4707 dimiserunt.
3288 4653 3420 4709 Cum
3463 4672 3597 4715 vero

2010 4730 2261 4800 cmpisset
2290 4729 2551 4786 Gentibus
2597 4733 2941 4805 Evangelium
2969 4738 3249 4807 prmdicari
3270 4783 3285 4810 ,
3314 4742 3424 4813 jam
3462 4762 3599 4804 eon-

2004 4818 2218 4889 junctos
2257 4819 2494 4877 Gentiles
2535 4821 2831 4882 Gentilibus
2874 4832 3133 4900 comperit
3172 4834 3426 4906 eonjuges
3471 4856 3486 4893 :
3527 4856 3597 4899 ex

2009 4910 2202 4980 quibus
2232 4911 2276 4966 si
2305 4928 2409 4972 non
2436 4914 2594 4970 ambo
2632 4918 2941 4986 crederent,
2969 4922 3065 4978 sed
3089 4939 3227 4980 unus
3247 4936 3341 4982 aut
3384 4944 3487 4986 una
3515 4931 3599 4986 in-

2011 5000 2184 5061 ﬁdelis
2206 5019 2325 5060 cum
2354 5004 2497 5062 ﬁdeli
2526 5010 2853 5085 consentiret
2889 5011 3166 5082 habitare,
3195 5031 3295 5072 nec
3321 5019 3595 5087 prohiberi

2010 5109 2039 5149 a
2066 5094 2291 5150 Domino
2320 5095 2503 5153 debuit
2546 5096 2720 5155 ﬁdelis
2748 5100 3016 5157 inﬁdelem
3042 5102 3312 5163 dimittere
3330 5149 3345 5176 ,
3372 5124 3470 5167 nec
3502 5111 3596 5183 ju-

2009 5186 2126 5243 beri
2160 5206 2173 5244 :
2205 5187 2325 5245 ideo
2367 5189 2571 5247 scilicet
2613 5207 2722 5247 non
2764 5193 3064 5264 prohiberi,
3097 5197 3219 5269 quia
3242 5198 3449 5270 iustitia
3473 5219 3597 5274 per-

2011 5277 2172 5332 mittit
2214 5294 2244 5333 a
2293 5278 2586 5337 fornicante
2630 5280 2936 5352 discedere,
2979 5293 3034 5342 et
3091 5286 3323 5346 inﬁdelis
3364 5290 3597 5351 hominis

2011 5368 2290 5424 fornicatio
2315 5379 2400 5425 est
2418 5370 2589 5442 major
2613 5372 2665 5431 in
2695 5372 2888 5440 corde;
2911 5389 3011 5432 nec
3037 5392 3161 5434 vera
3200 5379 3317 5450 ejus
3341 5382 3595 5453 pudicitia

2010 5475 2130 5517 cum
2159 5462 2384 5533 conjuge
2412 5462 2514 5517 dici
2553 5472 2758 5534 potest,
2789 5466 2911 5536 quia
2940 5465 3100 5524 Omne
3132 5471 3269 5541 quod
3295 5488 3398 5527 non
3435 5484 3508 5530 est
3531 5492 3596 5531 ea:

2011 5552 2141 5621 ﬁde,
2173 5561 2430 5623 peccatum
2473 5563 2546 5607 est
2584 5553 2760 5625 (Rom.
2788 5571 2912 5624 xw,
2960 5557 3051 5631 25)
3089 5563 3370 5630 :qnamvis
3412 5580 3596 5621 veram

2012 5644 2187 5700 ﬁdelis
2210 5645 2405 5701 habent
2430 5645 2925 5717 pudicitiamctiam
2954 5662 3076 5705 cum
3104 5650 3306 5710 inﬁdeli
3334 5655 3596 5730 wnjuge,

2081 5798 2100 5830 ²
2132 5790 2590 5863 mam.
