4142 6212
502 309 610 373 ιὸὅ

502 435 594 505 qui
620 447 725 488 non
773 430 932 487 habet
956 441 1156 484 veram.
1190 424 1312 480 Ideo
1339 432 1517 479 autem
1547 439 1648 479 nec
1671 421 1848 494 juberi
1891 419 2090 475 debue-

503 533 630 579 runt
670 522 852 578 ﬁdeles
890 519 957 574 ab
1009 517 1311 573 inﬁdelibus
1353 515 1589 586 separari
1612 557 1626 583 ,
1657 514 1782 584 quia
1819 527 1925 567 non
1955 525 2086 566 con-

428 669 430 672 ,
503 627 588 673 tra
629 617 922 688 jussionem
969 611 1178 668 Domini
1221 609 1464 666 Gentiles
1504 608 1715 664 fuerant
1757 606 1916 661 ambo
1959 618 2088 660 con-

498 709 690 779 juneﬁ.

573 805 663 858 21.
704 803 964 870 Quoniam
1013 815 1141 871 ergo
1185 800 1253 854 ab
1305 795 1506 852 inﬁdeli
1553 795 1763 850 ﬁdelem
1807 790 2086 848 discedere

501 909 602 950 nec
623 894 868 964 prohibet
895 908 995 948 nec
1018 892 1169 962 jubet
1199 891 1458 945 Dominus
1478 929 1493 953 ,
1536 887 1655 942 ideo
1680 894 1740 940 ut
1777 899 1883 939 non
1913 881 2087 937 disce-

501 990 619 1056 dat,
660 989 946 1056 Apostolus
973 986 1130 1053 dicit,
1175 999 1279 1040 non
1308 983 1564 1038 Dominus
1613 998 1629 1033 ι
1672 978 1876 1033 habens
1905 975 2087 1044 utique

500 1083 757 1153 Spiritum
796 1090 1034 1137 sanctum
1052 1122 1066 1145 ,
1094 1081 1146 1134 in
1187 1095 1293 1149 quo
1320 1079 1448 1134 dare
1473 1084 1653 1147 posset
1681 1075 1811 1129 utile
1840 1080 1893 1127 et
1932 1069 2088 1124 ﬁdele

501 1174 801 1229 consilium.
832 1172 984 1228 Unde
1025 1185 1146 1227 cum
1172 1171 1394 1225 dixisset
1422 1169 1490 1223 de
1511 1167 1733 1222 muliere
1753 1207 1767 1230 ,
1815 1163 1967 1232 cujus
2006 1160 2087 1214 vir

500 1274 745 1321 mortuus
782 1264 972 1330 fuerit,
1002 1261 1210 1317 Beatior
1245 1271 1411 1315 autent
1440 1262 1566 1326 erit,
1607 1259 1650 1313 si
1687 1259 1759 1312 sic
1803 1268 2089 1326 permanse-

498 1357 588 1423 rit,
619 1355 894 1410 secundum
917 1370 1084 1408 meum
1109 1351 1413 1416 consilium;
1440 1366 1507 1406 ne
1532 1350 1650 1420 quis
1678 1349 1780 1402 hoc
1807 1344 2088 1401 consilium

499 1455 752 1517 tanquam
806 1446 1128 1510 humanum,
1174 1459 1282 1497 non
1321 1443 1556 1497 divinum
1582 1482 1597 1509 ,
1638 1435 2086 1495 contemnendum

498 1548 746 1610 putaret,
793 1539 1015 1608 adjecit,
1061 1536 1197 1590 Puto
1237 1545 1437 1600 autem,
1480 1542 1526 1587 et
1570 1548 1661 1603 ego
1702 1530 1950 1601 Spiritum
1991 1526 2088 1580 Dei

500 1630 681 1687 habeo.
726 1629 956 1686 Proinde
1002 1626 1403 1696 intelligendum
1440 1632 1558 1689 est,
1604 1622 1763 1677 etiam
1809 1621 1923 1688 ipsa
1970 1632 2088 1686 qua:

498 1738 608 1778 non
641 1739 672 1778 a
719 1722 946 1777 Domino
977 1720 1266 1790 jubentur,
1308 1716 1401 1772 sed
1431 1731 1458 1769 a
1494 1703 1688 1770 sancto
1735 1713 1850 1783 ejus
1891 1710 2088 1764 famulo

497 1817 702 1872 utiliter
723 1814 1012 1870 suadentur
1031 1854 1046 1879 ,
1077 1813 1266 1868 eodem
1299 1809 1526 1864 Domino
1570 1807 1865 1878 inspirante
1890 1803 2086 1858 suade-

497 1912 568 1966 ri.
596 1910 753 1966 Absit
775 1910 918 1965 enim
946 1917 1003 1964 ut
1036 1907 1313 1978 quisquam
1341 1902 1636 1958 catholicus
1655 1899 1884 1965 dixerit,
1913 1910 2086 1967 quan-

499 2002 572 2057 do
597 2001 786 2057 suadet
822 2001 1051 2070 Spiritus
1082 2007 1298 2054 sanctus
1317 2038 1330 2063 ,
1373 2011 1481 2051 non
1514 1994 1794 2049 Dominum
1823 1988 2082 2055 suadere;

498 2107 621 2148 cum
655 2103 708 2148 et
735 2093 849 2161 ipse
874 2091 1132 2146 Dominus
1177 2091 1278 2155 sit,
1307 2096 1361 2143 et
1388 2083 1760 2155 inscparabilia
1795 2082 1901 2136 sint
1923 2094 2085 2149 opera

498 2181 794 2237 Trinitatis.
834 2181 968 2236 Dicit
1013 2192 1223 2245 tamen,
1262 2178 1339 2231 De
1365 2175 1638 2247 virginibus
1681 2183 1848 2228 autem
1893 2187 2084 2242 prince-

497 2282 640 2343 ptum
666 2272 874 2326 Domini
913 2289 1015 2326 non
1043 2271 1229 2336 habeo,
1259 2269 1525 2324 consilium
1563 2275 1728 2320 autem
1753 2265 1839 2318 do.
1884 2262 2000 2317 Non
2027 2269 2087 2315 ut

495 2363 602 2420 hoc
625 2363 906 2419 consilium
933 2363 1166 2417 alienum
1192 2361 1561 2416 existimemus
1604 2373 1634 2410 a
1665 2355 1894 2410 Domino
1916 2394 1931 2420 ,
1961 2368 2082 2408 cum

495 2456 750 2511 continuo
797 2461 1049 2524 sequatur
1091 2462 1143 2508 et
1189 2451 1375 2506 dicat:
1405 2458 1641 2520 tanquam
1687 2445 2084 2500 misericordiam

493 2555 788 2601 consecutus
816 2562 849 2599 a
882 2544 1098 2598 Domino
1138 2551 1192 2596 ut
1225 2541 1390 2612 ﬁdelis
1420 2557 1578 2595 essem
1604 2537 1650 2609 (l
1671 2536 1788 2592 Cor.
1823 2552 1896 2592 vn
1917 2578 1932 2603 ,
1971 2535 2041 2590 40
2064 2575 2080 2602 ,

491 2635 607 2709 25).
631 2635 934 2692 Secundum
965 2635 1132 2690 Deum
1163 2648 1291 2702 ergo
1317 2631 1409 2686 dat
1446 2630 1602 2685 ﬁdele
1628 2628 1906 2683 consilium
1936 2627 1989 2680 in
2018 2640 2083 2679 eo

491 2727 692 2798 Spiritu
710 2769 724 2794 ,
747 2727 814 2782 de
840 2741 946 2797 quo
967 2728 1041 2780 ait
1066 2741 1085 2780 :
1117 2723 1250 2778 Puto
1273 2733 1440 2777 autem
1459 2763 1474 2788 ,
1501 2730 1547 2776 et
1573 2737 1662 2791 ego
1693 2719 1945 2788 Spiritum
1985 2715 2084 2770 Dei

493 2820 671 2874 habeo.

562 2911 653 2965 22.
693 2911 1076 2966 Verumtamen
1118 2907 1260 2963 aliud
1292 2916 1373 2962 est
1404 2907 1611 2962 Domini
1647 2904 1884 2975 jubentis
1913 2904 2082 2972 impe-

492 3003 632 3058 rium
655 3042 670 3069 ,
693 3000 833 3055 aliud
864 2999 1109 3056 conservi
1138 2997 1430 3054 secundum
1459 2995 1878 3050 misericordiam
1907 2992 2082 3048 chari-

491 3094 646 3159 tatis,
674 3108 793 3163 qum
817 3101 898 3148 est
927 3092 998 3146 illi
1027 3107 1057 3145 a
1090 3091 1316 3145 Domino
1363 3089 1614 3158 inspirata
1646 3097 1805 3157 atque
1847 3087 2040 3140 donata
2063 3127 2077 3153 ,

490 3184 651 3240 ﬁdele
677 3184 977 3239 consilium.
1005 3183 1079 3238 lbi
1103 3181 1244 3237 aliud
1278 3181 1454 3236 facere
1477 3197 1579 3236 non
1605 3180 1761 3246 licet,
1792 3179 1876 3234 hic
1900 3187 2079 3233 autem

490 3274 618 3330 licet
644 3291 656 3327 :
681 3274 752 3328 ita
783 3288 912 3328 sane
938 3282 996 3327 ut
1025 3273 1196 3343 ipsum
1223 3272 1421 3326 licitum
1463 3272 1651 3340 partim
1680 3270 1893 3341 quidem
1920 3285 2082 3339 expe-

491 3369 623 3436 diat,
646 3370 838 3439 partim
862 3384 994 3423 vero
1017 3383 1123 3423 non
1155 3368 1421 3439 expediat.
1448 3368 1678 3436 Expedit
1703 3377 1849 3431 tunc,
1869 3367 2080 3437 quando

490 3477 598 3517 non
636 3461 810 3515 solum
858 3476 951 3529 per
990 3460 1279 3530 justitiam,
1308 3476 1426 3530 qua:
1470 3476 1649 3515 coram
1696 3461 1922 3514 Domino
1961 3471 2072 3527 est,

491 3551 836 3622 permittitur,
869 3551 960 3605 sed
989 3552 1147 3605 etiam
1178 3550 1482 3605 hominibus
1506 3552 1705 3604 nullum
1745 3566 1809 3605 ex
1853 3549 1953 3604 hoc
1983 3551 2081 3603 im-

493 3643 857 3713 pedimentum
883 3642 1067 3696 salutis
1090 3641 1312 3697 infertur
1337 3641 1510 3696 :velut
1541 3657 1658 3694 cum
1684 3641 1774 3695 dat
1799 3641 2078 3696 consilium

491 3751 599 3792 non
632 3734 864 3790 nubendi
892 3733 1178 3805 Apostolus
1206 3734 1427 3803 virgini,
1460 3733 1600 3787 unde
1628 3743 1948 3802 praeceptum
1979 3734 2083 3787 Do-

491 3827 621 3882 mini
644 3842 702 3882 se
727 3842 834 3881 non
858 3826 1050 3880 habere
1073 3835 1332 3890 testatur;
1363 3826 1486 3880 licet
1512 3825 1651 3879 aliud
1675 3824 1869 3890 facere,
1901 3825 1951 3879 id
1974 3837 2076 3892 est,

491 3922 722 3986 nubere,
750 3929 804 3976 et
845 3919 1019 3974 minus
1061 3935 1217 3990 quam
1264 3919 1633 3987 continentiae,
1658 3920 1851 3974 bonum
1903 3913 2079 3976 tamen

491 4020 678 4067 tenere
716 4015 1037 4080 nuptiarum.
1073 4010 1353 4081 ipsumque
1396 4011 1593 4065 licitum
1636 4013 1793 4066 etiam
1826 4013 2076 4081 expedit:

492 4106 742 4176 quoniam
769 4105 821 4157 in
846 4105 1004 4158 vetita
1032 4113 1084 4157 et
1116 4104 1293 4157 illicita
1323 4103 1575 4157 ruituram
1605 4106 1779 4159 carnis
1805 4107 2081 4160 inﬁrmita-

492 4206 601 4251 tem
632 4197 710 4249 sic
748 4195 944 4262 excipit
974 4195 1251 4248 honestate
1281 4195 1512 4248 nubendi
1539 4236 1552 4260 ,
1581 4205 1638 4248 ut
1677 4196 1942 4250 neminem
1975 4197 2078 4250 im-

492 4286 671 4355 pediat
711 4284 776 4336 ad
826 4283 1080 4347 salutem;
1121 4284 1362 4352 quamvis
1415 4287 1580 4354 magis
1631 4287 1933 4355 expediret,
1967 4303 2082 4342 ma-

493 4379 681 4449 gisque
711 4377 991 4431 honestum
1018 4387 1156 4430 esset
1177 4417 1190 4440 ,
1220 4376 1266 4429 si
1293 4376 1441 4444 virgo
1467 4377 1745 4431 consilium
1764 4420 1776 4443 ,
1808 4394 1912 4448 quo
1940 4395 2078 4449 pra:-

492 4481 704 4540 ceplum
746 4483 862 4523 eam
905 4485 1010 4524 non
1058 4468 1363 4540 compellit,
1394 4469 1670 4539 arriperet.
1714 4470 1861 4526 Tunc
1899 4483 2075 4529 autem

491 4577 599 4616 non
638 4558 854 4629 expedit
889 4559 942 4614 id
981 4560 1121 4630 quod
1149 4561 1350 4614 licitum
1378 4570 1488 4625 est,
1517 4561 1729 4631 quando
1755 4565 2079 4632 permittitur

491 4653 705 4723 quidem
727 4693 742 4718 ,
773 4651 865 4706 sed
895 4667 1022 4707 usus
1051 4653 1216 4722 ipsius
1251 4653 1526 4720 potestatis
1568 4653 1686 4707 aliis
1727 4655 1885 4710 aliert‘
1910 4657 2079 4727 impe-

491 4744 785 4799 dimentum
816 4744 1019 4798 salutis.
1043 4744 1190 4799 Sicut
1216 4753 1296 4798 est
1315 4785 1329 4808 ,
1366 4744 1505 4798 unde
1536 4745 1646 4815 jam
1671 4746 1760 4800 diu
1789 4747 2074 4818 loquimur,

492 4835 749 4891 discessio
793 4834 962 4890 fidelis
992 4835 1233 4904 conjugis
1266 4834 1332 4887 ab
1373 4835 1602 4901 infideli,
1632 4852 1787 4906 quam
1817 4854 1920 4892 non
1949 4855 2072 4909 pro-

492 4927 640 4982 hibet
686 4926 939 4981 Dominus
984 4935 1248 4996 prmcepto
1291 4925 1452 4996 legis,
1481 4927 1602 4996 quia
1649 4942 1829 4982 coram
1863 4930 1950 4984 illo
1993 4930 2078 4985 in-

490 5017 629 5087 justa
661 5034 765 5073 non
792 5026 906 5081 est;
939 5017 1034 5071 sed
1063 5016 1307 5085 prohibet
1333 5017 1617 5086 Apostolus
1647 5019 1870 5074 consilio
1899 5019 2078 5076 chari-

491 5111 650 5172 tatis,
680 5109 800 5178 quia
845 5108 1148 5163 inﬁdelibus
1190 5106 1343 5161 affert
1371 5107 1803 5176 impedimentum
1843 5111 2027 5167 salutis
2056 5132 2070 5168 :

492 5217 598 5256 non
629 5200 802 5254 solum
832 5200 952 5269 quia
983 5198 1434 5269 perniciosissimo
1459 5200 1885 5256 scandalizantur
1906 5204 2074 5259 oll‘en-

491 5293 572 5359 si‘;
601 5307 788 5347 verum
814 5291 974 5345 etiam
1004 5291 1125 5360 quia
1155 5290 1206 5344 in
1233 5289 1334 5344 alia
1364 5291 1607 5362 conjugia
1635 5309 1755 5347 cum
1782 5295 2073 5352 ceciderint

489 5384 791 5439 viventibus
816 5383 894 5437 eis
915 5397 944 5435 a
971 5383 1163 5451 quibus
1188 5382 1546 5451 dimittuntur,
1573 5386 1884 5444 adulterinis
1923 5391 2072 5447 nexi-

489 5477 590 5533 bus
614 5477 846 5548 colligati
876 5474 1184 5529 difﬁcillime
1214 5476 1552 5532 resolvuntur
1583 5481 1621 5531 ί.

551 5675 793 5739 {Aliquot
813 5673 1022 5739 Mss.,__ab
1043 5669 1324 5739 inﬁdelitate
1347 5671 1628 5739 difﬁcillime
1649 5679 1963 5735 resolvuntta'.
1989 5685 2074 5738 Alii

487 5733 708 5789 melioris
725 5742 853 5788 notae
869 5737 1061 5788 codices
1082 5733 1226 5787 editis
1242 5733 1567 5792 consentiunt.

1394 307 1479 364 DE
1517 303 1863 364 CONJUGIIS
1901 297 2381 370 ADULTERINIS,
2419 302 2477 361 S.
2519 303 2887 362 AUGUSTINI

3678 317 3784 372 464

2273 417 2496 476 CAPUT
2535 420 2677 476 XIX.
2707 452 2779 462 —
2804 422 2895 477 25.
2927 417 3202 478 Consilium
3230 441 3330 479 non
3355 427 3608 496 nubendi,
3641 431 3704 485 de
3723 449 3782 486 eo

2193 527 2298 566 esse
2319 516 2454 583 quod
2475 514 2692 585 amplius
2717 514 2956 585 expedit;
2984 523 3035 568 at
3067 516 3336 572 consilium
3364 534 3465 573 non
3491 519 3777 576 dimittendi

2190 602 2473 673 inﬁdelem,
2507 605 2570 660 de
2607 622 2665 661 eo
2705 623 2811 661 esse
2854 607 3001 677 cujus
3044 611 3356 664 contrarian:
3403 628 3506 666 non
3552 614 3776 682 expedit.

2192 690 2316 748 Ideo
2354 693 2472 762 hic,
2506 696 2594 751 ubi
2627 696 2678 751 id
2709 696 2849 766 quod
2880 697 3007 752 licet
3045 713 3150 753 non
3180 701 3428 770 expedit,
3455 717 3562 758 non
3604 714 3780 774 potest

2190 784 2296 840 dici
2315 828 2330 852 ,
2361 785 2418 842 Si
2443 787 2707 844 dimiserit
2734 789 3002 845 inﬁdelem
3027 831 3041 855 ,
3068 791 3204 847 bene
3229 792 3385 860 facit;
3415 795 3460 848 si
3490 810 3595 850 non
3622 795 3781 850 dimi-

2191 875 2353 943 serit,
2385 878 2576 933 melius
2596 879 2720 934 facit
2743 896 2756 934 :
2781 881 2918 935 sicut
2934 880 3134 936 dictum
3155 892 3239 938 est
3257 925 3272 949 ,
3298 883 3397 948 Qui
3425 885 3514 938 dat
3539 895 3777 956 nuptura,

2191 967 2312 1022 bene
2339 971 2491 1040 facit;
2518 979 2566 1024 et
2602 972 2688 1041 qui
2716 987 2819 1026 non
2852 972 2942 1025 dat
2967 982 3212 1043 nuptum,
3246 975 3424 1030 melius
3463 978 3604 1047 facit.
3633 978 3779 1044 Quo-

2192 1061 2334 1116 niam
2360 1062 2490 1117 illud
2521 1079 2630 1119 non
2658 1065 2831 1120 solum
2870 1073 3156 1136 utrumque
3199 1068 3400 1138 pariter
3443 1069 3599 1135 licet;
3631 1070 3776 1126 unde

2191 1151 2257 1206 ad
2289 1151 2422 1206 nihil
2449 1152 2638 1208 horum
2683 1163 2949 1226 praecepto
2985 1156 3194 1211 Domini
3238 1159 3460 1228 quisque
3497 1159 3779 1230 compelli-

2191 1250 2311 1297 tur:
2337 1243 2431 1298 sed
2459 1244 2619 1298 etiam
2645 1253 2928 1317 utrumque
2953 1246 3200 1317 expedit,
3227 1247 3371 1302 aliud
3407 1249 3603 1316 minus,
3634 1250 3779 1305 aliud

2191 1336 2451 1406 amplius;
2483 1337 2625 1393 unde
2651 1337 2720 1394 ad
2748 1338 2802 1400 id
2837 1338 2980 1409 quod
3009 1340 3237 1410 amplius
3275 1341 3522 1411 expedit,
3554 1343 3781 1398 consilio

2191 1427 2431 1496 Apostoli
2450 1465 2466 1492 ,
2493 1430 2814 1500 quicumque
2839 1438 3015 1499 potest
3041 1444 3234 1500 capere
3251 1473 3267 1498 ,
3289 1441 3629 1500 provocatur.
3664 1433 3776 1490 Hoc

2191 1527 2370 1573 autem
2398 1518 2487 1574 ubi
2524 1519 2592 1575 de
2617 1519 2935 1575 dimittendo
2961 1520 3046 1576 vel
3083 1534 3192 1576 non
3233 1521 3550 1579 dimittendo
3575 1524 3778 1580 inﬁdeli

2191 1611 2434 1680 conjugio
2460 1611 2733 1681 quaeritur,
2762 1621 3046 1682 utrumque
3091 1611 3305 1682 quidem
3338 1615 3541 1684 pariter
3569 1614 3775 1670 licitum

2191 1710 2272 1755 est
2296 1715 2390 1770 per
2411 1701 2668 1771 justitiam
2691 1718 2811 1773 quae
2831 1717 3012 1759 coram
3037 1702 3263 1760 Domino
3283 1713 3396 1772 est,
3418 1713 3474 1761 et
3497 1705 3619 1762 ideo
3644 1705 3779 1762 nihil

2191 1793 2381 1850 horum
2429 1796 2684 1850 Dominus
2726 1796 2978 1866 prohibet
3002 1815 3014 1850 :
3040 1797 3135 1853 sed
3163 1813 3269 1852 non
3299 1807 3584 1870 utrumque
3611 1815 3778 1871 expe-

2189 1885 2302 1954 dit,
2337 1896 2551 1956 propter
2580 1886 2913 1942 infirmitates
2954 1887 3230 1944 hominum
3251 1932 3265 1956 ,
3297 1900 3350 1945 et
3391 1889 3512 1946 ideo
3551 1890 3604 1945 id
3630 1891 3776 1961 quod

2190 1995 2298 2034 non
2325 1981 2570 2050 expedit,
2600 1982 2886 2052 Apostolus
2913 1982 3163 2052 prohibet
3187 2000 3201 2049 ;
3227 1981 3388 2037 dante
3415 1982 3516 2037 sibi
3547 1983 3775 2038 Domino

2189 2071 2411 2126 liberum
2439 2071 2754 2141 prehibcndi
2783 2073 2979 2137 locum,
2998 2073 3121 2144 quia
3143 2087 3315 2142 neque
3341 2071 3392 2126 id
3421 2072 3567 2142 quod
3590 2082 3776 2129 monet

2189 2161 2478 2232 Apostolus
2500 2203 2515 2228 ,
2547 2162 2794 2232 prohibet
2817 2163 3076 2218 Dominus
3095 2205 3110 2230 ,
3141 2178 3316 2231 neque
3343 2162 3394 2217 id
3417 2163 3559 2233 quod
3589 2165 3775 2234 prohi-

2189 2253 2280 2308 bet
2307 2253 2622 2323 Apostolus,
2649 2253 2801 2323 jubet
2827 2255 3103 2310 Dominus.
3149 2255 3304 2321 Quod
3346 2255 3447 2310 nisi
3491 2257 3563 2310 ita
3591 2267 3773 2322 esset,

2187 2362 2360 2417 neque
2382 2355 2568 2401 contra
2591 2347 3003 2418 prohibitionem
3031 2348 3242 2404 Domini
3267 2349 3555 2417 Apostolus
3574 2350 3774 2420 aliquid

2186 2448 2462 2508 moneret,
2491 2455 2664 2509 neque
2687 2448 2873 2496 contra
2900 2439 3195 2509 jussionem
3221 2438 3338 2510 ejus
3362 2439 3559 2511 aliquid
3589 2440 3774 2512 prohi-

2185 2533 2354 2589 beret.
2389 2533 2619 2590 Proinde
2646 2533 2699 2588 in
2722 2532 2806 2588 his
2827 2532 3032 2589 duabus
3057 2533 3261 2600 causis,
3292 2547 3395 2587 una
3427 2533 3498 2589 de
3522 2533 3774 2590 nubendo

2185 2628 2268 2682 vel
2313 2641 2418 2681 non
2449 2627 2736 2693 nubendo,
2765 2627 2932 2683 altera
2971 2625 3040 2682 de
3082 2626 3283 2682 inﬁdeli
3328 2625 3555 2698 conjuge
3582 2626 3774 2682 dimit-

2186 2721 2346 2777 tendo
2367 2721 2449 2776 vel
2473 2736 2578 2776 non
2599 2720 2914 2775 dimittendo
2933 2761 2948 2786 ,
2981 2708 3180 2790 aliquid
3206 2719 3380 2775 simile
3404 2729 3487 2775 est
3513 2720 3566 2774 in
3591 2719 3773 2776 verbis

2184 2812 2424 2882 Apostoli
2447 2854 2461 2878 ,
2494 2811 2693 2880 aliquid
2723 2811 3003 2866 dissimile.
3027 2809 3210 2866 Simile
3230 2809 3444 2880 quidem
3475 2810 3604 2867 illud
3624 2811 3769 2882 quod

2183 2913 2240 2960 et
2267 2903 2337 2958 ibi
2365 2903 2530 2972 dicit,
2560 2902 2884 2974 Prwceptum
2921 2901 3130 2957 Domini
3157 2919 3260 2958 non
3289 2903 3472 2971 habeo,
3502 2905 3773 2959 consilium

2184 3006 2350 3051 autem
2379 2997 2481 3060 do;
2510 3005 2564 3051 et
2588 2995 2676 3050 hic
2705 2995 2852 3064 dicit,
2871 2995 2984 3067 Ego
3007 2996 3120 3050 dico
3139 3037 3156 3063 ,
3184 3013 3287 3051 non
3311 2995 3576 3052 Dominus.
3601 2997 3773 3066 Quale

2183 3096 2267 3143 est
2309 3088 2487 3152 enim,
2521 3086 2838 3158 Prceceptum
2884 3086 3090 3140 Domini
3135 3103 3236 3141 non
3289 3088 3484 3154 habeo;
3515 3089 3619 3144 tale
3648 3097 3769 3157 est,

2186 3177 2308 3232 Non
2322 3177 2444 3231 dicit
2461 3176 2706 3232 Dominus
2728 3195 2746 3231 :
2768 3185 2823 3232 et
2837 3177 2994 3248 quale
3012 3185 3115 3245 est,
3133 3179 3399 3233 consilium
3415 3180 3513 3245 do;
3543 3180 3647 3236 tale
3663 3191 3766 3249 est,

2183 3287 2275 3340 ego
2302 3271 2435 3323 dico.
2461 3269 2592 3324 illud
2609 3279 2785 3324 autem
2813 3269 3071 3325 dissimile
3097 3279 3199 3336 est,
3217 3271 3338 3341 quia
3359 3271 3428 3326 de
3449 3271 3697 3328 nubendo
3714 3280 3770 3328 et

2184 3377 2292 3416 non
2317 3360 2566 3416 nubendo
2583 3369 2758 3430 potest
2778 3360 2908 3428 dici,
2938 3360 3041 3416 hoc
3068 3361 3204 3416 bene
3232 3362 3369 3429 ﬁeri,
3390 3362 3520 3418 illud
3541 3363 3764 3430 melius;

2184 3455 2435 3525 quoniam
2461 3449 2754 3522 utrumque
2768 3452 3003 3524 expedit,
3024 3453 3200 3508 minus
3215 3452 3379 3520 aliud,
3398 3456 3568 3525 magis
3583 3454 3723 3510 aliud
3749 3473 3766 3511 :

2183 3554 2239 3600 at
2267 3560 2394 3600 vero
2421 3544 2488 3600 de
2515 3545 2741 3614 conjuge
2767 3544 2968 3599 inﬁdeli
2996 3544 3316 3601 dimittendo
3341 3547 3424 3602 vel
3453 3561 3560 3602 non
3588 3546 3770 3602 dimit-

2185 3636 2345 3691 tendo
2370 3677 2385 3702 ,
2416 3637 2664 3705 quoniam
2696 3650 2858 3690 unum
2890 3635 3082 3690 horum
3112 3651 3219 3691 non
3239 3637 3454 3706 expedit
3472 3678 3485 3699 ,
3510 3638 3652 3692 aliud
3674 3653 3771 3694 ex-

2182 3729 2365 3800 pedit,
2397 3728 2502 3783 dici
2541 3744 2649 3783 non
2675 3737 2918 3799 oportet,
2951 3728 3053 3796 Qui
3078 3729 3328 3796 dimittit,
3361 3730 3500 3786 bene
3525 3732 3682 3799 facit;
3714 3741 3771 3789 et

2183 3821 2272 3889 qui
2303 3833 2409 3874 non
2436 3818 2685 3886 dimittit,
2715 3819 2907 3874 melius
2929 3818 3052 3874 facit
3078 3838 3091 3874 :
3113 3819 3208 3874 sed
3233 3819 3337 3874 dici
3369 3831 3618 3892 oportet,
3649 3822 3768 3878 Non

2183 3911 2447 3977 dimittat;
2479 3911 2598 3980 quia
2637 3911 2738 3966 etsi
2774 3910 2932 3979 licet,
2961 3926 3065 3967 non
3095 3912 3330 3983 expedit.
3359 3913 3449 3969 Sic
3489 3931 3618 3987 ergo
3643 3931 3771 3986 pos-

2184 4019 2369 4058 sumus
2388 4003 2569 4058 dicere
2594 4003 2786 4059 melius
2808 4019 2926 4059 esse
2948 4004 3213 4060 inﬁdelem
3245 4007 3527 4078 conjugem
3555 4024 3659 4064 non
3681 4009 3768 4064 di-

2183 4096 2397 4150 mitterc
2417 4137 2430 4158 ,
2459 4095 2700 4165 quamvis
2726 4095 2882 4150 liceat
2903 4105 2956 4151 et
2985 4094 3284 4163 dimittere;
3317 4099 3766 4166 quemadmodum

2183 4197 2328 4244 recte
2355 4187 2582 4242 dicimus
2622 4187 2816 4243 melius
2858 4201 2977 4243 esse
3016 4187 3161 4258 quod
3201 4197 3257 4243 et
3285 4187 3409 4244 licet
3436 4198 3490 4245 et
3513 4191 3765 4262 expedit,

2182 4295 2342 4351 quam
2369 4280 2419 4334 id
2440 4279 2583 4350 quod
2612 4279 2770 4345 licet,
2803 4294 2905 4335 nec
2931 4280 3167 4350 expedit.

2253 4370 2478 4426 CAPUT
2505 4369 2626 4425 XX.
2672 4401 2744 4411 -—
2769 4370 2860 4426 24.
2890 4370 2968 4425 De
3008 4373 3307 4444 conjugibus
3335 4373 3620 4443 inﬁdelibus
3661 4391 3770 4432 non

2181 4462 2493 4517 dimittendis
2539 4463 2805 4517 consilium
2853 4464 3084 4532 Apostoli
3129 4475 3199 4520 est
3214 4466 3253 4534 ,!
3281 4483 3380 4520 non
3427 4477 3759 4537 prameptum.

2184 4551 2438 4607 Monitum
2464 4554 2546 4606 hic
2572 4553 2670 4607 loci
2690 4554 2754 4608 de
2773 4570 2829 4610 re
2857 4554 3014 4610 libera
3036 4572 3143 4611 esse
3160 4598 3174 4623 ,
3197 4555 3302 4611 alia
3327 4567 3494 4612 tamen
3519 4575 3628 4613 esse
3651 4577 3766 4615 mo-

2181 4643 2290 4697 nitu
2314 4642 2547 4712 Apostoli
2572 4643 2634 4697 de
2657 4659 2712 4696 re
2738 4644 3007 4714 imperata.
3035 4643 3130 4700 His
3155 4645 3223 4702 de
3249 4635 3426 4702 causis
3459 4646 3658 4704 factum
3684 4657 3770 4705 est

2181 4742 2241 4789 ut
2265 4748 2540 4804 exponens
2585 4735 2799 4790 Domini
2845 4751 3184 4805 sermonem,
3213 4753 3372 4810 quem
3399 4740 3665 4810 prolixum
3711 4741 3766 4796 in

2181 4835 2363 4884 monte
2410 4828 2631 4896 habuit,
2661 4829 2752 4885 ubi
2799 4839 3018 4886 ventum
3061 4839 3146 4887 est
3188 4831 3256 4887 ad
3303 4834 3654 4903 quaestionem
3696 4833 3767 4889 de

2180 4919 2496 4990 conjugibus
2520 4920 2852 4977 dimittendis
2881 4923 2964 4977 vel
2990 4938 3096 4978 non
3126 4923 3455 4981 dimittendis
3475 4966 3492 4992 ,
3517 4924 3768 4980 adhibitis

2181 5014 2342 5068 etiam
2368 5015 2674 5084 apostolicis
2700 5016 3018 5072 tesﬁmoniis
3037 5057 3054 5085 ,
3074 5015 3307 5074 dicerem
3333 5018 3620 5074 consilium
3645 5032 3769 5075 esse

2178 5105 2451 5177 Apostoli,
2481 5122 2590 5163 non
2639 5115 2963 5178 praeceptum
3010 5107 3253 5176 Domini,
3285 5109 3376 5164 ubi
3421 5110 3529 5177 ait,
3563 5109 3768 5165 theris

2179 5205 2350 5251 autem
2379 5214 2470 5269 ego
2490 5197 2633 5265 dico,
2657 5214 2759 5253 non
2783 5197 3036 5253 Dominus
3054 5241 3069 5266 ,
3111 5215 3337 5256 monens
3365 5215 3460 5256 eos
3485 5202 3575 5273 qui
3603 5201 3769 5258 habe-

2179 5295 2322 5346 rent’
2356 5291 2613 5362 conjuges
2664 5291 2938 5360 inﬁdeles,
2979 5300 3039 5348 ut
3081 5293 3479 5350 consentientes
3521 5293 3769 5350 habitare
3857 5329 3864 5339 .

2178 5394 2359 5436 secum
2380 5395 2487 5435 non
2513 5381 2861 5438 dimitterent.
2886 5382 3040 5450 Quod
3065 5383 3247 5455 utique
3267 5383 3390 5440 ideo
3414 5383 3764 5452 monendum,

2176 5488 2284 5528 non
2325 5473 2621 5544 jubendum
2667 5473 2798 5541 fuit,
2825 5476 2947 5546 quia
2992 5491 3100 5532 non
3141 5485 3290 5534 tanto
3319 5478 3557 5549 pondere
3584 5477 3770 5549 prohi-

2176 5565 2337 5622 bendi
2363 5575 2486 5622 sunt
2512 5566 2758 5623 homines
2783 5570 2960 5624 facere
2984 5569 3128 5626 licita
3145 5611 3160 5636 ,
3187 5572 3431 5641 quamvis
3462 5587 3570 5626 non
3596 5586 3762 5643 expe-

2176 5655 2358 5724 diant,
2387 5667 2585 5729 quanto
2611 5657 2848 5730 pondere
2889 5659 3243 5729 prohibentur
3270 5661 3472 5718 illicita.
3501 5660 3558 5718 Si
3585 5671 3764 5717 autem

2178 5747 2371 5805 alicubi
2399 5748 2690 5821 Apostolus
2729 5749 2891 5811 etiam
2919 5749 3010 5809 illa
3036 5765 3157 5824 quae
3196 5750 3430 5824 iubenda
3455 5760 3616 5824 sunt,
3649 5765 3765 5811 mo-
