4122 6212
355 344 466 402 465

356 470 488 512 nere
527 455 778 528 dignatus
812 466 891 513 est
917 499 932 525 ,
961 457 1064 516 hoc
1109 460 1236 517 fecit
1265 466 1532 533 parcendo
1577 467 1594 499 ί
1632 466 1950 536 inﬁrmitati,

355 562 464 604 non
504 547 905 618 prmjudicando
948 550 1197 621 jussioni.
1241 553 1394 610 Unde
1436 557 1482 611 si
1529 557 1698 625 dixit,
1730 559 1851 614 Non
1898 570 1954 615 ut

354 638 669 709 confundam
694 655 778 693 vos
804 640 912 694 [uec
939 642 1102 696 scribo
1123 685 1137 709 ,
1168 644 1258 698 sed
1286 655 1340 698 ut
1381 647 1516 715 ﬁlios
1544 663 1678 704 meos
1711 651 1953 708 charissi-

354 745 462 782 mos
505 745 686 783 moneo
726 730 785 799 (l
831 728 951 785 Cor.
981 747 1053 800 tv,
1086 733 1204 803 14);
1234 734 1359 805 quid
1402 736 1565 793 habet
1608 742 1946 812 quaestionis,

348 818 564 887 ubiait,
597 819 708 892 Ego
737 821 851 875 dico
872 864 886 886 ,
914 839 1016 878 non
1053 823 1345 881 Dominus?
1375 828 1504 884 Item
1549 831 1638 886 ubi
1678 834 1783 902 ait,
1815 834 1951 892 Ecce

347 925 441 982 ego
469 910 671 966 Paulus
702 914 818 967 dico
841 914 1000 979 vobis,
1033 917 1151 986 quia
1170 918 1215 972 si
1238 920 1693 993 circumcidamini,
1718 925 1946 985 Christus

344 1001 483 1056 vobis
519 1003 651 1057 nihil
684 1003 909 1076 proderit
939 1004 1134 1077 (Galat.
1167 1023 1221 1075 v,
1249 1008 1345 1080 2);
1378 1013 1635 1084 numquid
1665 1018 1826 1072 etiam
1853 1018 1942 1076 hic

342 1091 510 1159 dixit,
541 1091 657 1166 Ego
696 1094 808 1148 dico
828 1135 842 1160 ,
872 1112 972 1149 non
1015 1095 1309 1154 Dominus?
1333 1098 1451 1156 Non
1483 1113 1608 1160 sunt
1634 1106 1813 1177 itaque
1839 1110 1941 1165 ista

341 1182 535 1240 similia
555 1226 572 1252 ,
600 1186 725 1256 quia
754 1186 915 1242 etiam
940 1188 1031 1242 illa
1078 1204 1198 1260 quae
1219 1190 1370 1261 jubet
1403 1194 1688 1265 Dominus,
1725 1214 1830 1255 non
1857 1210 1941 1257 est

336 1274 616 1344 indignum
640 1292 815 1346 neque
840 1279 1166 1334 contrarium
1185 1323 1201 1347 ,
1223 1283 1271 1335 si
1293 1282 1481 1338 eadem
1504 1297 1687 1343 monet
1710 1290 1939 1359 Apostoo

338 1362 443 1418 lus.
473 1365 754 1421 Monemus
783 1367 927 1423 enim
955 1384 1091 1440 quos
1107 1370 1301 1426 charos
1331 1373 1590 1432 habemus
1613 1419 1628 1445 ,
1658 1387 1716 1434 ut
1740 1379 1939 1437 faciant

336 1454 547 1510 Domini
574 1468 865 1529 prmcepta,
896 1460 979 1514 vel
997 1461 1167 1531 jussa.
1201 1461 1334 1518 Cum
1364 1480 1492 1521 vero
1518 1468 1625 1536 ait,
1650 1469 1761 1542 Ego
1783 1472 1928 1540 dico,

336 1561 437 1599 non
464 1545 757 1615 Dominus;
785 1552 915 1605 satis
942 1552 1178 1608 ostendit
1201 1555 1485 1612 Dominum
1506 1574 1613 1615 non
1641 1564 1931 1631 prohibere

334 1636 475 1707 quod
502 1638 618 1708 ipse
657 1640 996 1708 prohibebat.
1031 1643 1399 1701 Prohibuisset
1422 1657 1601 1706 autem
1634 1652 1925 1726 Dominus,

332 1728 378 1782 si
405 1738 551 1784 esset
581 1729 846 1787 illicitum.
878 1733 1020 1805 Ergo
1063 1736 1356 1792 secundum
1382 1754 1444 1794 ea
1475 1756 1595 1811 quae
1638 1732 1799 1816 supra
1837 1747 1928 1805 diu

333 1818 600 1891 diximus,
641 1825 977 1896 multumque
1024 1829 1391 1899 versavimus,
1426 1831 1632 1890 licitum
1674 1848 1789 1894 erat
1828 1857 1926 1912 per

329 1910 624 1981 justitiam;
653 1915 748 1970 sed
774 1917 935 1971 etiam
966 1917 1168 1973 licitum
1199 1935 1306 1975 non
1333 1931 1449 1977 erat
1475 1923 1777 1985 faciendum
1800 1910 1924 2003 pro-

332 2011 448 2071 pter
472 2003 699 2061 liberam
726 2006 1175 2066 benevolentiam.

397 2093 630 2154 CAPUT
665 2099 808 2157 XXI.
848 2134 920 2145 —
958 2107 1047 2162 25.
1080 2108 1160 2163 De
1179 2114 1431 2184 conjugiis
1453 2132 1566 2171 cum
1591 2118 1916 2187 infidelibus,

328 2182 571 2241 Pollentii
596 2192 844 2246 sententia
871 2193 1157 2252 discutitur.
1182 2182 1352 2256 Aliani
1372 2220 1478 2260 esse
1500 2182 1828 2275 quwslionem
1848 2211 1912 2266 de

320 2275 425 2346 jam
461 2280 774 2350 conjunctis,
801 2284 957 2340 aliam
987 2287 1049 2342 de
1090 2292 1479 2366 conjungendis.
1523 2296 1601 2352 De
1630 2301 1747 2370 jam
1792 2318 1915 2357 con-

322 2370 539 2439 iunctis,
570 2388 674 2428 non
703 2376 766 2430 de
798 2377 1079 2450 jungendis
1107 2384 1193 2455 agi
1231 2387 1285 2439 in
1325 2387 1438 2443 loco
1478 2390 1710 2461 Apostoli
1738 2395 1907 2451 citato.

320 2459 512 2517 Illicita
534 2474 585 2519 et
613 2469 765 2523 vetita
788 2486 820 2524 a
846 2470 1066 2530 Domino
1095 2492 1354 2549 nunquam
1390 2459 1589 2553 expedit
1616 2489 1800 2558 facere.
1830 2488 1910 2544 Τιι

320 2562 496 2609 autem
526 2556 614 2611 cui
643 2559 845 2630 placet,
869 2563 942 2618 ita
981 2580 1086 2621 non
1116 2567 1279 2626 licere
1307 2573 1451 2642 quod
1490 2562 1597 2631 non
1618 2556 1769 2633 vetat
1790 2578 1907 2636 'Do-

316 2645 490 2702 minus
510 2688 525 2715 ,
549 2647 648 2704 sed
668 2651 986 2724 Apostolus,
1013 2660 1463 2727 quemadmodum
1488 2682 1592 2722 non
1618 2668 1741 2724 licet
1762 2671 1905 2741 quod

313 2746 454 2795 vetat
502 2741 798 2813 Dominus,
828 2762 951 2803 eum
1002 2764 1273 2821 exponere
1320 2756 1580 2814 voluisses
1624 2760 1750 2831 quid
1799 2762 1902 2817 sibi

312 2831 469 2888 vellet
493 2835 637 2905 quod
665 2836 775 2904 ait,
816 2838 925 2910 Ego
964 2842 1112 2911 dico,
1140 2861 1243 2900 non
1287 2845 1571 2917 Dominus,
1597 2866 1716 2907 cum
1763 2854 1899 2909 allo-

310 2935 566 2994 queretur
612 2927 802 2986 ﬁdeles
848 2932 1041 3002 quibus
1089 2945 1272 2992 essent
1315 2940 1572 3012 conjuges
1620 2943 1895 3011 inﬁdeles;

308 3012 522 3082 dixisti,
556 3035 577 3069 ι
614 3018 749 3087 Quia
793 3021 1050 3082 Dominus
1092 3026 1254 3097 jussit
1300 3046 1369 3086 ne
1397 3032 1640 3104 conjugia
1680 3035 1899 3092 sibimet

313 3123 332 3158 ι
374 3105 605 3164 diversa:
648 3111 922 3182 religionis
950 3118 1365 3186 copularentur:
1399 3141 1418 3175 ι
1452 3131 1506 3178 et
1536 3123 1708 3195 ipsmn
1737 3126 1895 3182 adhi-

306 3194 460 3252 buisti
505 3200 870 3258 testimonium
923 3205 1137 3262 Domini
1189 3209 1446 3279 dicentis,
1501 3194 1624 3269 Non
1676 3218 1893 3288 accipies

306 3303 509 3345 uxorem
538 3291 649 3360 [ilio
675 3302 761 3349 tuo
790 3311 823 3348 a
858 3296 1063 3365 filiabus
1097 3301 1535 3375 alienigenarum,
1560 3324 1621 3362 ne
1660 3310 1892 3365 traducat

305 3394 411 3432 eum
453 3392 568 3451 post
596 3382 720 3438 deos
762 3401 915 3454 suos,
940 3398 986 3443 et
1027 3402 1198 3462 pereat
1236 3394 1408 3449 anima
1440 3398 1550 3467 ejus
1575 3399 1747 3469 (Deut.
1781 3417 1887 3468 vti,

303 3466 353 3535 δ,
375 3469 456 3533 4).
490 3470 759 3530 Addidisti
784 3476 945 3532 etiam
967 3481 1129 3536 verba
1152 3483 1428 3553 Apostoli,
1459 3466 1547 3543 ubi
1578 3466 1735 3557 dixit,
1767 3466 1888 3547 itu;

301 3560 387 3615 lier
410 3564 626 3634 alligata
648 3576 740 3635 est,
758 3571 1003 3639 quamdiu
1019 3573 1094 3627 vir
1112 3574 1222 3644 ejus
1248 3577 1385 3631 vivit.
1423 3578 1574 3644 Quod
1595 3583 1638 3635 si
1660 3594 1888 3640 mortuus

301 3654 445 3721 fuerit
481 3657 559 3710 vir
586 3659 724 3727 ejus,
753 3660 963 3716 liberata
1000 3674 1112 3719 est:
1134 3668 1217 3720 cui
1256 3669 1359 3722 uult
1396 3670 1578 3736 nubat,
1610 3682 1805 3729 tantum
1833 3676 1887 3731 in

300 3743 514 3802 Domino
554 3749 597 3820 (Ι
620 3748 740 3807 Cor.
768 3769 871 3822 vit,
901 3756 992 3829 '59)
1021 3777 1033 3811 :
1059 3759 1200 3829 quod
1234 3760 1303 3815 ita
1339 3765 1666 3833 exposuisti,
1700 3777 1757 3822 ut
1784 3768 1884 3823 ad-

295 3834 568 3908 jungeres,
606 3858 627 3891 ι
661 3840 716 3895 ld
745 3852 828 3897 est
851 3844 1140 3902 christiano
1165 3850 1205 3904 ².
1244 3867 1263 3901 ›
1311 3850 1511 3908 Deinde
1549 3864 1763 3912 secutus
1787 3872 1879 3923 es,

300 3936 349 3979 et
386 3928 504 3982 aisti
532 3946 545 3982 :
576 3948 597 3982 ι
630 3928 745 3987 Hoc
772 3939 855 3988 est
899 3950 1027 4006 ergo
1054 3936 1263 3993 Domini
1306 3951 1628 4012 praeceptum
1675 3953 1781 3999 tam
1826 3946 1881 4005 in

304 4032 321 4066 ι
362 4016 539 4074 Veteri
588 4036 745 4091 quam
797 4023 855 4079 in
898 4025 1047 4083 Novo
1103 4027 1480 4098 Testamento,
1514 4043 1571 4088 ιιι
1614 4050 1721 4090 non
1776 4036 1880 4092 nisi

302 4122 321 4157 ι
360 4109 518 4165 unius
545 4112 815 4183 religionis
843 4124 899 4171 et
937 4117 1061 4174 ﬁdei
1097 4121 1341 4191 conjugia
1372 4123 1470 4178 sibi
1511 4136 1761 4183 maneant
1783 4144 1878 4186 co-

303 4215 321 4247 t
362 4200 557 4268 palata.
590 4221 608 4254 ι
639 4202 695 4259 Si
726 4203 828 4262 hoc
851 4222 978 4279 ergo
998 4219 1081 4265 est
1101 4211 1310 4266 Domini
1335 4224 1656 4284 praeceptum
1688 4226 1795 4275 tam
1822 4220 1877 4277 in

298 4287 463 4347 Veteri
495 4292 836 4353 Testamento
876 4315 1033 4369 quam
1074 4301 1129 4356 in
1154 4301 1335 4369 Novo,
1366 4314 1420 4361 et
1461 4305 1562 4361 hoc
1583 4307 1734 4376 jubet
1764 4309 1874 4366 Do-

296 4382 494 4450 minus,
518 4382 621 4441 hoc
652 4386 808 4444 docet
837 4390 1123 4462 Apostolus
1143 4435 1158 4459 ,
1192 4402 1249 4448 ut
1274 4409 1379 4450 non
1419 4396 1520 4451 nisi
1561 4399 1716 4455 unius
1741 4401 1872 4457 reli-

295 4474 455 4543 gionis
474 4487 528 4533 et
552 4477 674 4535 ﬁdei
702 4493 954 4539 maneant
982 4486 1225 4555 copulata
1254 4488 1529 4559 conjugia;
1554 4506 1720 4561 quare
1740 4508 1873 4550 con-

296 4574 367 4619 Ira
411 4567 509 4624 hoc
555 4570 765 4627 Domini
810 4574 1056 4644 jussum,
1101 4589 1287 4634 contra
1333 4579 1632 4638 doctrinam
1680 4599 1866 4656 suam,

290 4665 463 4711 contra
492 4673 817 4731 praeceptum
848 4663 1176 4723 Testamenti
1204 4667 1414 4725 Veteris
1439 4682 1493 4726 et
1517 4672 1687 4741 Novi,
1716 4676 1869 4746 jubet

289 4746 567 4815 Apostolus
595 4762 652 4806 ut
680 4752 905 4810 diversae
936 4755 1057 4812 ﬁdei
1102 4759 1344 4831 conjugia
1374 4775 1626 4820 maneant
1646 4768 1868 4836 copula-

287 4839 413 4893 ta?t
461 4843 593 4911 Quia
643 4845 872 4914 Paulus,
907 4850 1117 4920 inquis,
1159 4852 1406 4909 Gentium
1452 4857 1770 4926 praedicator
1812 4868 1868 4916 et

289 4948 309 4982 ι
353 4936 657 5001 apostolus,
700 4938 810 5007 jam
860 4941 914 4994 in
964 4941 1212 5012 conjugio
1260 4945 1498 5014 positos,
1529 4963 1637 5003 non
1691 4951 1866 5006 solum

287 5039 309 5073 σ
351 5035 565 5089 monet,
596 5027 688 5081 sed
716 5029 873 5083 etiam
902 5030 1085 5099 jubet,
1116 5040 1173 5085 ut
1198 5032 1243 5086 si
1272 5049 1407 5088 unus
1435 5044 1527 5089 aut
1554 5053 1656 5092 una
1685 5054 1715 5093 a
1739 5055 1867 5095 con-

285 5132 306 5164 c
346 5114 560 5184 jugibus
607 5118 956 5187 credidisset,
989 5122 1214 5176 alterum
1242 5125 1323 5178 vel
1369 5125 1588 5182 alteram
1614 5144 1719 5183 non
1749 5145 1867 5186 cre-

282 5219 305 5255 ι
349 5203 590 5271 dentem,
622 5222 803 5263 secum
825 5218 998 5267 tamen
1024 5211 1262 5267 habitare
1287 5216 1733 5285 consentientem,
1753 5233 1863 5275 non

278 5310 302 5346 ¢
346 5293 660 5352 dimitteret.
698 5317 718 5350 ι
750 5299 843 5355 His
879 5302 1055 5357 verbis
1083 5303 1186 5358 tuis
1227 5303 1370 5358 aliud
1410 5304 1545 5372 hoc,
1576 5308 1716 5363 aliud
1743 5323 1864 5367 esse

269 5385 409 5441 illud
430 5428 445 5452 ,
467 5390 596 5444 satis
624 5391 899 5449 evidenter
919 5394 1176 5450 ostendis.
1204 5394 1336 5451 Illud
1360 5397 1503 5452 enim
1529 5397 1598 5455 de
1624 5399 1706 5455 his
1731 5415 1864 5457 con-

260 5477 432 5551 jngiis
455 5482 650 5551 agitur,
680 5499 799 5555 qua:
829 5486 928 5541 sibi
958 5488 1201 5556 primitus
1239 5491 1571 5561 copulantur,
1602 5507 1671 5549 ne
1694 5494 1863 5552 nubat

264 5569 473 5628 femina
504 5587 613 5629 non
650 5589 763 5632 suae
789 5577 1062 5650 religionis
1085 5581 1235 5649 viro,
1268 5583 1352 5640 vel
1392 5583 1473 5640 vir
1500 5584 1657 5644 talem
1703 5586 1862 5646 ducat

326 5703 346 5736 ί
383 5708 485 5753 Duo
507 5711 636 5767 Msa,
659 5710 893 5773 parendo.

323 5766 349 5800 ⁸
383 5765 488 5818 Sola
515 5769 666 5824 editio
686 5776 817 5834 Lov.,
842 5772 989 5837 idque
1011 5773 1288 5833 christiano.

1721 352 1926 409 LIBER
1964 353 2232 416 PRIMUS.

3546 403 3655 466 ιϐϐ

2068 490 2305 584 uxorem.
2396 483 2452 540 ld
2481 489 2657 558 enim,
2695 511 2714 546 ι
2749 506 2807 553 ιιι
2844 498 3013 573 dicis,
3051 524 3070 559 ι
3097 508 3251 580 jubet
3286 514 3446 584 Deus,
3490 519 3650 581 docet

2074 585 2108 669 rc-
2139 568 2459 644 Apostolus,
2508 590 2796 657 utrumque,
2837 568 3555 667 principit'Testamenttum.
3616 633 3638 669 ι

2061 657 2173 715 Hoc
2196 672 2371 718 autem
2396 667 2662 729 diversum
2689 693 2807 735 esse
2827 687 2942 752 quis
2963 688 3192 757 abnuat,
3226 694 3312 749 ubi
3342 698 3515 769 agitur
3532 718 3642 760 non

2057 750 2145 856 de.
2169 757 2551 860 conjungendis
2571 808 2584 831 ,
2618 769 2711 824 sed
2751 772 2819 828 de
2844 750 3200 849 conjunctisi
3226 750 3642 866 Ambo’ﬂqui'ppe

2057 844 2211 899 unius
2240 848 2586 925 ejusdemque
2634 844 2977 923 inﬁdelitatis-
3002 870 3214 929 fuerunt
3252 844 3477 948 quandi;
3504 844 3640 940 coii-

2050 933 2220 1003 juncti
2245 951 2402 1008 sunt;
2436 946 2531 1000 sed
2560 948 2902 1023 Evangelium
2929 974 3048 1015 cum
3078 966 3331 1034 venisset,
3354 971 3491 1027 alter
3519 975 3637 1031 sine

2051 1026 2218 1083 altera
2239 1071 2253 1097 ,
2282 1033 2364 1086 vel
2408 1035 2573 1093 altera
2617 1041 2733 1098 sine
2760 1045 2930 1104 altero
2969 1054 3209 1111 credidit.
3239 1058 3294 1114 Si
3338 1076 3465 1132 ergo
3489 1066 3636 1122 aliud

2050 1126 2131 1172 est
2163 1118 2296 1189 hoc,
2325 1126 2468 1194 quod
2492 1129 2607 1185 sine
2636 1138 2885 1205 scrupulo
2915 1141 3067 1198 ullius
3098 1146 3441 1207 dubitationis
3466 1169 3634 1226 appa-

2048 1216 2150 1276 ret,
2182 1227 2276 1267 cur
2302 1213 2511 1272 ﬁdelem
2539 1235 2657 1276 eum
2699 1225 2901 1284 infideli
2928 1232 2980 1286 in
3008 1236 3254 1308 conjugio
3282 1256 3631 1314 permanere,

2046 1315 2153 1357 non
2180 1314 2233 1359 et
2254 1306 2511 1366 Dominus
2536 1314 2672 1370 sicut
2696 1318 2982 1387 Apostolus
3004 1306 3195 1396 jnbet‘i
3217 1306 3329 1388 Nisi
3367 1334 3503 1393 forte
3528 1306 3631 1396 istd

2044 1390 2162 1448 loco
2186 1407 2369 1464 vacat,
2400 1402 2540 1471 quod
2568 1412 2673 1460 tam
2718 1408 2945 1467 ﬁdenter
2970 1390 3083 1485 ipse
3112 1420 3187 1474 ait
3215 1439 3226 1474 :
3258 1425 3335 1477 An
3371 1427 3522 1481 vultis
3543 1446 3632 1483 ec-

2042 1487 2377 1553 pcrimentum
2418 1495 2644 1565 accipere
2687 1501 2794 1570 ejus
2836 1506 2923 1572 qui
2967 1507 3019 1562 in
3060 1527 3138 1566 me
3160 1512 3378 1584 loquitur
3403 1517 3630 1575 Christus

2041 1574 2107 1644 (ll
2141 1576 2258 1634 Cor.
2287 1597 2402 1648 xm,
2433 1584 2524 1654 3)?
2554 1587 2620 1642 Et
2651 1592 2831 1663 utique
2858 1595 3114 1657 Dominus
3143 1574 3233 1659 est.
3252 1607 3511 1666 Christus.
3532 1574 3628 1669 ln-

2039 1669 2303 1741 telligisne
2351 1677 2476 1746 quid
2524 1678 2840 1741 dieam?An
2895 1690 2944 1743 in
2995 1692 3096 1750 hoc
3143 1699 3477 1769 explananda
3522 1706 3626 1763 ali-

2034 1770 2233 1827 qttanto
2261 1761 2568 1835 diligentius
2598 1772 2961 1834 immorabor?

2102 1849 2191 1906 26.
2233 1853 2464 1913 Attende
2483 1901 2497 1924 ,
2530 1870 2585 1916 ut
2614 1878 2727 1920 rem
2758 1867 2926 1939 ipsam
2957 1882 3208 1947 tanquam
3240 1881 3294 1938 in
3322 1900 3620 1960 conspectu

2030 1941 2471 2002 considerandam
2499 1952 2737 2021 planiore
2763 1973 3014 2022 sermone
3035 1982 3315 2036 ponamus.
3334 1941 3483 2037 Ecce
3500 1998 3623 2041 eon-

2023 2029 2178 2101 juges
2230 2033 2373 2105 duo,
2419 2041 2576 2100 unius
2627 2045 2982 2121 inﬁdelitatis;
3016 2029 3085 2113 ila
3141 2061 3354 2123 luerunt
3404 2076 3621 2142 quando

2027 2123 2294 2193 conjuncti
2322 2139 2447 2184 sunt
2474 2146 2488 2184 :
2514 2135 2657 2191 nulla
2688 2138 2757 2195 de
2788 2141 2871 2198 his
2901 2149 3127 2215 qumstio
3165 2164 3277 2221 cst,
3303 2123 3617 2231 quzejperti-

2024 2223 2150 2269 neat
2168 2216 2233 2271 ad
2261 2217 2406 2274 illam
2432 2222 2643 2281 Domini
2660 2229 2955 2298 jnssioncm
2979 2216 3384 2317 doctrinamque
3403 2216 3618 2322 aposto-

2024 2301 2114 2322 ﬂ“
2218 2317 2252 2322 ί,
2637 2317 2681 2322 _

2021 2301 2176 2358 licam
2204 2317 2258 2361 et
2283 2322 2607 2382 prmecptuni
2637 2317 2967 2379 Testamenti
2997 2326 3206 2387 \‘eteris
3229 2344 3283 2390 et
3298 2301 3475 2408 'Novir,
3508 2358 3614 2412 quo

2020 2395 2330 2464 prohibetur
2374 2402 2544 2460 ﬁdelis
2572 2421 2693 2463 cum
2741 2410 2943 2470 inﬁdeli
2991 2424 3244 2488 (epulare
3282 2395 3608 2502 conjugiuin.

2015 2484 2134 2541 Jam
2178 2500 2302 2545 sunt
2346 2496 2634 2567 conjuges,
2667 2503 2921 2561 etadlmc
2964 2484 3122 2565 ambo
3164 2525 3290 2571 sunt
3331 2484 3605 2592 inﬁdeles;

2013 2577 2187 2636 adlmc
2221 2582 2351 2640 tales
2379 2598 2501 2642 sunt
2526 2589 2713 2659 quales
2752 2594 2964 2653 lucrum
2992 2613 3276 2673 antequam
3310 2577 3607 2683 jungcren:

2014 2680 2117 2739 tur,
2150 2675 2439 2748 qualesque
2463 2681 2732 2753 conjuncti
2762 2698 2904 2743 sunt.
2934 2690 3085 2748 \‘enit
3110 2675 3384 2770 Evangelii
3409 2675 3606 2775 prsidi-

2009 2777 2178 2836 eator,
2207 2770 2433 2828 credidit
2474 2787 2659 2831 eormn
2689 2789 2780 2834 aut
2807 2795 2976 2848 unus,
3006 2795 3100 2841 aut
3142 2803 3246 2844 una
3270 2805 3286 2856 ;
3314 2770 3427 2849 sed.
3448 2796 3519 2853 ita
3546 2809 3609 2857 ut

2009 2858 2238 2918 inﬁdelis
2280 2877 2402 2919 cum
2449 2866 2589 2923 lideli
2623 2869 2864 2930 habitare
2903 2880 3223 2937 consentiat.
3267 2884 3428 2942 lubet
3457 2888 3605 2949 ﬁdeli

2008 2949 2265 3010 Dominus
2314 2971 2382 3013 ne
2435 2958 2703 3018 inﬁdelem
2752 2965 3110 3033 dimittat,an
3166 2989 3275 3031 non
3320 2977 3509 3048 jubet?
3542 2982 3603 3040 Si

2003 3040 2238 3113 dixeris,
2278 3046 2471 3115 .lnbct;
2502 3053 2754 3111 reclamat
2796 3059 3123 3128 Aposwlus,
3168 3062 3283 3138 ligo
3320 3040 3470 3140 dico,
3497 3089 3600 3129 non

2004 3133 2277 3191 Dominus.
2302 3139 2357 3197 Si
2386 3141 2609 3210 dixeris,
2636 3146 2749 3202 Non
2772 3147 2958 3219 jubet;
2988 3133 3465 3230 catisatti'requiro.
3489 3163 3598 3221 Ne-

2001 3240 2108 3297 que
2136 3229 2282 3286 illam
2310 3232 2437 3287 mihi
2467 3249 2821 3306 responsurus
2847 3255 2907 3298 es
2926 3283 2940 3307 .
2968 3259 3128 3314 quam
3160 3248 3263 3305 tuis
3291 3229 3479 3309 litteris
3504 3255 3592 3310 in-

2002 3317 2182 3376 didisti
2205 3362 2219 3389 ,
2257 3341 2277 3376 ι
2311 3324 2445 3393 Quia
2474 3325 2729 3385 Dominus
2770 3332 3019 3402 prohibet
3059 3338 3244 3396 ﬁdeles
3290 3341 3594 3403 inﬁdelibus

2005 3429 2025 3463 ι
2065 3412 2237 3484 jungi.
2274 3433 2293 3467 ι
2327 3415 2424 3472 llic
2462 3418 2604 3475 enim
2648 3422 2796 3480 nullo
2837 3426 2997 3484 modo
3039 3441 3123 3487 est
3164 3431 3265 3488 ista
3290 3449 3449 3492 causa
3480 3454 3495 3494 :
3523 3438 3594 3497 de

1994 3501 2104 3572 jam
2127 3504 2329 3574 junctis
2368 3507 2654 3580 loquimur,
2688 3529 2794 3570 non
2835 3516 2903 3574 de
2941 3518 3249 3591 jungendis.
3286 3525 3341 3582 Si
3372 3543 3500 3602 ergo
3531 3540 3591 3589 tu

1996 3606 2214 3651 causam
2245 3613 2351 3653 non
2396 3600 2645 3659 invenisti
2685 3619 2782 3662 cur
2819 3622 2925 3665 non
2970 3623 3112 3669 vetet
3144 3614 3400 3677 Dominus
3442 3600 3592 3693 quod

1996 3694 2140 3741 vetat
2165 3686 2483 3759 Apostolus;
2510 3695 2687 3750 cernis
2716 3697 2860 3752 enim
2899 3699 3046 3770 jam,
3080 3715 3134 3759 ut
3162 3708 3411 3766 existimo
3431 3750 3446 3778 ,
3476 3727 3587 3769 non

1995 3791 2118 3832 esse
2158 3778 2324 3848 ipsam
2367 3797 2526 3851 quam
2555 3798 2677 3841 esse
2718 3798 3034 3856 putaveras:
3065 3795 3184 3853 vide
3217 3815 3285 3855 ne
3316 3800 3451 3857 forte
3491 3804 3585 3860 illa

1993 3866 2064 3921 sit
2088 3883 2207 3938 qua:
2251 3870 2381 3925 mihi
2412 3873 2521 3928 visa
2551 3884 2667 3941 est,
2695 3885 2750 3931 et
2792 3887 2916 3935 tunc
2961 3884 3276 3951 proferenda
3298 3929 3312 3953 ,
3341 3899 3395 3946 et
3440 3907 3583 3951 nunc

1991 3956 2354 4026 defendenda;
2388 3971 2446 4017 ιιι
2484 3963 2686 4020 scilicet
2716 3966 2848 4023 illud
2878 3969 3235 4043 intelligamus
3261 3977 3443 4036 dicere
3468 3981 3579 4039 Do-

1988 4049 2193 4104 minum
2217 4092 2233 4119 ,
2266 4052 2409 4121 quod
2438 4054 2599 4111 habet
2622 4071 2800 4114 coram
2830 4060 2922 4116 illo
2950 4064 3096 4120 nullo
3118 4067 3278 4124 modo
3305 4081 3576 4145 transgre-

1986 4136 2182 4193 dienda
2223 4141 2425 4209 justitia
2450 4183 2468 4210 ,
2495 4143 2547 4200 id
2576 4155 2658 4202 est
2679 4187 2694 4213 ,
2724 4149 2868 4219 quod
2907 4150 2978 4207 ita
3003 4152 3157 4223 jubet
3194 4168 3288 4215 aut
3314 4136 3486 4232 vetat',
3519 4174 3580 4223 ut

1983 4228 2129 4285 aliud
2171 4229 2349 4288 facere
2377 4240 2597 4293 omnino
2625 4252 2732 4294 non
2779 4241 2938 4299 liceat
2963 4260 2978 4298 :
3007 4247 3149 4317 quod
3187 4261 3366 4309 autem
3393 4228 3580 4314 volen-

1982 4320 2053 4376 tis
2081 4325 2331 4392 potestati
2373 4326 2446 4382 ita
2476 4331 2750 4400 permittit,
2783 4343 2841 4391 ut
2881 4351 2982 4394 nec
3021 4349 3210 4412 agatur
3232 4360 3332 4402 nec
3355 4357 3578 4417 printer-

1981 4417 2223 4475 mittatur
2272 4420 2484 4490 illicite;
2525 4424 2598 4480 ibi
2639 4442 2915 4486 servorum
2961 4449 3182 4492 suorum
3220 4441 3448 4497 consilio
3494 4443 3575 4499 lo-

1979 4526 2104 4568 cum
2133 4515 2261 4572 dare
2280 4558 2296 4583 ,
2329 4527 2385 4573 ut
2410 4517 2465 4573 id
2493 4520 2670 4589 potius
2696 4523 2956 4580 suadeant
2984 4528 3126 4597 quod
3152 4530 3381 4588 viderint
3404 4549 3571 4605 expe-

1974 4603 2111 4662 dire.

2046 4694 2136 4750 27.
2186 4694 2452 4751 Teneatur
2501 4696 2591 4754 hic
2633 4715 2761 4771 ergo
2803 4703 3049 4772 primitus
3095 4722 3159 4764 ac
3199 4711 3452 4782 maxime,
3498 4731 3571 4774 ne

1975 4786 2377 4842 committantur
2405 4786 2609 4843 illicita.
2651 4789 2753 4848 Ubi
2795 4805 2971 4851 autem
2999 4798 3201 4870 aliquid
3245 4802 3318 4857 ita
3360 4803 3565 4865 licitum

1975 4885 2078 4942 est,
2111 4884 2171 4932 ut
2202 4876 2347 4933 aliud
2375 4877 2554 4936 facere
2578 4895 2686 4938 non
2717 4885 2786 4939 sit
2815 4885 3079 4957 illicitum,
3110 4891 3207 4947 ﬁat
3232 4895 3374 4964 quod
3398 4912 3565 4969 expe-

1973 4969 2072 5039 dit,
2104 4970 2193 5025 vel
2216 4972 2357 5042 quod
2388 4974 2558 5044 magis
2583 4976 2815 5046 expedit.
2856 4979 2950 5035 illa
2978 4981 3138 5053 igitur
3163 5001 3282 5056 qua:
3303 4989 3561 5050 Dominus

1972 5061 2046 5117 ita
2072 5062 2201 5118 dicit
2240 5070 2299 5118 ut
2324 5063 2611 5133 Dominus,
2641 5067 2695 5123 id
2733 5078 2847 5136 est,
2878 5086 2982 5127 non
3012 5079 3279 5134 monentis
3309 5084 3553 5154 consilio,

1971 5153 2068 5208 sed
2106 5154 2429 5211 dominantis
2472 5157 2716 5228 imperio,
2759 5177 2869 5217 non
2914 5163 3093 5223 facere
3131 5185 3237 5225 non
3279 5171 3402 5229 licet
3424 5176 3462 5241 ί,
3498 5153 3556 5233 et

1971 5245 2093 5301 ideo
2117 5260 2217 5301 nec
2243 5247 2479 5317 expedit.
2509 5250 2766 5309 Dominus
2795 5254 2975 5326 itaque
3000 5262 3258 5331 praecipit,
3285 5264 3549 5324 Mulierem

1968 5354 2002 5392 a
2042 5339 2148 5394 viro
2189 5355 2291 5394 non
2330 5341 2622 5409 discedere;
2661 5345 2797 5416 quod
2839 5348 2884 5403 si
2927 5350 3227 5423 discesserit,
3266 5370 3330 5413 ea
3370 5360 3551 5431 utique

1968 5442 2129 5488 causa
2172 5445 2276 5501 qua
2314 5431 2593 5490 discedere
2627 5435 2830 5494 licitum
2871 5450 2974 5511 est,
3017 5461 3220 5501 manere
3264 5448 3549 5519 innuptam,

1966 5530 2055 5575 aut
2095 5522 2202 5577 viro
2244 5539 2337 5579 suo
2364 5528 2685 5584 reconciliari
2711 5529 2764 5601 (Ι
2792 5531 2907 5590 Cor.
2937 5550 3029 5602 vti,
3060 5537 3128 5592 10
3155 5548 3203 5594 et
3228 5539 3338 5612 ll).
3366 5540 3556 5601 Mulier

1966 5612 2111 5669 enim
2134 5613 2225 5669 sub
2253 5617 2359 5671 viro
2376 5656 2393 5685 ,
2426 5617 2535 5674 vivo
2563 5622 2767 5693 marito,
2794 5624 2980 5695 juncta
3007 5636 3080 5685 est
3109 5628 3245 5702 legi;
3272 5640 3326 5689 et
3359 5632 3549 5691 circaue

1970 5727 2155 5821 mirsjc
2175 5732 2281 5783 ω’
2307 5736 2372 5814 At.
2386 5732 2523 5801 edim
2545 5735 2706 5800 facere
2841 5738 2967 5806 licet!
2987 5741 3163 5797 omisso
3185 5775 3202 5807 ι
3240 5753 3332 5798 non
3355 5778 3371 5811 ν
3414 5751 3550 5816 δηιθι

1964 5790 2139 5856 facere.
2350 5808 2372 5814 —
2508 5790 2557 5801 ’ν
2608 5790 2639 5791 π
2688 5790 2697 5792 ν
2843 5790 3157 5806 --ήν
3185 5790 3201 5807 ,
3415 5790 3573 5917 ...η’
