  <div class='ocr_page' id='page_1' title='image "/cluster/home/n/w/nwhite01/storage/ocr_20150623/40/hvd.32044096580626/241.png"; bbox 0 0 4122 6212; ppageno 0'>
   <div class='ocr_carea' id='block_1_1' title="bbox 532 273 637 333">
    <p class='ocr_par' dir='ltr' id='par_1_1' title="bbox 532 273 637 333">
     <span class='ocr_line' id='line_1_1' title="bbox 532 273 637 333; baseline -0.029 0"><span class='ocrx_word' id='word_1_1' title='bbox 532 273 637 333; x_wconf 68' lang='grc'><strong><em>467</em></strong></span> 
     </span>
    </p>
   </div>
   <div class='ocr_carea' id='block_1_2' title="bbox 532 376 2116 455">
    <p class='ocr_par' dir='ltr' id='par_1_2' title="bbox 532 376 2116 455">
     <span class='ocr_line' id='line_1_2' title="bbox 532 376 2116 455; baseline -0.014 -4"><span class='ocrx_word' id='word_1_2' title='bbox 532 400 643 451; x_wconf 73' lang='lat' dir='ltr'><strong><em>viro</em></strong></span> <span class='ocrx_word' id='word_1_3' title='bbox 671 389 929 446; x_wconf 78' lang='lat' dir='ltr'><strong><em>vocabitur</em></strong></span> <span class='ocrx_word' id='word_1_4' title='bbox 952 388 1213 450; x_wconf 85' lang='lat' dir='ltr'><strong><em>adultera,</em></strong></span> <span class='ocrx_word' id='word_1_5' title='bbox 1241 386 1286 439; x_wconf 89' lang='lat' dir='ltr'><strong><em>si</em></strong></span> <span class='ocrx_word' id='word_1_6' title='bbox 1328 384 1476 455; x_wconf 79' lang='lat' dir='ltr'><strong><em>fuerit</em></strong></span> <span class='ocrx_word' id='word_1_7' title='bbox 1516 399 1631 437; x_wconf 90' lang='lat' dir='ltr'><strong><em>cum</em></strong></span> <span class='ocrx_word' id='word_1_8' title='bbox 1671 382 1775 435; x_wconf 90' lang='lat' dir='ltr'><strong><em>alio</em></strong></span> <span class='ocrx_word' id='word_1_9' title='bbox 1802 381 1909 433; x_wconf 81' lang='lat' dir='ltr'><strong><em>viro</em></strong></span> <span class='ocrx_word' id='word_1_10' title='bbox 1941 376 2116 450; x_wconf 81' lang='lat' dir='ltr'><strong><em>(Rom.</em></strong></span> 
     </span>
    </p>
   </div>
   <div class='ocr_carea' id='block_1_3' title="bbox 536 469 2121 552">
    <p class='ocr_par' dir='ltr' id='par_1_3' title="bbox 536 469 2121 552">
     <span class='ocr_line' id='line_1_3' title="bbox 536 469 2121 552; baseline -0.011 -12"><span class='ocrx_word' id='word_1_11' title='bbox 536 500 631 549; x_wconf 85' lang='lat' dir='ltr'><strong><em>vn,</em></strong></span> <span class='ocrx_word' id='word_1_12' title='bbox 656 484 714 550; x_wconf 72' lang='lat'><strong><em>2,</em></strong></span> <span class='ocrx_word' id='word_1_13' title='bbox 742 476 843 552; x_wconf 77' lang='lat'><strong><em>3);</em></strong></span> <span class='ocrx_word' id='word_1_14' title='bbox 885 479 1135 551; x_wconf 85' lang='lat' dir='ltr'><strong><em>quoniam</em></strong></span> <span class='ocrx_word' id='word_1_15' title='bbox 1170 476 1352 530; x_wconf 80' lang='lat' dir='ltr'><strong><em>mulier</em></strong></span> <span class='ocrx_word' id='word_1_16' title='bbox 1389 476 1597 546; x_wconf 86' lang='lat' dir='ltr'><strong><em>alligata</em></strong></span> <span class='ocrx_word' id='word_1_17' title='bbox 1631 482 1736 537; x_wconf 89' lang='lat' dir='ltr'><strong><em>est,</em></strong></span> <span class='ocrx_word' id='word_1_18' title='bbox 1768 469 2010 543; x_wconf 78' lang='lat' dir='ltr'><strong><em>quamdiu</em></strong></span> <span class='ocrx_word' id='word_1_19' title='bbox 2047 470 2121 523; x_wconf 85' lang='lat' dir='ltr'><strong><em>vir</em></strong></span> 
     </span>
    </p>
   </div>
   <div class='ocr_carea' id='block_1_4' title="bbox 538 561 2121 647">
    <p class='ocr_par' dir='ltr' id='par_1_4' title="bbox 538 561 2121 647">
     <span class='ocr_line' id='line_1_4' title="bbox 538 561 2121 647; baseline -0.009 -18"><span class='ocrx_word' id='word_1_20' title='bbox 538 576 648 647; x_wconf 86' lang='lat' dir='ltr'><strong><em>ejus</em></strong></span> <span class='ocrx_word' id='word_1_21' title='bbox 692 573 808 627; x_wconf 85' lang='lat' dir='ltr'><strong><em>vivit</em></strong></span> <span class='ocrx_word' id='word_1_22' title='bbox 860 570 911 644; x_wconf 89' lang='grc' dir='ltr'><strong><em>(Ι</em></strong></span> <span class='ocrx_word' id='word_1_23' title='bbox 946 568 1065 625; x_wconf 88' lang='lat' dir='ltr'><strong><em>Cor.</em></strong></span> <span class='ocrx_word' id='word_1_24' title='bbox 1088 586 1188 635; x_wconf 82' lang='lat' dir='ltr'><strong><em>vn,</em></strong></span> <span class='ocrx_word' id='word_1_25' title='bbox 1219 568 1341 640; x_wconf 79' lang='lat'><strong><em>59).</em></strong></span> <span class='ocrx_word' id='word_1_26' title='bbox 1386 567 1559 632; x_wconf 79' lang='lat' dir='ltr'><strong><em>Unde,</em></strong></span> <span class='ocrx_word' id='word_1_27' title='bbox 1608 564 1669 621; x_wconf 90' lang='lat' dir='ltr'><strong><em>Si</em></strong></span> <span class='ocrx_word' id='word_1_28' title='bbox 1708 581 1836 619; x_wconf 75' lang='lat' dir='ltr'><strong><em>uxor</em></strong></span> <span class='ocrx_word' id='word_1_29' title='bbox 1876 561 2121 617; x_wconf 76' lang='lat' dir='ltr'><strong><em>dimiserit</em></strong></span> 
     </span>
    </p>
   </div>
   <div class='ocr_carea' id='block_1_5' title="bbox 537 654 2116 733">
    <p class='ocr_par' dir='ltr' id='par_1_5' title="bbox 537 654 2116 733">
     <span class='ocr_line' id='line_1_5' title="bbox 537 654 2116 733; baseline -0.008 -12"><span class='ocrx_word' id='word_1_30' title='bbox 537 668 700 721; x_wconf 85' lang='lat' dir='ltr'><strong><em>virum</em></strong></span> <span class='ocrx_word' id='word_1_31' title='bbox 724 681 871 718; x_wconf 90' lang='lat' dir='ltr'><strong><em>suum</em></strong></span> <span class='ocrx_word' id='word_1_32' title='bbox 898 674 944 719; x_wconf 89' lang='lat' dir='ltr'><strong><em>et</em></strong></span> <span class='ocrx_word' id='word_1_33' title='bbox 968 663 1058 717; x_wconf 89' lang='lat' dir='ltr'><strong><em>alii</em></strong></span> <span class='ocrx_word' id='word_1_34' title='bbox 1083 663 1332 733; x_wconf 85' lang='lat' dir='ltr'><strong><em>nupserit,</em></strong></span> <span class='ocrx_word' id='word_1_35' title='bbox 1366 661 1641 715; x_wconf 77' lang='lat' dir='ltr'><strong><em>mtecltatur</em></strong></span> <span class='ocrx_word' id='word_1_36' title='bbox 1671 658 1858 731; x_wconf 82' lang='lat' dir='ltr'><strong><em>(Marc.</em></strong></span> <span class='ocrx_word' id='word_1_37' title='bbox 1893 674 1947 725; x_wconf 85' lang='lat' dir='ltr'><strong><em>x,</em></strong></span> <span class='ocrx_word' id='word_1_38' title='bbox 1981 654 2116 725; x_wconf 61' lang='lat'><strong><em>19);</em></strong></span> 
     </span>
    </p>
   </div>
   <div class='ocr_carea' id='block_1_6' title="bbox 536 747 2115 826">
    <p class='ocr_par' dir='ltr' id='par_1_6' title="bbox 536 747 2115 826">
     <span class='ocr_line' id='line_1_6' title="bbox 536 747 2115 826; baseline -0.009 -11"><span class='ocrx_word' id='word_1_39' title='bbox 536 768 610 826; x_wconf 90' lang='lat' dir='ltr'><strong><em>et,</em></strong></span> <span class='ocrx_word' id='word_1_40' title='bbox 656 758 754 822; x_wconf 91' lang='lat' dir='ltr'><strong><em>Qui</em></strong></span> <span class='ocrx_word' id='word_1_41' title='bbox 797 757 1059 811; x_wconf 78' lang='lat' dir='ltr'><strong><em>dimissam</em></strong></span> <span class='ocrx_word' id='word_1_42' title='bbox 1098 774 1131 810; x_wconf 91' lang='lat' dir='ltr'><strong><em>a</em></strong></span> <span class='ocrx_word' id='word_1_43' title='bbox 1172 757 1278 810; x_wconf 82' lang='lat' dir='ltr'><strong><em>viro</em></strong></span> <span class='ocrx_word' id='word_1_44' title='bbox 1329 754 1547 820; x_wconf 72' lang='lat' dir='ltr'><strong><em>duxerit,</em></strong></span> <span class='ocrx_word' id='word_1_45' title='bbox 1590 751 1867 807; x_wconf 74' lang='lat' dir='ltr'><strong><em>mtechatur</em></strong></span> <span class='ocrx_word' id='word_1_46' title='bbox 1904 747 2115 820; x_wconf 79' lang='lat' dir='ltr'><strong><em>(Matth.</em></strong></span> 
     </span>
    </p>
   </div>
   <div class='ocr_carea' id='block_1_7' title="bbox 533 838 2121 919">
    <p class='ocr_par' dir='ltr' id='par_1_7' title="bbox 533 838 2121 919">
     <span class='ocr_line' id='line_1_7' title="bbox 533 838 2121 919; baseline -0.008 -16"><span class='ocrx_word' id='word_1_47' title='bbox 533 866 647 915; x_wconf 73' lang='lat' dir='ltr'><strong><em>xix,</em></strong></span> <span class='ocrx_word' id='word_1_48' title='bbox 679 847 756 919; x_wconf 91' lang='lat'><strong><em>9).</em></strong></span> <span class='ocrx_word' id='word_1_49' title='bbox 798 846 1027 917; x_wconf 84' lang='lat' dir='ltr'><strong><em>ideoque</em></strong></span> <span class='ocrx_word' id='word_1_50' title='bbox 1062 862 1125 900; x_wconf 79' lang='lat' dir='ltr'><strong><em>ex</em></strong></span> <span class='ocrx_word' id='word_1_51' title='bbox 1164 846 1351 901; x_wconf 87' lang='lat' dir='ltr'><strong><em>eodem</em></strong></span> <span class='ocrx_word' id='word_1_52' title='bbox 1391 851 1655 915; x_wconf 70' lang='lat' dir='ltr'><strong><em>praecepto</em></strong></span> <span class='ocrx_word' id='word_1_53' title='bbox 1685 839 1914 906; x_wconf 82' lang='lat' dir='ltr'><strong><em>Domini,</em></strong></span> <span class='ocrx_word' id='word_1_54' title='bbox 1946 838 2009 892; x_wconf 88' lang='lat' dir='ltr'><strong><em>Et</em></strong></span> <span class='ocrx_word' id='word_1_55' title='bbox 2046 838 2121 891; x_wconf 78' lang='lat' dir='ltr'><strong><em>vir</em></strong></span> 
     </span>
    </p>
   </div>
   <div class='ocr_carea' id='block_1_8' title="bbox 533 930 2121 1006">
    <p class='ocr_par' dir='ltr' id='par_1_8' title="bbox 533 930 2121 1006">
     <span class='ocr_line' id='line_1_8' title="bbox 533 930 2121 1006; baseline -0.008 -9"><span class='ocrx_word' id='word_1_56' title='bbox 533 958 745 997; x_wconf 70' lang='lat' dir='ltr'><strong><em>uxorem</em></strong></span> <span class='ocrx_word' id='word_1_57' title='bbox 786 957 849 995; x_wconf 86' lang='lat' dir='ltr'><strong><em>ne</em></strong></span> <span class='ocrx_word' id='word_1_58' title='bbox 898 940 1115 993; x_wconf 90' lang='lat' dir='ltr'><strong><em>dimittat</em></strong></span> <span class='ocrx_word' id='word_1_59' title='bbox 1160 938 1217 1006; x_wconf 81' lang='lat'><strong><em>(1</em></strong></span> <span class='ocrx_word' id='word_1_60' title='bbox 1248 938 1363 993; x_wconf 90' lang='lat' dir='ltr'><strong><em>Cor.</em></strong></span> <span class='ocrx_word' id='word_1_61' title='bbox 1397 953 1501 1004; x_wconf 88' lang='lat' dir='ltr'><strong><em>vn,</em></strong></span> <span class='ocrx_word' id='word_1_62' title='bbox 1544 935 1648 1006; x_wconf 84' lang='grc'><strong><em>11)</em></strong></span> <span class='ocrx_word' id='word_1_63' title='bbox 1688 954 1701 989; x_wconf 87' lang='lat'><strong>:</strong></span> <span class='ocrx_word' id='word_1_64' title='bbox 1743 934 1993 1005; x_wconf 90' lang='lat' dir='ltr'><strong><em>quoniam</em></strong></span> <span class='ocrx_word' id='word_1_65' title='bbox 2033 930 2121 1002; x_wconf 87' lang='lat' dir='ltr'><strong><em>qui</em></strong></span> 
     </span>
    </p>
   </div>
   <div class='ocr_carea' id='block_1_9' title="bbox 536 1024 2115 1099">
    <p class='ocr_par' dir='ltr' id='par_1_9' title="bbox 536 1024 2115 1099">
     <span class='ocr_line' id='line_1_9' title="bbox 536 1024 2115 1099; baseline -0.006 -14"><span class='ocrx_word' id='word_1_66' title='bbox 536 1032 780 1085; x_wconf 84' lang='lat' dir='ltr'><strong><em>dimiserit</em></strong></span> <span class='ocrx_word' id='word_1_67' title='bbox 827 1048 1035 1086; x_wconf 78' lang='lat' dir='ltr'><strong><em>uxorem</em></strong></span> <span class='ocrx_word' id='word_1_68' title='bbox 1082 1048 1227 1086; x_wconf 88' lang='lat' dir='ltr'><strong><em>suam</em></strong></span> <span class='ocrx_word' id='word_1_69' title='bbox 1275 1039 1457 1099; x_wconf 66' lang='lat' dir='ltr'><strong><em>praeter</em></strong></span> <span class='ocrx_word' id='word_1_70' title='bbox 1495 1044 1702 1083; x_wconf 88' lang='lat' dir='ltr'><strong><em>causant</em></strong></span> <span class='ocrx_word' id='word_1_71' title='bbox 1745 1024 2115 1096; x_wconf 79' lang='lat' dir='ltr'><strong><em>fornicationis,</em></strong></span> 
     </span>
    </p>
   </div>
   <div class='ocr_carea' id='block_1_10' title="bbox 537 1116 2121 1195">
    <p class='ocr_par' dir='ltr' id='par_1_10' title="bbox 537 1116 2121 1195">
     <span class='ocr_line' id='line_1_10' title="bbox 537 1116 2121 1195; baseline -0.004 -19"><span class='ocrx_word' id='word_1_72' title='bbox 537 1125 661 1194; x_wconf 91' lang='lat' dir='ltr'><strong><em>facit</em></strong></span> <span class='ocrx_word' id='word_1_73' title='bbox 686 1140 795 1178; x_wconf 86' lang='lat' dir='ltr'><strong><em>eam</em></strong></span> <span class='ocrx_word' id='word_1_74' title='bbox 820 1123 1061 1178; x_wconf 75' lang='lat' dir='ltr'><strong><em>mcecltari</em></strong></span> <span class='ocrx_word' id='word_1_75' title='bbox 1087 1122 1297 1195; x_wconf 75' lang='lat' dir='ltr'><strong><em>(Matth.</em></strong></span> <span class='ocrx_word' id='word_1_76' title='bbox 1321 1138 1375 1187; x_wconf 72' lang='grc' dir='ltr'><strong>ν,</strong></span> <span class='ocrx_word' id='word_1_77' title='bbox 1400 1122 1513 1193; x_wconf 68' lang='grc'><strong>52).</strong></span> <span class='ocrx_word' id='word_1_78' title='bbox 1548 1120 1654 1176; x_wconf 87' lang='lat' dir='ltr'><strong><em>Sed</em></strong></span> <span class='ocrx_word' id='word_1_79' title='bbox 1677 1120 1720 1174; x_wconf 87' lang='lat' dir='ltr'><strong><em>si</em></strong></span> <span class='ocrx_word' id='word_1_80' title='bbox 1748 1126 1961 1190; x_wconf 84' lang='lat' dir='ltr'><strong><em>preptcr</em></strong></span> <span class='ocrx_word' id='word_1_81' title='bbox 1982 1116 2121 1171; x_wconf 85' lang='lat' dir='ltr'><strong><em>hanc</em></strong></span> 
     </span>
    </p>
   </div>
   <div class='ocr_carea' id='block_1_11' title="bbox 540 1205 2118 1283">
    <p class='ocr_par' dir='ltr' id='par_1_11' title="bbox 540 1205 2118 1283">
     <span class='ocr_line' id='line_1_11' title="bbox 540 1205 2118 1283; baseline -0.006 -14"><span class='ocrx_word' id='word_1_82' title='bbox 540 1230 751 1269; x_wconf 78' lang='lat' dir='ltr'><strong><em>causam</em></strong></span> <span class='ocrx_word' id='word_1_83' title='bbox 804 1212 1084 1283; x_wconf 79' lang='lat' dir='ltr'><strong><em>dimiserit,</em></strong></span> <span class='ocrx_word' id='word_1_84' title='bbox 1135 1214 1291 1268; x_wconf 86' lang='lat' dir='ltr'><strong><em>etiam</em></strong></span> <span class='ocrx_word' id='word_1_85' title='bbox 1343 1214 1455 1282; x_wconf 90' lang='lat' dir='ltr'><strong><em>ipse</em></strong></span> <span class='ocrx_word' id='word_1_86' title='bbox 1501 1212 1577 1267; x_wconf 91' lang='lat' dir='ltr'><strong><em>sic</em></strong></span> <span class='ocrx_word' id='word_1_87' title='bbox 1624 1218 1837 1265; x_wconf 86' lang='lat' dir='ltr'><strong><em>maneat</em></strong></span> <span class='ocrx_word' id='word_1_88' title='bbox 1881 1228 1893 1263; x_wconf 94' lang='lat'>:</span> <span class='ocrx_word' id='word_1_89' title='bbox 1940 1205 2118 1261; x_wconf 85' lang='lat' dir='ltr'><strong><em>Omnis</em></strong></span> 
     </span>
    </p>
   </div>
   <div class='ocr_carea' id='block_1_12' title="bbox 539 1300 2115 1375">
    <p class='ocr_par' dir='ltr' id='par_1_12' title="bbox 539 1300 2115 1375">
     <span class='ocr_line' id='line_1_12' title="bbox 539 1300 2115 1375; baseline -0.006 -14"><span class='ocrx_word' id='word_1_90' title='bbox 539 1306 681 1361; x_wconf 89' lang='lat' dir='ltr'><strong><em>enim</em></strong></span> <span class='ocrx_word' id='word_1_91' title='bbox 730 1307 816 1375; x_wconf 87' lang='lat' dir='ltr'><strong><em>qui</em></strong></span> <span class='ocrx_word' id='word_1_92' title='bbox 858 1306 1063 1359; x_wconf 88' lang='lat' dir='ltr'><strong><em>dimittit</em></strong></span> <span class='ocrx_word' id='word_1_93' title='bbox 1118 1322 1327 1360; x_wconf 74' lang='lat' dir='ltr'><strong><em>uxorem</em></strong></span> <span class='ocrx_word' id='word_1_94' title='bbox 1381 1320 1553 1370; x_wconf 86' lang='lat' dir='ltr'><strong><em>suam,</em></strong></span> <span class='ocrx_word' id='word_1_95' title='bbox 1596 1312 1643 1358; x_wconf 88' lang='lat' dir='ltr'><strong><em>et</em></strong></span> <span class='ocrx_word' id='word_1_96' title='bbox 1699 1302 1837 1356; x_wconf 88' lang='lat' dir='ltr'><strong><em>ducit</em></strong></span> <span class='ocrx_word' id='word_1_97' title='bbox 1884 1300 2115 1366; x_wconf 86' lang='lat' dir='ltr'><strong><em>alteram,</em></strong></span> 
     </span>
    </p>
   </div>
   <div class='ocr_carea' id='block_1_13' title="bbox 536 1395 1270 1468">
    <p class='ocr_par' dir='ltr' id='par_1_13' title="bbox 536 1395 1270 1468">
     <span class='ocr_line' id='line_1_13' title="bbox 536 1395 1270 1468; baseline 0 -18"><span class='ocrx_word' id='word_1_98' title='bbox 536 1397 813 1451; x_wconf 70' lang='lat' dir='ltr'><strong><em>iniec/tatur</em></strong></span> <span class='ocrx_word' id='word_1_99' title='bbox 841 1396 989 1467; x_wconf 88' lang='lat' dir='ltr'><strong><em>(Luc.</em></strong></span> <span class='ocrx_word' id='word_1_100' title='bbox 1022 1413 1132 1464; x_wconf 76' lang='lat' dir='ltr'><strong><em>xw,</em></strong></span> <span class='ocrx_word' id='word_1_101' title='bbox 1159 1395 1270 1468; x_wconf 87' lang='grc'><strong>18).</strong></span> 
     </span>
    </p>
   </div>
   <div class='ocr_carea' id='block_1_14' title="bbox 608 1484 2115 1549">
    <p class='ocr_par' dir='ltr' id='par_1_14' title="bbox 608 1484 2115 1549">
     <span class='ocr_line' id='line_1_14' title="bbox 608 1484 2115 1549; baseline -0.003 -8"><span class='ocrx_word' id='word_1_102' title='bbox 608 1485 831 1542; x_wconf 85' lang='lat' dir='ltr'><strong><em>CAPUT</em></strong></span> <span class='ocrx_word' id='word_1_103' title='bbox 870 1486 1035 1542; x_wconf 81' lang='lat' dir='ltr'><strong><em>XXII.</em></strong></span> <span class='ocrx_word' id='word_1_104' title='bbox 1062 1519 1132 1528; x_wconf 93' lang='lat'><em>—</em></span> <span class='ocrx_word' id='word_1_105' title='bbox 1160 1486 1384 1542; x_wconf 76' lang='lat' dir='ltr'><strong><em>Dimisso</em></strong></span> <span class='ocrx_word' id='word_1_106' title='bbox 1410 1486 1638 1540; x_wconf 84' lang='lat' dir='ltr'><strong><em>adultera</em></strong></span> <span class='ocrx_word' id='word_1_107' title='bbox 1666 1485 1878 1539; x_wconf 82' lang='lat' dir='ltr'><strong><em>alterum</em></strong></span> <span class='ocrx_word' id='word_1_108' title='bbox 1908 1484 2115 1549; x_wconf 85' lang='lat' dir='ltr'><strong><em>ducens,</em></strong></span> 
     </span>
    </p>
   </div>
   <div class='ocr_carea' id='block_1_15' title="bbox 534 1574 2116 1649">
    <p class='ocr_par' dir='ltr' id='par_1_15' title="bbox 534 1574 2116 1649">
     <span class='ocr_line' id='line_1_15' title="bbox 534 1574 2116 1649; baseline -0.004 -16"><span class='ocrx_word' id='word_1_109' title='bbox 534 1586 589 1633; x_wconf 86' lang='lat' dir='ltr'><strong><em>ul</em></strong></span> <span class='ocrx_word' id='word_1_110' title='bbox 617 1578 944 1633; x_wconf 75' lang='lat' dir='ltr'><strong><em>christianum</em></strong></span> <span class='ocrx_word' id='word_1_111' title='bbox 983 1580 1156 1649; x_wconf 82' lang='lat' dir='ltr'><strong><em>faciat,</em></strong></span> <span class='ocrx_word' id='word_1_112' title='bbox 1188 1580 1485 1633; x_wconf 68' lang='lat' dir='ltr'><strong><em>moechatur.</em></strong></span> <span class='ocrx_word' id='word_1_113' title='bbox 1526 1577 1651 1632; x_wconf 67' lang='lat' dir='ltr'><strong><em>&quot;me</em></strong></span> <span class='ocrx_word' id='word_1_114' title='bbox 1693 1576 1979 1631; x_wconf 87' lang='lat' dir='ltr'><strong><em>constituta</em></strong></span> <span class='ocrx_word' id='word_1_115' title='bbox 2009 1574 2116 1628; x_wconf 86' lang='lat' dir='ltr'><strong><em>Do-</em></strong></span> 
     </span>
    </p>
   </div>
   <div class='ocr_carea' id='block_1_16' title="bbox 532 1664 2118 1725">
    <p class='ocr_par' dir='ltr' id='par_1_16' title="bbox 532 1664 2118 1725">
     <span class='ocr_line' id='line_1_16' title="bbox 532 1664 2118 1725; baseline -0.003 -1"><span class='ocrx_word' id='word_1_116' title='bbox 532 1669 663 1724; x_wconf 89' lang='lat' dir='ltr'><strong><em>mini</em></strong></span> <span class='ocrx_word' id='word_1_117' title='bbox 706 1670 821 1725; x_wconf 87' lang='lat' dir='ltr'><strong><em>sine</em></strong></span> <span class='ocrx_word' id='word_1_118' title='bbox 860 1670 964 1724; x_wconf 89' lang='lat' dir='ltr'><strong><em>ulla</em></strong></span> <span class='ocrx_word' id='word_1_119' title='bbox 1002 1669 1378 1724; x_wconf 76' lang='lat' dir='ltr'><strong><em>retractatione</em></strong></span> <span class='ocrx_word' id='word_1_120' title='bbox 1418 1667 1681 1723; x_wconf 86' lang='lat' dir='ltr'><strong><em>servanda</em></strong></span> <span class='ocrx_word' id='word_1_121' title='bbox 1738 1675 1881 1721; x_wconf 90' lang='lat' dir='ltr'><strong><em>sunt.</em></strong></span> <span class='ocrx_word' id='word_1_122' title='bbox 1944 1664 2118 1720; x_wconf 81' lang='lat' dir='ltr'><strong><em>Habet</em></strong></span> 
     </span>
    </p>
   </div>
   <div class='ocr_carea' id='block_1_17' title="bbox 532 1757 2116 1831">
    <p class='ocr_par' dir='ltr' id='par_1_17' title="bbox 532 1757 2116 1831">
     <span class='ocr_line' id='line_1_17' title="bbox 532 1757 2116 1831; baseline -0.004 -16"><span class='ocrx_word' id='word_1_123' title='bbox 532 1761 674 1816; x_wconf 89' lang='lat' dir='ltr'><strong><em>enim</em></strong></span> <span class='ocrx_word' id='word_1_124' title='bbox 713 1760 829 1815; x_wconf 70' lang='lat' dir='ltr'><strong><em>hcce</em></strong></span> <span class='ocrx_word' id='word_1_125' title='bbox 870 1761 1071 1829; x_wconf 86' lang='lat' dir='ltr'><strong><em>justitia</em></strong></span> <span class='ocrx_word' id='word_1_126' title='bbox 1112 1776 1232 1831; x_wconf 73' lang='lat' dir='ltr'><strong><em>qua:</em></strong></span> <span class='ocrx_word' id='word_1_127' title='bbox 1276 1774 1456 1813; x_wconf 89' lang='lat' dir='ltr'><strong><em>coram</em></strong></span> <span class='ocrx_word' id='word_1_128' title='bbox 1500 1758 1590 1813; x_wconf 89' lang='lat' dir='ltr'><strong><em>illo</em></strong></span> <span class='ocrx_word' id='word_1_129' title='bbox 1631 1766 1732 1823; x_wconf 91' lang='lat' dir='ltr'><strong><em>est,</em></strong></span> <span class='ocrx_word' id='word_1_130' title='bbox 1773 1757 1883 1811; x_wconf 85' lang='lat' dir='ltr'><strong><em>sive</em></strong></span> <span class='ocrx_word' id='word_1_131' title='bbox 1923 1768 2116 1825; x_wconf 79' lang='lat' dir='ltr'><strong><em>appro-</em></strong></span> 
     </span>
    </p>
   </div>
   <div class='ocr_carea' id='block_1_18' title="bbox 532 1846 2114 1920">
    <p class='ocr_par' dir='ltr' id='par_1_18' title="bbox 532 1846 2114 1920">
     <span class='ocr_line' id='line_1_18' title="bbox 532 1846 2114 1920; baseline -0.003 -16"><span class='ocrx_word' id='word_1_132' title='bbox 532 1849 690 1919; x_wconf 88' lang='lat' dir='ltr'><strong><em>bent,</em></strong></span> <span class='ocrx_word' id='word_1_133' title='bbox 737 1851 851 1906; x_wconf 84' lang='lat' dir='ltr'><strong><em>sive</em></strong></span> <span class='ocrx_word' id='word_1_134' title='bbox 896 1850 1196 1920; x_wconf 83' lang='lat' dir='ltr'><strong><em>improbent</em></strong></span> <span class='ocrx_word' id='word_1_135' title='bbox 1238 1849 1479 1905; x_wconf 86' lang='lat' dir='ltr'><strong><em>homines</em></strong></span> <span class='ocrx_word' id='word_1_136' title='bbox 1528 1867 1540 1901; x_wconf 90' lang='lat'>:</span> <span class='ocrx_word' id='word_1_137' title='bbox 1590 1856 1643 1902; x_wconf 89' lang='lat' dir='ltr'><strong><em>et</em></strong></span> <span class='ocrx_word' id='word_1_138' title='bbox 1688 1847 1810 1903; x_wconf 90' lang='lat' dir='ltr'><strong><em>ideo</em></strong></span> <span class='ocrx_word' id='word_1_139' title='bbox 1856 1846 1960 1901; x_wconf 91' lang='lat' dir='ltr'><strong><em>dici</em></strong></span> <span class='ocrx_word' id='word_1_140' title='bbox 2008 1859 2114 1901; x_wconf 92' lang='lat' dir='ltr'><strong><em>non</em></strong></span> 
     </span>
    </p>
   </div>
   <div class='ocr_carea' id='block_1_19' title="bbox 533 1936 2114 2012">
    <p class='ocr_par' dir='ltr' id='par_1_19' title="bbox 533 1936 2114 2012">
     <span class='ocr_line' id='line_1_19' title="bbox 533 1936 2114 2012; baseline -0.005 -15"><span class='ocrx_word' id='word_1_141' title='bbox 533 1950 762 2012; x_wconf 87' lang='lat' dir='ltr'><strong><em>oportet,</em></strong></span> <span class='ocrx_word' id='word_1_142' title='bbox 803 1949 1022 2012; x_wconf 77' lang='lat' dir='ltr'><strong><em>propter</em></strong></span> <span class='ocrx_word' id='word_1_143' title='bbox 1062 1941 1386 1996; x_wconf 77' lang='lat' dir='ltr'><strong><em>offensiones</em></strong></span> <span class='ocrx_word' id='word_1_144' title='bbox 1427 1940 1722 2004; x_wconf 85' lang='lat' dir='ltr'><strong><em>hominum,</em></strong></span> <span class='ocrx_word' id='word_1_145' title='bbox 1768 1946 1860 1992; x_wconf 91' lang='lat' dir='ltr'><strong><em>aut</em></strong></span> <span class='ocrx_word' id='word_1_146' title='bbox 1899 1952 1967 1993; x_wconf 89' lang='lat' dir='ltr'><strong><em>ne</em></strong></span> <span class='ocrx_word' id='word_1_147' title='bbox 2010 1936 2114 1990; x_wconf 89' lang='lat' dir='ltr'><strong><em>im-</em></strong></span> 
     </span>
    </p>
   </div>
   <div class='ocr_carea' id='block_1_20' title="bbox 532 2029 2110 2104">
    <p class='ocr_par' dir='ltr' id='par_1_20' title="bbox 532 2029 2110 2104">
     <span class='ocr_line' id='line_1_20' title="bbox 532 2029 2110 2104; baseline -0.004 -16"><span class='ocrx_word' id='word_1_148' title='bbox 532 2031 813 2104; x_wconf 86' lang='lat' dir='ltr'><strong><em>pediantur</em></strong></span> <span class='ocrx_word' id='word_1_149' title='bbox 847 2032 1089 2089; x_wconf 86' lang='lat' dir='ltr'><strong><em>homines</em></strong></span> <span class='ocrx_word' id='word_1_150' title='bbox 1120 2033 1188 2088; x_wconf 89' lang='lat' dir='ltr'><strong><em>ab</em></strong></span> <span class='ocrx_word' id='word_1_151' title='bbox 1220 2048 1283 2088; x_wconf 88' lang='lat' dir='ltr'><strong><em>ea</em></strong></span> <span class='ocrx_word' id='word_1_152' title='bbox 1313 2032 1504 2096; x_wconf 88' lang='lat' dir='ltr'><strong><em>salute,</em></strong></span> <span class='ocrx_word' id='word_1_153' title='bbox 1532 2046 1651 2103; x_wconf 82' lang='lat' dir='ltr'><strong><em>quae</em></strong></span> <span class='ocrx_word' id='word_1_154' title='bbox 1685 2030 1739 2084; x_wconf 92' lang='lat' dir='ltr'><strong><em>in</em></strong></span> <span class='ocrx_word' id='word_1_155' title='bbox 1761 2029 1973 2085; x_wconf 88' lang='lat' dir='ltr'><strong><em>Christo</em></strong></span> <span class='ocrx_word' id='word_1_156' title='bbox 2007 2036 2110 2096; x_wconf 89' lang='lat' dir='ltr'><strong><em>est,</em></strong></span> 
     </span>
    </p>
   </div>
   <div class='ocr_carea' id='block_1_21' title="bbox 532 2121 2117 2193">
    <p class='ocr_par' dir='ltr' id='par_1_21' title="bbox 532 2121 2117 2193">
     <span class='ocr_line' id='line_1_21' title="bbox 532 2121 2117 2193; baseline -0.001 -15"><span class='ocrx_word' id='word_1_157' title='bbox 532 2139 642 2178; x_wconf 90' lang='lat' dir='ltr'><strong><em>non</em></strong></span> <span class='ocrx_word' id='word_1_158' title='bbox 677 2138 796 2178; x_wconf 90' lang='lat' dir='ltr'><strong><em>esse</em></strong></span> <span class='ocrx_word' id='word_1_159' title='bbox 836 2124 1095 2178; x_wconf 85' lang='lat' dir='ltr'><strong><em>servanda</em></strong></span> <span class='ocrx_word' id='word_1_160' title='bbox 1124 2125 1162 2176; x_wconf 87' lang='grc'><strong>¹.</strong></span> <span class='ocrx_word' id='word_1_161' title='bbox 1208 2124 1337 2193; x_wconf 84' lang='lat' dir='ltr'><strong><em>Quis</em></strong></span> <span class='ocrx_word' id='word_1_162' title='bbox 1373 2123 1516 2178; x_wconf 89' lang='lat' dir='ltr'><strong><em>enim</em></strong></span> <span class='ocrx_word' id='word_1_163' title='bbox 1562 2122 1885 2177; x_wconf 87' lang='lat' dir='ltr'><strong><em>christianus</em></strong></span> <span class='ocrx_word' id='word_1_164' title='bbox 1924 2121 2117 2176; x_wconf 81' lang='lat' dir='ltr'><strong><em>audeat</em></strong></span> 
     </span>
    </p>
   </div>
   <div class='ocr_carea' id='block_1_22' title="bbox 532 2211 2113 2279">
    <p class='ocr_par' dir='ltr' id='par_1_22' title="bbox 532 2211 2113 2279">
     <span class='ocr_line' id='line_1_22' title="bbox 532 2211 2113 2279; baseline -0.001 -11"><span class='ocrx_word' id='word_1_165' title='bbox 532 2212 748 2269; x_wconf 86' lang='lat' dir='ltr'><strong><em>dicere:</em></strong></span> <span class='ocrx_word' id='word_1_166' title='bbox 777 2213 854 2268; x_wconf 90' lang='lat' dir='ltr'><strong><em>Ne</em></strong></span> <span class='ocrx_word' id='word_1_167' title='bbox 878 2212 1119 2269; x_wconf 84' lang='lat' dir='ltr'><strong><em>homines</em></strong></span> <span class='ocrx_word' id='word_1_168' title='bbox 1142 2213 1430 2279; x_wconf 76' lang='lat' dir='ltr'><strong><em>offendam,</em></strong></span> <span class='ocrx_word' id='word_1_169' title='bbox 1460 2224 1552 2269; x_wconf 86' lang='lat' dir='ltr'><strong><em>aut</em></strong></span> <span class='ocrx_word' id='word_1_170' title='bbox 1583 2221 1641 2268; x_wconf 91' lang='lat' dir='ltr'><strong><em>ut</em></strong></span> <span class='ocrx_word' id='word_1_171' title='bbox 1677 2212 1924 2268; x_wconf 85' lang='lat' dir='ltr'><strong><em>homines</em></strong></span> <span class='ocrx_word' id='word_1_172' title='bbox 1957 2211 2113 2267; x_wconf 86' lang='lat' dir='ltr'><strong><em>Chri-</em></strong></span> 
     </span>
    </p>
   </div>
   <div class='ocr_carea' id='block_1_23' title="bbox 530 2304 2113 2375">
    <p class='ocr_par' dir='ltr' id='par_1_23' title="bbox 530 2304 2113 2375">
     <span class='ocr_line' id='line_1_23' title="bbox 530 2304 2113 2375; baseline 0.001 -16"><span class='ocrx_word' id='word_1_173' title='bbox 530 2312 615 2359; x_wconf 89' lang='lat' dir='ltr'><strong><em>sto</em></strong></span> <span class='ocrx_word' id='word_1_174' title='bbox 659 2306 950 2375; x_wconf 89' lang='lat' dir='ltr'><strong><em>acquiram,</em></strong></span> <span class='ocrx_word' id='word_1_175' title='bbox 991 2304 1179 2360; x_wconf 86' lang='lat' dir='ltr'><strong><em>faciam</em></strong></span> <span class='ocrx_word' id='word_1_176' title='bbox 1222 2307 1477 2362; x_wconf 84' lang='lat' dir='ltr'><strong><em>moechari</em></strong></span> <span class='ocrx_word' id='word_1_177' title='bbox 1520 2320 1740 2361; x_wconf 78' lang='lat' dir='ltr'><strong><em>uxorem</em></strong></span> <span class='ocrx_word' id='word_1_178' title='bbox 1780 2320 1977 2371; x_wconf 89' lang='lat' dir='ltr'><strong><em>meam,</em></strong></span> <span class='ocrx_word' id='word_1_179' title='bbox 2022 2312 2113 2360; x_wconf 90' lang='lat' dir='ltr'><strong><em>aut</em></strong></span> 
     </span>
    </p>
   </div>
   <div class='ocr_carea' id='block_1_24' title="bbox 528 2393 1262 2465">
    <p class='ocr_par' dir='ltr' id='par_1_24' title="bbox 528 2393 1262 2465">
     <span class='ocr_line' id='line_1_24' title="bbox 528 2393 1262 2465; baseline -0.001 -16"><span class='ocrx_word' id='word_1_180' title='bbox 528 2408 629 2465; x_wconf 92' lang='lat' dir='ltr'><strong><em>ego</em></strong></span> <span class='ocrx_word' id='word_1_181' title='bbox 666 2393 779 2465; x_wconf 88' lang='lat' dir='ltr'><strong><em>ipse</em></strong></span> <span class='ocrx_word' id='word_1_182' title='bbox 812 2395 1053 2450; x_wconf 63' lang='lat' dir='ltr'><strong><em>moechus</em></strong></span> <span class='ocrx_word' id='word_1_183' title='bbox 1093 2394 1262 2450; x_wconf 87' lang='lat' dir='ltr'><strong><em>fiam?</em></strong></span> 
     </span>
    </p>
   </div>
   <div class='ocr_carea' id='block_1_25' title="bbox 597 2484 2110 2543">
    <p class='ocr_par' dir='ltr' id='par_1_25' title="bbox 597 2484 2110 2543">
     <span class='ocr_line' id='line_1_25' title="bbox 597 2484 2110 2543; baseline 0.003 -5"><span class='ocrx_word' id='word_1_184' title='bbox 597 2484 685 2540; x_wconf 75' lang='lat'><strong><em>28.</em></strong></span> <span class='ocrx_word' id='word_1_185' title='bbox 730 2484 913 2539; x_wconf 82' lang='lat' dir='ltr'><strong><em>Potest</em></strong></span> <span class='ocrx_word' id='word_1_186' title='bbox 951 2486 1092 2540; x_wconf 90' lang='lat' dir='ltr'><strong><em>enim</em></strong></span> <span class='ocrx_word' id='word_1_187' title='bbox 1135 2486 1248 2541; x_wconf 81' lang='lat' dir='ltr'><strong><em>ﬁeri</em></strong></span> <span class='ocrx_word' id='word_1_188' title='bbox 1287 2494 1346 2540; x_wconf 88' lang='lat' dir='ltr'><strong><em>ut</em></strong></span> <span class='ocrx_word' id='word_1_189' title='bbox 1389 2501 1509 2543; x_wconf 90' lang='lat' dir='ltr'><strong><em>cum</em></strong></span> <span class='ocrx_word' id='word_1_190' title='bbox 1550 2486 1847 2542; x_wconf 81' lang='lat' dir='ltr'><strong><em>adulteram</em></strong></span> <span class='ocrx_word' id='word_1_191' title='bbox 1888 2501 2110 2543; x_wconf 79' lang='lat' dir='ltr'><strong><em>uxorem</em></strong></span> 
     </span>
    </p>
   </div>
   <div class='ocr_carea' id='block_1_26' title="bbox 530 2574 2110 2650">
    <p class='ocr_par' dir='ltr' id='par_1_26' title="bbox 530 2574 2110 2650">
     <span class='ocr_line' id='line_1_26' title="bbox 530 2574 2110 2650; baseline 0.003 -21"><span class='ocrx_word' id='word_1_192' title='bbox 530 2574 756 2647; x_wconf 91' lang='lat' dir='ltr'><strong><em>quisque</em></strong></span> <span class='ocrx_word' id='word_1_193' title='bbox 795 2576 1056 2633; x_wconf 88' lang='lat' dir='ltr'><strong><em>dimiserit</em></strong></span> <span class='ocrx_word' id='word_1_194' title='bbox 1083 2578 1424 2644; x_wconf 76' lang='lat' dir='ltr'><strong><em>Christianus,</em></strong></span> <span class='ocrx_word' id='word_1_195' title='bbox 1453 2579 1522 2632; x_wconf 89' lang='lat' dir='ltr'><strong><em>ita</em></strong></span> <span class='ocrx_word' id='word_1_196' title='bbox 1564 2587 1816 2646; x_wconf 86' lang='lat' dir='ltr'><strong><em>tentetur,</em></strong></span> <span class='ocrx_word' id='word_1_197' title='bbox 1842 2589 1899 2634; x_wconf 89' lang='lat' dir='ltr'><strong><em>ut</em></strong></span> <span class='ocrx_word' id='word_1_198' title='bbox 1934 2579 2110 2650; x_wconf 87' lang='lat' dir='ltr'><strong><em>aliqua</em></strong></span> 
     </span>
    </p>
   </div>
   <div class='ocr_carea' id='block_1_27' title="bbox 528 2668 2110 2742">
    <p class='ocr_par' dir='ltr' id='par_1_27' title="bbox 528 2668 2110 2742">
     <span class='ocr_line' id='line_1_27' title="bbox 528 2668 2110 2742; baseline 0.002 -18"><span class='ocrx_word' id='word_1_199' title='bbox 528 2668 725 2724; x_wconf 81' lang='lat' dir='ltr'><strong><em>femina</em></strong></span> <span class='ocrx_word' id='word_1_200' title='bbox 755 2686 873 2740; x_wconf 75' lang='lat' dir='ltr'><strong><em>qua:</em></strong></span> <span class='ocrx_word' id='word_1_201' title='bbox 904 2671 1137 2725; x_wconf 92' lang='lat' dir='ltr'><strong><em>nondum</em></strong></span> <span class='ocrx_word' id='word_1_202' title='bbox 1160 2672 1406 2737; x_wconf 89' lang='lat' dir='ltr'><strong><em>credidit,</em></strong></span> <span class='ocrx_word' id='word_1_203' title='bbox 1434 2672 1652 2741; x_wconf 90' lang='lat' dir='ltr'><strong><em>cupiens</em></strong></span> <span class='ocrx_word' id='word_1_204' title='bbox 1676 2672 1728 2725; x_wconf 92' lang='lat' dir='ltr'><strong><em>in</em></strong></span> <span class='ocrx_word' id='word_1_205' title='bbox 1757 2673 1872 2741; x_wconf 81' lang='lat' dir='ltr'><strong><em>ejus</em></strong></span> <span class='ocrx_word' id='word_1_206' title='bbox 1900 2672 2110 2742; x_wconf 85' lang='lat' dir='ltr'><strong><em>nuptias</em></strong></span> 
     </span>
    </p>
   </div>
   <div class='ocr_carea' id='block_1_28' title="bbox 528 2761 2108 2833">
    <p class='ocr_par' dir='ltr' id='par_1_28' title="bbox 528 2761 2108 2833">
     <span class='ocr_line' id='line_1_28' title="bbox 528 2761 2108 2833; baseline 0.003 -19"><span class='ocrx_word' id='word_1_207' title='bbox 528 2761 845 2827; x_wconf 90' lang='lat' dir='ltr'><strong><em>convenire,</em></strong></span> <span class='ocrx_word' id='word_1_208' title='bbox 891 2762 1163 2832; x_wconf 86' lang='lat' dir='ltr'><strong><em>promittat</em></strong></span> <span class='ocrx_word' id='word_1_209' title='bbox 1201 2778 1261 2817; x_wconf 89' lang='lat' dir='ltr'><strong><em>se</em></strong></span> <span class='ocrx_word' id='word_1_210' title='bbox 1304 2761 1533 2817; x_wconf 88' lang='lat' dir='ltr'><strong><em>futuram</em></strong></span> <span class='ocrx_word' id='word_1_211' title='bbox 1579 2777 1699 2818; x_wconf 90' lang='lat' dir='ltr'><strong><em>esse</em></strong></span> <span class='ocrx_word' id='word_1_212' title='bbox 1742 2762 2108 2833; x_wconf 76' lang='lat' dir='ltr'><strong><em>Christianam,</em></strong></span> 
     </span>
    </p>
   </div>
   <div class='ocr_carea' id='block_1_29' title="bbox 526 2846 2107 2923">
    <p class='ocr_par' dir='ltr' id='par_1_29' title="bbox 526 2846 2107 2923">
     <span class='ocr_line' id='line_1_29' title="bbox 526 2846 2107 2923; baseline 0.002 -18"><span class='ocrx_word' id='word_1_213' title='bbox 526 2864 634 2905; x_wconf 91' lang='lat' dir='ltr'><strong><em>non</em></strong></span> <span class='ocrx_word' id='word_1_214' title='bbox 656 2846 934 2915; x_wconf 83' lang='lat' dir='ltr'><strong><em>fallaciter,</em></strong></span> <span class='ocrx_word' id='word_1_215' title='bbox 971 2850 1064 2906; x_wconf 90' lang='lat' dir='ltr'><strong><em>sed</em></strong></span> <span class='ocrx_word' id='word_1_216' title='bbox 1092 2851 1134 2905; x_wconf 90' lang='lat' dir='ltr'><strong><em>si</em></strong></span> <span class='ocrx_word' id='word_1_217' title='bbox 1163 2851 1211 2907; x_wconf 90' lang='lat' dir='ltr'><strong><em>ei</em></strong></span> <span class='ocrx_word' id='word_1_218' title='bbox 1244 2853 1483 2923; x_wconf 88' lang='lat' dir='ltr'><strong><em>nupserit</em></strong></span> <span class='ocrx_word' id='word_1_219' title='bbox 1507 2851 1608 2907; x_wconf 92' lang='lat' dir='ltr'><strong><em>hoc</em></strong></span> <span class='ocrx_word' id='word_1_220' title='bbox 1640 2853 1859 2908; x_wconf 90' lang='lat' dir='ltr'><strong><em>omnino</em></strong></span> <span class='ocrx_word' id='word_1_221' title='bbox 1888 2853 2107 2909; x_wconf 88' lang='lat' dir='ltr'><strong><em>factura.</em></strong></span> 
     </span>
    </p>
   </div>
   <div class='ocr_carea' id='block_1_30' title="bbox 525 2939 2111 3015">
    <p class='ocr_par' dir='ltr' id='par_1_30' title="bbox 525 2939 2111 3015">
     <span class='ocr_line' id='line_1_30' title="bbox 525 2939 2111 3015; baseline 0.004 -22"><span class='ocrx_word' id='word_1_222' title='bbox 525 2939 660 2994; x_wconf 83' lang='lat' dir='ltr'><strong><em>Huic</em></strong></span> <span class='ocrx_word' id='word_1_223' title='bbox 705 2940 887 3012; x_wconf 82' lang='lat' dir='ltr'><strong><em>itaque</em></strong></span> <span class='ocrx_word' id='word_1_224' title='bbox 930 2941 1032 2996; x_wconf 89' lang='lat' dir='ltr'><strong><em>hoc</em></strong></span> <span class='ocrx_word' id='word_1_225' title='bbox 1076 2944 1396 2999; x_wconf 91' lang='lat' dir='ltr'><strong><em>connubium</em></strong></span> <span class='ocrx_word' id='word_1_226' title='bbox 1446 2945 1711 2999; x_wconf 88' lang='lat' dir='ltr'><strong><em>recusanti</em></strong></span> <span class='ocrx_word' id='word_1_227' title='bbox 1753 2946 1949 3015; x_wconf 84' lang='lat' dir='ltr'><strong><em>poterit.</em></strong></span> <span class='ocrx_word' id='word_1_228' title='bbox 1987 2960 2111 3015; x_wconf 84' lang='lat' dir='ltr'><strong><em>sug-</em></strong></span> 
     </span>
    </p>
   </div>
   <div class='ocr_carea' id='block_1_31' title="bbox 524 3031 2111 3105">
    <p class='ocr_par' dir='ltr' id='par_1_31' title="bbox 524 3031 2111 3105">
     <span class='ocr_line' id='line_1_31' title="bbox 524 3031 2111 3105; baseline 0.003 -21"><span class='ocrx_word' id='word_1_229' title='bbox 524 3045 715 3101; x_wconf 80' lang='lat' dir='ltr'><strong><em>gerere</em></strong></span> <span class='ocrx_word' id='word_1_230' title='bbox 774 3031 864 3086; x_wconf 90' lang='lat' dir='ltr'><strong><em>ille</em></strong></span> <span class='ocrx_word' id='word_1_231' title='bbox 922 3040 1153 3087; x_wconf 89' lang='lat' dir='ltr'><strong><em>tentator</em></strong></span> <span class='ocrx_word' id='word_1_232' title='bbox 1199 3050 1213 3087; x_wconf 93' lang='lat'><strong>:</strong></span> <span class='ocrx_word' id='word_1_233' title='bbox 1268 3032 1524 3089; x_wconf 89' lang='lat' dir='ltr'><strong><em>Dominus</em></strong></span> <span class='ocrx_word' id='word_1_234' title='bbox 1582 3033 1751 3102; x_wconf 85' lang='lat' dir='ltr'><strong><em>dixit,</em></strong></span> <span class='ocrx_word' id='word_1_235' title='bbox 1798 3036 2111 3105; x_wconf 81' lang='lat' dir='ltr'><strong><em>Quicumque</em></strong></span> 
     </span>
    </p>
   </div>
   <div class='ocr_carea' id='block_1_32' title="bbox 526 3122 2106 3199">
    <p class='ocr_par' dir='ltr' id='par_1_32' title="bbox 526 3122 2106 3199">
     <span class='ocr_line' id='line_1_32' title="bbox 526 3122 2106 3199; baseline 0.004 -24"><span class='ocrx_word' id='word_1_236' title='bbox 526 3122 770 3178; x_wconf 84' lang='lat' dir='ltr'><strong><em>dimiserit</em></strong></span> <span class='ocrx_word' id='word_1_237' title='bbox 815 3140 1026 3178; x_wconf 79' lang='lat' dir='ltr'><strong><em>uxorem</em></strong></span> <span class='ocrx_word' id='word_1_238' title='bbox 1073 3142 1216 3179; x_wconf 87' lang='lat' dir='ltr'><strong><em>suam</em></strong></span> <span class='ocrx_word' id='word_1_239' title='bbox 1262 3137 1443 3196; x_wconf 79' lang='lat' dir='ltr'><strong><em>prteter</em></strong></span> <span class='ocrx_word' id='word_1_240' title='bbox 1486 3143 1691 3181; x_wconf 85' lang='lat' dir='ltr'><strong><em>causam</em></strong></span> <span class='ocrx_word' id='word_1_241' title='bbox 1739 3128 2106 3199; x_wconf 65' lang='lat' dir='ltr'><strong><em>fornicationis,</em></strong></span> 
     </span>
    </p>
   </div>
   <div class='ocr_carea' id='block_1_33' title="bbox 523 3214 2110 3288">
    <p class='ocr_par' dir='ltr' id='par_1_33' title="bbox 523 3214 2110 3288">
     <span class='ocr_line' id='line_1_33' title="bbox 523 3214 2110 3288; baseline 0.004 -21"><span class='ocrx_word' id='word_1_242' title='bbox 523 3222 570 3268; x_wconf 90' lang='lat' dir='ltr'><strong><em>et</em></strong></span> <span class='ocrx_word' id='word_1_243' title='bbox 592 3215 748 3268; x_wconf 90' lang='lat' dir='ltr'><strong><em>aliam</em></strong></span> <span class='ocrx_word' id='word_1_244' title='bbox 783 3214 1000 3284; x_wconf 72' lang='lat' dir='ltr'><strong><em>duxerit,</em></strong></span> <span class='ocrx_word' id='word_1_245' title='bbox 1047 3217 1361 3282; x_wconf 77' lang='lat' dir='ltr'><strong><em>moechatur;</em></strong></span> <span class='ocrx_word' id='word_1_246' title='bbox 1404 3226 1456 3270; x_wconf 89' lang='lat' dir='ltr'><strong><em>tu</em></strong></span> <span class='ocrx_word' id='word_1_247' title='bbox 1498 3227 1674 3272; x_wconf 78' lang='lat' dir='ltr'><strong><em>autem</em></strong></span> <span class='ocrx_word' id='word_1_248' title='bbox 1717 3219 1807 3288; x_wconf 91' lang='lat' dir='ltr'><strong><em>qui</em></strong></span> <span class='ocrx_word' id='word_1_249' title='bbox 1862 3218 2110 3273; x_wconf 88' lang='lat' dir='ltr'><strong><em>dimisisti</em></strong></span> 
     </span>
    </p>
   </div>
   <div class='ocr_carea' id='block_1_34' title="bbox 523 3306 2109 3376">
    <p class='ocr_par' dir='ltr' id='par_1_34' title="bbox 523 3306 2109 3376">
     <span class='ocr_line' id='line_1_34' title="bbox 523 3306 2109 3376; baseline 0.003 -17"><span class='ocrx_word' id='word_1_250' title='bbox 523 3315 742 3376; x_wconf 88' lang='lat' dir='ltr'><strong><em>propter</em></strong></span> <span class='ocrx_word' id='word_1_251' title='bbox 769 3320 980 3360; x_wconf 83' lang='lat' dir='ltr'><strong><em>causam</em></strong></span> <span class='ocrx_word' id='word_1_252' title='bbox 1011 3306 1377 3362; x_wconf 82' lang='lat' dir='ltr'><strong><em>fornicationis</em></strong></span> <span class='ocrx_word' id='word_1_253' title='bbox 1406 3324 1646 3375; x_wconf 79' lang='lat' dir='ltr'><strong><em>uxorem,</em></strong></span> <span class='ocrx_word' id='word_1_254' title='bbox 1671 3310 1715 3363; x_wconf 91' lang='lat' dir='ltr'><strong><em>si</em></strong></span> <span class='ocrx_word' id='word_1_255' title='bbox 1748 3309 1907 3363; x_wconf 88' lang='lat' dir='ltr'><strong><em>aliam</em></strong></span> <span class='ocrx_word' id='word_1_256' title='bbox 1943 3308 2109 3364; x_wconf 78' lang='lat' dir='ltr'><strong><em>duxe—</em></strong></span> 
     </span>
    </p>
   </div>
   <div class='ocr_carea' id='block_1_35' title="bbox 523 3394 2110 3469">
    <p class='ocr_par' dir='ltr' id='par_1_35' title="bbox 523 3394 2110 3469">
     <span class='ocr_line' id='line_1_35' title="bbox 523 3394 2110 3469; baseline 0.003 -20"><span class='ocrx_word' id='word_1_257' title='bbox 523 3396 620 3461; x_wconf 88' lang='lat' dir='ltr'><strong><em>ris,</em></strong></span> <span class='ocrx_word' id='word_1_258' title='bbox 647 3411 752 3450; x_wconf 91' lang='lat' dir='ltr'><strong><em>non</em></strong></span> <span class='ocrx_word' id='word_1_259' title='bbox 796 3396 1168 3451; x_wconf 79' lang='lat' dir='ltr'><strong><em>mmchaberis.</em></strong></span> <span class='ocrx_word' id='word_1_260' title='bbox 1211 3394 1342 3452; x_wconf 84' lang='lat' dir='ltr'><strong><em>Huic</em></strong></span> <span class='ocrx_word' id='word_1_261' title='bbox 1382 3400 1503 3453; x_wconf 88' lang='lat' dir='ltr'><strong><em>talia</em></strong></span> <span class='ocrx_word' id='word_1_262' title='bbox 1548 3401 1872 3469; x_wconf 83' lang='lat' dir='ltr'><strong><em>suggerenti,</em></strong></span> <span class='ocrx_word' id='word_1_263' title='bbox 1901 3399 2110 3455; x_wconf 88' lang='lat' dir='ltr'><strong><em>erudito</em></strong></span> 
     </span>
    </p>
   </div>
   <div class='ocr_carea' id='block_1_36' title="bbox 523 3487 2110 3564">
    <p class='ocr_par' dir='ltr' id='par_1_36' title="bbox 523 3487 2110 3564">
     <span class='ocr_line' id='line_1_36' title="bbox 523 3487 2110 3564; baseline 0.006 -23"><span class='ocrx_word' id='word_1_264' title='bbox 523 3487 687 3543; x_wconf 88' lang='lat' dir='ltr'><strong><em>corde</em></strong></span> <span class='ocrx_word' id='word_1_265' title='bbox 724 3487 1087 3558; x_wconf 83' lang='lat' dir='ltr'><strong><em>respondeat,</em></strong></span> <span class='ocrx_word' id='word_1_266' title='bbox 1126 3490 1384 3546; x_wconf 73' lang='lat' dir='ltr'><strong><em>mtechari</em></strong></span> <span class='ocrx_word' id='word_1_267' title='bbox 1441 3492 1655 3562; x_wconf 86' lang='lat' dir='ltr'><strong><em>quidem</em></strong></span> <span class='ocrx_word' id='word_1_268' title='bbox 1709 3493 1855 3548; x_wconf 90' lang='lat' dir='ltr'><strong><em>illum</em></strong></span> <span class='ocrx_word' id='word_1_269' title='bbox 1896 3493 2110 3564; x_wconf 77' lang='lat' dir='ltr'><strong><em>gravius</em></strong></span> 
     </span>
    </p>
   </div>
   <div class='ocr_carea' id='block_1_37' title="bbox 524 3576 2107 3651">
    <p class='ocr_par' dir='ltr' id='par_1_37' title="bbox 524 3576 2107 3651">
     <span class='ocr_line' id='line_1_37' title="bbox 524 3576 2107 3651; baseline 0.008 -17"><span class='ocrx_word' id='word_1_270' title='bbox 524 3576 614 3651; x_wconf 82' lang='lat' dir='ltr'><strong><em>qui</em></strong></span> <span class='ocrx_word' id='word_1_271' title='bbox 653 3590 848 3651; x_wconf 83' lang='lat' dir='ltr'><strong><em>praeter</em></strong></span> <span class='ocrx_word' id='word_1_272' title='bbox 884 3597 1099 3638; x_wconf 89' lang='lat' dir='ltr'><strong><em>causam</em></strong></span> <span class='ocrx_word' id='word_1_273' title='bbox 1148 3582 1513 3642; x_wconf 78' lang='lat' dir='ltr'><strong><em>fornicationis</em></strong></span> <span class='ocrx_word' id='word_1_274' title='bbox 1563 3604 1727 3643; x_wconf 82' lang='lat' dir='ltr'><strong><em>uxore</em></strong></span> <span class='ocrx_word' id='word_1_275' title='bbox 1769 3590 1985 3645; x_wconf 89' lang='lat' dir='ltr'><strong><em>dimissa</em></strong></span> <span class='ocrx_word' id='word_1_276' title='bbox 2024 3591 2107 3646; x_wconf 85' lang='lat' dir='ltr'><strong><em>al-</em></strong></span> 
     </span>
    </p>
   </div>
   <div class='ocr_carea' id='block_1_38' title="bbox 523 3668 2109 3749">
    <p class='ocr_par' dir='ltr' id='par_1_38' title="bbox 523 3668 2109 3749">
     <span class='ocr_line' id='line_1_38' title="bbox 523 3668 2109 3749; baseline 0.008 -23"><span class='ocrx_word' id='word_1_277' title='bbox 523 3679 694 3727; x_wconf 85' lang='lat' dir='ltr'><strong><em>teram</em></strong></span> <span class='ocrx_word' id='word_1_278' title='bbox 720 3670 965 3740; x_wconf 85' lang='lat' dir='ltr'><strong><em>duxerit;</em></strong></span> <span class='ocrx_word' id='word_1_279' title='bbox 991 3668 1087 3731; x_wconf 88' lang='lat' dir='ltr'><strong><em>sed</em></strong></span> <span class='ocrx_word' id='word_1_280' title='bbox 1113 3678 1271 3731; x_wconf 86' lang='lat' dir='ltr'><strong><em>etiam</em></strong></span> <span class='ocrx_word' id='word_1_281' title='bbox 1313 3677 1460 3732; x_wconf 88' lang='lat' dir='ltr'><strong><em>illum</em></strong></span> <span class='ocrx_word' id='word_1_282' title='bbox 1496 3680 1585 3749; x_wconf 85' lang='lat' dir='ltr'><strong><em>qui</em></strong></span> <span class='ocrx_word' id='word_1_283' title='bbox 1620 3695 1785 3735; x_wconf 79' lang='lat' dir='ltr'><strong><em>uxore</em></strong></span> <span class='ocrx_word' id='word_1_284' title='bbox 1814 3679 2109 3739; x_wconf 85' lang='lat' dir='ltr'><strong><em>fornicante</em></strong></span> 
     </span>
    </p>
   </div>
   <div class='ocr_carea' id='block_1_39' title="bbox 524 3763 2105 3839">
    <p class='ocr_par' dir='ltr' id='par_1_39' title="bbox 524 3763 2105 3839">
     <span class='ocr_line' id='line_1_39' title="bbox 524 3763 2105 3839; baseline 0.005 -20"><span class='ocrx_word' id='word_1_285' title='bbox 524 3763 743 3820; x_wconf 89' lang='lat' dir='ltr'><strong><em>dimissa</em></strong></span> <span class='ocrx_word' id='word_1_286' title='bbox 765 3764 864 3821; x_wconf 88' lang='lat' dir='ltr'><strong><em>sibi</em></strong></span> <span class='ocrx_word' id='word_1_287' title='bbox 895 3766 1049 3820; x_wconf 89' lang='lat' dir='ltr'><strong><em>aliam</em></strong></span> <span class='ocrx_word' id='word_1_288' title='bbox 1078 3768 1365 3839; x_wconf 81' lang='lat' dir='ltr'><strong><em>capulavit,</em></strong></span> <span class='ocrx_word' id='word_1_289' title='bbox 1390 3785 1494 3824; x_wconf 91' lang='lat' dir='ltr'><strong><em>non</em></strong></span> <span class='ocrx_word' id='word_1_290' title='bbox 1536 3769 1655 3824; x_wconf 89' lang='lat' dir='ltr'><strong><em>ideo</em></strong></span> <span class='ocrx_word' id='word_1_291' title='bbox 1692 3785 1795 3823; x_wconf 90' lang='lat' dir='ltr'><strong><em>non</em></strong></span> <span class='ocrx_word' id='word_1_292' title='bbox 1829 3771 2105 3836; x_wconf 78' lang='lat' dir='ltr'><strong><em>mtecbari.</em></strong></span> 
     </span>
    </p>
   </div>
   <div class='ocr_carea' id='block_1_40' title="bbox 524 3850 2109 3931">
    <p class='ocr_par' dir='ltr' id='par_1_40' title="bbox 524 3850 2109 3931">
     <span class='ocr_line' id='line_1_40' title="bbox 524 3850 2109 3931; baseline 0.003 -20"><span class='ocrx_word' id='word_1_293' title='bbox 524 3856 647 3929; x_wconf 90' lang='lat' dir='ltr'><strong><em>quia</em></strong></span> <span class='ocrx_word' id='word_1_294' title='bbox 673 3850 1023 3914; x_wconf 88' lang='lat' dir='ltr'><strong><em>fornicantem</em></strong></span> <span class='ocrx_word' id='word_1_295' title='bbox 1067 3859 1283 3929; x_wconf 81' lang='lat' dir='ltr'><strong><em>reliquit</em></strong></span> <span class='ocrx_word' id='word_1_296' title='bbox 1320 3877 1334 3915; x_wconf 92' lang='lat'><strong>:</strong></span> <span class='ocrx_word' id='word_1_297' title='bbox 1366 3859 1504 3915; x_wconf 89' lang='lat' dir='ltr'><strong><em>sicut</em></strong></span> <span class='ocrx_word' id='word_1_298' title='bbox 1544 3861 1840 3916; x_wconf 78' lang='lat' dir='ltr'><strong><em>mtechatur</em></strong></span> <span class='ocrx_word' id='word_1_299' title='bbox 1874 3861 1964 3931; x_wconf 91' lang='lat' dir='ltr'><strong><em>qui</em></strong></span> <span class='ocrx_word' id='word_1_300' title='bbox 1990 3878 2109 3916; x_wconf 87' lang='lat' dir='ltr'><strong><em>eam</em></strong></span> 
     </span>
    </p>
   </div>
   <div class='ocr_carea' id='block_1_41' title="bbox 524 3953 2106 4025">
    <p class='ocr_par' dir='ltr' id='par_1_41' title="bbox 524 3953 2106 4025">
     <span class='ocr_line' id='line_1_41' title="bbox 524 3953 2106 4025; baseline 0.003 -19"><span class='ocrx_word' id='word_1_301' title='bbox 524 3966 643 4022; x_wconf 60' lang='lat' dir='ltr'><strong><em>qua:</em></strong></span> <span class='ocrx_word' id='word_1_302' title='bbox 667 3959 865 4025; x_wconf 63' lang='lat' dir='ltr'><strong><em>praeter</em></strong></span> <span class='ocrx_word' id='word_1_303' title='bbox 894 3966 1108 4007; x_wconf 88' lang='lat' dir='ltr'><strong><em>causam</em></strong></span> <span class='ocrx_word' id='word_1_304' title='bbox 1141 3953 1502 4008; x_wconf 84' lang='lat' dir='ltr'><strong><em>fornicationis</em></strong></span> <span class='ocrx_word' id='word_1_305' title='bbox 1531 3953 1834 4021; x_wconf 88' lang='lat' dir='ltr'><strong><em>dimittitur,</em></strong></span> <span class='ocrx_word' id='word_1_306' title='bbox 1864 3954 2106 4021; x_wconf 79' lang='lat' dir='ltr'><strong><em>duxerit;</em></strong></span> 
     </span>
    </p>
   </div>
   <div class='ocr_carea' id='block_1_42' title="bbox 526 4044 2107 4117">
    <p class='ocr_par' dir='ltr' id='par_1_42' title="bbox 526 4044 2107 4117">
     <span class='ocr_line' id='line_1_42' title="bbox 526 4044 2107 4117; baseline 0.002 -18"><span class='ocrx_word' id='word_1_307' title='bbox 526 4058 629 4100; x_wconf 88' lang='lat' dir='ltr'><strong><em>nec</em></strong></span> <span class='ocrx_word' id='word_1_308' title='bbox 658 4044 779 4099; x_wconf 90' lang='lat' dir='ltr'><strong><em>ideo</em></strong></span> <span class='ocrx_word' id='word_1_309' title='bbox 809 4060 913 4098; x_wconf 91' lang='lat' dir='ltr'><strong><em>non</em></strong></span> <span class='ocrx_word' id='word_1_310' title='bbox 944 4044 1246 4100; x_wconf 73' lang='lat' dir='ltr'><strong><em>mmchatur</em></strong></span> <span class='ocrx_word' id='word_1_311' title='bbox 1271 4046 1358 4114; x_wconf 87' lang='lat' dir='ltr'><strong><em>qui</em></strong></span> <span class='ocrx_word' id='word_1_312' title='bbox 1389 4060 1506 4100; x_wconf 84' lang='lat' dir='ltr'><strong><em>eam</em></strong></span> <span class='ocrx_word' id='word_1_313' title='bbox 1536 4046 1702 4110; x_wconf 88' lang='lat' dir='ltr'><strong><em>ducit,</em></strong></span> <span class='ocrx_word' id='word_1_314' title='bbox 1735 4061 1891 4117; x_wconf 85' lang='lat' dir='ltr'><strong><em>quam</em></strong></span> <span class='ocrx_word' id='word_1_315' title='bbox 1920 4046 2107 4102; x_wconf 87' lang='lat' dir='ltr'><strong><em>dimis-</em></strong></span> 
     </span>
    </p>
   </div>
   <div class='ocr_carea' id='block_1_43' title="bbox 525 4133 2107 4208">
    <p class='ocr_par' dir='ltr' id='par_1_43' title="bbox 525 4133 2107 4208">
     <span class='ocr_line' id='line_1_43' title="bbox 525 4133 2107 4208; baseline 0.005 -21"><span class='ocrx_word' id='word_1_316' title='bbox 525 4147 639 4188; x_wconf 88' lang='lat' dir='ltr'><strong><em>sam</em></strong></span> <span class='ocrx_word' id='word_1_317' title='bbox 670 4142 887 4203; x_wconf 87' lang='lat' dir='ltr'><strong><em>propter</em></strong></span> <span class='ocrx_word' id='word_1_318' title='bbox 913 4148 1127 4188; x_wconf 88' lang='lat' dir='ltr'><strong><em>causam</em></strong></span> <span class='ocrx_word' id='word_1_319' title='bbox 1165 4133 1528 4189; x_wconf 85' lang='lat' dir='ltr'><strong><em>fornicationis</em></strong></span> <span class='ocrx_word' id='word_1_320' title='bbox 1556 4138 1841 4192; x_wconf 79' lang='lat' dir='ltr'><strong><em>invenerit.</em></strong></span> <span class='ocrx_word' id='word_1_321' title='bbox 1887 4139 1953 4194; x_wconf 87' lang='lat' dir='ltr'><strong><em>Et</em></strong></span> <span class='ocrx_word' id='word_1_322' title='bbox 1983 4154 2107 4208; x_wconf 88' lang='lat' dir='ltr'><strong><em>pro-</em></strong></span> 
     </span>
    </p>
   </div>
   <div class='ocr_carea' id='block_1_44' title="bbox 516 4220 2105 4296">
    <p class='ocr_par' dir='ltr' id='par_1_44' title="bbox 516 4220 2105 4296">
     <span class='ocr_line' id='line_1_44' title="bbox 516 4220 2105 4296; baseline 0.006 -21"><span class='ocrx_word' id='word_1_323' title='bbox 516 4231 705 4293; x_wconf 84' lang='lat' dir='ltr'><strong><em>pterea</em></strong></span> <span class='ocrx_word' id='word_1_324' title='bbox 732 4220 873 4293; x_wconf 90' lang='lat' dir='ltr'><strong><em>quod</em></strong></span> <span class='ocrx_word' id='word_1_325' title='bbox 903 4222 1231 4278; x_wconf 87' lang='lat' dir='ltr'><strong><em>subobscure</em></strong></span> <span class='ocrx_word' id='word_1_326' title='bbox 1257 4224 1396 4292; x_wconf 88' lang='lat' dir='ltr'><strong><em>apud</em></strong></span> <span class='ocrx_word' id='word_1_327' title='bbox 1421 4223 1723 4280; x_wconf 74' lang='lat' dir='ltr'><strong><em>Manlianum</em></strong></span> <span class='ocrx_word' id='word_1_328' title='bbox 1750 4229 1977 4296; x_wconf 90' lang='lat' dir='ltr'><strong><em>positum</em></strong></span> <span class='ocrx_word' id='word_1_329' title='bbox 2004 4239 2105 4293; x_wconf 87' lang='lat' dir='ltr'><strong><em>est,</em></strong></span> 
     </span>
    </p>
   </div>
   <div class='ocr_carea' id='block_1_45' title="bbox 524 4313 2107 4386">
    <p class='ocr_par' dir='ltr' id='par_1_45' title="bbox 524 4313 2107 4386">
     <span class='ocr_line' id='line_1_45' title="bbox 524 4313 2107 4386; baseline 0.004 -18"><span class='ocrx_word' id='word_1_330' title='bbox 524 4314 771 4385; x_wconf 88' lang='lat' dir='ltr'><strong><em>quoniam</em></strong></span> <span class='ocrx_word' id='word_1_331' title='bbox 803 4315 823 4344; x_wconf 79' lang='grc'>³</span> <span class='ocrx_word' id='word_1_332' title='bbox 857 4321 1022 4367; x_wconf 88' lang='lat' dir='ltr'><strong><em>totum</em></strong></span> <span class='ocrx_word' id='word_1_333' title='bbox 1054 4327 1082 4366; x_wconf 91' lang='lat' dir='ltr'><strong><em>a</em></strong></span> <span class='ocrx_word' id='word_1_334' title='bbox 1114 4323 1263 4383; x_wconf 90' lang='lat' dir='ltr'><strong><em>parte</em></strong></span> <span class='ocrx_word' id='word_1_335' title='bbox 1292 4313 1644 4385; x_wconf 86' lang='lat' dir='ltr'><strong><em>significatum</em></strong></span> <span class='ocrx_word' id='word_1_336' title='bbox 1673 4326 1774 4383; x_wconf 87' lang='lat' dir='ltr'><strong><em>est,</em></strong></span> <span class='ocrx_word' id='word_1_337' title='bbox 1808 4321 2107 4386; x_wconf 73' lang='lat' dir='ltr'><strong><em>expositum</em></strong></span> 
     </span>
    </p>
   </div>
   <div class='ocr_carea' id='block_1_46' title="bbox 522 4402 2103 4478">
    <p class='ocr_par' dir='ltr' id='par_1_46' title="bbox 522 4402 2103 4478">
     <span class='ocr_line' id='line_1_46' title="bbox 522 4402 2103 4478; baseline 0.003 -18"><span class='ocrx_word' id='word_1_338' title='bbox 522 4418 642 4460; x_wconf 88' lang='lat' dir='ltr'><strong><em>esse</em></strong></span> <span class='ocrx_word' id='word_1_339' title='bbox 660 4403 798 4475; x_wconf 90' lang='lat' dir='ltr'><strong><em>apud</em></strong></span> <span class='ocrx_word' id='word_1_340' title='bbox 827 4403 958 4458; x_wconf 90' lang='lat' dir='ltr'><strong><em>alios</em></strong></span> <span class='ocrx_word' id='word_1_341' title='bbox 985 4402 1025 4472; x_wconf 81' lang='grc'><strong><em>³,</em></strong></span> <span class='ocrx_word' id='word_1_342' title='bbox 1053 4407 1143 4474; x_wconf 90' lang='lat' dir='ltr'><strong><em>qui</em></strong></span> <span class='ocrx_word' id='word_1_343' title='bbox 1169 4412 1333 4460; x_wconf 91' lang='lat' dir='ltr'><strong><em>totum</em></strong></span> <span class='ocrx_word' id='word_1_344' title='bbox 1364 4406 1686 4475; x_wconf 83' lang='lat' dir='ltr'><strong><em>generaliter</em></strong></span> <span class='ocrx_word' id='word_1_345' title='bbox 1706 4420 2103 4478; x_wconf 84' lang='lat' dir='ltr'><strong><em>expresserunt,</em></strong></span> 
     </span>
    </p>
   </div>
   <div class='ocr_carea' id='block_1_47' title="bbox 523 4494 2108 4567">
    <p class='ocr_par' dir='ltr' id='par_1_47' title="bbox 523 4494 2108 4567">
     <span class='ocr_line' id='line_1_47' title="bbox 523 4494 2108 4567; baseline 0.001 -16"><span class='ocrx_word' id='word_1_346' title='bbox 523 4496 662 4551; x_wconf 89' lang='lat' dir='ltr'><strong><em>sicut</em></strong></span> <span class='ocrx_word' id='word_1_347' title='bbox 690 4495 883 4567; x_wconf 74' lang='lat' dir='ltr'><strong><em>legitur</em></strong></span> <span class='ocrx_word' id='word_1_348' title='bbox 906 4494 1045 4565; x_wconf 91' lang='lat' dir='ltr'><strong><em>apud</em></strong></span> <span class='ocrx_word' id='word_1_349' title='bbox 1073 4494 1328 4562; x_wconf 84' lang='lat' dir='ltr'><strong><em>Marcum,</em></strong></span> <span class='ocrx_word' id='word_1_350' title='bbox 1365 4494 1678 4567; x_wconf 81' lang='lat' dir='ltr'><strong><em>Quicumque</em></strong></span> <span class='ocrx_word' id='word_1_351' title='bbox 1706 4498 1950 4552; x_wconf 84' lang='lat' dir='ltr'><strong><em>dimiserit</em></strong></span> <span class='ocrx_word' id='word_1_352' title='bbox 1980 4516 2108 4554; x_wconf 70' lang='lat' dir='ltr'><strong><em>uxo-</em></strong></span> 
     </span>
    </p>
   </div>
   <div class='ocr_carea' id='block_1_48' title="bbox 521 4589 2107 4663">
    <p class='ocr_par' dir='ltr' id='par_1_48' title="bbox 521 4589 2107 4663">
     <span class='ocr_line' id='line_1_48' title="bbox 521 4589 2107 4663; baseline 0.004 -21"><span class='ocrx_word' id='word_1_353' title='bbox 521 4605 629 4642; x_wconf 86' lang='lat' dir='ltr'><strong><em>rem</em></strong></span> <span class='ocrx_word' id='word_1_354' title='bbox 674 4604 839 4663; x_wconf 89' lang='lat' dir='ltr'><strong><em>suam,</em></strong></span> <span class='ocrx_word' id='word_1_355' title='bbox 885 4596 932 4642; x_wconf 87' lang='lat' dir='ltr'><strong><em>et</em></strong></span> <span class='ocrx_word' id='word_1_356' title='bbox 977 4589 1131 4643; x_wconf 88' lang='lat' dir='ltr'><strong><em>aliam</em></strong></span> <span class='ocrx_word' id='word_1_357' title='bbox 1174 4590 1392 4654; x_wconf 81' lang='lat' dir='ltr'><strong><em>duxerit,</em></strong></span> <span class='ocrx_word' id='word_1_358' title='bbox 1444 4591 1749 4647; x_wconf 84' lang='lat' dir='ltr'><strong><em>adulterium</em></strong></span> <span class='ocrx_word' id='word_1_359' title='bbox 1795 4592 2107 4648; x_wconf 87' lang='lat' dir='ltr'><strong><em>committit:</em></strong></span> 
     </span>
    </p>
   </div>
   <div class='ocr_carea' id='block_1_49' title="bbox 520 4674 2107 4752">
    <p class='ocr_par' dir='ltr' id='par_1_49' title="bbox 520 4674 2107 4752">
     <span class='ocr_line' id='line_1_49' title="bbox 520 4674 2107 4752; baseline 0.005 -20"><span class='ocrx_word' id='word_1_360' title='bbox 520 4689 573 4734; x_wconf 85' lang='lat' dir='ltr'><strong><em>et</em></strong></span> <span class='ocrx_word' id='word_1_361' title='bbox 602 4678 741 4749; x_wconf 90' lang='lat' dir='ltr'><strong><em>apud</em></strong></span> <span class='ocrx_word' id='word_1_362' title='bbox 785 4674 1014 4746; x_wconf 90' lang='lat' dir='ltr'><strong><em>Lucam,</em></strong></span> <span class='ocrx_word' id='word_1_363' title='bbox 1052 4677 1230 4734; x_wconf 84' lang='lat' dir='ltr'><strong><em>Omnis</em></strong></span> <span class='ocrx_word' id='word_1_364' title='bbox 1258 4681 1344 4750; x_wconf 87' lang='lat' dir='ltr'><strong><em>qui</em></strong></span> <span class='ocrx_word' id='word_1_365' title='bbox 1381 4682 1587 4737; x_wconf 86' lang='lat' dir='ltr'><strong><em>dimittit</em></strong></span> <span class='ocrx_word' id='word_1_366' title='bbox 1616 4700 1822 4739; x_wconf 78' lang='lat' dir='ltr'><strong><em>uxorem</em></strong></span> <span class='ocrx_word' id='word_1_367' title='bbox 1850 4702 2030 4752; x_wconf 86' lang='lat' dir='ltr'><strong><em>suam,</em></strong></span> <span class='ocrx_word' id='word_1_368' title='bbox 2062 4694 2107 4742; x_wconf 89' lang='lat' dir='ltr'><strong><em>et</em></strong></span> 
     </span>
    </p>
   </div>
   <div class='ocr_carea' id='block_1_50' title="bbox 520 4766 2108 4835">
    <p class='ocr_par' dir='ltr' id='par_1_50' title="bbox 520 4766 2108 4835">
     <span class='ocr_line' id='line_1_50' title="bbox 520 4766 2108 4835; baseline 0.009 -16"><span class='ocrx_word' id='word_1_369' title='bbox 520 4768 658 4822; x_wconf 82' lang='lat' dir='ltr'><strong><em>ducit</em></strong></span> <span class='ocrx_word' id='word_1_370' title='bbox 703 4766 934 4835; x_wconf 86' lang='lat' dir='ltr'><strong><em>alteram,</em></strong></span> <span class='ocrx_word' id='word_1_371' title='bbox 982 4771 1276 4825; x_wconf 76' lang='lat' dir='ltr'><strong><em>mtecltatur.</em></strong></span> <span class='ocrx_word' id='word_1_372' title='bbox 1328 4772 1443 4827; x_wconf 87' lang='lat' dir='ltr'><strong><em>Non</em></strong></span> <span class='ocrx_word' id='word_1_373' title='bbox 1494 4775 1633 4828; x_wconf 89' lang='lat' dir='ltr'><strong><em>enim</em></strong></span> <span class='ocrx_word' id='word_1_374' title='bbox 1679 4775 1812 4831; x_wconf 84' lang='lat' dir='ltr'><strong><em>alios</em></strong></span> <span class='ocrx_word' id='word_1_375' title='bbox 1860 4777 2108 4833; x_wconf 83' lang='lat' dir='ltr'><strong><em>dixerunt</em></strong></span> 
     </span>
    </p>
   </div>
   <div class='ocr_carea' id='block_1_51' title="bbox 522 4859 2106 4934">
    <p class='ocr_par' dir='ltr' id='par_1_51' title="bbox 522 4859 2106 4934">
     <span class='ocr_line' id='line_1_51' title="bbox 522 4859 2106 4934; baseline 0.008 -21"><span class='ocrx_word' id='word_1_376' title='bbox 522 4860 801 4927; x_wconf 72' lang='lat' dir='ltr'><strong><em>nimrltari,</em></strong></span> <span class='ocrx_word' id='word_1_377' title='bbox 835 4859 967 4917; x_wconf 90' lang='lat' dir='ltr'><strong><em>alios</em></strong></span> <span class='ocrx_word' id='word_1_378' title='bbox 997 4877 1101 4916; x_wconf 90' lang='lat' dir='ltr'><strong><em>non</em></strong></span> <span class='ocrx_word' id='word_1_379' title='bbox 1133 4861 1388 4919; x_wconf 70' lang='lat' dir='ltr'><strong><em>mmchari</em></strong></span> <span class='ocrx_word' id='word_1_380' title='bbox 1409 4906 1423 4932; x_wconf 95' lang='lat'><strong><em>,</em></strong></span> <span class='ocrx_word' id='word_1_381' title='bbox 1455 4866 1544 4934; x_wconf 89' lang='lat' dir='ltr'><strong><em>qui</em></strong></span> <span class='ocrx_word' id='word_1_382' title='bbox 1576 4865 1809 4922; x_wconf 89' lang='lat' dir='ltr'><strong><em>dimissis</em></strong></span> <span class='ocrx_word' id='word_1_383' title='bbox 1854 4871 2106 4926; x_wconf 83' lang='lat' dir='ltr'><strong><em>uxoribus</em></strong></span> 
     </span>
    </p>
   </div>
   <div class='ocr_carea' id='block_1_52' title="bbox 522 4951 2102 5031">
    <p class='ocr_par' dir='ltr' id='par_1_52' title="bbox 522 4951 2102 5031">
     <span class='ocr_line' id='line_1_52' title="bbox 522 4951 2102 5031; baseline 0.009 -28"><span class='ocrx_word' id='word_1_384' title='bbox 522 4952 631 5003; x_wconf 90' lang='lat' dir='ltr'><strong><em>suis</em></strong></span> <span class='ocrx_word' id='word_1_385' title='bbox 684 4951 935 5007; x_wconf 79' lang='lat' dir='ltr'><strong><em>duxerint</em></strong></span> <span class='ocrx_word' id='word_1_386' title='bbox 984 4954 1219 5020; x_wconf 87' lang='lat' dir='ltr'><strong><em>alteras;</em></strong></span> <span class='ocrx_word' id='word_1_387' title='bbox 1275 4954 1401 5020; x_wconf 89' lang='lat' dir='ltr'><strong><em>sed,</em></strong></span> <span class='ocrx_word' id='word_1_388' title='bbox 1457 4956 1783 5031; x_wconf 75' lang='lat' dir='ltr'><strong><em>Quicumque</em></strong></span> <span class='ocrx_word' id='word_1_389' title='bbox 1817 4960 2102 5018; x_wconf 87' lang='lat' dir='ltr'><strong><em>dimiserit:</em></strong></span> 
     </span>
    </p>
   </div>
   <div class='ocr_carea' id='block_1_53' title="bbox 522 5046 2103 5117">
    <p class='ocr_par' dir='ltr' id='par_1_53' title="bbox 522 5046 2103 5117">
     <span class='ocr_line' id='line_1_53' title="bbox 522 5046 2103 5117; baseline 0.009 -24"><span class='ocrx_word' id='word_1_390' title='bbox 522 5056 733 5094; x_wconf 85' lang='lat' dir='ltr'><strong><em>omnem</em></strong></span> <span class='ocrx_word' id='word_1_391' title='bbox 764 5058 980 5112; x_wconf 87' lang='lat' dir='ltr'><strong><em>prorsus</em></strong></span> <span class='ocrx_word' id='word_1_392' title='bbox 1007 5047 1094 5114; x_wconf 86' lang='lat' dir='ltr'><strong><em>qui</em></strong></span> <span class='ocrx_word' id='word_1_393' title='bbox 1123 5046 1384 5101; x_wconf 86' lang='lat' dir='ltr'><strong><em>dimiserit</em></strong></span> <span class='ocrx_word' id='word_1_394' title='bbox 1413 5063 1628 5103; x_wconf 77' lang='lat' dir='ltr'><strong><em>uxorem</em></strong></span> <span class='ocrx_word' id='word_1_395' title='bbox 1657 5065 1838 5117; x_wconf 87' lang='lat' dir='ltr'><strong><em>suam,</em></strong></span> <span class='ocrx_word' id='word_1_396' title='bbox 1869 5060 1923 5106; x_wconf 92' lang='lat' dir='ltr'><strong><em>et</em></strong></span> <span class='ocrx_word' id='word_1_397' title='bbox 1948 5052 2103 5108; x_wconf 86' lang='lat' dir='ltr'><strong><em>aliam</em></strong></span> 
     </span>
    </p>
   </div>
   <div class='ocr_carea' id='block_1_54' title="bbox 521 5132 2102 5214">
    <p class='ocr_par' dir='ltr' id='par_1_54' title="bbox 521 5132 2102 5214">
     <span class='ocr_line' id='line_1_54' title="bbox 521 5132 2102 5214; baseline 0.009 -27"><span class='ocrx_word' id='word_1_398' title='bbox 521 5132 766 5197; x_wconf 79' lang='lat' dir='ltr'><strong><em>duxerit,</em></strong></span> <span class='ocrx_word' id='word_1_399' title='bbox 812 5137 1065 5190; x_wconf 61' lang='lat' dir='ltr'><strong><em>tiiuecliari</em></strong></span> <span class='ocrx_word' id='word_1_400' title='bbox 1116 5155 1237 5192; x_wconf 85' lang='lat' dir='ltr'><strong><em>eum</em></strong></span> <span class='ocrx_word' id='word_1_401' title='bbox 1284 5138 1397 5194; x_wconf 87' lang='lat' dir='ltr'><strong><em>sine</em></strong></span> <span class='ocrx_word' id='word_1_402' title='bbox 1439 5141 1544 5195; x_wconf 88' lang='lat' dir='ltr'><strong><em>ulla</em></strong></span> <span class='ocrx_word' id='word_1_403' title='bbox 1593 5145 1906 5214; x_wconf 80' lang='lat' dir='ltr'><strong><em>exceptione</em></strong></span> <span class='ocrx_word' id='word_1_404' title='bbox 1952 5145 2102 5201; x_wconf 79' lang='lat' dir='ltr'><strong><em>dixe-</em></strong></span> 
     </span>
    </p>
   </div>
   <div class='ocr_carea' id='block_1_55' title="bbox 521 5237 665 5303">
    <p class='ocr_par' dir='ltr' id='par_1_55' title="bbox 521 5237 665 5303">
     <span class='ocr_line' id='line_1_55' title="bbox 521 5237 665 5303; baseline 0.014 -25"><span class='ocrx_word' id='word_1_405' title='bbox 521 5237 665 5303; x_wconf 45' lang='lat' dir='ltr'><strong><em>illi&quot;.</em></strong></span> 
     </span>
    </p>
   </div>
   <div class='ocr_carea' id='block_1_56' title="bbox 589 5318 2104 5399">
    <p class='ocr_par' dir='ltr' id='par_1_56' title="bbox 589 5318 2104 5399">
     <span class='ocr_line' id='line_1_56' title="bbox 589 5318 2104 5399; baseline 0.008 -25"><span class='ocrx_word' id='word_1_406' title='bbox 589 5320 814 5375; x_wconf 73' lang='lat' dir='ltr'><strong>CAPUT</strong></span> <span class='ocrx_word' id='word_1_407' title='bbox 843 5318 1028 5374; x_wconf 79' lang='lat' dir='ltr'><strong><em>XXIII.</em></strong></span> <span class='ocrx_word' id='word_1_408' title='bbox 1042 5351 1110 5362; x_wconf 87' lang='lat'><em>—</em></span> <span class='ocrx_word' id='word_1_409' title='bbox 1124 5322 1214 5379; x_wconf 69' lang='lat'><strong><em>29.</em></strong></span> <span class='ocrx_word' id='word_1_410' title='bbox 1232 5323 1581 5381; x_wconf 79' lang='lat' dir='ltr'><strong><em>Adulterinum</em></strong></span> <span class='ocrx_word' id='word_1_411' title='bbox 1596 5329 1885 5399; x_wconf 82' lang='lat' dir='ltr'><strong><em>conjugium</em></strong></span> <span class='ocrx_word' id='word_1_412' title='bbox 1899 5331 2104 5399; x_wconf 87' lang='lat' dir='ltr'><strong><em>inire,ut</em></strong></span> 
     </span>
    </p>
   </div>
   <div class='ocr_carea' id='block_1_57' title="bbox 520 5412 2100 5483">
    <p class='ocr_par' dir='ltr' id='par_1_57' title="bbox 520 5412 2100 5483">
     <span class='ocr_line' id='line_1_57' title="bbox 520 5412 2100 5483; baseline 0.01 -18"><span class='ocrx_word' id='word_1_413' title='bbox 520 5414 707 5483; x_wconf 81' lang='lat' dir='ltr'><strong><em>femina</em></strong></span> <span class='ocrx_word' id='word_1_414' title='bbox 738 5415 827 5482; x_wconf 85' lang='lat' dir='ltr'><strong><em>fiat</em></strong></span> <span class='ocrx_word' id='word_1_415' title='bbox 853 5412 1144 5483; x_wconf 80' lang='lat' dir='ltr'><strong><em>christiana,</em></strong></span> <span class='ocrx_word' id='word_1_416' title='bbox 1177 5433 1274 5470; x_wconf 84' lang='lat' dir='ltr'><strong><em>non</em></strong></span> <span class='ocrx_word' id='word_1_417' title='bbox 1304 5417 1433 5471; x_wconf 85' lang='lat' dir='ltr'><strong><em>licet.</em></strong></span> <span class='ocrx_word' id='word_1_418' title='bbox 1462 5419 1570 5473; x_wconf 71' lang='lat' dir='ltr'><strong><em>Sed</em></strong></span> <span class='ocrx_word' id='word_1_419' title='bbox 1602 5425 1642 5475; x_wconf 86' lang='lat' dir='ltr'><strong><em>si</em></strong></span> <span class='ocrx_word' id='word_1_420' title='bbox 1679 5420 1790 5476; x_wconf 69' lang='lat' dir='ltr'><strong><em>haec</em></strong></span> <span class='ocrx_word' id='word_1_421' title='bbox 1837 5422 1926 5480; x_wconf 85' lang='lat' dir='ltr'><strong><em>ille</em></strong></span> <span class='ocrx_word' id='word_1_422' title='bbox 1955 5424 2100 5481; x_wconf 85' lang='lat' dir='ltr'><strong><em>chri-</em></strong></span> 
     </span>
    </p>
   </div>
   <div class='ocr_carea' id='block_1_58' title="bbox 580 5569 1610 5633">
    <p class='ocr_par' dir='ltr' id='par_1_58' title="bbox 580 5569 1610 5633">
     <span class='ocr_line' id='line_1_58' title="bbox 580 5569 1610 5633; baseline 0.008 -16"><span class='ocrx_word' id='word_1_423' title='bbox 580 5569 599 5633; x_wconf 58' lang='grc' dir='ltr'><strong><em>ι</em></strong></span> <span class='ocrx_word' id='word_1_424' title='bbox 625 5569 728 5633; x_wconf 78' lang='lat' dir='ltr'><strong><em>sola</em></strong></span> <span class='ocrx_word' id='word_1_425' title='bbox 748 5572 898 5623; x_wconf 78' lang='lat' dir='ltr'><strong><em>editio</em></strong></span> <span class='ocrx_word' id='word_1_426' title='bbox 920 5578 1052 5633; x_wconf 83' lang='lat' dir='ltr'><strong><em>t.ov.,</em></strong></span> <span class='ocrx_word' id='word_1_427' title='bbox 1074 5587 1167 5624; x_wconf 85' lang='lat' dir='ltr'><strong><em>non</em></strong></span> <span class='ocrx_word' id='word_1_428' title='bbox 1185 5588 1288 5625; x_wconf 70' lang='lat' dir='ltr'><strong><em>esse</em></strong></span> <span class='ocrx_word' id='word_1_429' title='bbox 1310 5577 1610 5627; x_wconf 59' lang='lat' dir='ltr'><strong><em>servandam.</em></strong></span> 
     </span>
    </p>
   </div>
   <div class='ocr_carea' id='block_1_59' title="bbox 581 5632 1329 5699">
    <p class='ocr_par' dir='ltr' id='par_1_59' title="bbox 581 5632 1329 5699">
     <span class='ocr_line' id='line_1_59' title="bbox 581 5632 1329 5699; baseline 0.007 -21"><span class='ocrx_word' id='word_1_430' title='bbox 581 5632 696 5699; x_wconf 48' lang='lat' dir='ltr'><strong><em>{sic</em></strong></span> <span class='ocrx_word' id='word_1_431' title='bbox 718 5641 821 5699; x_wconf 78' lang='lat' dir='ltr'><strong><em>M_ss.</em></strong></span> <span class='ocrx_word' id='word_1_432' title='bbox 851 5642 903 5684; x_wconf 82' lang='lat' dir='ltr'><strong><em>Al</em></strong></span> <span class='ocrx_word' id='word_1_433' title='bbox 922 5632 1055 5696; x_wconf 84' lang='lat' dir='ltr'><strong><em>editi,</em></strong></span> <span class='ocrx_word' id='word_1_434' title='bbox 1082 5636 1329 5699; x_wconf 77' lang='lat' dir='ltr'><strong><em>quomodo.</em></strong></span> 
     </span>
    </p>
   </div>
   <div class='ocr_carea' id='block_1_60' title="bbox 580 5688 1817 5766">
    <p class='ocr_par' dir='ltr' id='par_1_60' title="bbox 580 5688 1817 5766">
     <span class='ocr_line' id='line_1_60' title="bbox 580 5688 1817 5766; baseline 0.01 -26"><span class='ocrx_word' id='word_1_435' title='bbox 580 5688 604 5722; x_wconf 86' lang='grc'><strong><em>³</em></strong></span> <span class='ocrx_word' id='word_1_436' title='bbox 632 5693 780 5754; x_wconf 80' lang='lat' dir='ltr'><strong><em>Lugd.</em></strong></span> <span class='ocrx_word' id='word_1_437' title='bbox 800 5702 851 5746; x_wconf 88' lang='lat' dir='ltr'><strong><em>et</em></strong></span> <span class='ocrx_word' id='word_1_438' title='bbox 873 5702 1013 5758; x_wconf 71' lang='lat' dir='ltr'><strong><em>Ven,</em></strong></span> <span class='ocrx_word' id='word_1_439' title='bbox 1036 5688 1303 5766; x_wconf 67' lang='lat' dir='ltr'><strong><em>expositum</em></strong></span> <span class='ocrx_word' id='word_1_440' title='bbox 1319 5700 1388 5747; x_wconf 77' lang='lat' dir='ltr'><strong><em>est</em></strong></span> <span class='ocrx_word' id='word_1_441' title='bbox 1411 5699 1542 5762; x_wconf 77' lang='lat' dir='ltr'><strong><em>apud</em></strong></span> <span class='ocrx_word' id='word_1_442' title='bbox 1563 5700 1695 5751; x_wconf 72' lang='lat' dir='ltr'><strong><em>alios.</em></strong></span> <span class='ocrx_word' id='word_1_443' title='bbox 1763 5706 1817 5752; x_wconf 76' lang='lat' dir='ltr'><strong><em>tu.</em></strong></span> 
     </span>
    </p>
   </div>
   <div class='ocr_carea' id='block_1_61' title="bbox 1423 222 2926 330">
    <p class='ocr_par' dir='ltr' id='par_1_61' title="bbox 1423 222 2926 330">
     <span class='ocr_line' id='line_1_61' title="bbox 1423 222 2926 330; baseline -0.003 -6"><span class='ocrx_word' id='word_1_444' title='bbox 1423 270 1510 324; x_wconf 75' lang='lat' dir='ltr'><strong><em>ne</em></strong></span> <span class='ocrx_word' id='word_1_445' title='bbox 1546 263 1894 324; x_wconf 80' lang='lat' dir='ltr'><strong><em>CONJUGIIS</em></strong></span> <span class='ocrx_word' id='word_1_446' title='bbox 1934 260 2418 330; x_wconf 81' lang='lat' dir='ltr'><strong><em>ADULTERINIS,</em></strong></span> <span class='ocrx_word' id='word_1_447' title='bbox 2459 264 2518 322; x_wconf 90' lang='lat' dir='ltr'><strong><em>s.</em></strong></span> <span class='ocrx_word' id='word_1_448' title='bbox 2558 222 2926 322; x_wconf 75' lang='lat' dir='ltr'><strong><em>AUGUSTINI</em></strong></span> 
     </span>
    </p>
   </div>
   <div class='ocr_carea' id='block_1_62' title="bbox 2226 377 3814 460">
    <p class='ocr_par' dir='ltr' id='par_1_62' title="bbox 2226 377 3814 460">
     <span class='ocr_line' id='line_1_62' title="bbox 2226 377 3814 460; baseline 0.008 -29"><span class='ocrx_word' id='word_1_449' title='bbox 2226 377 2430 433; x_wconf 87' lang='lat' dir='ltr'><strong><em>stianus</em></strong></span> <span class='ocrx_word' id='word_1_450' title='bbox 2453 379 2791 450; x_wconf 87' lang='lat' dir='ltr'><strong><em>responderit</em></strong></span> <span class='ocrx_word' id='word_1_451' title='bbox 2819 380 3089 448; x_wconf 86' lang='lat' dir='ltr'><strong><em>tentatori,</em></strong></span> <span class='ocrx_word' id='word_1_452' title='bbox 3116 380 3421 455; x_wconf 81' lang='lat' dir='ltr'><strong><em>intelligens</em></strong></span> <span class='ocrx_word' id='word_1_453' title='bbox 3447 384 3665 444; x_wconf 77' lang='lat' dir='ltr'><strong><em>licuisse</em></strong></span> <span class='ocrx_word' id='word_1_454' title='bbox 3687 390 3814 460; x_wconf 88' lang='lat' dir='ltr'><strong><em>qui-</em></strong></span> 
     </span>
    </p>
   </div>
   <div class='ocr_carea' id='block_1_63' title="bbox 2228 468 3817 541">
    <p class='ocr_par' dir='ltr' id='par_1_63' title="bbox 2228 468 3817 541">
     <span class='ocr_line' id='line_1_63' title="bbox 2228 468 3817 541; baseline 0.008 -18"><span class='ocrx_word' id='word_1_455' title='bbox 2228 468 2351 524; x_wconf 89' lang='lat' dir='ltr'><strong><em>dem</em></strong></span> <span class='ocrx_word' id='word_1_456' title='bbox 2374 469 2477 525; x_wconf 88' lang='lat' dir='ltr'><strong><em>sibi</em></strong></span> <span class='ocrx_word' id='word_1_457' title='bbox 2512 469 2782 541; x_wconf 77' lang='lat' dir='ltr'><strong><em>dimittere</em></strong></span> <span class='ocrx_word' id='word_1_458' title='bbox 2808 471 3131 539; x_wconf 87' lang='lat' dir='ltr'><strong><em>adulteram,</em></strong></span> <span class='ocrx_word' id='word_1_459' title='bbox 3162 471 3261 529; x_wconf 86' lang='lat' dir='ltr'><strong><em>sed</em></strong></span> <span class='ocrx_word' id='word_1_460' title='bbox 3289 475 3448 530; x_wconf 84' lang='lat' dir='ltr'><strong><em>aliam</em></strong></span> <span class='ocrx_word' id='word_1_461' title='bbox 3477 475 3675 534; x_wconf 88' lang='lat' dir='ltr'><strong><em>ducere</em></strong></span> <span class='ocrx_word' id='word_1_462' title='bbox 3706 494 3817 537; x_wconf 89' lang='lat' dir='ltr'><strong><em>non</em></strong></span> 
     </span>
    </p>
   </div>
   <div class='ocr_carea' id='block_1_64' title="bbox 2228 560 3821 634">
    <p class='ocr_par' dir='ltr' id='par_1_64' title="bbox 2228 560 3821 634">
     <span class='ocr_line' id='line_1_64' title="bbox 2228 560 3821 634; baseline 0.009 -20"><span class='ocrx_word' id='word_1_463' title='bbox 2228 560 2433 617; x_wconf 88' lang='lat' dir='ltr'><strong><em>licere:</em></strong></span> <span class='ocrx_word' id='word_1_464' title='bbox 2476 562 2622 633; x_wconf 87' lang='lat' dir='ltr'><strong><em>quid,</em></strong></span> <span class='ocrx_word' id='word_1_465' title='bbox 2669 564 2716 618; x_wconf 88' lang='lat' dir='ltr'><strong><em>si</em></strong></span> <span class='ocrx_word' id='word_1_466' title='bbox 2753 562 2895 619; x_wconf 89' lang='lat' dir='ltr'><strong><em>dicat</em></strong></span> <span class='ocrx_word' id='word_1_467' title='bbox 2940 564 3029 618; x_wconf 90' lang='lat' dir='ltr'><strong><em>ille</em></strong></span> <span class='ocrx_word' id='word_1_468' title='bbox 3073 572 3327 634; x_wconf 86' lang='lat' dir='ltr'><strong><em>tentator,</em></strong></span> <span class='ocrx_word' id='word_1_469' title='bbox 3374 564 3662 626; x_wconf 87' lang='lat' dir='ltr'><strong><em>Committe</em></strong></span> <span class='ocrx_word' id='word_1_470' title='bbox 3712 570 3821 628; x_wconf 91' lang='lat' dir='ltr'><strong><em>hoc</em></strong></span> 
     </span>
    </p>
   </div>
   <div class='ocr_carea' id='block_1_65' title="bbox 2230 656 3818 727">
    <p class='ocr_par' dir='ltr' id='par_1_65' title="bbox 2230 656 3818 727">
     <span class='ocr_line' id='line_1_65' title="bbox 2230 656 3818 727; baseline 0.007 -19"><span class='ocrx_word' id='word_1_471' title='bbox 2230 663 2509 723; x_wconf 85' lang='lat' dir='ltr'><strong><em>peccatum</em></strong></span> <span class='ocrx_word' id='word_1_472' title='bbox 2532 696 2546 721; x_wconf 95' lang='lat'><strong><em>,</em></strong></span> <span class='ocrx_word' id='word_1_473' title='bbox 2594 665 2653 711; x_wconf 91' lang='lat' dir='ltr'><strong><em>ut</em></strong></span> <span class='ocrx_word' id='word_1_474' title='bbox 2702 656 2945 727; x_wconf 88' lang='lat' dir='ltr'><strong><em>acquiras</em></strong></span> <span class='ocrx_word' id='word_1_475' title='bbox 2995 657 3229 713; x_wconf 85' lang='lat' dir='ltr'><strong><em>animam</em></strong></span> <span class='ocrx_word' id='word_1_476' title='bbox 3275 657 3490 715; x_wconf 87' lang='lat' dir='ltr'><strong><em>Christo</em></strong></span> <span class='ocrx_word' id='word_1_477' title='bbox 3539 659 3594 716; x_wconf 90' lang='lat' dir='ltr'><strong><em>in</em></strong></span> <span class='ocrx_word' id='word_1_478' title='bbox 3643 673 3818 720; x_wconf 88' lang='lat' dir='ltr'><strong><em>morte</em></strong></span> 
     </span>
    </p>
   </div>
   <div class='ocr_carea' id='block_1_66' title="bbox 2231 745 3820 822">
    <p class='ocr_par' dir='ltr' id='par_1_66' title="bbox 2231 745 3820 822">
     <span class='ocr_line' id='line_1_66' title="bbox 2231 745 3820 822; baseline 0.006 -21"><span class='ocrx_word' id='word_1_479' title='bbox 2231 745 2559 802; x_wconf 82' lang='lat' dir='ltr'><strong><em>infidelitatis</em></strong></span> <span class='ocrx_word' id='word_1_480' title='bbox 2604 747 2791 817; x_wconf 59' lang='lat' dir='ltr'><strong><em>posita)</em></strong></span> <span class='ocrx_word' id='word_1_481' title='bbox 2832 746 3062 815; x_wconf 68' lang='lat' dir='ltr'><strong><em>feminae,</em></strong></span> <span class='ocrx_word' id='word_1_482' title='bbox 3105 764 3225 820; x_wconf 66' lang='lat' dir='ltr'><strong><em>quae</em></strong></span> <span class='ocrx_word' id='word_1_483' title='bbox 3266 758 3451 822; x_wconf 88' lang='lat' dir='ltr'><strong><em>parata</em></strong></span> <span class='ocrx_word' id='word_1_484' title='bbox 3491 759 3598 819; x_wconf 87' lang='lat' dir='ltr'><strong><em>est,</em></strong></span> <span class='ocrx_word' id='word_1_485' title='bbox 3637 753 3685 809; x_wconf 90' lang='lat' dir='ltr'><strong><em>si</em></strong></span> <span class='ocrx_word' id='word_1_486' title='bbox 3723 754 3820 811; x_wconf 85' lang='lat' dir='ltr'><strong><em>tibi</em></strong></span> 
     </span>
    </p>
   </div>
   <div class='ocr_carea' id='block_1_67' title="bbox 2228 836 3818 912">
    <p class='ocr_par' dir='ltr' id='par_1_67' title="bbox 2228 836 3818 912">
     <span class='ocr_line' id='line_1_67' title="bbox 2228 836 3818 912; baseline 0.008 -22"><span class='ocrx_word' id='word_1_487' title='bbox 2228 837 2503 907; x_wconf 83' lang='lat' dir='ltr'><strong><em>nupserit,</em></strong></span> <span class='ocrx_word' id='word_1_488' title='bbox 2553 836 2668 893; x_wconf 83' lang='lat' dir='ltr'><strong><em>ﬁeri</em></strong></span> <span class='ocrx_word' id='word_1_489' title='bbox 2721 838 3058 895; x_wconf 85' lang='lat' dir='ltr'><strong><em>christiana?</em></strong></span> <span class='ocrx_word' id='word_1_490' title='bbox 3114 841 3241 912; x_wconf 87' lang='lat' dir='ltr'><strong><em>quid</em></strong></span> <span class='ocrx_word' id='word_1_491' title='bbox 3291 842 3436 898; x_wconf 87' lang='lat' dir='ltr'><strong><em>aliud</em></strong></span> <span class='ocrx_word' id='word_1_492' title='bbox 3489 843 3818 903; x_wconf 81' lang='lat' dir='ltr'><strong><em>christianos</em></strong></span> 
     </span>
    </p>
   </div>
   <div class='ocr_carea' id='block_1_68' title="bbox 2227 927 3809 1008">
    <p class='ocr_par' dir='ltr' id='par_1_68' title="bbox 2227 927 3809 1008">
     <span class='ocr_line' id='line_1_68' title="bbox 2227 927 3809 1008; baseline 0.006 -25"><span class='ocrx_word' id='word_1_493' title='bbox 2227 927 2555 998; x_wconf 82' lang='lat' dir='ltr'><strong><em>respondere</em></strong></span> <span class='ocrx_word' id='word_1_494' title='bbox 2579 928 2645 985; x_wconf 89' lang='lat' dir='ltr'><strong><em>ad</em></strong></span> <span class='ocrx_word' id='word_1_495' title='bbox 2671 929 2770 985; x_wconf 87' lang='lat' dir='ltr'><strong><em>ista</em></strong></span> <span class='ocrx_word' id='word_1_496' title='bbox 2795 928 2953 988; x_wconf 85' lang='lat' dir='ltr'><strong><em>debet</em></strong></span> <span class='ocrx_word' id='word_1_497' title='bbox 2978 940 3032 987; x_wconf 86' lang='lat' dir='ltr'><strong><em>et</em></strong></span> <span class='ocrx_word' id='word_1_498' title='bbox 3056 931 3257 1000; x_wconf 88' lang='lat' dir='ltr'><strong><em>dicere,</em></strong></span> <span class='ocrx_word' id='word_1_499' title='bbox 3284 934 3385 990; x_wconf 89' lang='lat' dir='ltr'><strong><em>nisi</em></strong></span> <span class='ocrx_word' id='word_1_500' title='bbox 3406 949 3465 990; x_wconf 91' lang='lat' dir='ltr'><strong><em>se</em></strong></span> <span class='ocrx_word' id='word_1_501' title='bbox 3492 950 3599 992; x_wconf 82' lang='lat' dir='ltr'><strong><em>non</em></strong></span> <span class='ocrx_word' id='word_1_502' title='bbox 3628 951 3809 1008; x_wconf 82' lang='lat' dir='ltr'><strong><em>posse,</em></strong></span> 
     </span>
    </p>
   </div>
   <div class='ocr_carea' id='block_1_69' title="bbox 2228 1019 3813 1095">
    <p class='ocr_par' dir='ltr' id='par_1_69' title="bbox 2228 1019 3813 1095">
     <span class='ocr_line' id='line_1_69' title="bbox 2228 1019 3813 1095; baseline 0.007 -22"><span class='ocrx_word' id='word_1_503' title='bbox 2228 1019 2274 1074; x_wconf 90' lang='lat' dir='ltr'><strong><em>si</em></strong></span> <span class='ocrx_word' id='word_1_504' title='bbox 2305 1019 2406 1075; x_wconf 89' lang='lat' dir='ltr'><strong><em>hoc</em></strong></span> <span class='ocrx_word' id='word_1_505' title='bbox 2437 1019 2641 1088; x_wconf 80' lang='lat' dir='ltr'><strong><em>fecerit,</em></strong></span> <span class='ocrx_word' id='word_1_506' title='bbox 2668 1021 2899 1080; x_wconf 77' lang='lat' dir='ltr'><strong><em>evadere</em></strong></span> <span class='ocrx_word' id='word_1_507' title='bbox 2934 1022 3216 1093; x_wconf 82' lang='lat' dir='ltr'><strong><em>judicium,</em></strong></span> <span class='ocrx_word' id='word_1_508' title='bbox 3246 1024 3389 1095; x_wconf 89' lang='lat' dir='ltr'><strong><em>quod</em></strong></span> <span class='ocrx_word' id='word_1_509' title='bbox 3416 1040 3813 1084; x_wconf 80' lang='lat' dir='ltr'><strong><em>commemora-</em></strong></span> 
     </span>
    </p>
   </div>
   <div class='ocr_carea' id='block_1_70' title="bbox 2226 1111 3817 1189">
    <p class='ocr_par' dir='ltr' id='par_1_70' title="bbox 2226 1111 3817 1189">
     <span class='ocr_line' id='line_1_70' title="bbox 2226 1111 3817 1189; baseline 0.005 -23"><span class='ocrx_word' id='word_1_510' title='bbox 2226 1111 2303 1166; x_wconf 89' lang='lat' dir='ltr'><strong><em>vit</em></strong></span> <span class='ocrx_word' id='word_1_511' title='bbox 2338 1112 2627 1182; x_wconf 89' lang='lat' dir='ltr'><strong><em>Apostolus</em></strong></span> <span class='ocrx_word' id='word_1_512' title='bbox 2672 1112 2763 1168; x_wconf 88' lang='lat' dir='ltr'><strong><em>ubi</em></strong></span> <span class='ocrx_word' id='word_1_513' title='bbox 2810 1112 2902 1181; x_wconf 87' lang='lat' dir='ltr'><strong><em>ait,</em></strong></span> <span class='ocrx_word' id='word_1_514' title='bbox 2956 1112 3023 1169; x_wconf 88' lang='lat' dir='ltr'><strong><em>Et</em></strong></span> <span class='ocrx_word' id='word_1_515' title='bbox 3074 1114 3203 1169; x_wconf 84' lang='lat' dir='ltr'><strong><em>sicut</em></strong></span> <span class='ocrx_word' id='word_1_516' title='bbox 3251 1115 3429 1171; x_wconf 86' lang='lat' dir='ltr'><strong><em>dicunt</em></strong></span> <span class='ocrx_word' id='word_1_517' title='bbox 3474 1117 3679 1189; x_wconf 80' lang='lat' dir='ltr'><strong><em>quidam</em></strong></span> <span class='ocrx_word' id='word_1_518' title='bbox 3722 1135 3817 1174; x_wconf 83' lang='lat' dir='ltr'><strong><em>nos</em></strong></span> 
     </span>
    </p>
   </div>
   <div class='ocr_carea' id='block_1_71' title="bbox 2226 1202 3816 1281">
    <p class='ocr_par' dir='ltr' id='par_1_71' title="bbox 2226 1202 3816 1281">
     <span class='ocr_line' id='line_1_71' title="bbox 2226 1202 3816 1281; baseline 0.005 -25"><span class='ocrx_word' id='word_1_519' title='bbox 2226 1202 2411 1270; x_wconf 88' lang='lat' dir='ltr'><strong><em>dicere,</em></strong></span> <span class='ocrx_word' id='word_1_520' title='bbox 2446 1202 2719 1259; x_wconf 84' lang='lat' dir='ltr'><strong><em>Faciamus</em></strong></span> <span class='ocrx_word' id='word_1_521' title='bbox 2746 1204 2901 1272; x_wconf 89' lang='lat' dir='ltr'><strong><em>mala,</em></strong></span> <span class='ocrx_word' id='word_1_522' title='bbox 2933 1214 2987 1260; x_wconf 88' lang='lat' dir='ltr'><strong><em>ut</em></strong></span> <span class='ocrx_word' id='word_1_523' title='bbox 3015 1207 3215 1261; x_wconf 79' lang='lat' dir='ltr'><strong><em>veniant</em></strong></span> <span class='ocrx_word' id='word_1_524' title='bbox 3243 1207 3407 1272; x_wconf 85' lang='lat' dir='ltr'><strong><em>bona;</em></strong></span> <span class='ocrx_word' id='word_1_525' title='bbox 3434 1224 3646 1279; x_wconf 84' lang='lat' dir='ltr'><strong><em>quorum</em></strong></span> <span class='ocrx_word' id='word_1_526' title='bbox 3662 1210 3816 1281; x_wconf 79' lang='lat' dir='ltr'><strong><em>judi—</em></strong></span> 
     </span>
    </p>
   </div>
   <div class='ocr_carea' id='block_1_72' title="bbox 2227 1296 3815 1371">
    <p class='ocr_par' dir='ltr' id='par_1_72' title="bbox 2227 1296 3815 1371">
     <span class='ocr_line' id='line_1_72' title="bbox 2227 1296 3815 1371; baseline 0.005 -21"><span class='ocrx_word' id='word_1_527' title='bbox 2227 1296 2361 1350; x_wconf 87' lang='lat' dir='ltr'><strong><em>cium</em></strong></span> <span class='ocrx_word' id='word_1_528' title='bbox 2377 1297 2579 1367; x_wconf 88' lang='lat' dir='ltr'><strong><em>justum</em></strong></span> <span class='ocrx_word' id='word_1_529' title='bbox 2603 1308 2672 1352; x_wconf 82' lang='lat' dir='ltr'><strong><em>est</em></strong></span> <span class='ocrx_word' id='word_1_530' title='bbox 2698 1296 2874 1369; x_wconf 86' lang='lat' dir='ltr'><strong><em>(Rom.</em></strong></span> <span class='ocrx_word' id='word_1_531' title='bbox 2898 1313 2974 1366; x_wconf 85' lang='lat' dir='ltr'><strong><em>tu,</em></strong></span> <span class='ocrx_word' id='word_1_532' title='bbox 2993 1297 3084 1370; x_wconf 82' lang='lat'><strong><em>8)?</em></strong></span> <span class='ocrx_word' id='word_1_533' title='bbox 3107 1297 3388 1367; x_wconf 86' lang='lat' dir='ltr'><strong><em>Quomodo</em></strong></span> <span class='ocrx_word' id='word_1_534' title='bbox 3412 1309 3589 1357; x_wconf 87' lang='lat' dir='ltr'><strong><em>autem</em></strong></span> <span class='ocrx_word' id='word_1_535' title='bbox 3614 1303 3815 1371; x_wconf 83' lang='lat' dir='ltr'><strong><em>poterit</em></strong></span> 
     </span>
    </p>
   </div>
   <div class='ocr_carea' id='block_1_73' title="bbox 2225 1386 3810 1463">
    <p class='ocr_par' dir='ltr' id='par_1_73' title="bbox 2225 1386 3810 1463">
     <span class='ocr_line' id='line_1_73' title="bbox 2225 1386 3810 1463; baseline 0.004 -20"><span class='ocrx_word' id='word_1_536' title='bbox 2225 1402 2345 1443; x_wconf 88' lang='lat' dir='ltr'><strong><em>esse</em></strong></span> <span class='ocrx_word' id='word_1_537' title='bbox 2375 1387 2660 1443; x_wconf 86' lang='lat' dir='ltr'><strong><em>salubriter</em></strong></span> <span class='ocrx_word' id='word_1_538' title='bbox 2683 1386 2996 1457; x_wconf 87' lang='lat' dir='ltr'><strong><em>christiana,</em></strong></span> <span class='ocrx_word' id='word_1_539' title='bbox 3025 1404 3145 1460; x_wconf 62' lang='lat' dir='ltr'><strong><em>qua;</em></strong></span> <span class='ocrx_word' id='word_1_540' title='bbox 3169 1404 3291 1446; x_wconf 91' lang='lat' dir='ltr'><strong><em>cum</em></strong></span> <span class='ocrx_word' id='word_1_541' title='bbox 3321 1390 3415 1446; x_wconf 90' lang='lat' dir='ltr'><strong><em>illo</em></strong></span> <span class='ocrx_word' id='word_1_542' title='bbox 3441 1405 3474 1447; x_wconf 87' lang='lat' dir='ltr'><strong><em>a</em></strong></span> <span class='ocrx_word' id='word_1_543' title='bbox 3509 1406 3617 1463; x_wconf 85' lang='lat' dir='ltr'><strong><em>quo</em></strong></span> <span class='ocrx_word' id='word_1_544' title='bbox 3654 1392 3810 1449; x_wconf 90' lang='lat' dir='ltr'><strong><em>duci-</em></strong></span> 
     </span>
    </p>
   </div>
   <div class='ocr_carea' id='block_1_74' title="bbox 2225 1478 2757 1535">
    <p class='ocr_par' dir='ltr' id='par_1_74' title="bbox 2225 1478 2757 1535">
     <span class='ocr_line' id='line_1_74' title="bbox 2225 1478 2757 1535; baseline -0.002 -1"><span class='ocrx_word' id='word_1_545' title='bbox 2225 1487 2314 1535; x_wconf 89' lang='lat' dir='ltr'><strong><em>tur</em></strong></span> <span class='ocrx_word' id='word_1_546' title='bbox 2341 1478 2443 1535; x_wconf 89' lang='lat' dir='ltr'><strong><em>erit</em></strong></span> <span class='ocrx_word' id='word_1_547' title='bbox 2467 1478 2707 1534; x_wconf 88' lang='lat' dir='ltr'><strong><em>adultera</em></strong></span> <span class='ocrx_word' id='word_1_548' title='bbox 2734 1479 2757 1533; x_wconf 87' lang='lat'><strong>?</strong></span> 
     </span>
    </p>
   </div>
   <div class='ocr_carea' id='block_1_75' title="bbox 2296 1569 3815 1649">
    <p class='ocr_par' dir='ltr' id='par_1_75' title="bbox 2296 1569 3815 1649">
     <span class='ocr_line' id='line_1_75' title="bbox 2296 1569 3815 1649; baseline 0.006 -24"><span class='ocrx_word' id='word_1_549' title='bbox 2296 1569 2524 1626; x_wconf 84' lang='lat' dir='ltr'><strong><em>CAPUT</em></strong></span> <span class='ocrx_word' id='word_1_550' title='bbox 2564 1569 2754 1626; x_wconf 77' lang='lat' dir='ltr'><strong>XXIV.</strong></span> <span class='ocrx_word' id='word_1_551' title='bbox 2782 1600 2854 1611; x_wconf 89' lang='lat'><strong>—</strong></span> <span class='ocrx_word' id='word_1_552' title='bbox 2880 1570 2969 1627; x_wconf 80' lang='lat'><strong><em>30.</em></strong></span> <span class='ocrx_word' id='word_1_553' title='bbox 3003 1569 3335 1629; x_wconf 52' lang='lat' dir='ltr'><strong><em>Continenti:</em></strong></span> <span class='ocrx_word' id='word_1_554' title='bbox 3361 1582 3529 1630; x_wconf 84' lang='lat' dir='ltr'><strong><em>votum</em></strong></span> <span class='ocrx_word' id='word_1_555' title='bbox 3553 1576 3698 1632; x_wconf 83' lang='lat' dir='ltr'><strong><em>nulla</em></strong></span> <span class='ocrx_word' id='word_1_556' title='bbox 3721 1594 3815 1649; x_wconf 82' lang='lat' dir='ltr'><strong><em>spe</em></strong></span> 
     </span>
    </p>
   </div>
   <div class='ocr_carea' id='block_1_76' title="bbox 2225 1662 3813 1734">
    <p class='ocr_par' dir='ltr' id='par_1_76' title="bbox 2225 1662 3813 1734">
     <span class='ocr_line' id='line_1_76' title="bbox 2225 1662 3813 1734; baseline 0.007 -20"><span class='ocrx_word' id='word_1_557' title='bbox 2225 1662 2648 1733; x_wconf 82' lang='lat' dir='ltr'><strong><em>compensationis</em></strong></span> <span class='ocrx_word' id='word_1_558' title='bbox 2691 1662 3047 1734; x_wconf 76' lang='lat' dir='ltr'><strong><em>rumpentium.</em></strong></span> <span class='ocrx_word' id='word_1_559' title='bbox 3089 1662 3209 1719; x_wconf 86' lang='lat' dir='ltr'><strong><em>Non</em></strong></span> <span class='ocrx_word' id='word_1_560' title='bbox 3244 1665 3416 1720; x_wconf 89' lang='lat' dir='ltr'><strong><em>solum</em></strong></span> <span class='ocrx_word' id='word_1_561' title='bbox 3454 1675 3631 1723; x_wconf 84' lang='lat' dir='ltr'><strong><em>autem</em></strong></span> <span class='ocrx_word' id='word_1_562' title='bbox 3672 1681 3813 1725; x_wconf 70' lang='lat' dir='ltr'><strong><em>mm-</em></strong></span> 
     </span>
    </p>
   </div>
   <div class='ocr_carea' id='block_1_77' title="bbox 2225 1750 3813 1826">
    <p class='ocr_par' dir='ltr' id='par_1_77' title="bbox 2225 1750 3813 1826">
     <span class='ocr_line' id='line_1_77' title="bbox 2225 1750 3813 1826; baseline 0.007 -20"><span class='ocrx_word' id='word_1_563' title='bbox 2225 1750 2494 1807; x_wconf 86' lang='lat' dir='ltr'><strong><em>chandum</em></strong></span> <span class='ocrx_word' id='word_1_564' title='bbox 2521 1767 2627 1807; x_wconf 89' lang='lat' dir='ltr'><strong><em>non</em></strong></span> <span class='ocrx_word' id='word_1_565' title='bbox 2652 1759 2757 1820; x_wconf 91' lang='lat' dir='ltr'><strong><em>est,</em></strong></span> <span class='ocrx_word' id='word_1_566' title='bbox 2782 1753 2924 1824; x_wconf 89' lang='lat' dir='ltr'><strong><em>quod</em></strong></span> <span class='ocrx_word' id='word_1_567' title='bbox 2949 1753 3093 1823; x_wconf 85' lang='lat' dir='ltr'><strong><em>facit,</em></strong></span> <span class='ocrx_word' id='word_1_568' title='bbox 3122 1770 3228 1811; x_wconf 91' lang='lat' dir='ltr'><strong><em>non</em></strong></span> <span class='ocrx_word' id='word_1_569' title='bbox 3254 1756 3489 1826; x_wconf 89' lang='lat' dir='ltr'><strong><em>quidam,</em></strong></span> <span class='ocrx_word' id='word_1_570' title='bbox 3513 1758 3607 1815; x_wconf 90' lang='lat' dir='ltr'><strong><em>sed</em></strong></span> <span class='ocrx_word' id='word_1_571' title='bbox 3634 1761 3813 1817; x_wconf 77' lang='lat' dir='ltr'><strong><em>omnis</em></strong></span> 
     </span>
    </p>
   </div>
   <div class='ocr_carea' id='block_1_78' title="bbox 2223 1842 3812 1919">
    <p class='ocr_par' dir='ltr' id='par_1_78' title="bbox 2223 1842 3812 1919">
     <span class='ocr_line' id='line_1_78' title="bbox 2223 1842 3812 1919; baseline 0.007 -23"><span class='ocrx_word' id='word_1_572' title='bbox 2223 1842 2314 1912; x_wconf 90' lang='lat' dir='ltr'><strong><em>qui</em></strong></span> <span class='ocrx_word' id='word_1_573' title='bbox 2360 1842 2577 1897; x_wconf 87' lang='lat' dir='ltr'><strong><em>dimittit</em></strong></span> <span class='ocrx_word' id='word_1_574' title='bbox 2619 1858 2841 1899; x_wconf 87' lang='lat' dir='ltr'><strong><em>uxorem</em></strong></span> <span class='ocrx_word' id='word_1_575' title='bbox 2888 1858 3040 1901; x_wconf 91' lang='lat' dir='ltr'><strong><em>suam</em></strong></span> <span class='ocrx_word' id='word_1_576' title='bbox 3063 1885 3079 1911; x_wconf 93' lang='lat'><strong><em>,</em></strong></span> <span class='ocrx_word' id='word_1_577' title='bbox 3119 1855 3174 1901; x_wconf 89' lang='lat' dir='ltr'><strong><em>et</em></strong></span> <span class='ocrx_word' id='word_1_578' title='bbox 3217 1846 3366 1904; x_wconf 89' lang='lat' dir='ltr'><strong><em>ducit</em></strong></span> <span class='ocrx_word' id='word_1_579' title='bbox 3409 1850 3667 1919; x_wconf 86' lang='lat' dir='ltr'><strong><em>alteram,</em></strong></span> <span class='ocrx_word' id='word_1_580' title='bbox 3707 1853 3812 1909; x_wconf 80' lang='lat' dir='ltr'><strong><em>etsi</em></strong></span> 
     </span>
    </p>
   </div>
   <div class='ocr_carea' id='block_1_79' title="bbox 2224 1933 3809 2008">
    <p class='ocr_par' dir='ltr' id='par_1_79' title="bbox 2224 1933 3809 2008">
     <span class='ocr_line' id='line_1_79' title="bbox 2224 1933 3809 2008; baseline 0.008 -21"><span class='ocrx_word' id='word_1_581' title='bbox 2224 1942 2507 2004; x_wconf 86' lang='lat' dir='ltr'><strong><em>propterea</em></strong></span> <span class='ocrx_word' id='word_1_582' title='bbox 2536 1933 2753 1990; x_wconf 84' lang='lat' dir='ltr'><strong><em>duxerit</em></strong></span> <span class='ocrx_word' id='word_1_583' title='bbox 2797 1945 2854 1991; x_wconf 87' lang='lat' dir='ltr'><strong><em>ut</em></strong></span> <span class='ocrx_word' id='word_1_584' title='bbox 2895 1935 3055 1995; x_wconf 87' lang='lat' dir='ltr'><strong><em>faciat</em></strong></span> <span class='ocrx_word' id='word_1_585' title='bbox 3091 1935 3472 2008; x_wconf 76' lang='lat' dir='ltr'><strong><em>Christianam;</em></strong></span> <span class='ocrx_word' id='word_1_586' title='bbox 3519 1941 3617 1998; x_wconf 84' lang='lat' dir='ltr'><strong><em>sed</em></strong></span> <span class='ocrx_word' id='word_1_587' title='bbox 3642 1942 3809 2000; x_wconf 85' lang='lat' dir='ltr'><strong><em>etiam</em></strong></span> 
     </span>
    </p>
   </div>
   <div class='ocr_carea' id='block_1_80' title="bbox 2225 2028 3814 2101">
    <p class='ocr_par' dir='ltr' id='par_1_80' title="bbox 2225 2028 3814 2101">
     <span class='ocr_line' id='line_1_80' title="bbox 2225 2028 3814 2101; baseline 0.007 -19"><span class='ocrx_word' id='word_1_588' title='bbox 2225 2028 2466 2098; x_wconf 87' lang='lat' dir='ltr'><strong><em>quisquis</em></strong></span> <span class='ocrx_word' id='word_1_589' title='bbox 2490 2043 2596 2084; x_wconf 91' lang='lat' dir='ltr'><strong><em>non</em></strong></span> <span class='ocrx_word' id='word_1_590' title='bbox 2629 2029 2875 2101; x_wconf 74' lang='lat' dir='ltr'><strong><em>alligatus</em></strong></span> <span class='ocrx_word' id='word_1_591' title='bbox 2907 2031 3058 2087; x_wconf 76' lang='lat' dir='ltr'><strong><em>uxori</em></strong></span> <span class='ocrx_word' id='word_1_592' title='bbox 3095 2033 3479 2089; x_wconf 82' lang='lat' dir='ltr'><strong><em>continentiam</em></strong></span> <span class='ocrx_word' id='word_1_593' title='bbox 3510 2034 3625 2091; x_wconf 81' lang='lat' dir='ltr'><strong><em>Deo</em></strong></span> <span class='ocrx_word' id='word_1_594' title='bbox 3647 2051 3814 2093; x_wconf 83' lang='lat' dir='ltr'><strong><em>vove-</em></strong></span> 
     </span>
    </p>
   </div>
   <div class='ocr_carea' id='block_1_81' title="bbox 2221 2118 3806 2198">
    <p class='ocr_par' dir='ltr' id='par_1_81' title="bbox 2221 2118 3806 2198">
     <span class='ocr_line' id='line_1_81' title="bbox 2221 2118 3806 2198; baseline 0.005 -23"><span class='ocrx_word' id='word_1_595' title='bbox 2221 2118 2321 2188; x_wconf 91' lang='lat' dir='ltr'><strong><em>rit,</em></strong></span> <span class='ocrx_word' id='word_1_596' title='bbox 2352 2120 2500 2175; x_wconf 89' lang='lat' dir='ltr'><strong><em>nullo</em></strong></span> <span class='ocrx_word' id='word_1_597' title='bbox 2545 2119 2706 2175; x_wconf 91' lang='lat' dir='ltr'><strong><em>modo</em></strong></span> <span class='ocrx_word' id='word_1_598' title='bbox 2747 2120 2906 2177; x_wconf 87' lang='lat' dir='ltr'><strong><em>debet</em></strong></span> <span class='ocrx_word' id='word_1_599' title='bbox 2948 2120 3051 2178; x_wconf 89' lang='lat' dir='ltr'><strong><em>ista</em></strong></span> <span class='ocrx_word' id='word_1_600' title='bbox 3097 2126 3535 2193; x_wconf 84' lang='lat' dir='ltr'><strong><em>compensatione</em></strong></span> <span class='ocrx_word' id='word_1_601' title='bbox 3558 2141 3806 2198; x_wconf 62' lang='lat' dir='ltr'><strong><em>peccare,</em></strong></span> 
     </span>
    </p>
   </div>
   <div class='ocr_carea' id='block_1_82' title="bbox 2221 2208 3815 2289">
    <p class='ocr_par' dir='ltr' id='par_1_82' title="bbox 2221 2208 3815 2289">
     <span class='ocr_line' id='line_1_82' title="bbox 2221 2208 3815 2289; baseline 0.007 -25"><span class='ocrx_word' id='word_1_602' title='bbox 2221 2220 2283 2264; x_wconf 90' lang='lat' dir='ltr'><strong><em>ut</em></strong></span> <span class='ocrx_word' id='word_1_603' title='bbox 2306 2209 2434 2266; x_wconf 89' lang='lat' dir='ltr'><strong><em>ideo</em></strong></span> <span class='ocrx_word' id='word_1_604' title='bbox 2459 2208 2642 2266; x_wconf 89' lang='lat' dir='ltr'><strong><em>credat</em></strong></span> <span class='ocrx_word' id='word_1_605' title='bbox 2668 2226 2888 2267; x_wconf 82' lang='lat' dir='ltr'><strong><em>uxorem</em></strong></span> <span class='ocrx_word' id='word_1_606' title='bbox 2917 2213 3018 2269; x_wconf 89' lang='lat' dir='ltr'><strong><em>sibi</em></strong></span> <span class='ocrx_word' id='word_1_607' title='bbox 3044 2227 3164 2269; x_wconf 89' lang='lat' dir='ltr'><strong><em>esse</em></strong></span> <span class='ocrx_word' id='word_1_608' title='bbox 3188 2214 3506 2283; x_wconf 79' lang='lat' dir='ltr'><strong><em>ducendam,</em></strong></span> <span class='ocrx_word' id='word_1_609' title='bbox 3535 2217 3655 2289; x_wconf 85' lang='lat' dir='ltr'><strong><em>quia</em></strong></span> <span class='ocrx_word' id='word_1_610' title='bbox 3685 2233 3815 2289; x_wconf 87' lang='lat' dir='ltr'><strong><em>pro—</em></strong></span> 
     </span>
    </p>
   </div>
   <div class='ocr_carea' id='block_1_83' title="bbox 2224 2301 3811 2374">
    <p class='ocr_par' dir='ltr' id='par_1_83' title="bbox 2224 2301 3811 2374">
     <span class='ocr_line' id='line_1_83' title="bbox 2224 2301 3811 2374; baseline 0.006 -19"><span class='ocrx_word' id='word_1_611' title='bbox 2224 2301 2372 2356; x_wconf 89' lang='lat' dir='ltr'><strong><em>misit</em></strong></span> <span class='ocrx_word' id='word_1_612' title='bbox 2398 2316 2518 2372; x_wconf 66' lang='lat' dir='ltr'><strong><em>quae</em></strong></span> <span class='ocrx_word' id='word_1_613' title='bbox 2544 2303 2756 2371; x_wconf 88' lang='lat' dir='ltr'><strong><em>nuptias</em></strong></span> <span class='ocrx_word' id='word_1_614' title='bbox 2782 2303 2896 2373; x_wconf 87' lang='lat' dir='ltr'><strong><em>ejus</em></strong></span> <span class='ocrx_word' id='word_1_615' title='bbox 2922 2304 3142 2374; x_wconf 88' lang='lat' dir='ltr'><strong><em>appetit,</em></strong></span> <span class='ocrx_word' id='word_1_616' title='bbox 3174 2304 3408 2362; x_wconf 86' lang='lat' dir='ltr'><strong><em>futuram</em></strong></span> <span class='ocrx_word' id='word_1_617' title='bbox 3433 2322 3493 2363; x_wconf 88' lang='lat' dir='ltr'><strong><em>se</em></strong></span> <span class='ocrx_word' id='word_1_618' title='bbox 3517 2321 3639 2364; x_wconf 88' lang='lat' dir='ltr'><strong><em>esse</em></strong></span> <span class='ocrx_word' id='word_1_619' title='bbox 3661 2307 3811 2364; x_wconf 89' lang='lat' dir='ltr'><strong><em>chri-</em></strong></span> 
     </span>
    </p>
   </div>
   <div class='ocr_carea' id='block_1_84' title="bbox 2221 2392 3813 2466">
    <p class='ocr_par' dir='ltr' id='par_1_84' title="bbox 2221 2392 3813 2466">
     <span class='ocr_line' id='line_1_84' title="bbox 2221 2392 3813 2466; baseline 0.006 -20"><span class='ocrx_word' id='word_1_620' title='bbox 2221 2392 2473 2447; x_wconf 88' lang='lat' dir='ltr'><strong><em>stianam.</em></strong></span> <span class='ocrx_word' id='word_1_621' title='bbox 2503 2393 2654 2461; x_wconf 84' lang='lat' dir='ltr'><strong><em>Quod</em></strong></span> <span class='ocrx_word' id='word_1_622' title='bbox 2683 2394 2826 2448; x_wconf 90' lang='lat' dir='ltr'><strong><em>enim</em></strong></span> <span class='ocrx_word' id='word_1_623' title='bbox 2862 2393 3056 2464; x_wconf 88' lang='lat' dir='ltr'><strong><em>cuique</em></strong></span> <span class='ocrx_word' id='word_1_624' title='bbox 3093 2402 3381 2466; x_wconf 86' lang='lat' dir='ltr'><strong><em>antequam</em></strong></span> <span class='ocrx_word' id='word_1_625' title='bbox 3418 2398 3651 2454; x_wconf 77' lang='lat' dir='ltr'><strong><em>vovisset</em></strong></span> <span class='ocrx_word' id='word_1_626' title='bbox 3678 2399 3813 2456; x_wconf 82' lang='lat' dir='ltr'><strong><em>liee-</em></strong></span> 
     </span>
    </p>
   </div>
   <div class='ocr_carea' id='block_1_85' title="bbox 2219 2481 3813 2555">
    <p class='ocr_par' dir='ltr' id='par_1_85' title="bbox 2219 2481 3813 2555">
     <span class='ocr_line' id='line_1_85' title="bbox 2219 2481 3813 2555; baseline 0.007 -19"><span class='ocrx_word' id='word_1_627' title='bbox 2219 2481 2344 2549; x_wconf 86' lang='lat' dir='ltr'><strong><em>bat,</em></strong></span> <span class='ocrx_word' id='word_1_628' title='bbox 2392 2496 2511 2537; x_wconf 92' lang='lat' dir='ltr'><strong><em>cum</em></strong></span> <span class='ocrx_word' id='word_1_629' title='bbox 2567 2481 2621 2536; x_wconf 90' lang='lat' dir='ltr'><strong><em>id</em></strong></span> <span class='ocrx_word' id='word_1_630' title='bbox 2674 2497 2731 2536; x_wconf 90' lang='lat' dir='ltr'><strong><em>se</em></strong></span> <span class='ocrx_word' id='word_1_631' title='bbox 2781 2497 3053 2554; x_wconf 88' lang='lat' dir='ltr'><strong><em>nunquam</em></strong></span> <span class='ocrx_word' id='word_1_632' title='bbox 3109 2483 3373 2542; x_wconf 88' lang='lat' dir='ltr'><strong><em>facturum</em></strong></span> <span class='ocrx_word' id='word_1_633' title='bbox 3425 2488 3664 2555; x_wconf 85' lang='lat' dir='ltr'><strong><em>voverit,</em></strong></span> <span class='ocrx_word' id='word_1_634' title='bbox 3700 2505 3813 2547; x_wconf 88' lang='lat' dir='ltr'><strong><em>non</em></strong></span> 
     </span>
    </p>
   </div>
   <div class='ocr_carea' id='block_1_86' title="bbox 2219 2571 3808 2649">
    <p class='ocr_par' dir='ltr' id='par_1_86' title="bbox 2219 2571 3808 2649">
     <span class='ocr_line' id='line_1_86' title="bbox 2219 2571 3808 2649; baseline 0.006 -24"><span class='ocrx_word' id='word_1_635' title='bbox 2219 2571 2400 2627; x_wconf 89' lang='lat' dir='ltr'><strong><em>licebit</em></strong></span> <span class='ocrx_word' id='word_1_636' title='bbox 2440 2590 2454 2626; x_wconf 90' lang='lat'><strong>:</strong></span> <span class='ocrx_word' id='word_1_637' title='bbox 2504 2571 2548 2626; x_wconf 92' lang='lat' dir='ltr'><strong><em>si</em></strong></span> <span class='ocrx_word' id='word_1_638' title='bbox 2594 2580 2771 2628; x_wconf 90' lang='lat' dir='ltr'><strong><em>tamen</em></strong></span> <span class='ocrx_word' id='word_1_639' title='bbox 2815 2572 2869 2629; x_wconf 89' lang='lat' dir='ltr'><strong><em>id</em></strong></span> <span class='ocrx_word' id='word_1_640' title='bbox 2910 2574 3116 2630; x_wconf 88' lang='lat' dir='ltr'><strong><em>voverit</em></strong></span> <span class='ocrx_word' id='word_1_641' title='bbox 3158 2576 3302 2646; x_wconf 88' lang='lat' dir='ltr'><strong><em>quod</em></strong></span> <span class='ocrx_word' id='word_1_642' title='bbox 3345 2577 3641 2634; x_wconf 86' lang='lat' dir='ltr'><strong><em>vovendum</em></strong></span> <span class='ocrx_word' id='word_1_643' title='bbox 3685 2578 3808 2649; x_wconf 86' lang='lat' dir='ltr'><strong><em>fuit,</em></strong></span> 
     </span>
    </p>
   </div>
   <div class='ocr_carea' id='block_1_87' title="bbox 2218 2663 3813 2743">
    <p class='ocr_par' dir='ltr' id='par_1_87' title="bbox 2218 2663 3813 2743">
     <span class='ocr_line' id='line_1_87' title="bbox 2218 2663 3813 2743; baseline 0.008 -26"><span class='ocrx_word' id='word_1_644' title='bbox 2218 2663 2372 2718; x_wconf 91' lang='lat' dir='ltr'><strong><em>sicuti</em></strong></span> <span class='ocrx_word' id='word_1_645' title='bbox 2417 2671 2498 2718; x_wconf 86' lang='lat' dir='ltr'><strong><em>est</em></strong></span> <span class='ocrx_word' id='word_1_646' title='bbox 2543 2675 2801 2734; x_wconf 90' lang='lat' dir='ltr'><strong><em>perpetua</em></strong></span> <span class='ocrx_word' id='word_1_647' title='bbox 2837 2665 3143 2737; x_wconf 80' lang='lat' dir='ltr'><strong><em>virginitas,</em></strong></span> <span class='ocrx_word' id='word_1_648' title='bbox 3177 2669 3263 2723; x_wconf 86' lang='lat' dir='ltr'><strong><em>vel</em></strong></span> <span class='ocrx_word' id='word_1_649' title='bbox 3309 2670 3638 2727; x_wconf 86' lang='lat' dir='ltr'><strong><em>continentia</em></strong></span> <span class='ocrx_word' id='word_1_650' title='bbox 3684 2683 3813 2743; x_wconf 89' lang='lat' dir='ltr'><strong><em>post</em></strong></span> 
     </span>
    </p>
   </div>
   <div class='ocr_carea' id='block_1_88' title="bbox 2218 2754 3808 2833">
    <p class='ocr_par' dir='ltr' id='par_1_88' title="bbox 2218 2754 3808 2833">
     <span class='ocr_line' id='line_1_88' title="bbox 2218 2754 3808 2833; baseline 0.008 -24"><span class='ocrx_word' id='word_1_651' title='bbox 2218 2764 2439 2824; x_wconf 84' lang='lat' dir='ltr'><strong><em>experta</em></strong></span> <span class='ocrx_word' id='word_1_652' title='bbox 2480 2754 2747 2810; x_wconf 86' lang='lat' dir='ltr'><strong><em>connubia</em></strong></span> <span class='ocrx_word' id='word_1_653' title='bbox 2773 2756 2962 2812; x_wconf 85' lang='lat' dir='ltr'><strong><em>solutis</em></strong></span> <span class='ocrx_word' id='word_1_654' title='bbox 3002 2772 3032 2811; x_wconf 93' lang='lat' dir='ltr'><strong><em>a</em></strong></span> <span class='ocrx_word' id='word_1_655' title='bbox 3061 2758 3274 2815; x_wconf 91' lang='lat' dir='ltr'><strong><em>vinculo</em></strong></span> <span class='ocrx_word' id='word_1_656' title='bbox 3300 2761 3564 2833; x_wconf 78' lang='lat' dir='ltr'><strong><em>conjugali</em></strong></span> <span class='ocrx_word' id='word_1_657' title='bbox 3585 2804 3598 2828; x_wconf 92' lang='lat'><strong><em>,</em></strong></span> <span class='ocrx_word' id='word_1_658' title='bbox 3627 2764 3711 2819; x_wconf 86' lang='lat' dir='ltr'><strong><em>vel</em></strong></span> <span class='ocrx_word' id='word_1_659' title='bbox 3738 2779 3808 2821; x_wconf 78' lang='lat' dir='ltr'><strong><em>ex</em></strong></span> 
     </span>
    </p>
   </div>
   <div class='ocr_carea' id='block_1_89' title="bbox 2217 2846 3810 2912">
    <p class='ocr_par' dir='ltr' id='par_1_89' title="bbox 2217 2846 3810 2912">
     <span class='ocr_line' id='line_1_89' title="bbox 2217 2846 3810 2912; baseline 0.008 -13"><span class='ocrx_word' id='word_1_660' title='bbox 2217 2860 2483 2901; x_wconf 89' lang='lat' dir='ltr'><strong><em>consensu</em></strong></span> <span class='ocrx_word' id='word_1_661' title='bbox 2509 2846 2827 2902; x_wconf 85' lang='lat' dir='ltr'><strong><em>voventibus</em></strong></span> <span class='ocrx_word' id='word_1_662' title='bbox 2855 2856 2911 2903; x_wconf 89' lang='lat' dir='ltr'><strong><em>et</em></strong></span> <span class='ocrx_word' id='word_1_663' title='bbox 2951 2848 3184 2904; x_wconf 88' lang='lat' dir='ltr'><strong><em>carnalia</em></strong></span> <span class='ocrx_word' id='word_1_664' title='bbox 3228 2848 3410 2906; x_wconf 89' lang='lat' dir='ltr'><strong><em>debita</em></strong></span> <span class='ocrx_word' id='word_1_665' title='bbox 3436 2852 3537 2907; x_wconf 90' lang='lat' dir='ltr'><strong><em>sibi</em></strong></span> <span class='ocrx_word' id='word_1_666' title='bbox 3577 2853 3810 2912; x_wconf 89' lang='lat' dir='ltr'><strong><em>invicem</em></strong></span> 
     </span>
    </p>
   </div>
   <div class='ocr_carea' id='block_1_90' title="bbox 2216 2934 3810 3018">
    <p class='ocr_par' dir='ltr' id='par_1_90' title="bbox 2216 2934 3810 3018">
     <span class='ocr_line' id='line_1_90' title="bbox 2216 2934 3810 3018; baseline 0.008 -27"><span class='ocrx_word' id='word_1_667' title='bbox 2216 2937 2579 2993; x_wconf 83' lang='lat' dir='ltr'><strong><em>relaxantibus</em></strong></span> <span class='ocrx_word' id='word_1_668' title='bbox 2644 2934 2891 2995; x_wconf 88' lang='lat' dir='ltr'><strong><em>ﬁdelibus</em></strong></span> <span class='ocrx_word' id='word_1_669' title='bbox 2951 2941 3219 3012; x_wconf 89' lang='lat' dir='ltr'><strong><em>castisque</em></strong></span> <span class='ocrx_word' id='word_1_670' title='bbox 3256 2943 3611 3016; x_wconf 78' lang='lat' dir='ltr'><strong><em>conjugibus;</em></strong></span> <span class='ocrx_word' id='word_1_671' title='bbox 3662 2948 3810 3018; x_wconf 87' lang='lat' dir='ltr'><strong><em>quod</em></strong></span> 
     </span>
    </p>
   </div>
   <div class='ocr_carea' id='block_1_91' title="bbox 2217 3027 3811 3096">
    <p class='ocr_par' dir='ltr' id='par_1_91' title="bbox 2217 3027 3811 3096">
     <span class='ocr_line' id='line_1_91' title="bbox 2217 3027 3811 3096; baseline 0.009 -15"><span class='ocrx_word' id='word_1_672' title='bbox 2217 3028 2442 3083; x_wconf 89' lang='lat' dir='ltr'><strong><em>alterum</em></strong></span> <span class='ocrx_word' id='word_1_673' title='bbox 2487 3027 2603 3085; x_wconf 87' lang='lat' dir='ltr'><strong><em>sine</em></strong></span> <span class='ocrx_word' id='word_1_674' title='bbox 2643 3029 2831 3096; x_wconf 88' lang='lat' dir='ltr'><strong><em>altera,</em></strong></span> <span class='ocrx_word' id='word_1_675' title='bbox 2878 3030 2961 3086; x_wconf 85' lang='lat' dir='ltr'><strong><em>vel</em></strong></span> <span class='ocrx_word' id='word_1_676' title='bbox 3006 3031 3231 3088; x_wconf 89' lang='lat' dir='ltr'><strong><em>alteram</em></strong></span> <span class='ocrx_word' id='word_1_677' title='bbox 3259 3034 3377 3092; x_wconf 84' lang='lat' dir='ltr'><strong><em>sine</em></strong></span> <span class='ocrx_word' id='word_1_678' title='bbox 3405 3035 3574 3092; x_wconf 89' lang='lat' dir='ltr'><strong><em>altero</em></strong></span> <span class='ocrx_word' id='word_1_679' title='bbox 3610 3053 3811 3096; x_wconf 83' lang='lat' dir='ltr'><strong><em>vovere</em></strong></span> 
     </span>
    </p>
   </div>
   <div class='ocr_carea' id='block_1_92' title="bbox 2216 3118 3808 3202">
    <p class='ocr_par' dir='ltr' id='par_1_92' title="bbox 2216 3118 3808 3202">
     <span class='ocr_line' id='line_1_92' title="bbox 2216 3118 3808 3202; baseline 0.009 -29"><span class='ocrx_word' id='word_1_680' title='bbox 2216 3118 2297 3174; x_wconf 88' lang='lat' dir='ltr'><strong><em>fas</em></strong></span> <span class='ocrx_word' id='word_1_681' title='bbox 2340 3136 2448 3175; x_wconf 90' lang='lat' dir='ltr'><strong><em>non</em></strong></span> <span class='ocrx_word' id='word_1_682' title='bbox 2490 3131 2592 3176; x_wconf 88' lang='lat' dir='ltr'><strong><em>est.</em></strong></span> <span class='ocrx_word' id='word_1_683' title='bbox 2642 3120 2769 3178; x_wconf 83' lang='lat' dir='ltr'><strong><em>Haec</em></strong></span> <span class='ocrx_word' id='word_1_684' title='bbox 2824 3137 2981 3192; x_wconf 85' lang='lat' dir='ltr'><strong><em>ergo,</em></strong></span> <span class='ocrx_word' id='word_1_685' title='bbox 3028 3132 3083 3179; x_wconf 90' lang='lat' dir='ltr'><strong><em>et</em></strong></span> <span class='ocrx_word' id='word_1_686' title='bbox 3125 3124 3173 3179; x_wconf 88' lang='lat' dir='ltr'><strong><em>si</em></strong></span> <span class='ocrx_word' id='word_1_687' title='bbox 3226 3140 3331 3196; x_wconf 89' lang='lat' dir='ltr'><strong><em>qua</em></strong></span> <span class='ocrx_word' id='word_1_688' title='bbox 3373 3127 3475 3182; x_wconf 89' lang='lat' dir='ltr'><strong><em>alia</em></strong></span> <span class='ocrx_word' id='word_1_689' title='bbox 3523 3139 3648 3185; x_wconf 85' lang='lat' dir='ltr'><strong><em>sunt</em></strong></span> <span class='ocrx_word' id='word_1_690' title='bbox 3686 3146 3808 3202; x_wconf 64' lang='lat' dir='ltr'><strong><em>quae</em></strong></span> 
     </span>
    </p>
   </div>
   <div class='ocr_carea' id='block_1_93' title="bbox 2216 3213 3807 3289">
    <p class='ocr_par' dir='ltr' id='par_1_93' title="bbox 2216 3213 3807 3289">
     <span class='ocr_line' id='line_1_93' title="bbox 2216 3213 3807 3289; baseline 0.008 -23"><span class='ocrx_word' id='word_1_691' title='bbox 2216 3213 2515 3268; x_wconf 88' lang='lat' dir='ltr'><strong><em>rectissime</em></strong></span> <span class='ocrx_word' id='word_1_692' title='bbox 2558 3224 2853 3280; x_wconf 87' lang='lat' dir='ltr'><strong><em>voventur,</em></strong></span> <span class='ocrx_word' id='word_1_693' title='bbox 2897 3230 3020 3270; x_wconf 90' lang='lat' dir='ltr'><strong><em>cum</em></strong></span> <span class='ocrx_word' id='word_1_694' title='bbox 3064 3215 3308 3272; x_wconf 85' lang='lat' dir='ltr'><strong><em>homines</em></strong></span> <span class='ocrx_word' id='word_1_695' title='bbox 3350 3221 3614 3289; x_wconf 88' lang='lat' dir='ltr'><strong><em>voverint,</em></strong></span> <span class='ocrx_word' id='word_1_696' title='bbox 3661 3224 3807 3279; x_wconf 87' lang='lat' dir='ltr'><strong><em>nulla</em></strong></span> 
     </span>
    </p>
   </div>
   <div class='ocr_carea' id='block_1_94' title="bbox 2215 3304 3810 3379">
    <p class='ocr_par' dir='ltr' id='par_1_94' title="bbox 2215 3304 3810 3379">
     <span class='ocr_line' id='line_1_94' title="bbox 2215 3304 3810 3379; baseline 0.011 -20"><span class='ocrx_word' id='word_1_697' title='bbox 2215 3304 2525 3360; x_wconf 88' lang='lat' dir='ltr'><strong><em>conditione</em></strong></span> <span class='ocrx_word' id='word_1_698' title='bbox 2554 3306 2852 3376; x_wconf 89' lang='lat' dir='ltr'><strong><em>rumpenda</em></strong></span> <span class='ocrx_word' id='word_1_699' title='bbox 2879 3317 3022 3375; x_wconf 85' lang='lat' dir='ltr'><strong><em>sunt,</em></strong></span> <span class='ocrx_word' id='word_1_700' title='bbox 3067 3324 3187 3379; x_wconf 84' lang='lat' dir='ltr'><strong><em>quae</em></strong></span> <span class='ocrx_word' id='word_1_701' title='bbox 3226 3310 3341 3366; x_wconf 89' lang='lat' dir='ltr'><strong><em>sine</em></strong></span> <span class='ocrx_word' id='word_1_702' title='bbox 3371 3312 3476 3368; x_wconf 89' lang='lat' dir='ltr'><strong><em>ulla</em></strong></span> <span class='ocrx_word' id='word_1_703' title='bbox 3500 3315 3810 3376; x_wconf 85' lang='lat' dir='ltr'><strong><em>conditione</em></strong></span> 
     </span>
    </p>
   </div>
   <div class='ocr_carea' id='block_1_95' title="bbox 2216 3396 3808 3474">
    <p class='ocr_par' dir='ltr' id='par_1_95' title="bbox 2216 3396 3808 3474">
     <span class='ocr_line' id='line_1_95' title="bbox 2216 3396 3808 3474; baseline 0.011 -27"><span class='ocrx_word' id='word_1_704' title='bbox 2216 3403 2493 3451; x_wconf 84' lang='lat' dir='ltr'><strong><em>voverunt.</em></strong></span> <span class='ocrx_word' id='word_1_705' title='bbox 2540 3396 2673 3465; x_wconf 86' lang='lat' dir='ltr'><strong><em>Quia</em></strong></span> <span class='ocrx_word' id='word_1_706' title='bbox 2716 3408 2771 3452; x_wconf 88' lang='lat' dir='ltr'><strong><em>et</em></strong></span> <span class='ocrx_word' id='word_1_707' title='bbox 2812 3397 2916 3454; x_wconf 89' lang='lat' dir='ltr'><strong><em>hoc</em></strong></span> <span class='ocrx_word' id='word_1_708' title='bbox 2947 3398 3232 3455; x_wconf 90' lang='lat' dir='ltr'><strong><em>Dominum</em></strong></span> <span class='ocrx_word' id='word_1_709' title='bbox 3264 3406 3581 3474; x_wconf 59' lang='lat' dir='ltr'><strong><em>praecepisse</em></strong></span> <span class='ocrx_word' id='word_1_710' title='bbox 3610 3405 3808 3464; x_wconf 82' lang='lat' dir='ltr'><strong><em>intelli-</em></strong></span> 
     </span>
    </p>
   </div>
   <div class='ocr_carea' id='block_1_96' title="bbox 2214 3484 3807 3559">
    <p class='ocr_par' dir='ltr' id='par_1_96' title="bbox 2214 3484 3807 3559">
     <span class='ocr_line' id='line_1_96' title="bbox 2214 3484 3807 3559; baseline 0.011 -21"><span class='ocrx_word' id='word_1_711' title='bbox 2214 3484 2445 3556; x_wconf 85' lang='lat' dir='ltr'><strong><em>gendum</em></strong></span> <span class='ocrx_word' id='word_1_712' title='bbox 2475 3494 2584 3554; x_wconf 89' lang='lat' dir='ltr'><strong><em>est,</em></strong></span> <span class='ocrx_word' id='word_1_713' title='bbox 2613 3484 2705 3541; x_wconf 90' lang='lat' dir='ltr'><strong><em>ubi</em></strong></span> <span class='ocrx_word' id='word_1_714' title='bbox 2748 3487 2943 3559; x_wconf 88' lang='lat' dir='ltr'><strong><em>legitur</em></strong></span> <span class='ocrx_word' id='word_1_715' title='bbox 2981 3506 2993 3541; x_wconf 90' lang='lat'><strong>:</strong></span> <span class='ocrx_word' id='word_1_716' title='bbox 3034 3486 3251 3557; x_wconf 82' lang='lat' dir='ltr'><strong><em>Vovete,</em></strong></span> <span class='ocrx_word' id='word_1_717' title='bbox 3284 3501 3332 3547; x_wconf 82' lang='lat' dir='ltr'><strong><em>et</em></strong></span> <span class='ocrx_word' id='word_1_718' title='bbox 3364 3493 3559 3549; x_wconf 82' lang='lat' dir='ltr'><strong><em>reddite</em></strong></span> <span class='ocrx_word' id='word_1_719' title='bbox 3586 3494 3807 3555; x_wconf 86' lang='lat' dir='ltr'><strong><em>Domino</em></strong></span> 
     </span>
    </p>
   </div>
   <div class='ocr_carea' id='block_1_97' title="bbox 2215 3575 3805 3660">
    <p class='ocr_par' dir='ltr' id='par_1_97' title="bbox 2215 3575 3805 3660">
     <span class='ocr_line' id='line_1_97' title="bbox 2215 3575 3805 3660; baseline 0.01 -30"><span class='ocrx_word' id='word_1_720' title='bbox 2215 3575 2326 3631; x_wconf 88' lang='lat' dir='ltr'><strong><em>Deo</em></strong></span> <span class='ocrx_word' id='word_1_721' title='bbox 2355 3589 2515 3632; x_wconf 87' lang='lat' dir='ltr'><strong><em>vestro</em></strong></span> <span class='ocrx_word' id='word_1_722' title='bbox 2545 3575 2716 3651; x_wconf 87' lang='lat' dir='ltr'><strong><em>(Psal.</em></strong></span> <span class='ocrx_word' id='word_1_723' title='bbox 2748 3595 2905 3647; x_wconf 81' lang='lat' dir='ltr'><strong><em>Lxxv,</em></strong></span> <span class='ocrx_word' id='word_1_724' title='bbox 2935 3578 3056 3653; x_wconf 76' lang='grc'><strong>12).</strong></span> <span class='ocrx_word' id='word_1_725' title='bbox 3086 3576 3241 3638; x_wconf 85' lang='lat' dir='ltr'><strong><em>Unde</em></strong></span> <span class='ocrx_word' id='word_1_726' title='bbox 3267 3584 3556 3654; x_wconf 80' lang='lat' dir='ltr'><strong><em>Apostolus</em></strong></span> <span class='ocrx_word' id='word_1_727' title='bbox 3591 3586 3659 3644; x_wconf 87' lang='lat' dir='ltr'><strong><em>de</em></strong></span> <span class='ocrx_word' id='word_1_728' title='bbox 3683 3589 3805 3660; x_wconf 85' lang='lat' dir='ltr'><strong><em>qui-</em></strong></span> 
     </span>
    </p>
   </div>
   <div class='ocr_carea' id='block_1_98' title="bbox 2219 3668 3808 3748">
    <p class='ocr_par' dir='ltr' id='par_1_98' title="bbox 2219 3668 3808 3748">
     <span class='ocr_line' id='line_1_98' title="bbox 2219 3668 3808 3748; baseline 0.01 -26"><span class='ocrx_word' id='word_1_729' title='bbox 2219 3668 2443 3724; x_wconf 89' lang='lat' dir='ltr'><strong><em>busdam</em></strong></span> <span class='ocrx_word' id='word_1_730' title='bbox 2485 3686 2603 3741; x_wconf 74' lang='lat' dir='ltr'><strong><em>qurc</em></strong></span> <span class='ocrx_word' id='word_1_731' title='bbox 2632 3670 3015 3727; x_wconf 85' lang='lat' dir='ltr'><strong><em>continentiam</em></strong></span> <span class='ocrx_word' id='word_1_732' title='bbox 3046 3683 3272 3744; x_wconf 86' lang='lat' dir='ltr'><strong><em>vovent,</em></strong></span> <span class='ocrx_word' id='word_1_733' title='bbox 3301 3684 3357 3731; x_wconf 90' lang='lat' dir='ltr'><strong><em>et</em></strong></span> <span class='ocrx_word' id='word_1_734' title='bbox 3386 3685 3572 3748; x_wconf 85' lang='lat' dir='ltr'><strong><em>postea</em></strong></span> <span class='ocrx_word' id='word_1_735' title='bbox 3602 3679 3808 3739; x_wconf 80' lang='lat' dir='ltr'><strong><em>nubere</em></strong></span> 
     </span>
    </p>
   </div>
   <div class='ocr_carea' id='block_1_99' title="bbox 2215 3761 3802 3840">
    <p class='ocr_par' dir='ltr' id='par_1_99' title="bbox 2215 3761 3802 3840">
     <span class='ocr_line' id='line_1_99' title="bbox 2215 3761 3802 3840; baseline 0.011 -27"><span class='ocrx_word' id='word_1_736' title='bbox 2215 3761 2419 3827; x_wconf 89' lang='lat' dir='ltr'><strong><em>volunt,</em></strong></span> <span class='ocrx_word' id='word_1_737' title='bbox 2447 3761 2589 3832; x_wconf 88' lang='lat' dir='ltr'><strong><em>quod</em></strong></span> <span class='ocrx_word' id='word_1_738' title='bbox 2629 3762 2708 3817; x_wconf 90' lang='lat' dir='ltr'><strong><em>eis</em></strong></span> <span class='ocrx_word' id='word_1_739' title='bbox 2734 3771 3019 3833; x_wconf 88' lang='lat' dir='ltr'><strong><em>antequam</em></strong></span> <span class='ocrx_word' id='word_1_740' title='bbox 3050 3765 3325 3823; x_wconf 86' lang='lat' dir='ltr'><strong><em>vovissent</em></strong></span> <span class='ocrx_word' id='word_1_741' title='bbox 3352 3770 3536 3840; x_wconf 85' lang='lat' dir='ltr'><strong><em>utique</em></strong></span> <span class='ocrx_word' id='word_1_742' title='bbox 3572 3770 3802 3829; x_wconf 87' lang='lat' dir='ltr'><strong><em>licebat:</em></strong></span> 
     </span>
    </p>
   </div>
   <div class='ocr_carea' id='block_1_100' title="bbox 2216 3848 3806 3933">
    <p class='ocr_par' dir='ltr' id='par_1_100' title="bbox 2216 3848 3806 3933">
     <span class='ocr_line' id='line_1_100' title="bbox 2216 3848 3806 3933; baseline 0.011 -30"><span class='ocrx_word' id='word_1_743' title='bbox 2216 3848 2494 3919; x_wconf 83' lang='lat' dir='ltr'><strong><em>Habentes,</em></strong></span> <span class='ocrx_word' id='word_1_744' title='bbox 2515 3852 2706 3921; x_wconf 86' lang='lat' dir='ltr'><strong><em>inquit,</em></strong></span> <span class='ocrx_word' id='word_1_745' title='bbox 2730 3854 3122 3923; x_wconf 85' lang='lat' dir='ltr'><strong><em>damnationem,</em></strong></span> <span class='ocrx_word' id='word_1_746' title='bbox 3146 3858 3387 3928; x_wconf 87' lang='lat' dir='ltr'><strong><em>quoniam</em></strong></span> <span class='ocrx_word' id='word_1_747' title='bbox 3410 3861 3628 3932; x_wconf 72' lang='lat' dir='ltr'><strong><em>primam</em></strong></span> <span class='ocrx_word' id='word_1_748' title='bbox 3646 3863 3806 3933; x_wconf 71' lang='lat' dir='ltr'><strong><em>ﬁdem</em></strong></span> 
     </span>
    </p>
   </div>
   <div class='ocr_carea' id='block_1_101' title="bbox 2214 3942 3142 4018">
    <p class='ocr_par' dir='ltr' id='par_1_101' title="bbox 2214 3942 3142 4018">
     <span class='ocr_line' id='line_1_101' title="bbox 2214 3942 3142 4018; baseline 0.008 -24"><span class='ocrx_word' id='word_1_749' title='bbox 2214 3942 2414 3996; x_wconf 88' lang='lat' dir='ltr'><strong><em>irritant</em></strong></span> <span class='ocrx_word' id='word_1_750' title='bbox 2443 3947 2669 4015; x_wconf 87' lang='lat' dir='ltr'><strong><em>fecerunt</em></strong></span> <span class='ocrx_word' id='word_1_751' title='bbox 2696 3942 2756 4015; x_wconf 84' lang='grc' dir='ltr'><strong><em>(Ι</em></strong></span> <span class='ocrx_word' id='word_1_752' title='bbox 2785 3942 2923 4016; x_wconf 56' lang='lat' dir='ltr'><strong><em>Tim.</em></strong></span> <span class='ocrx_word' id='word_1_753' title='bbox 2942 3960 2997 4012; x_wconf 86' lang='lat' dir='ltr'><strong><em>v,</em></strong></span> <span class='ocrx_word' id='word_1_754' title='bbox 3029 3945 3142 4018; x_wconf 72' lang='grc'><strong>12).</strong></span> 
     </span>
    </p>
   </div>
   <div class='ocr_carea' id='block_1_102' title="bbox 2287 4038 3797 4125">
    <p class='ocr_par' dir='ltr' id='par_1_102' title="bbox 2287 4038 3797 4125">
     <span class='ocr_line' id='line_1_102' title="bbox 2287 4038 3797 4125; baseline 0.009 -32"><span class='ocrx_word' id='word_1_755' title='bbox 2287 4039 2375 4094; x_wconf 76' lang='grc'><strong>31.</strong></span> <span class='ocrx_word' id='word_1_756' title='bbox 2404 4038 2548 4094; x_wconf 89' lang='lat' dir='ltr'><strong><em>Nihil</em></strong></span> <span class='ocrx_word' id='word_1_757' title='bbox 2573 4054 2703 4110; x_wconf 83' lang='lat' dir='ltr'><strong><em>ergo</em></strong></span> <span class='ocrx_word' id='word_1_758' title='bbox 2740 4039 2957 4110; x_wconf 80' lang='lat' dir='ltr'><strong><em>expedit</em></strong></span> <span class='ocrx_word' id='word_1_759' title='bbox 2981 4041 3125 4112; x_wconf 90' lang='lat' dir='ltr'><strong><em>quod</em></strong></span> <span class='ocrx_word' id='word_1_760' title='bbox 3154 4042 3398 4100; x_wconf 88' lang='lat' dir='ltr'><strong><em>illicitum</em></strong></span> <span class='ocrx_word' id='word_1_761' title='bbox 3423 4054 3543 4115; x_wconf 82' lang='lat' dir='ltr'><strong><em>est,</em></strong></span> <span class='ocrx_word' id='word_1_762' title='bbox 3568 4055 3627 4125; x_wconf 62' lang='lat' dir='ltr'><strong><em>et</em></strong></span> <span class='ocrx_word' id='word_1_763' title='bbox 3659 4047 3797 4107; x_wconf 85' lang='lat' dir='ltr'><strong><em>nihil</em></strong></span> 
     </span>
    </p>
   </div>
   <div class='ocr_carea' id='block_1_103' title="bbox 2214 4129 3282 4199">
    <p class='ocr_par' dir='ltr' id='par_1_103' title="bbox 2214 4129 3282 4199">
     <span class='ocr_line' id='line_1_103' title="bbox 2214 4129 3282 4199; baseline 0.006 -15"><span class='ocrx_word' id='word_1_764' title='bbox 2214 4129 2357 4199; x_wconf 89' lang='lat' dir='ltr'><strong><em>quod</em></strong></span> <span class='ocrx_word' id='word_1_765' title='bbox 2388 4131 2637 4199; x_wconf 89' lang='lat' dir='ltr'><strong><em>prohibet</em></strong></span> <span class='ocrx_word' id='word_1_766' title='bbox 2661 4130 2919 4187; x_wconf 89' lang='lat' dir='ltr'><strong><em>Dominus</em></strong></span> <span class='ocrx_word' id='word_1_767' title='bbox 2949 4131 3153 4188; x_wconf 89' lang='lat' dir='ltr'><strong><em>licitum</em></strong></span> <span class='ocrx_word' id='word_1_768' title='bbox 3179 4143 3282 4190; x_wconf 88' lang='lat' dir='ltr'><strong><em>est.</em></strong></span> 
     </span>
    </p>
   </div>
   <div class='ocr_carea' id='block_1_104' title="bbox 2285 4219 3805 4304">
    <p class='ocr_par' dir='ltr' id='par_1_104' title="bbox 2285 4219 3805 4304">
     <span class='ocr_line' id='line_1_104' title="bbox 2285 4219 3805 4304; baseline 0.01 -29"><span class='ocrx_word' id='word_1_769' title='bbox 2285 4220 2509 4278; x_wconf 85' lang='lat' dir='ltr'><strong>CAPUT</strong></span> <span class='ocrx_word' id='word_1_770' title='bbox 2546 4219 2715 4275; x_wconf 78' lang='lat' dir='ltr'><strong>XXV.</strong></span> <span class='ocrx_word' id='word_1_771' title='bbox 2762 4251 2833 4261; x_wconf 91' lang='lat'><strong><em>-—</em></strong></span> <span class='ocrx_word' id='word_1_772' title='bbox 2876 4222 3156 4279; x_wconf 80' lang='lat' dir='ltr'><strong><em>Consilium</em></strong></span> <span class='ocrx_word' id='word_1_773' title='bbox 3204 4225 3433 4298; x_wconf 76' lang='lat' dir='ltr'><strong><em>Apostoli</em></strong></span> <span class='ocrx_word' id='word_1_774' title='bbox 3489 4230 3545 4283; x_wconf 83' lang='lat' dir='ltr'><strong><em>in</em></strong></span> <span class='ocrx_word' id='word_1_775' title='bbox 3584 4230 3647 4286; x_wconf 86' lang='lat' dir='ltr'><strong><em>iis</em></strong></span> <span class='ocrx_word' id='word_1_776' title='bbox 3687 4249 3805 4304; x_wconf 74' lang='lat' dir='ltr'><strong><em>qua:</em></strong></span> 
     </span>
    </p>
   </div>
   <div class='ocr_carea' id='block_1_105' title="bbox 2215 4316 3803 4398">
    <p class='ocr_par' dir='ltr' id='par_1_105' title="bbox 2215 4316 3803 4398">
     <span class='ocr_line' id='line_1_105' title="bbox 2215 4316 3803 4398; baseline 0.009 -31"><span class='ocrx_word' id='word_1_777' title='bbox 2215 4323 2466 4383; x_wconf 76' lang='lat' dir='ltr'><strong><em>prwcepta</em></strong></span> <span class='ocrx_word' id='word_1_778' title='bbox 2506 4330 2608 4368; x_wconf 87' lang='lat' dir='ltr'><strong><em>non</em></strong></span> <span class='ocrx_word' id='word_1_779' title='bbox 2644 4322 2794 4382; x_wconf 87' lang='lat' dir='ltr'><strong><em>sunt,</em></strong></span> <span class='ocrx_word' id='word_1_780' title='bbox 2825 4316 3161 4370; x_wconf 85' lang='lat' dir='ltr'><strong><em>audiendum.</em></strong></span> <span class='ocrx_word' id='word_1_781' title='bbox 3208 4316 3431 4382; x_wconf 74' lang='lat' dir='ltr'><strong><em>QutBstio</em></strong></span> <span class='ocrx_word' id='word_1_782' title='bbox 3458 4319 3523 4374; x_wconf 79' lang='lat' dir='ltr'><strong><em>de</em></strong></span> <span class='ocrx_word' id='word_1_783' title='bbox 3549 4324 3803 4398; x_wconf 83' lang='lat' dir='ltr'><strong><em>conjugiis</em></strong></span> 
     </span>
    </p>
   </div>
   <div class='ocr_carea' id='block_1_106' title="bbox 2215 4405 3803 4476">
    <p class='ocr_par' dir='ltr' id='par_1_106' title="bbox 2215 4405 3803 4476">
     <span class='ocr_line' id='line_1_106' title="bbox 2215 4405 3803 4476; baseline 0.01 -20"><span class='ocrx_word' id='word_1_784' title='bbox 2215 4405 2529 4476; x_wconf 69' lang='lat' dir='ltr'><strong><em>diﬁiciuima.</em></strong></span> <span class='ocrx_word' id='word_1_785' title='bbox 2561 4405 2676 4459; x_wconf 81' lang='lat' dir='ltr'><strong><em>Alia</em></strong></span> <span class='ocrx_word' id='word_1_786' title='bbox 2724 4407 2933 4476; x_wconf 64' lang='lat' dir='ltr'><strong><em>quaestio</em></strong></span> <span class='ocrx_word' id='word_1_787' title='bbox 2981 4406 3244 4463; x_wconf 83' lang='lat' dir='ltr'><strong><em>Pollentii.</em></strong></span> <span class='ocrx_word' id='word_1_788' title='bbox 3272 4409 3400 4476; x_wconf 66' lang='lat' dir='ltr'><strong><em>Quae</em></strong></span> <span class='ocrx_word' id='word_1_789' title='bbox 3435 4419 3616 4468; x_wconf 86' lang='lat' dir='ltr'><strong><em>autem</em></strong></span> <span class='ocrx_word' id='word_1_790' title='bbox 3653 4417 3803 4473; x_wconf 91' lang='lat' dir='ltr'><strong><em>nullo</em></strong></span> 
     </span>
    </p>
   </div>
   <div class='ocr_carea' id='block_1_107' title="bbox 2217 4497 3802 4571">
    <p class='ocr_par' dir='ltr' id='par_1_107' title="bbox 2217 4497 3802 4571">
     <span class='ocr_line' id='line_1_107' title="bbox 2217 4497 3802 4571; baseline 0.01 -21"><span class='ocrx_word' id='word_1_791' title='bbox 2217 4497 2429 4551; x_wconf 91' lang='lat' dir='ltr'><strong><em>Domini</em></strong></span> <span class='ocrx_word' id='word_1_792' title='bbox 2454 4498 2850 4570; x_wconf 81' lang='lat' dir='ltr'><strong><em>constringente</em></strong></span> <span class='ocrx_word' id='word_1_793' title='bbox 2883 4508 3152 4569; x_wconf 66' lang='lat' dir='ltr'><strong><em>prazcepto</em></strong></span> <span class='ocrx_word' id='word_1_794' title='bbox 3183 4501 3238 4556; x_wconf 88' lang='lat' dir='ltr'><strong><em>in</em></strong></span> <span class='ocrx_word' id='word_1_795' title='bbox 3277 4510 3540 4571; x_wconf 85' lang='lat' dir='ltr'><strong><em>potestate</em></strong></span> <span class='ocrx_word' id='word_1_796' title='bbox 3579 4505 3802 4565; x_wconf 85' lang='lat' dir='ltr'><strong><em>dimissa</em></strong></span> 
     </span>
    </p>
   </div>
   <div class='ocr_carea' id='block_1_108' title="bbox 2213 4582 3803 4665">
    <p class='ocr_par' dir='ltr' id='par_1_108' title="bbox 2213 4582 3803 4665">
     <span class='ocr_line' id='line_1_108' title="bbox 2213 4582 3803 4665; baseline 0.008 -21"><span class='ocrx_word' id='word_1_797' title='bbox 2213 4596 2370 4654; x_wconf 89' lang='lat' dir='ltr'><strong><em>sunt,</em></strong></span> <span class='ocrx_word' id='word_1_798' title='bbox 2416 4589 2470 4643; x_wconf 90' lang='lat' dir='ltr'><strong><em>in</em></strong></span> <span class='ocrx_word' id='word_1_799' title='bbox 2517 4588 2601 4644; x_wconf 88' lang='lat' dir='ltr'><strong><em>his</em></strong></span> <span class='ocrx_word' id='word_1_800' title='bbox 2637 4582 2885 4648; x_wconf 80' lang='lat' dir='ltr'><strong><em>audiatur</em></strong></span> <span class='ocrx_word' id='word_1_801' title='bbox 2922 4591 3229 4661; x_wconf 85' lang='lat' dir='ltr'><strong><em>Apostolus,</em></strong></span> <span class='ocrx_word' id='word_1_802' title='bbox 3272 4591 3324 4647; x_wconf 92' lang='lat' dir='ltr'><strong><em>in</em></strong></span> <span class='ocrx_word' id='word_1_803' title='bbox 3367 4593 3571 4665; x_wconf 84' lang='lat' dir='ltr'><strong><em>Spiritu</em></strong></span> <span class='ocrx_word' id='word_1_804' title='bbox 3612 4611 3803 4656; x_wconf 89' lang='lat' dir='ltr'><strong><em>sancto</em></strong></span> 
     </span>
    </p>
   </div>
   <div class='ocr_carea' id='block_1_109' title="bbox 2213 4684 3800 4759">
    <p class='ocr_par' dir='ltr' id='par_1_109' title="bbox 2213 4684 3800 4759">
     <span class='ocr_line' id='line_1_109' title="bbox 2213 4684 3800 4759; baseline 0.006 -21"><span class='ocrx_word' id='word_1_805' title='bbox 2213 4696 2439 4738; x_wconf 90' lang='lat' dir='ltr'><strong><em>monens</em></strong></span> <span class='ocrx_word' id='word_1_806' title='bbox 2481 4692 2535 4739; x_wconf 90' lang='lat' dir='ltr'><strong><em>et</em></strong></span> <span class='ocrx_word' id='word_1_807' title='bbox 2575 4685 2863 4745; x_wconf 86' lang='lat' dir='ltr'><strong><em>consulens</em></strong></span> <span class='ocrx_word' id='word_1_808' title='bbox 2906 4692 2964 4739; x_wconf 91' lang='lat' dir='ltr'><strong><em>ut</em></strong></span> <span class='ocrx_word' id='word_1_809' title='bbox 2988 4684 3072 4740; x_wconf 87' lang='lat' dir='ltr'><strong><em>vel</em></strong></span> <span class='ocrx_word' id='word_1_810' title='bbox 3113 4686 3335 4742; x_wconf 89' lang='lat' dir='ltr'><strong><em>meliora</em></strong></span> <span class='ocrx_word' id='word_1_811' title='bbox 3373 4689 3680 4759; x_wconf 86' lang='lat' dir='ltr'><strong><em>capiantur,</em></strong></span> <span class='ocrx_word' id='word_1_812' title='bbox 3716 4694 3800 4749; x_wconf 89' lang='lat' dir='ltr'><strong><em>vel</em></strong></span> 
     </span>
    </p>
   </div>
   <div class='ocr_carea' id='block_1_110' title="bbox 2212 4776 3799 4852">
    <p class='ocr_par' dir='ltr' id='par_1_110' title="bbox 2212 4776 3799 4852">
     <span class='ocr_line' id='line_1_110' title="bbox 2212 4776 3799 4852; baseline 0.007 -23"><span class='ocrx_word' id='word_1_813' title='bbox 2212 4789 2274 4829; x_wconf 88' lang='lat' dir='ltr'><strong><em>ca</em></strong></span> <span class='ocrx_word' id='word_1_814' title='bbox 2305 4788 2424 4845; x_wconf 74' lang='lat' dir='ltr'><strong><em>quae</em></strong></span> <span class='ocrx_word' id='word_1_815' title='bbox 2450 4789 2557 4830; x_wconf 90' lang='lat' dir='ltr'><strong><em>non</em></strong></span> <span class='ocrx_word' id='word_1_816' title='bbox 2579 4776 2870 4846; x_wconf 81' lang='lat' dir='ltr'><strong><em>expediunt</em></strong></span> <span class='ocrx_word' id='word_1_817' title='bbox 2889 4784 3196 4833; x_wconf 87' lang='lat' dir='ltr'><strong><em>caveantur.</em></strong></span> <span class='ocrx_word' id='word_1_818' title='bbox 3228 4777 3303 4834; x_wconf 89' lang='lat' dir='ltr'><strong><em>lbi</em></strong></span> <span class='ocrx_word' id='word_1_819' title='bbox 3326 4779 3572 4836; x_wconf 84' lang='lat' dir='ltr'><strong><em>audiatur</em></strong></span> <span class='ocrx_word' id='word_1_820' title='bbox 3590 4783 3799 4852; x_wconf 87' lang='lat' dir='ltr'><strong><em>dicens,</em></strong></span> 
     </span>
    </p>
   </div>
   <div class='ocr_carea' id='block_1_111' title="bbox 2214 4864 3803 4943">
    <p class='ocr_par' dir='ltr' id='par_1_111' title="bbox 2214 4864 3803 4943">
     <span class='ocr_line' id='line_1_111' title="bbox 2214 4864 3803 4943; baseline 0.006 -24"><span class='ocrx_word' id='word_1_821' title='bbox 2214 4864 2536 4935; x_wconf 67' lang='lat' dir='ltr'><strong><em>Praeceptum</em></strong></span> <span class='ocrx_word' id='word_1_822' title='bbox 2564 4864 2772 4922; x_wconf 88' lang='lat' dir='ltr'><strong><em>Dontini</em></strong></span> <span class='ocrx_word' id='word_1_823' title='bbox 2817 4884 2920 4922; x_wconf 88' lang='lat' dir='ltr'><strong><em>non</em></strong></span> <span class='ocrx_word' id='word_1_824' title='bbox 2966 4866 3146 4936; x_wconf 77' lang='lat' dir='ltr'><strong><em>habeo,</em></strong></span> <span class='ocrx_word' id='word_1_825' title='bbox 3177 4870 3445 4925; x_wconf 86' lang='lat' dir='ltr'><strong><em>consilium</em></strong></span> <span class='ocrx_word' id='word_1_826' title='bbox 3488 4882 3654 4927; x_wconf 85' lang='lat' dir='ltr'><strong><em>autem</em></strong></span> <span class='ocrx_word' id='word_1_827' title='bbox 3692 4876 3803 4943; x_wconf 87' lang='lat' dir='ltr'><strong><em>do;</em></strong></span> 
     </span>
    </p>
   </div>
   <div class='ocr_carea' id='block_1_112' title="bbox 2210 4954 3799 5035">
    <p class='ocr_par' dir='ltr' id='par_1_112' title="bbox 2210 4954 3799 5035">
     <span class='ocr_line' id='line_1_112' title="bbox 2210 4954 3799 5035; baseline 0.006 -24"><span class='ocrx_word' id='word_1_828' title='bbox 2210 4964 2299 5024; x_wconf 88' lang='lat' dir='ltr'><strong><em>et,</em></strong></span> <span class='ocrx_word' id='word_1_829' title='bbox 2324 4954 2435 5027; x_wconf 85' lang='lat' dir='ltr'><strong><em>Ego</em></strong></span> <span class='ocrx_word' id='word_1_830' title='bbox 2461 4956 2573 5010; x_wconf 89' lang='lat' dir='ltr'><strong><em>dico</em></strong></span> <span class='ocrx_word' id='word_1_831' title='bbox 2592 4996 2609 5023; x_wconf 96' lang='lat'><strong><em>,</em></strong></span> <span class='ocrx_word' id='word_1_832' title='bbox 2636 4972 2737 5011; x_wconf 90' lang='lat' dir='ltr'><strong><em>non</em></strong></span> <span class='ocrx_word' id='word_1_833' title='bbox 2764 4954 3037 5012; x_wconf 84' lang='lat' dir='ltr'><strong><em>Dominus.</em></strong></span> <span class='ocrx_word' id='word_1_834' title='bbox 3088 4957 3168 5012; x_wconf 89' lang='lat' dir='ltr'><strong><em>lbi</em></strong></span> <span class='ocrx_word' id='word_1_835' title='bbox 3205 4959 3252 5014; x_wconf 90' lang='lat' dir='ltr'><strong><em>si</em></strong></span> <span class='ocrx_word' id='word_1_836' title='bbox 3292 4961 3512 5015; x_wconf 84' lang='lat' dir='ltr'><strong><em>meliora</em></strong></span> <span class='ocrx_word' id='word_1_837' title='bbox 3552 4963 3799 5035; x_wconf 76' lang='lat' dir='ltr'><strong><em>elegerit,</em></strong></span> 
     </span>
    </p>
   </div>
   <div class='ocr_carea' id='block_1_113' title="bbox 2209 5048 3800 5125">
    <p class='ocr_par' dir='ltr' id='par_1_113' title="bbox 2209 5048 3800 5125">
     <span class='ocr_line' id='line_1_113' title="bbox 2209 5048 3800 5125; baseline 0.004 -21"><span class='ocrx_word' id='word_1_838' title='bbox 2209 5048 2300 5123; x_wconf 88' lang='lat' dir='ltr'><strong><em>qui</em></strong></span> <span class='ocrx_word' id='word_1_839' title='bbox 2334 5048 2511 5115; x_wconf 89' lang='lat' dir='ltr'><strong><em>audit,</em></strong></span> <span class='ocrx_word' id='word_1_840' title='bbox 2543 5048 2754 5104; x_wconf 82' lang='lat' dir='ltr'><strong><em>Solutus</em></strong></span> <span class='ocrx_word' id='word_1_841' title='bbox 2781 5057 2854 5104; x_wconf 77' lang='lat' dir='ltr'><strong><em>est</em></strong></span> <span class='ocrx_word' id='word_1_842' title='bbox 2899 5049 2963 5104; x_wconf 89' lang='lat' dir='ltr'><strong><em>ab</em></strong></span> <span class='ocrx_word' id='word_1_843' title='bbox 2992 5065 3182 5118; x_wconf 69' lang='lat' dir='ltr'><strong><em>uxore,</em></strong></span> <span class='ocrx_word' id='word_1_844' title='bbox 3215 5067 3316 5106; x_wconf 86' lang='lat' dir='ltr'><strong><em>non</em></strong></span> <span class='ocrx_word' id='word_1_845' title='bbox 3341 5063 3537 5122; x_wconf 68' lang='lat' dir='ltr'><strong><em>quierat</em></strong></span> <span class='ocrx_word' id='word_1_846' title='bbox 3561 5071 3800 5125; x_wconf 72' lang='lat' dir='ltr'><strong><em>uxorem,</em></strong></span> 
     </span>
    </p>
   </div>
   <div class='ocr_carea' id='block_1_114' title="bbox 2209 5141 3804 5220">
    <p class='ocr_par' dir='ltr' id='par_1_114' title="bbox 2209 5141 3804 5220">
     <span class='ocr_line' id='line_1_114' title="bbox 2209 5141 3804 5220; baseline 0.004 -22"><span class='ocrx_word' id='word_1_847' title='bbox 2209 5143 2333 5213; x_wconf 90' lang='lat' dir='ltr'><strong><em>quia</em></strong></span> <span class='ocrx_word' id='word_1_848' title='bbox 2376 5151 2425 5196; x_wconf 88' lang='lat' dir='ltr'><strong><em>et</em></strong></span> <span class='ocrx_word' id='word_1_849' title='bbox 2461 5142 2506 5197; x_wconf 83' lang='lat' dir='ltr'><strong><em>si</em></strong></span> <span class='ocrx_word' id='word_1_850' title='bbox 2553 5141 2799 5212; x_wconf 77' lang='lat' dir='ltr'><strong><em>acceperit</em></strong></span> <span class='ocrx_word' id='word_1_851' title='bbox 2839 5157 3069 5209; x_wconf 67' lang='lat' dir='ltr'><strong><em>umorem,</em></strong></span> <span class='ocrx_word' id='word_1_852' title='bbox 3116 5158 3220 5198; x_wconf 87' lang='lat' dir='ltr'><strong><em>non</em></strong></span> <span class='ocrx_word' id='word_1_853' title='bbox 3262 5156 3432 5214; x_wconf 81' lang='lat' dir='ltr'><strong><em>peccat</em></strong></span> <span class='ocrx_word' id='word_1_854' title='bbox 3472 5161 3491 5200; x_wconf 88' lang='lat'><strong><em>:</em></strong></span> <span class='ocrx_word' id='word_1_855' title='bbox 3537 5146 3608 5201; x_wconf 92' lang='lat' dir='ltr'><strong><em>ibi</em></strong></span> <span class='ocrx_word' id='word_1_856' title='bbox 3650 5149 3804 5220; x_wconf 84' lang='lat' dir='ltr'><strong><em>virgo</em></strong></span> 
     </span>
    </p>
   </div>
   <div class='ocr_carea' id='block_1_115' title="bbox 2209 5239 3803 5314">
    <p class='ocr_par' dir='ltr' id='par_1_115' title="bbox 2209 5239 3803 5314">
     <span class='ocr_line' id='line_1_115' title="bbox 2209 5239 3803 5314; baseline 0.001 -18"><span class='ocrx_word' id='word_1_857' title='bbox 2209 5256 2314 5296; x_wconf 89' lang='lat' dir='ltr'><strong><em>non</em></strong></span> <span class='ocrx_word' id='word_1_858' title='bbox 2358 5241 2542 5297; x_wconf 80' lang='lat' dir='ltr'><strong><em>nubat.</em></strong></span> <span class='ocrx_word' id='word_1_859' title='bbox 2593 5239 2694 5307; x_wconf 88' lang='lat' dir='ltr'><strong><em>Qui</em></strong></span> <span class='ocrx_word' id='word_1_860' title='bbox 2720 5240 2866 5296; x_wconf 88' lang='lat' dir='ltr'><strong><em>enim</em></strong></span> <span class='ocrx_word' id='word_1_861' title='bbox 2901 5256 3002 5294; x_wconf 83' lang='lat' dir='ltr'><strong><em>non</em></strong></span> <span class='ocrx_word' id='word_1_862' title='bbox 3028 5240 3119 5294; x_wconf 80' lang='lat' dir='ltr'><strong><em>dat</em></strong></span> <span class='ocrx_word' id='word_1_863' title='bbox 3157 5249 3391 5311; x_wconf 81' lang='lat' dir='ltr'><strong><em>nuptum,</em></strong></span> <span class='ocrx_word' id='word_1_864' title='bbox 3425 5241 3605 5297; x_wconf 86' lang='lat' dir='ltr'><strong><em>melius</em></strong></span> <span class='ocrx_word' id='word_1_865' title='bbox 3633 5245 3803 5314; x_wconf 82' lang='lat' dir='ltr'><strong><em>facit;</em></strong></span> 
     </span>
    </p>
   </div>
   <div class='ocr_carea' id='block_1_116' title="bbox 2209 5327 3805 5404">
    <p class='ocr_par' dir='ltr' id='par_1_116' title="bbox 2209 5327 3805 5404">
     <span class='ocr_line' id='line_1_116' title="bbox 2209 5327 3805 5404; baseline 0.001 -15"><span class='ocrx_word' id='word_1_866' title='bbox 2209 5343 2255 5390; x_wconf 85' lang='lat' dir='ltr'><strong><em>et</em></strong></span> <span class='ocrx_word' id='word_1_867' title='bbox 2287 5334 2371 5404; x_wconf 86' lang='lat' dir='ltr'><strong><em>qui</em></strong></span> <span class='ocrx_word' id='word_1_868' title='bbox 2406 5333 2495 5386; x_wconf 83' lang='lat' dir='ltr'><strong><em>dat</em></strong></span> <span class='ocrx_word' id='word_1_869' title='bbox 2532 5341 2766 5403; x_wconf 84' lang='lat' dir='ltr'><strong><em>nuptum,</em></strong></span> <span class='ocrx_word' id='word_1_870' title='bbox 2795 5331 2921 5387; x_wconf 78' lang='lat' dir='ltr'><strong><em>bene</em></strong></span> <span class='ocrx_word' id='word_1_871' title='bbox 2955 5331 3099 5401; x_wconf 83' lang='lat' dir='ltr'><strong><em>facit.</em></strong></span> <span class='ocrx_word' id='word_1_872' title='bbox 3144 5330 3220 5387; x_wconf 89' lang='lat' dir='ltr'><strong><em>lbi</em></strong></span> <span class='ocrx_word' id='word_1_873' title='bbox 3253 5331 3463 5388; x_wconf 87' lang='lat' dir='ltr'><strong><em>beatior</em></strong></span> <span class='ocrx_word' id='word_1_874' title='bbox 3502 5333 3572 5389; x_wconf 89' lang='lat' dir='ltr'><strong><em>sit</em></strong></span> <span class='ocrx_word' id='word_1_875' title='bbox 3609 5327 3805 5391; x_wconf 77' lang='lat' dir='ltr'><strong><em>mulier</em></strong></span> 
     </span>
    </p>
   </div>
   <div class='ocr_carea' id='block_1_117' title="bbox 2207 5423 3804 5500">
    <p class='ocr_par' dir='ltr' id='par_1_117' title="bbox 2207 5423 3804 5500">
     <span class='ocr_line' id='line_1_117' title="bbox 2207 5423 3804 5500; baseline 0.005 -19"><span class='ocrx_word' id='word_1_876' title='bbox 2207 5426 2287 5482; x_wconf 88' lang='lat' dir='ltr'><strong><em>sic</em></strong></span> <span class='ocrx_word' id='word_1_877' title='bbox 2326 5423 2704 5496; x_wconf 84' lang='lat' dir='ltr'><strong><em>permanendo,</em></strong></span> <span class='ocrx_word' id='word_1_878' title='bbox 2748 5442 2868 5496; x_wconf 61' lang='lat' dir='ltr'><strong><em>quae</em></strong></span> <span class='ocrx_word' id='word_1_879' title='bbox 2903 5434 3119 5482; x_wconf 88' lang='lat' dir='ltr'><strong><em>mortuo</em></strong></span> <span class='ocrx_word' id='word_1_880' title='bbox 3147 5426 3264 5482; x_wconf 85' lang='lat' dir='ltr'><strong><em>viro</em></strong></span> <span class='ocrx_word' id='word_1_881' title='bbox 3300 5442 3398 5483; x_wconf 91' lang='lat' dir='ltr'><strong><em>suo</em></strong></span> <span class='ocrx_word' id='word_1_882' title='bbox 3436 5429 3489 5483; x_wconf 92' lang='lat' dir='ltr'><strong><em>in</em></strong></span> <span class='ocrx_word' id='word_1_883' title='bbox 3529 5438 3804 5500; x_wconf 81' lang='lat' dir='ltr'><strong><em>potestate</em></strong></span> 
     </span>
    </p>
   </div>
   <div class='ocr_carea' id='block_1_118' title="bbox 2207 5517 3805 5590">
    <p class='ocr_par' dir='ltr' id='par_1_118' title="bbox 2207 5517 3805 5590">
     <span class='ocr_line' id='line_1_118' title="bbox 2207 5517 3805 5590; baseline 0.004 -18"><span class='ocrx_word' id='word_1_884' title='bbox 2207 5518 2387 5585; x_wconf 85' lang='lat' dir='ltr'><strong><em>habet,</em></strong></span> <span class='ocrx_word' id='word_1_885' title='bbox 2413 5519 2498 5575; x_wconf 87' lang='lat' dir='ltr'><strong><em>cui</em></strong></span> <span class='ocrx_word' id='word_1_886' title='bbox 2519 5518 2634 5573; x_wconf 88' lang='lat' dir='ltr'><strong><em>vult</em></strong></span> <span class='ocrx_word' id='word_1_887' title='bbox 2657 5517 2885 5582; x_wconf 88' lang='lat' dir='ltr'><strong><em>nubere,</em></strong></span> <span class='ocrx_word' id='word_1_888' title='bbox 2910 5526 3108 5572; x_wconf 85' lang='lat' dir='ltr'><strong><em>tantum</em></strong></span> <span class='ocrx_word' id='word_1_889' title='bbox 3132 5519 3185 5572; x_wconf 90' lang='lat' dir='ltr'><strong><em>in</em></strong></span> <span class='ocrx_word' id='word_1_890' title='bbox 3207 5518 3447 5575; x_wconf 83' lang='lat' dir='ltr'><strong><em>Domino.</em></strong></span> <span class='ocrx_word' id='word_1_891' title='bbox 3486 5521 3638 5590; x_wconf 85' lang='lat' dir='ltr'><strong><em>Quod</em></strong></span> <span class='ocrx_word' id='word_1_892' title='bbox 3665 5522 3805 5580; x_wconf 83' lang='lat' dir='ltr'><strong><em>duo-</em></strong></span> 
     </span>
    </p>
   </div>
   <div class='ocr_carea' id='block_1_119' title="bbox 2205 5611 3800 5686">
    <p class='ocr_par' dir='ltr' id='par_1_119' title="bbox 2205 5611 3800 5686">
     <span class='ocr_line' id='line_1_119' title="bbox 2205 5611 3800 5686; baseline 0.004 -20"><span class='ocrx_word' id='word_1_893' title='bbox 2205 5611 2305 5667; x_wconf 89' lang='lat' dir='ltr'><strong><em>bus</em></strong></span> <span class='ocrx_word' id='word_1_894' title='bbox 2333 5612 2507 5667; x_wconf 89' lang='lat' dir='ltr'><strong><em>modis</em></strong></span> <span class='ocrx_word' id='word_1_895' title='bbox 2544 5612 2712 5681; x_wconf 86' lang='lat' dir='ltr'><strong><em>accipi</em></strong></span> <span class='ocrx_word' id='word_1_896' title='bbox 2753 5620 2963 5679; x_wconf 88' lang='lat' dir='ltr'><strong><em>potest;</em></strong></span> <span class='ocrx_word' id='word_1_897' title='bbox 3012 5620 3104 5668; x_wconf 91' lang='lat' dir='ltr'><strong><em>aut</em></strong></span> <span class='ocrx_word' id='word_1_898' title='bbox 3132 5613 3419 5670; x_wconf 88' lang='lat' dir='ltr'><strong><em>christiana</em></strong></span> <span class='ocrx_word' id='word_1_899' title='bbox 3451 5631 3800 5686; x_wconf 86' lang='lat' dir='ltr'><strong><em>permanens,</em></strong></span> 
     </span>
    </p>
   </div>
   <div class='ocr_carea' id='block_1_120' title="bbox 2210 5701 3811 5780">
    <p class='ocr_par' dir='ltr' id='par_1_120' title="bbox 2210 5701 3811 5780">
     <span class='ocr_line' id='line_1_120' title="bbox 2210 5701 3811 5780; baseline 0.006 -23"><span class='ocrx_word' id='word_1_900' title='bbox 2210 5712 2299 5760; x_wconf 85' lang='lat' dir='ltr'><strong><em>aut</em></strong></span> <span class='ocrx_word' id='word_1_901' title='bbox 2342 5702 2643 5761; x_wconf 85' lang='lat' dir='ltr'><strong><em>christiano</em></strong></span> <span class='ocrx_word' id='word_1_902' title='bbox 2690 5701 2919 5761; x_wconf 87' lang='lat' dir='ltr'><strong><em>nubens.</em></strong></span> <span class='ocrx_word' id='word_1_903' title='bbox 2969 5702 3086 5762; x_wconf 84' lang='lat' dir='ltr'><strong><em>Non</em></strong></span> <span class='ocrx_word' id='word_1_904' title='bbox 3116 5706 3258 5764; x_wconf 84' lang='lat' dir='ltr'><strong><em>enim</em></strong></span> <span class='ocrx_word' id='word_1_905' title='bbox 3303 5714 3546 5780; x_wconf 87' lang='lat' dir='ltr'><strong><em>tempore</em></strong></span> <span class='ocrx_word' id='word_1_906' title='bbox 3583 5707 3811 5767; x_wconf 76' lang='lat' dir='ltr'><strong><em>revoluti</em></strong></span> 
     </span>
    </p>
   </div>
  </div>
