  <div class='ocr_page' id='page_1' title='image "/cluster/home/n/w/nwhite01/storage/ocr_20150623/40/hvd.32044096580626/242.png"; bbox 0 0 4122 6212; ppageno 0'>
   <div class='ocr_carea' id='block_1_1' title="bbox 325 332 430 390">
    <p class='ocr_par' dir='ltr' id='par_1_1' title="bbox 325 332 430 390">
     <span class='ocr_line' id='line_1_1' title="bbox 325 332 430 390; baseline 0 0"><span class='ocrx_word' id='word_1_1' title='bbox 325 332 430 390; x_wconf 70' lang='grc'><strong>469</strong></span> 
     </span>
    </p>
   </div>
   <div class='ocr_carea' id='block_1_2' title="bbox 328 444 1921 516">
    <p class='ocr_par' dir='ltr' id='par_1_2' title="bbox 328 444 1921 516">
     <span class='ocr_line' id='line_1_2' title="bbox 328 444 1921 516; baseline -0.001 -11"><span class='ocrx_word' id='word_1_2' title='bbox 328 446 666 506; x_wconf 85' lang='lat' dir='ltr'><strong>Testamenti</strong></span> <span class='ocrx_word' id='word_1_3' title='bbox 695 445 854 512; x_wconf 88' lang='lat' dir='ltr'><strong>Novi,</strong></span> <span class='ocrx_word' id='word_1_4' title='bbox 905 445 958 500; x_wconf 89' lang='lat' dir='ltr'><strong>in</strong></span> <span class='ocrx_word' id='word_1_5' title='bbox 1001 444 1292 515; x_wconf 82' lang='lat' dir='ltr'><strong>Evangelia</strong></span> <span class='ocrx_word' id='word_1_6' title='bbox 1324 446 1404 500; x_wconf 86' lang='lat' dir='ltr'><strong>vel</strong></span> <span class='ocrx_word' id='word_1_7' title='bbox 1451 445 1570 500; x_wconf 93' lang='lat' dir='ltr'><strong>ullis</strong></span> <span class='ocrx_word' id='word_1_8' title='bbox 1613 449 1921 516; x_wconf 77' lang='lat' dir='ltr'><strong>apostolicis</strong></span> 
     </span>
    </p>
   </div>
   <div class='ocr_carea' id='block_1_3' title="bbox 326 536 1915 606">
    <p class='ocr_par' dir='ltr' id='par_1_3' title="bbox 326 536 1915 606">
     <span class='ocr_line' id='line_1_3' title="bbox 326 536 1915 606; baseline -0.003 -9"><span class='ocrx_word' id='word_1_9' title='bbox 326 540 548 598; x_wconf 90' lang='lat' dir='ltr'><strong>Litteris</strong></span> <span class='ocrx_word' id='word_1_10' title='bbox 603 538 721 594; x_wconf 88' lang='lat' dir='ltr'><strong>sine</strong></span> <span class='ocrx_word' id='word_1_11' title='bbox 771 536 1118 606; x_wconf 91' lang='lat' dir='ltr'><strong>ambiguitate</strong></span> <span class='ocrx_word' id='word_1_12' title='bbox 1166 537 1492 592; x_wconf 75' lang='lat' dir='ltr'><strong>declaratum</strong></span> <span class='ocrx_word' id='word_1_13' title='bbox 1546 553 1664 592; x_wconf 89' lang='lat' dir='ltr'><strong>esse</strong></span> <span class='ocrx_word' id='word_1_14' title='bbox 1716 540 1915 606; x_wconf 84' lang='lat' dir='ltr'><strong>recolo,</strong></span> 
     </span>
    </p>
   </div>
   <div class='ocr_carea' id='block_1_4' title="bbox 326 627 1916 702">
    <p class='ocr_par' dir='ltr' id='par_1_4' title="bbox 326 627 1916 702">
     <span class='ocr_line' id='line_1_4' title="bbox 326 627 1916 702; baseline -0.003 -13"><span class='ocrx_word' id='word_1_15' title='bbox 326 645 509 689; x_wconf 91' lang='lat' dir='ltr'><strong>utrum</strong></span> <span class='ocrx_word' id='word_1_16' title='bbox 543 631 806 687; x_wconf 89' lang='lat' dir='ltr'><strong>Dominus</strong></span> <span class='ocrx_word' id='word_1_17' title='bbox 831 628 1167 700; x_wconf 85' lang='lat' dir='ltr'><strong>prohibuerit</strong></span> <span class='ocrx_word' id='word_1_18' title='bbox 1198 627 1383 684; x_wconf 79' lang='lat' dir='ltr'><strong>ﬁdeles</strong></span> <span class='ocrx_word' id='word_1_19' title='bbox 1412 627 1718 685; x_wconf 82' lang='lat' dir='ltr'><strong>inﬁdelibus</strong></span> <span class='ocrx_word' id='word_1_20' title='bbox 1742 630 1916 702; x_wconf 83' lang='lat' dir='ltr'><strong>jungi.</strong></span> 
     </span>
    </p>
   </div>
   <div class='ocr_carea' id='block_1_5' title="bbox 326 720 1915 795">
    <p class='ocr_par' dir='ltr' id='par_1_5' title="bbox 326 720 1915 795">
     <span class='ocr_line' id='line_1_5' title="bbox 326 720 1915 795; baseline -0.001 -14"><span class='ocrx_word' id='word_1_21' title='bbox 326 725 584 795; x_wconf 80' lang='lat' dir='ltr'><strong>Quamvis</strong></span> <span class='ocrx_word' id='word_1_22' title='bbox 632 722 972 780; x_wconf 84' lang='lat' dir='ltr'><strong>beatissimus</strong></span> <span class='ocrx_word' id='word_1_23' title='bbox 1019 720 1319 792; x_wconf 83' lang='lat' dir='ltr'><strong>Cyprianus</strong></span> <span class='ocrx_word' id='word_1_24' title='bbox 1366 721 1490 777; x_wconf 90' lang='lat' dir='ltr'><strong>inde</strong></span> <span class='ocrx_word' id='word_1_25' title='bbox 1538 738 1643 778; x_wconf 92' lang='lat' dir='ltr'><strong>non</strong></span> <span class='ocrx_word' id='word_1_26' title='bbox 1691 724 1915 792; x_wconf 86' lang='lat' dir='ltr'><strong>dubitet,</strong></span> 
     </span>
    </p>
   </div>
   <div class='ocr_carea' id='block_1_6' title="bbox 324 812 1918 885">
    <p class='ocr_par' dir='ltr' id='par_1_6' title="bbox 324 812 1918 885">
     <span class='ocr_line' id='line_1_6' title="bbox 324 812 1918 885; baseline -0.003 -11"><span class='ocrx_word' id='word_1_27' title='bbox 324 833 427 874; x_wconf 86' lang='lat' dir='ltr'><strong>nec</strong></span> <span class='ocrx_word' id='word_1_28' title='bbox 455 817 510 871; x_wconf 90' lang='lat' dir='ltr'><strong>in</strong></span> <span class='ocrx_word' id='word_1_29' title='bbox 542 815 750 871; x_wconf 75' lang='lat' dir='ltr'><strong>levibus</strong></span> <span class='ocrx_word' id='word_1_30' title='bbox 793 813 1025 884; x_wconf 73' lang='lat' dir='ltr'><strong>peccatis</strong></span> <span class='ocrx_word' id='word_1_31' title='bbox 1065 812 1390 880; x_wconf 86' lang='lat' dir='ltr'><strong>constituat,</strong></span> <span class='ocrx_word' id='word_1_32' title='bbox 1427 813 1654 885; x_wconf 88' lang='lat' dir='ltr'><strong>jungere</strong></span> <span class='ocrx_word' id='word_1_33' title='bbox 1683 829 1805 869; x_wconf 90' lang='lat' dir='ltr'><strong>eum</strong></span> <span class='ocrx_word' id='word_1_34' title='bbox 1833 815 1918 868; x_wconf 84' lang='lat' dir='ltr'><strong>in-</strong></span> 
     </span>
    </p>
   </div>
   <div class='ocr_carea' id='block_1_7' title="bbox 325 902 1921 974">
    <p class='ocr_par' dir='ltr' id='par_1_7' title="bbox 325 902 1921 974">
     <span class='ocr_line' id='line_1_7' title="bbox 325 902 1921 974; baseline -0.001 -10"><span class='ocrx_word' id='word_1_35' title='bbox 325 907 576 964; x_wconf 89' lang='lat' dir='ltr'><strong>ﬁdelibus</strong></span> <span class='ocrx_word' id='word_1_36' title='bbox 603 905 874 961; x_wconf 86' lang='lat' dir='ltr'><strong>vinculum</strong></span> <span class='ocrx_word' id='word_1_37' title='bbox 919 902 1268 969; x_wconf 84' lang='lat' dir='ltr'><strong>matrimonii,</strong></span> <span class='ocrx_word' id='word_1_38' title='bbox 1304 913 1466 974; x_wconf 87' lang='lat' dir='ltr'><strong>atque</strong></span> <span class='ocrx_word' id='word_1_39' title='bbox 1508 905 1560 959; x_wconf 92' lang='lat' dir='ltr'><strong>id</strong></span> <span class='ocrx_word' id='word_1_40' title='bbox 1609 920 1732 962; x_wconf 91' lang='lat' dir='ltr'><strong>esse</strong></span> <span class='ocrx_word' id='word_1_41' title='bbox 1777 905 1921 962; x_wconf 84' lang='lat' dir='ltr'><strong>dicat</strong></span> 
     </span>
    </p>
   </div>
   <div class='ocr_carea' id='block_1_8' title="bbox 328 994 1922 1071">
    <p class='ocr_par' dir='ltr' id='par_1_8' title="bbox 328 994 1922 1071">
     <span class='ocr_line' id='line_1_8' title="bbox 328 994 1922 1071; baseline -0.003 -16"><span class='ocrx_word' id='word_1_42' title='bbox 328 1000 658 1071; x_wconf 85' lang='lat' dir='ltr'><strong>prostituere</strong></span> <span class='ocrx_word' id='word_1_43' title='bbox 687 995 986 1053; x_wconf 90' lang='lat' dir='ltr'><strong>Gentilibus</strong></span> <span class='ocrx_word' id='word_1_44' title='bbox 1027 995 1267 1050; x_wconf 89' lang='lat' dir='ltr'><strong>membra</strong></span> <span class='ocrx_word' id='word_1_45' title='bbox 1293 994 1493 1050; x_wconf 87' lang='lat' dir='ltr'><strong>Christi</strong></span> <span class='ocrx_word' id='word_1_46' title='bbox 1535 996 1633 1068; x_wconf 90' lang='lat' dir='ltr'><strong>(a).</strong></span> <span class='ocrx_word' id='word_1_47' title='bbox 1667 995 1772 1052; x_wconf 89' lang='lat' dir='ltr'><strong>Sed</strong></span> <span class='ocrx_word' id='word_1_48' title='bbox 1801 997 1922 1068; x_wconf 86' lang='lat' dir='ltr'><strong>quia</strong></span> 
     </span>
    </p>
   </div>
   <div class='ocr_carea' id='block_1_9' title="bbox 326 1087 1926 1160">
    <p class='ocr_par' dir='ltr' id='par_1_9' title="bbox 326 1087 1926 1160">
     <span class='ocr_line' id='line_1_9' title="bbox 326 1087 1926 1160; baseline -0.003 -13"><span class='ocrx_word' id='word_1_49' title='bbox 326 1092 394 1147; x_wconf 86' lang='lat' dir='ltr'><strong>de</strong></span> <span class='ocrx_word' id='word_1_50' title='bbox 421 1092 487 1146; x_wconf 89' lang='lat' dir='ltr'><strong>iis</strong></span> <span class='ocrx_word' id='word_1_51' title='bbox 514 1090 606 1160; x_wconf 94' lang='lat' dir='ltr'><strong>qui</strong></span> <span class='ocrx_word' id='word_1_52' title='bbox 631 1089 741 1159; x_wconf 91' lang='lat' dir='ltr'><strong>jam</strong></span> <span class='ocrx_word' id='word_1_53' title='bbox 767 1087 1039 1158; x_wconf 88' lang='lat' dir='ltr'><strong>conjuncti</strong></span> <span class='ocrx_word' id='word_1_54' title='bbox 1067 1096 1192 1141; x_wconf 93' lang='lat' dir='ltr'><strong>sunt</strong></span> <span class='ocrx_word' id='word_1_55' title='bbox 1216 1087 1316 1141; x_wconf 86' lang='lat' dir='ltr'><strong>alia</strong></span> <span class='ocrx_word' id='word_1_56' title='bbox 1348 1089 1573 1157; x_wconf 62' lang='lat' dir='ltr'><strong>quaestio</strong></span> <span class='ocrx_word' id='word_1_57' title='bbox 1593 1098 1709 1156; x_wconf 91' lang='lat' dir='ltr'><strong>est;</strong></span> <span class='ocrx_word' id='word_1_58' title='bbox 1744 1090 1926 1144; x_wconf 62' lang='lat' dir='ltr'><strong>audia«</strong></span> 
     </span>
    </p>
   </div>
   <div class='ocr_carea' id='block_1_10' title="bbox 327 1176 1926 1250">
    <p class='ocr_par' dir='ltr' id='par_1_10' title="bbox 327 1176 1926 1250">
     <span class='ocr_line' id='line_1_10' title="bbox 327 1176 1926 1250; baseline -0.001 -14"><span class='ocrx_word' id='word_1_59' title='bbox 327 1190 413 1236; x_wconf 91' lang='lat' dir='ltr'><strong>tur</strong></span> <span class='ocrx_word' id='word_1_60' title='bbox 439 1189 496 1235; x_wconf 92' lang='lat' dir='ltr'><strong>et</strong></span> <span class='ocrx_word' id='word_1_61' title='bbox 521 1180 611 1235; x_wconf 89' lang='lat' dir='ltr'><strong>bic</strong></span> <span class='ocrx_word' id='word_1_62' title='bbox 635 1179 924 1248; x_wconf 81' lang='lat' dir='ltr'><strong>Apostolus</strong></span> <span class='ocrx_word' id='word_1_63' title='bbox 950 1176 1135 1231; x_wconf 91' lang='lat' dir='ltr'><strong>dicens</strong></span> <span class='ocrx_word' id='word_1_64' title='bbox 1167 1195 1178 1230; x_wconf 86' lang='lat'><strong>:</strong></span> <span class='ocrx_word' id='word_1_65' title='bbox 1212 1178 1273 1232; x_wconf 91' lang='lat' dir='ltr'><strong>Si</strong></span> <span class='ocrx_word' id='word_1_66' title='bbox 1297 1179 1410 1248; x_wconf 88' lang='lat' dir='ltr'><strong>quis</strong></span> <span class='ocrx_word' id='word_1_67' title='bbox 1439 1182 1598 1250; x_wconf 79' lang='lat' dir='ltr'><strong>frater</strong></span> <span class='ocrx_word' id='word_1_68' title='bbox 1623 1180 1768 1234; x_wconf 88' lang='lat' dir='ltr'><strong>habet</strong></span> <span class='ocrx_word' id='word_1_69' title='bbox 1797 1197 1926 1235; x_wconf 74' lang='lat' dir='ltr'><strong>uxo-</strong></span> 
     </span>
    </p>
   </div>
   <div class='ocr_carea' id='block_1_11' title="bbox 325 1270 1924 1342">
    <p class='ocr_par' dir='ltr' id='par_1_11' title="bbox 325 1270 1924 1342">
     <span class='ocr_line' id='line_1_11' title="bbox 325 1270 1924 1342; baseline -0.001 -14"><span class='ocrx_word' id='word_1_70' title='bbox 325 1291 431 1329; x_wconf 84' lang='lat' dir='ltr'><strong>rem</strong></span> <span class='ocrx_word' id='word_1_71' title='bbox 459 1272 720 1342; x_wconf 78' lang='lat' dir='ltr'><strong>inﬁdelem</strong></span> <span class='ocrx_word' id='word_1_72' title='bbox 739 1313 753 1338; x_wconf 89' lang='lat'><strong>,</strong></span> <span class='ocrx_word' id='word_1_73' title='bbox 785 1279 831 1324; x_wconf 90' lang='lat' dir='ltr'><strong>et</strong></span> <span class='ocrx_word' id='word_1_74' title='bbox 859 1270 965 1324; x_wconf 76' lang='lat' dir='ltr'><strong>lttec</strong></span> <span class='ocrx_word' id='word_1_75' title='bbox 996 1270 1243 1323; x_wconf 76' lang='lat' dir='ltr'><strong>consentit</strong></span> <span class='ocrx_word' id='word_1_76' title='bbox 1270 1270 1498 1324; x_wconf 79' lang='lat' dir='ltr'><strong>habitare</strong></span> <span class='ocrx_word' id='word_1_77' title='bbox 1525 1288 1640 1324; x_wconf 87' lang='lat' dir='ltr'><strong>cum</strong></span> <span class='ocrx_word' id='word_1_78' title='bbox 1669 1273 1790 1339; x_wconf 85' lang='lat' dir='ltr'><strong>illo,</strong></span> <span class='ocrx_word' id='word_1_79' title='bbox 1822 1289 1924 1326; x_wconf 85' lang='lat' dir='ltr'><strong>non</strong></span> 
     </span>
    </p>
   </div>
   <div class='ocr_carea' id='block_1_12' title="bbox 328 1360 1920 1432">
    <p class='ocr_par' dir='ltr' id='par_1_12' title="bbox 328 1360 1920 1432">
     <span class='ocr_line' id='line_1_12' title="bbox 328 1360 1920 1432; baseline -0.001 -15"><span class='ocrx_word' id='word_1_80' title='bbox 328 1364 555 1417; x_wconf 78' lang='lat' dir='ltr'><strong>dimittat</strong></span> <span class='ocrx_word' id='word_1_81' title='bbox 583 1362 726 1416; x_wconf 80' lang='lat' dir='ltr'><strong>illam</strong></span> <span class='ocrx_word' id='word_1_82' title='bbox 751 1375 770 1415; x_wconf 93' lang='lat'><strong><em>:</em></strong></span> <span class='ocrx_word' id='word_1_83' title='bbox 797 1368 843 1414; x_wconf 85' lang='lat' dir='ltr'><strong>et</strong></span> <span class='ocrx_word' id='word_1_84' title='bbox 867 1360 912 1415; x_wconf 91' lang='lat' dir='ltr'><strong>si</strong></span> <span class='ocrx_word' id='word_1_85' title='bbox 939 1377 1040 1432; x_wconf 84' lang='lat' dir='ltr'><strong>qua</strong></span> <span class='ocrx_word' id='word_1_86' title='bbox 1068 1360 1248 1414; x_wconf 83' lang='lat' dir='ltr'><strong>mulier</strong></span> <span class='ocrx_word' id='word_1_87' title='bbox 1277 1361 1424 1414; x_wconf 81' lang='lat' dir='ltr'><strong>habet</strong></span> <span class='ocrx_word' id='word_1_88' title='bbox 1453 1362 1612 1415; x_wconf 88' lang='lat' dir='ltr'><strong>virum</strong></span> <span class='ocrx_word' id='word_1_89' title='bbox 1639 1363 1920 1432; x_wconf 82' lang='lat' dir='ltr'><strong>inﬁdelem,</strong></span> 
     </span>
    </p>
   </div>
   <div class='ocr_carea' id='block_1_13' title="bbox 327 1451 1924 1518">
    <p class='ocr_par' dir='ltr' id='par_1_13' title="bbox 327 1451 1924 1518">
     <span class='ocr_line' id='line_1_13' title="bbox 327 1451 1924 1518; baseline 0.001 -11"><span class='ocrx_word' id='word_1_90' title='bbox 327 1464 373 1508; x_wconf 89' lang='lat' dir='ltr'><strong>et</strong></span> <span class='ocrx_word' id='word_1_91' title='bbox 410 1454 492 1507; x_wconf 83' lang='lat' dir='ltr'><strong>hic</strong></span> <span class='ocrx_word' id='word_1_92' title='bbox 528 1452 773 1507; x_wconf 82' lang='lat' dir='ltr'><strong>consentit</strong></span> <span class='ocrx_word' id='word_1_93' title='bbox 812 1451 1042 1505; x_wconf 81' lang='lat' dir='ltr'><strong>habitare</strong></span> <span class='ocrx_word' id='word_1_94' title='bbox 1079 1467 1194 1504; x_wconf 90' lang='lat' dir='ltr'><strong>cum</strong></span> <span class='ocrx_word' id='word_1_95' title='bbox 1219 1451 1332 1518; x_wconf 87' lang='lat' dir='ltr'><strong>illa,</strong></span> <span class='ocrx_word' id='word_1_96' title='bbox 1374 1467 1475 1505; x_wconf 85' lang='lat' dir='ltr'><strong>non</strong></span> <span class='ocrx_word' id='word_1_97' title='bbox 1514 1451 1732 1507; x_wconf 85' lang='lat' dir='ltr'><strong>dimittat</strong></span> <span class='ocrx_word' id='word_1_98' title='bbox 1761 1455 1924 1508; x_wconf 88' lang='lat' dir='ltr'><strong>virum</strong></span> 
     </span>
    </p>
   </div>
   <div class='ocr_carea' id='block_1_14' title="bbox 327 1541 1921 1620">
    <p class='ocr_par' dir='ltr' id='par_1_14' title="bbox 327 1541 1921 1620">
     <span class='ocr_line' id='line_1_14' title="bbox 327 1541 1921 1620; baseline -0.001 -18"><span class='ocrx_word' id='word_1_99' title='bbox 327 1546 387 1620; x_wconf 82' lang='grc' dir='ltr'><strong>(Ι</strong></span> <span class='ocrx_word' id='word_1_100' title='bbox 417 1545 538 1602; x_wconf 87' lang='lat' dir='ltr'><strong>Cor.</strong></span> <span class='ocrx_word' id='word_1_101' title='bbox 571 1562 666 1614; x_wconf 83' lang='lat' dir='ltr'><strong>vn,</strong></span> <span class='ocrx_word' id='word_1_102' title='bbox 697 1544 784 1610; x_wconf 74' lang='grc'><strong>12,</strong></span> <span class='ocrx_word' id='word_1_103' title='bbox 816 1543 900 1611; x_wconf 79' lang='lat' dir='ltr'><strong>l5,</strong></span> <span class='ocrx_word' id='word_1_104' title='bbox 930 1543 1020 1609; x_wconf 75' lang='lat'><strong>‘25,</strong></span> <span class='ocrx_word' id='word_1_105' title='bbox 1051 1543 1142 1608; x_wconf 72' lang='lat'><strong>‘27,</strong></span> <span class='ocrx_word' id='word_1_106' title='bbox 1172 1541 1261 1611; x_wconf 77' lang='lat'><strong>38,</strong></span> <span class='ocrx_word' id='word_1_107' title='bbox 1289 1544 1412 1615; x_wconf 79' lang='lat'><strong>59).</strong></span> <span class='ocrx_word' id='word_1_108' title='bbox 1460 1543 1529 1599; x_wconf 86' lang='lat' dir='ltr'><strong>Et</strong></span> <span class='ocrx_word' id='word_1_109' title='bbox 1555 1546 1632 1601; x_wconf 91' lang='lat' dir='ltr'><strong>sic</strong></span> <span class='ocrx_word' id='word_1_110' title='bbox 1655 1547 1921 1612; x_wconf 85' lang='lat' dir='ltr'><strong>audiatur,</strong></span> 
     </span>
    </p>
   </div>
   <div class='ocr_carea' id='block_1_15' title="bbox 328 1634 1926 1710">
    <p class='ocr_par' dir='ltr' id='par_1_15' title="bbox 328 1634 1926 1710">
     <span class='ocr_line' id='line_1_15' title="bbox 328 1634 1926 1710; baseline -0.001 -16"><span class='ocrx_word' id='word_1_111' title='bbox 328 1648 387 1694; x_wconf 89' lang='lat' dir='ltr'><strong>ut</strong></span> <span class='ocrx_word' id='word_1_112' title='bbox 410 1638 656 1710; x_wconf 84' lang='lat' dir='ltr'><strong>quamvis</strong></span> <span class='ocrx_word' id='word_1_113' title='bbox 685 1637 799 1692; x_wconf 90' lang='lat' dir='ltr'><strong>ﬁeri</strong></span> <span class='ocrx_word' id='word_1_114' title='bbox 830 1635 1031 1692; x_wconf 90' lang='lat' dir='ltr'><strong>licitum</strong></span> <span class='ocrx_word' id='word_1_115' title='bbox 1061 1634 1146 1699; x_wconf 85' lang='lat' dir='ltr'><strong>sit,</strong></span> <span class='ocrx_word' id='word_1_116' title='bbox 1181 1636 1304 1705; x_wconf 88' lang='lat' dir='ltr'><strong>quia</strong></span> <span class='ocrx_word' id='word_1_117' title='bbox 1333 1635 1435 1691; x_wconf 86' lang='lat' dir='ltr'><strong>hoc</strong></span> <span class='ocrx_word' id='word_1_118' title='bbox 1462 1653 1568 1692; x_wconf 93' lang='lat' dir='ltr'><strong>non</strong></span> <span class='ocrx_word' id='word_1_119' title='bbox 1597 1639 1722 1693; x_wconf 85' lang='lat' dir='ltr'><strong>dicit</strong></span> <span class='ocrx_word' id='word_1_120' title='bbox 1746 1639 1926 1693; x_wconf 82' lang='lat' dir='ltr'><strong>Domi-</strong></span> 
     </span>
    </p>
   </div>
   <div class='ocr_carea' id='block_1_16' title="bbox 329 1725 1922 1797">
    <p class='ocr_par' dir='ltr' id='par_1_16' title="bbox 329 1725 1922 1797">
     <span class='ocr_line' id='line_1_16' title="bbox 329 1725 1922 1797; baseline 0 -13"><span class='ocrx_word' id='word_1_121' title='bbox 329 1744 467 1796; x_wconf 88' lang='lat' dir='ltr'><strong>nus;</strong></span> <span class='ocrx_word' id='word_1_122' title='bbox 499 1744 609 1784; x_wconf 89' lang='lat' dir='ltr'><strong>non</strong></span> <span class='ocrx_word' id='word_1_123' title='bbox 651 1736 829 1783; x_wconf 89' lang='lat' dir='ltr'><strong>tamen</strong></span> <span class='ocrx_word' id='word_1_124' title='bbox 874 1725 986 1794; x_wconf 86' lang='lat' dir='ltr'><strong>ﬁat,</strong></span> <span class='ocrx_word' id='word_1_125' title='bbox 1037 1727 1160 1796; x_wconf 89' lang='lat' dir='ltr'><strong>quia</strong></span> <span class='ocrx_word' id='word_1_126' title='bbox 1203 1741 1309 1780; x_wconf 91' lang='lat' dir='ltr'><strong>non</strong></span> <span class='ocrx_word' id='word_1_127' title='bbox 1353 1728 1586 1797; x_wconf 82' lang='lat' dir='ltr'><strong>expedit.</strong></span> <span class='ocrx_word' id='word_1_128' title='bbox 1620 1728 1735 1784; x_wconf 90' lang='lat' dir='ltr'><strong>Non</strong></span> <span class='ocrx_word' id='word_1_129' title='bbox 1781 1729 1922 1784; x_wconf 89' lang='lat' dir='ltr'><strong>enim</strong></span> 
     </span>
    </p>
   </div>
   <div class='ocr_carea' id='block_1_17' title="bbox 331 1816 1926 1890">
    <p class='ocr_par' dir='ltr' id='par_1_17' title="bbox 331 1816 1926 1890">
     <span class='ocr_line' id='line_1_17' title="bbox 331 1816 1926 1890; baseline -0.001 -14"><span class='ocrx_word' id='word_1_130' title='bbox 331 1821 514 1876; x_wconf 88' lang='lat' dir='ltr'><strong>omnia</strong></span> <span class='ocrx_word' id='word_1_131' title='bbox 557 1817 815 1890; x_wconf 84' lang='lat' dir='ltr'><strong>expedire</strong></span> <span class='ocrx_word' id='word_1_132' title='bbox 855 1832 974 1887; x_wconf 69' lang='lat' dir='ltr'><strong>qua:</strong></span> <span class='ocrx_word' id='word_1_133' title='bbox 1023 1816 1162 1870; x_wconf 89' lang='lat' dir='ltr'><strong>licita</strong></span> <span class='ocrx_word' id='word_1_134' title='bbox 1208 1825 1352 1882; x_wconf 91' lang='lat' dir='ltr'><strong>sunt,</strong></span> <span class='ocrx_word' id='word_1_135' title='bbox 1387 1818 1722 1888; x_wconf 87' lang='lat' dir='ltr'><strong>apertissime</strong></span> <span class='ocrx_word' id='word_1_136' title='bbox 1769 1819 1926 1875; x_wconf 84' lang='lat' dir='ltr'><strong>docet</strong></span> 
     </span>
    </p>
   </div>
   <div class='ocr_carea' id='block_1_18' title="bbox 331 1903 1923 1981">
    <p class='ocr_par' dir='ltr' id='par_1_18' title="bbox 331 1903 1923 1981">
     <span class='ocr_line' id='line_1_18' title="bbox 331 1903 1923 1981; baseline -0.001 -14"><span class='ocrx_word' id='word_1_137' title='bbox 331 1910 624 1981; x_wconf 84' lang='lat' dir='ltr'><strong>Apostolus</strong></span> <span class='ocrx_word' id='word_1_138' title='bbox 669 1907 834 1978; x_wconf 86' lang='lat' dir='ltr'><strong>(Id.,</strong></span> <span class='ocrx_word' id='word_1_139' title='bbox 868 1923 923 1973; x_wconf 68' lang='grc' dir='ltr'><strong>κ,</strong></span> <span class='ocrx_word' id='word_1_140' title='bbox 977 1903 1093 1978; x_wconf 67' lang='grc'><strong>22),</strong></span> <span class='ocrx_word' id='word_1_141' title='bbox 1137 1906 1276 1962; x_wconf 86' lang='lat' dir='ltr'><strong>sicut</strong></span> <span class='ocrx_word' id='word_1_142' title='bbox 1319 1923 1478 1979; x_wconf 88' lang='lat' dir='ltr'><strong>supra</strong></span> <span class='ocrx_word' id='word_1_143' title='bbox 1522 1909 1633 1979; x_wconf 87' lang='lat' dir='ltr'><strong>jam</strong></span> <span class='ocrx_word' id='word_1_144' title='bbox 1678 1911 1923 1966; x_wconf 85' lang='lat' dir='ltr'><strong>ostendi-</strong></span> 
     </span>
    </p>
   </div>
   <div class='ocr_carea' id='block_1_19' title="bbox 331 1997 1921 2074">
    <p class='ocr_par' dir='ltr' id='par_1_19' title="bbox 331 1997 1921 2074">
     <span class='ocr_line' id='line_1_19' title="bbox 331 1997 1921 2074; baseline 0.001 -17"><span class='ocrx_word' id='word_1_145' title='bbox 331 2017 472 2058; x_wconf 81' lang='lat' dir='ltr'><strong>mus.</strong></span> <span class='ocrx_word' id='word_1_146' title='bbox 523 2001 754 2072; x_wconf 88' lang='lat' dir='ltr'><strong>Propter</strong></span> <span class='ocrx_word' id='word_1_147' title='bbox 790 1997 1067 2069; x_wconf 87' lang='lat' dir='ltr'><strong>quodlibet</strong></span> <span class='ocrx_word' id='word_1_148' title='bbox 1116 2008 1290 2054; x_wconf 90' lang='lat' dir='ltr'><strong>tamen</strong></span> <span class='ocrx_word' id='word_1_149' title='bbox 1339 1999 1702 2057; x_wconf 78' lang='lat' dir='ltr'><strong>fornicationis</strong></span> <span class='ocrx_word' id='word_1_150' title='bbox 1731 2018 1921 2074; x_wconf 88' lang='lat' dir='ltr'><strong>genus,</strong></span> 
     </span>
    </p>
   </div>
   <div class='ocr_carea' id='block_1_20' title="bbox 331 2089 1924 2165">
    <p class='ocr_par' dir='ltr' id='par_1_20' title="bbox 331 2089 1924 2165">
     <span class='ocr_line' id='line_1_20' title="bbox 331 2089 1924 2165; baseline -0.001 -16"><span class='ocrx_word' id='word_1_151' title='bbox 331 2093 444 2149; x_wconf 87' lang='lat' dir='ltr'><strong>sive</strong></span> <span class='ocrx_word' id='word_1_152' title='bbox 473 2092 671 2157; x_wconf 90' lang='lat' dir='ltr'><strong>carnis,</strong></span> <span class='ocrx_word' id='word_1_153' title='bbox 712 2090 825 2146; x_wconf 87' lang='lat' dir='ltr'><strong>sive</strong></span> <span class='ocrx_word' id='word_1_154' title='bbox 851 2089 1070 2160; x_wconf 88' lang='lat' dir='ltr'><strong>spiritus</strong></span> <span class='ocrx_word' id='word_1_155' title='bbox 1091 2131 1104 2153; x_wconf 92' lang='lat'><strong>,</strong></span> <span class='ocrx_word' id='word_1_156' title='bbox 1134 2090 1224 2144; x_wconf 92' lang='lat' dir='ltr'><strong>ubi</strong></span> <span class='ocrx_word' id='word_1_157' title='bbox 1268 2098 1324 2145; x_wconf 92' lang='lat' dir='ltr'><strong>et</strong></span> <span class='ocrx_word' id='word_1_158' title='bbox 1360 2090 1642 2146; x_wconf 88' lang='lat' dir='ltr'><strong>inﬁdelitas</strong></span> <span class='ocrx_word' id='word_1_159' title='bbox 1671 2093 1924 2165; x_wconf 84' lang='lat' dir='ltr'><strong>intelligi-</strong></span> 
     </span>
    </p>
   </div>
   <div class='ocr_carea' id='block_1_21' title="bbox 334 2178 1923 2251">
    <p class='ocr_par' dir='ltr' id='par_1_21' title="bbox 334 2178 1923 2251">
     <span class='ocr_line' id='line_1_21' title="bbox 334 2178 1923 2251; baseline -0.001 -12"><span class='ocrx_word' id='word_1_160' title='bbox 334 2192 441 2251; x_wconf 88' lang='lat' dir='ltr'><strong>tur,</strong></span> <span class='ocrx_word' id='word_1_161' title='bbox 467 2193 520 2237; x_wconf 88' lang='lat' dir='ltr'><strong>et</strong></span> <span class='ocrx_word' id='word_1_162' title='bbox 547 2181 768 2236; x_wconf 91' lang='lat' dir='ltr'><strong>dimisso</strong></span> <span class='ocrx_word' id='word_1_163' title='bbox 787 2180 904 2234; x_wconf 92' lang='lat' dir='ltr'><strong>viro</strong></span> <span class='ocrx_word' id='word_1_164' title='bbox 925 2195 1031 2234; x_wconf 92' lang='lat' dir='ltr'><strong>non</strong></span> <span class='ocrx_word' id='word_1_165' title='bbox 1057 2178 1181 2234; x_wconf 91' lang='lat' dir='ltr'><strong>licet</strong></span> <span class='ocrx_word' id='word_1_166' title='bbox 1207 2178 1359 2234; x_wconf 89' lang='lat' dir='ltr'><strong>alteri</strong></span> <span class='ocrx_word' id='word_1_167' title='bbox 1385 2180 1606 2250; x_wconf 90' lang='lat' dir='ltr'><strong>nubere,</strong></span> <span class='ocrx_word' id='word_1_168' title='bbox 1629 2191 1680 2237; x_wconf 91' lang='lat' dir='ltr'><strong>et</strong></span> <span class='ocrx_word' id='word_1_169' title='bbox 1705 2183 1923 2239; x_wconf 84' lang='lat' dir='ltr'><strong>dimissa</strong></span> 
     </span>
    </p>
   </div>
   <div class='ocr_carea' id='block_1_22' title="bbox 335 2270 1924 2342">
    <p class='ocr_par' dir='ltr' id='par_1_22' title="bbox 335 2270 1924 2342">
     <span class='ocr_line' id='line_1_22' title="bbox 335 2270 1924 2342; baseline -0.001 -12"><span class='ocrx_word' id='word_1_170' title='bbox 335 2290 502 2331; x_wconf 78' lang='lat' dir='ltr'><strong>uxore</strong></span> <span class='ocrx_word' id='word_1_171' title='bbox 543 2289 652 2328; x_wconf 90' lang='lat' dir='ltr'><strong>non</strong></span> <span class='ocrx_word' id='word_1_172' title='bbox 700 2272 824 2328; x_wconf 90' lang='lat' dir='ltr'><strong>licet</strong></span> <span class='ocrx_word' id='word_1_173' title='bbox 862 2271 1083 2326; x_wconf 87' lang='lat' dir='ltr'><strong>alteram</strong></span> <span class='ocrx_word' id='word_1_174' title='bbox 1115 2270 1312 2327; x_wconf 90' lang='lat' dir='ltr'><strong>ducere</strong></span> <span class='ocrx_word' id='word_1_175' title='bbox 1341 2290 1354 2326; x_wconf 88' lang='lat'>:</span> <span class='ocrx_word' id='word_1_176' title='bbox 1385 2273 1636 2342; x_wconf 87' lang='lat' dir='ltr'><strong>quoniam</strong></span> <span class='ocrx_word' id='word_1_177' title='bbox 1666 2274 1924 2331; x_wconf 88' lang='lat' dir='ltr'><strong>Dominus</strong></span> 
     </span>
    </p>
   </div>
   <div class='ocr_carea' id='block_1_23' title="bbox 333 2361 1926 2435">
    <p class='ocr_par' dir='ltr' id='par_1_23' title="bbox 333 2361 1926 2435">
     <span class='ocr_line' id='line_1_23' title="bbox 333 2361 1926 2435; baseline 0.001 -14"><span class='ocrx_word' id='word_1_178' title='bbox 333 2366 478 2422; x_wconf 90' lang='lat' dir='ltr'><strong>nulla</strong></span> <span class='ocrx_word' id='word_1_179' title='bbox 504 2364 820 2435; x_wconf 83' lang='lat' dir='ltr'><strong>exceptione</strong></span> <span class='ocrx_word' id='word_1_180' title='bbox 848 2362 986 2418; x_wconf 84' lang='lat' dir='ltr'><strong>facta</strong></span> <span class='ocrx_word' id='word_1_181' title='bbox 1012 2362 1161 2429; x_wconf 90' lang='lat' dir='ltr'><strong>dicit,</strong></span> <span class='ocrx_word' id='word_1_182' title='bbox 1211 2361 1274 2418; x_wconf 91' lang='lat' dir='ltr'><strong>Si</strong></span> <span class='ocrx_word' id='word_1_183' title='bbox 1307 2380 1436 2418; x_wconf 74' lang='lat' dir='ltr'><strong>uxor</strong></span> <span class='ocrx_word' id='word_1_184' title='bbox 1480 2365 1722 2420; x_wconf 87' lang='lat' dir='ltr'><strong>dimiserit</strong></span> <span class='ocrx_word' id='word_1_185' title='bbox 1761 2367 1926 2422; x_wconf 84' lang='lat' dir='ltr'><strong>virum</strong></span> 
     </span>
    </p>
   </div>
   <div class='ocr_carea' id='block_1_24' title="bbox 334 2454 1926 2528">
    <p class='ocr_par' dir='ltr' id='par_1_24' title="bbox 334 2454 1926 2528">
     <span class='ocr_line' id='line_1_24' title="bbox 334 2454 1926 2528; baseline 0.001 -16"><span class='ocrx_word' id='word_1_186' title='bbox 334 2475 499 2524; x_wconf 80' lang='lat' dir='ltr'><strong>suum,</strong></span> <span class='ocrx_word' id='word_1_187' title='bbox 528 2463 576 2512; x_wconf 85' lang='lat' dir='ltr'><strong>et</strong></span> <span class='ocrx_word' id='word_1_188' title='bbox 604 2456 694 2510; x_wconf 83' lang='lat' dir='ltr'><strong>alii</strong></span> <span class='ocrx_word' id='word_1_189' title='bbox 722 2456 967 2528; x_wconf 86' lang='lat' dir='ltr'><strong>nupserit,</strong></span> <span class='ocrx_word' id='word_1_190' title='bbox 995 2454 1297 2518; x_wconf 63' lang='lat' dir='ltr'><strong>moechatur;</strong></span> <span class='ocrx_word' id='word_1_191' title='bbox 1332 2465 1407 2523; x_wconf 90' lang='lat' dir='ltr'><strong>et,</strong></span> <span class='ocrx_word' id='word_1_192' title='bbox 1436 2454 1613 2510; x_wconf 82' lang='lat' dir='ltr'><strong>Omnis</strong></span> <span class='ocrx_word' id='word_1_193' title='bbox 1641 2457 1727 2528; x_wconf 86' lang='lat' dir='ltr'><strong>qui</strong></span> <span class='ocrx_word' id='word_1_194' title='bbox 1751 2458 1926 2513; x_wconf 86' lang='lat' dir='ltr'><strong>dimit-</strong></span> 
     </span>
    </p>
   </div>
   <div class='ocr_carea' id='block_1_25' title="bbox 336 2548 1671 2615">
    <p class='ocr_par' dir='ltr' id='par_1_25' title="bbox 336 2548 1671 2615">
     <span class='ocr_line' id='line_1_25' title="bbox 336 2548 1671 2615; baseline -0.003 -10"><span class='ocrx_word' id='word_1_195' title='bbox 336 2553 393 2606; x_wconf 87' lang='lat' dir='ltr'><strong>tit</strong></span> <span class='ocrx_word' id='word_1_196' title='bbox 421 2567 633 2606; x_wconf 74' lang='lat' dir='ltr'><strong>uxorem</strong></span> <span class='ocrx_word' id='word_1_197' title='bbox 660 2566 822 2615; x_wconf 82' lang='lat' dir='ltr'><strong>suam,</strong></span> <span class='ocrx_word' id='word_1_198' title='bbox 852 2556 899 2602; x_wconf 91' lang='lat' dir='ltr'><strong>et</strong></span> <span class='ocrx_word' id='word_1_199' title='bbox 936 2548 1074 2601; x_wconf 87' lang='lat' dir='ltr'><strong>ducit</strong></span> <span class='ocrx_word' id='word_1_200' title='bbox 1106 2549 1342 2615; x_wconf 91' lang='lat' dir='ltr'><strong>alteram,</strong></span> <span class='ocrx_word' id='word_1_201' title='bbox 1374 2549 1671 2603; x_wconf 76' lang='lat' dir='ltr'><strong>mtechatur.</strong></span> 
     </span>
    </p>
   </div>
   <div class='ocr_carea' id='block_1_26' title="bbox 404 2639 1925 2713">
    <p class='ocr_par' dir='ltr' id='par_1_26' title="bbox 404 2639 1925 2713">
     <span class='ocr_line' id='line_1_26' title="bbox 404 2639 1925 2713; baseline 0.001 -16"><span class='ocrx_word' id='word_1_202' title='bbox 404 2641 496 2697; x_wconf 73' lang='lat'><strong>&#39;52.</strong></span> <span class='ocrx_word' id='word_1_203' title='bbox 547 2641 640 2696; x_wconf 89' lang='lat' dir='ltr'><strong>llis</strong></span> <span class='ocrx_word' id='word_1_204' title='bbox 686 2641 758 2695; x_wconf 89' lang='lat' dir='ltr'><strong>ita</strong></span> <span class='ocrx_word' id='word_1_205' title='bbox 802 2654 899 2710; x_wconf 90' lang='lat' dir='ltr'><strong>pro</strong></span> <span class='ocrx_word' id='word_1_206' title='bbox 945 2654 1068 2694; x_wconf 90' lang='lat' dir='ltr'><strong>meo</strong></span> <span class='ocrx_word' id='word_1_207' title='bbox 1117 2639 1333 2694; x_wconf 92' lang='lat' dir='ltr'><strong>modulo</strong></span> <span class='ocrx_word' id='word_1_208' title='bbox 1384 2641 1723 2710; x_wconf 89' lang='lat' dir='ltr'><strong>pertractatis</strong></span> <span class='ocrx_word' id='word_1_209' title='bbox 1768 2651 1925 2713; x_wconf 90' lang='lat' dir='ltr'><strong>atque</strong></span> 
     </span>
    </p>
   </div>
   <div class='ocr_carea' id='block_1_27' title="bbox 335 2729 1924 2803">
    <p class='ocr_par' dir='ltr' id='par_1_27' title="bbox 335 2729 1924 2803">
     <span class='ocr_line' id='line_1_27' title="bbox 335 2729 1924 2803; baseline 0 -15"><span class='ocrx_word' id='word_1_210' title='bbox 335 2732 618 2798; x_wconf 88' lang='lat' dir='ltr'><strong>discussis,</strong></span> <span class='ocrx_word' id='word_1_211' title='bbox 666 2730 1018 2801; x_wconf 70' lang='lat' dir='ltr'><strong>qurestionem</strong></span> <span class='ocrx_word' id='word_1_212' title='bbox 1050 2737 1227 2785; x_wconf 91' lang='lat' dir='ltr'><strong>tamen</strong></span> <span class='ocrx_word' id='word_1_213' title='bbox 1257 2729 1324 2784; x_wconf 91' lang='lat' dir='ltr'><strong>de</strong></span> <span class='ocrx_word' id='word_1_214' title='bbox 1352 2730 1609 2803; x_wconf 85' lang='lat' dir='ltr'><strong>conjugiis</strong></span> <span class='ocrx_word' id='word_1_215' title='bbox 1653 2731 1924 2788; x_wconf 86' lang='lat' dir='ltr'><strong>obscuris-</strong></span> 
     </span>
    </p>
   </div>
   <div class='ocr_carea' id='block_1_28' title="bbox 333 2821 1928 2898">
    <p class='ocr_par' dir='ltr' id='par_1_28' title="bbox 333 2821 1928 2898">
     <span class='ocr_line' id='line_1_28' title="bbox 333 2821 1928 2898; baseline 0.001 -19"><span class='ocrx_word' id='word_1_216' title='bbox 333 2823 525 2879; x_wconf 86' lang='lat' dir='ltr'><strong>simam</strong></span> <span class='ocrx_word' id='word_1_217' title='bbox 575 2829 630 2876; x_wconf 89' lang='lat' dir='ltr'><strong>et</strong></span> <span class='ocrx_word' id='word_1_218' title='bbox 679 2821 1156 2893; x_wconf 85' lang='lat' dir='ltr'><strong>implicatissimam</strong></span> <span class='ocrx_word' id='word_1_219' title='bbox 1191 2836 1327 2898; x_wconf 84' lang='lat' dir='ltr'><strong>esse</strong></span> <span class='ocrx_word' id='word_1_220' title='bbox 1373 2837 1478 2877; x_wconf 91' lang='lat' dir='ltr'><strong>non</strong></span> <span class='ocrx_word' id='word_1_221' title='bbox 1547 2825 1750 2879; x_wconf 89' lang='lat' dir='ltr'><strong>nescio.</strong></span> <span class='ocrx_word' id='word_1_222' title='bbox 1817 2825 1928 2882; x_wconf 88' lang='lat' dir='ltr'><strong>Nec</strong></span> 
     </span>
    </p>
   </div>
   <div class='ocr_carea' id='block_1_29' title="bbox 334 2913 1924 2988">
    <p class='ocr_par' dir='ltr' id='par_1_29' title="bbox 334 2913 1924 2988">
     <span class='ocr_line' id='line_1_29' title="bbox 334 2913 1924 2988; baseline 0.003 -18"><span class='ocrx_word' id='word_1_223' title='bbox 334 2915 507 2970; x_wconf 90' lang='lat' dir='ltr'><strong>audeo</strong></span> <span class='ocrx_word' id='word_1_224' title='bbox 538 2913 778 2984; x_wconf 89' lang='lat' dir='ltr'><strong>proﬁteri</strong></span> <span class='ocrx_word' id='word_1_225' title='bbox 824 2929 1010 2968; x_wconf 87' lang='lat' dir='ltr'><strong>omnes</strong></span> <span class='ocrx_word' id='word_1_226' title='bbox 1049 2913 1198 2968; x_wconf 87' lang='lat' dir='ltr'><strong>sinus</strong></span> <span class='ocrx_word' id='word_1_227' title='bbox 1235 2914 1372 2984; x_wconf 87' lang='lat' dir='ltr'><strong>ejus,</strong></span> <span class='ocrx_word' id='word_1_228' title='bbox 1402 2916 1487 2970; x_wconf 90' lang='lat' dir='ltr'><strong>vel</strong></span> <span class='ocrx_word' id='word_1_229' title='bbox 1518 2917 1572 2970; x_wconf 92' lang='lat' dir='ltr'><strong>in</strong></span> <span class='ocrx_word' id='word_1_230' title='bbox 1611 2916 1712 2972; x_wconf 89' lang='lat' dir='ltr'><strong>hoc</strong></span> <span class='ocrx_word' id='word_1_231' title='bbox 1739 2933 1924 2988; x_wconf 90' lang='lat' dir='ltr'><strong>opere,</strong></span> 
     </span>
    </p>
   </div>
   <div class='ocr_carea' id='block_1_30' title="bbox 334 3002 1928 3076">
    <p class='ocr_par' dir='ltr' id='par_1_30' title="bbox 334 3002 1928 3076">
     <span class='ocr_line' id='line_1_30' title="bbox 334 3002 1928 3076; baseline 0.003 -16"><span class='ocrx_word' id='word_1_232' title='bbox 334 3005 418 3060; x_wconf 86' lang='lat' dir='ltr'><strong>vel</strong></span> <span class='ocrx_word' id='word_1_233' title='bbox 458 3005 511 3058; x_wconf 91' lang='lat' dir='ltr'><strong>in</strong></span> <span class='ocrx_word' id='word_1_234' title='bbox 544 3004 652 3058; x_wconf 89' lang='lat' dir='ltr'><strong>alio</strong></span> <span class='ocrx_word' id='word_1_235' title='bbox 681 3019 766 3058; x_wconf 91' lang='lat' dir='ltr'><strong>me</strong></span> <span class='ocrx_word' id='word_1_236' title='bbox 811 3002 984 3058; x_wconf 90' lang='lat' dir='ltr'><strong>adhuc</strong></span> <span class='ocrx_word' id='word_1_237' title='bbox 1013 3003 1328 3074; x_wconf 80' lang='lat' dir='ltr'><strong>explicasse,</strong></span> <span class='ocrx_word' id='word_1_238' title='bbox 1379 3005 1461 3059; x_wconf 92' lang='lat' dir='ltr'><strong>vel</strong></span> <span class='ocrx_word' id='word_1_239' title='bbox 1507 3005 1616 3075; x_wconf 89' lang='lat' dir='ltr'><strong>jam</strong></span> <span class='ocrx_word' id='word_1_240' title='bbox 1660 3022 1839 3076; x_wconf 85' lang='lat' dir='ltr'><strong>posse,</strong></span> <span class='ocrx_word' id='word_1_241' title='bbox 1881 3010 1928 3063; x_wconf 89' lang='lat' dir='ltr'><strong>si</strong></span> 
     </span>
    </p>
   </div>
   <div class='ocr_carea' id='block_1_31' title="bbox 334 3092 1929 3167">
    <p class='ocr_par' dir='ltr' id='par_1_31' title="bbox 334 3092 1929 3167">
     <span class='ocr_line' id='line_1_31' title="bbox 334 3092 1929 3167; baseline 0.002 -16"><span class='ocrx_word' id='word_1_242' title='bbox 334 3111 552 3167; x_wconf 86' lang='lat' dir='ltr'><strong>urgear,</strong></span> <span class='ocrx_word' id='word_1_243' title='bbox 595 3093 883 3164; x_wconf 74' lang='lat' dir='ltr'><strong>explicare.</strong></span> <span class='ocrx_word' id='word_1_244' title='bbox 916 3092 1052 3148; x_wconf 87' lang='lat' dir='ltr'><strong>lliud</strong></span> <span class='ocrx_word' id='word_1_245' title='bbox 1101 3104 1277 3150; x_wconf 89' lang='lat' dir='ltr'><strong>autem</strong></span> <span class='ocrx_word' id='word_1_246' title='bbox 1323 3095 1465 3150; x_wconf 92' lang='lat' dir='ltr'><strong>unde</strong></span> <span class='ocrx_word' id='word_1_247' title='bbox 1507 3111 1595 3151; x_wconf 84' lang='lat' dir='ltr'><strong>me</strong></span> <span class='ocrx_word' id='word_1_248' title='bbox 1644 3096 1826 3152; x_wconf 91' lang='lat' dir='ltr'><strong>itidem</strong></span> <span class='ocrx_word' id='word_1_249' title='bbox 1871 3097 1929 3154; x_wconf 83' lang='lat' dir='ltr'><strong>iu</strong></span> 
     </span>
    </p>
   </div>
   <div class='ocr_carea' id='block_1_32' title="bbox 336 3185 1926 3254">
    <p class='ocr_par' dir='ltr' id='par_1_32' title="bbox 336 3185 1926 3254">
     <span class='ocr_line' id='line_1_32' title="bbox 336 3185 1926 3254; baseline 0.002 -12"><span class='ocrx_word' id='word_1_250' title='bbox 336 3187 439 3243; x_wconf 91' lang='lat' dir='ltr'><strong>alia</strong></span> <span class='ocrx_word' id='word_1_251' title='bbox 470 3185 672 3242; x_wconf 88' lang='lat' dir='ltr'><strong>scheda</strong></span> <span class='ocrx_word' id='word_1_252' title='bbox 702 3185 1089 3241; x_wconf 89' lang='lat' dir='ltr'><strong>consulendum</strong></span> <span class='ocrx_word' id='word_1_253' title='bbox 1118 3186 1456 3254; x_wconf 81' lang='lat' dir='ltr'><strong>existimasti,</strong></span> <span class='ocrx_word' id='word_1_254' title='bbox 1489 3202 1732 3243; x_wconf 88' lang='lat' dir='ltr'><strong>seorsum</strong></span> <span class='ocrx_word' id='word_1_255' title='bbox 1761 3191 1926 3245; x_wconf 89' lang='lat' dir='ltr'><strong>etiam</strong></span> 
     </span>
    </p>
   </div>
   <div class='ocr_carea' id='block_1_33' title="bbox 335 3279 1926 3353">
    <p class='ocr_par' dir='ltr' id='par_1_33' title="bbox 335 3279 1926 3353">
     <span class='ocr_line' id='line_1_33' title="bbox 335 3279 1926 3353; baseline 0.004 -17"><span class='ocrx_word' id='word_1_256' title='bbox 335 3296 434 3352; x_wconf 85' lang='lat' dir='ltr'><strong>ego</strong></span> <span class='ocrx_word' id='word_1_257' title='bbox 463 3279 700 3336; x_wconf 87' lang='lat' dir='ltr'><strong>enodare</strong></span> <span class='ocrx_word' id='word_1_258' title='bbox 730 3295 994 3346; x_wconf 88' lang='lat' dir='ltr'><strong>curarem,</strong></span> <span class='ocrx_word' id='word_1_259' title='bbox 1028 3283 1072 3335; x_wconf 89' lang='lat' dir='ltr'><strong>si</strong></span> <span class='ocrx_word' id='word_1_260' title='bbox 1108 3280 1240 3335; x_wconf 90' lang='lat' dir='ltr'><strong>mihi</strong></span> <span class='ocrx_word' id='word_1_261' title='bbox 1267 3281 1408 3336; x_wconf 89' lang='lat' dir='ltr'><strong>aliud</strong></span> <span class='ocrx_word' id='word_1_262' title='bbox 1439 3298 1597 3353; x_wconf 90' lang='lat' dir='ltr'><strong>quam</strong></span> <span class='ocrx_word' id='word_1_263' title='bbox 1631 3284 1723 3339; x_wconf 91' lang='lat' dir='ltr'><strong>tibi</strong></span> <span class='ocrx_word' id='word_1_264' title='bbox 1753 3286 1926 3342; x_wconf 87' lang='lat' dir='ltr'><strong>visum</strong></span> 
     </span>
    </p>
   </div>
   <div class='ocr_carea' id='block_1_34' title="bbox 336 3371 1927 3438">
    <p class='ocr_par' dir='ltr' id='par_1_34' title="bbox 336 3371 1927 3438">
     <span class='ocr_line' id='line_1_34' title="bbox 336 3371 1927 3438; baseline 0.004 -10"><span class='ocrx_word' id='word_1_265' title='bbox 336 3382 454 3438; x_wconf 92' lang='lat' dir='ltr'><strong>est,</strong></span> <span class='ocrx_word' id='word_1_266' title='bbox 489 3371 806 3428; x_wconf 81' lang='lat' dir='ltr'><strong>videretur:</strong></span> <span class='ocrx_word' id='word_1_267' title='bbox 854 3387 974 3427; x_wconf 91' lang='lat' dir='ltr'><strong>cum</strong></span> <span class='ocrx_word' id='word_1_268' title='bbox 1016 3386 1148 3428; x_wconf 87' lang='lat' dir='ltr'><strong>vero</strong></span> <span class='ocrx_word' id='word_1_269' title='bbox 1190 3372 1378 3428; x_wconf 90' lang='lat' dir='ltr'><strong>eadem</strong></span> <span class='ocrx_word' id='word_1_270' title='bbox 1425 3374 1495 3430; x_wconf 91' lang='lat' dir='ltr'><strong>sit</strong></span> <span class='ocrx_word' id='word_1_271' title='bbox 1536 3375 1694 3430; x_wconf 89' lang='lat' dir='ltr'><strong>etiam</strong></span> <span class='ocrx_word' id='word_1_272' title='bbox 1745 3388 1927 3434; x_wconf 86' lang='lat' dir='ltr'><strong>nostra</strong></span> 
     </span>
    </p>
   </div>
   <div class='ocr_carea' id='block_1_35' title="bbox 334 3459 1744 3535">
    <p class='ocr_par' dir='ltr' id='par_1_35' title="bbox 334 3459 1744 3535">
     <span class='ocr_line' id='line_1_35' title="bbox 334 3459 1744 3535; baseline 0.004 -19"><span class='ocrx_word' id='word_1_273' title='bbox 334 3463 624 3526; x_wconf 88' lang='lat' dir='ltr'><strong>sententia,</strong></span> <span class='ocrx_word' id='word_1_274' title='bbox 656 3477 760 3516; x_wconf 93' lang='lat' dir='ltr'><strong>non</strong></span> <span class='ocrx_word' id='word_1_275' title='bbox 793 3459 919 3516; x_wconf 84' lang='lat' dir='ltr'><strong>hinc</strong></span> <span class='ocrx_word' id='word_1_276' title='bbox 944 3476 1078 3531; x_wconf 89' lang='lat' dir='ltr'><strong>opus</strong></span> <span class='ocrx_word' id='word_1_277' title='bbox 1107 3469 1191 3516; x_wconf 87' lang='lat' dir='ltr'><strong>cst</strong></span> <span class='ocrx_word' id='word_1_278' title='bbox 1218 3461 1414 3517; x_wconf 91' lang='lat' dir='ltr'><strong>diutius</strong></span> <span class='ocrx_word' id='word_1_279' title='bbox 1453 3463 1744 3535; x_wconf 87' lang='lat' dir='ltr'><strong>disputare.</strong></span> 
     </span>
    </p>
   </div>
   <div class='ocr_carea' id='block_1_36' title="bbox 404 3551 1929 3616">
    <p class='ocr_par' dir='ltr' id='par_1_36' title="bbox 404 3551 1929 3616">
     <span class='ocr_line' id='line_1_36' title="bbox 404 3551 1929 3616; baseline 0.004 -7"><span class='ocrx_word' id='word_1_280' title='bbox 404 3553 638 3610; x_wconf 82' lang='lat' dir='ltr'><strong>CAPUT</strong></span> <span class='ocrx_word' id='word_1_281' title='bbox 677 3551 871 3608; x_wconf 80' lang='lat' dir='ltr'><strong>XXVI.</strong></span> <span class='ocrx_word' id='word_1_282' title='bbox 900 3584 970 3594; x_wconf 92' lang='lat'><strong>—-</strong></span> <span class='ocrx_word' id='word_1_283' title='bbox 994 3553 1084 3608; x_wconf 79' lang='grc'><strong>55.</strong></span> <span class='ocrx_word' id='word_1_284' title='bbox 1115 3553 1494 3611; x_wconf 85' lang='lat' dir='ltr'><strong>Catechumenis</strong></span> <span class='ocrx_word' id='word_1_285' title='bbox 1534 3558 1586 3612; x_wconf 91' lang='lat' dir='ltr'><strong>in</strong></span> <span class='ocrx_word' id='word_1_286' title='bbox 1613 3559 1788 3614; x_wconf 87' lang='lat' dir='ltr'><strong>ultimo</strong></span> <span class='ocrx_word' id='word_1_287' title='bbox 1815 3561 1929 3616; x_wconf 68' lang='lat' dir='ltr'><strong>vita:</strong></span> 
     </span>
    </p>
   </div>
   <div class='ocr_carea' id='block_1_37' title="bbox 334 3627 1929 3722">
    <p class='ocr_par' dir='ltr' id='par_1_37' title="bbox 334 3627 1929 3722">
     <span class='ocr_line' id='line_1_37' title="bbox 334 3627 1929 3722; baseline 0.005 -21"><span class='ocrx_word' id='word_1_288' title='bbox 334 3627 400 3701; x_wconf 78' lang='lat' dir='ltr'><strong>an</strong></span> <span class='ocrx_word' id='word_1_289' title='bbox 443 3646 648 3700; x_wconf 84' lang='lat' dir='ltr'><strong>dandus</strong></span> <span class='ocrx_word' id='word_1_290' title='bbox 674 3645 967 3716; x_wconf 84' lang='lat' dir='ltr'><strong>Baptismus</strong></span> <span class='ocrx_word' id='word_1_291' title='bbox 1004 3663 1104 3701; x_wconf 87' lang='lat' dir='ltr'><strong>non</strong></span> <span class='ocrx_word' id='word_1_292' title='bbox 1145 3649 1445 3718; x_wconf 80' lang='lat' dir='ltr'><strong>petentibus,</strong></span> <span class='ocrx_word' id='word_1_293' title='bbox 1493 3667 1583 3705; x_wconf 87' lang='lat' dir='ltr'><strong>nec</strong></span> <span class='ocrx_word' id='word_1_294' title='bbox 1627 3669 1718 3722; x_wconf 87' lang='lat' dir='ltr'><strong>pro</strong></span> <span class='ocrx_word' id='word_1_295' title='bbox 1759 3671 1813 3708; x_wconf 87' lang='lat' dir='ltr'><strong>se</strong></span> <span class='ocrx_word' id='word_1_296' title='bbox 1849 3672 1929 3709; x_wconf 78' lang='lat' dir='ltr'><strong>re-</strong></span> 
     </span>
    </p>
   </div>
   <div class='ocr_carea' id='block_1_38' title="bbox 332 3736 1929 3818">
    <p class='ocr_par' dir='ltr' id='par_1_38' title="bbox 332 3736 1929 3818">
     <span class='ocr_line' id='line_1_38' title="bbox 332 3736 1929 3818; baseline 0.005 -26"><span class='ocrx_word' id='word_1_297' title='bbox 332 3737 588 3808; x_wconf 83' lang='lat' dir='ltr'><strong>spondere</strong></span> <span class='ocrx_word' id='word_1_298' title='bbox 630 3736 928 3792; x_wconf 84' lang='lat' dir='ltr'><strong>valentibus.</strong></span> <span class='ocrx_word' id='word_1_299' title='bbox 975 3737 1162 3808; x_wconf 84' lang='lat' dir='ltr'><strong>Opinio</strong></span> <span class='ocrx_word' id='word_1_300' title='bbox 1200 3739 1534 3810; x_wconf 84' lang='lat' dir='ltr'><strong>quorumdam</strong></span> <span class='ocrx_word' id='word_1_301' title='bbox 1579 3761 1769 3814; x_wconf 81' lang='lat' dir='ltr'><strong>negans</strong></span> <span class='ocrx_word' id='word_1_302' title='bbox 1809 3746 1929 3818; x_wconf 84' lang='lat' dir='ltr'><strong>reji-</strong></span> 
     </span>
    </p>
   </div>
   <div class='ocr_carea' id='block_1_39' title="bbox 335 3828 1927 3906">
    <p class='ocr_par' dir='ltr' id='par_1_39' title="bbox 335 3828 1927 3906">
     <span class='ocr_line' id='line_1_39' title="bbox 335 3828 1927 3906; baseline 0.006 -24"><span class='ocrx_word' id='word_1_303' title='bbox 335 3830 490 3896; x_wconf 87' lang='lat' dir='ltr'><strong>citur,</strong></span> <span class='ocrx_word' id='word_1_304' title='bbox 535 3844 627 3882; x_wconf 84' lang='lat' dir='ltr'><strong>nec</strong></span> <span class='ocrx_word' id='word_1_305' title='bbox 687 3837 852 3883; x_wconf 89' lang='lat' dir='ltr'><strong>tamen</strong></span> <span class='ocrx_word' id='word_1_306' title='bbox 910 3828 1201 3882; x_wconf 84' lang='lat' dir='ltr'><strong>damnatur.</strong></span> <span class='ocrx_word' id='word_1_307' title='bbox 1247 3831 1657 3888; x_wconf 86' lang='lat' dir='ltr'><strong>Catechumenis</strong></span> <span class='ocrx_word' id='word_1_308' title='bbox 1709 3851 1836 3906; x_wconf 89' lang='lat' dir='ltr'><strong>ergo</strong></span> <span class='ocrx_word' id='word_1_309' title='bbox 1874 3838 1927 3891; x_wconf 93' lang='lat' dir='ltr'><strong>in</strong></span> 
     </span>
    </p>
   </div>
   <div class='ocr_carea' id='block_1_40' title="bbox 335 3915 1928 3989">
    <p class='ocr_par' dir='ltr' id='par_1_40' title="bbox 335 3915 1928 3989">
     <span class='ocr_line' id='line_1_40' title="bbox 335 3915 1928 3989; baseline 0.006 -17"><span class='ocrx_word' id='word_1_310' title='bbox 335 3917 496 3989; x_wconf 85' lang='lat' dir='ltr'><strong>hujus</strong></span> <span class='ocrx_word' id='word_1_311' title='bbox 543 3919 667 3972; x_wconf 64' lang='lat' dir='ltr'><strong>vita:</strong></span> <span class='ocrx_word' id='word_1_312' title='bbox 714 3915 902 3974; x_wconf 87' lang='lat' dir='ltr'><strong>ultimo</strong></span> <span class='ocrx_word' id='word_1_313' title='bbox 951 3919 1275 3987; x_wconf 89' lang='lat' dir='ltr'><strong>constitutis,</strong></span> <span class='ocrx_word' id='word_1_314' title='bbox 1327 3920 1372 3975; x_wconf 90' lang='lat' dir='ltr'><strong>si</strong></span> <span class='ocrx_word' id='word_1_315' title='bbox 1423 3923 1612 3976; x_wconf 88' lang='lat' dir='ltr'><strong>morbo</strong></span> <span class='ocrx_word' id='word_1_316' title='bbox 1658 3938 1750 3978; x_wconf 87' lang='lat' dir='ltr'><strong>seu</strong></span> <span class='ocrx_word' id='word_1_317' title='bbox 1800 3940 1928 3981; x_wconf 88' lang='lat' dir='ltr'><strong>casu</strong></span> 
     </span>
    </p>
   </div>
   <div class='ocr_carea' id='block_1_41' title="bbox 335 4007 1923 4085">
    <p class='ocr_par' dir='ltr' id='par_1_41' title="bbox 335 4007 1923 4085">
     <span class='ocr_line' id='line_1_41' title="bbox 335 4007 1923 4085; baseline 0.005 -21"><span class='ocrx_word' id='word_1_318' title='bbox 335 4011 517 4082; x_wconf 89' lang='lat' dir='ltr'><strong>aliquo</strong></span> <span class='ocrx_word' id='word_1_319' title='bbox 545 4010 625 4065; x_wconf 90' lang='lat' dir='ltr'><strong>sic</strong></span> <span class='ocrx_word' id='word_1_320' title='bbox 668 4010 910 4080; x_wconf 89' lang='lat' dir='ltr'><strong>oppressi</strong></span> <span class='ocrx_word' id='word_1_321' title='bbox 954 4007 1094 4078; x_wconf 88' lang='lat' dir='ltr'><strong>sint,</strong></span> <span class='ocrx_word' id='word_1_322' title='bbox 1129 4020 1186 4065; x_wconf 91' lang='lat' dir='ltr'><strong>ut</strong></span> <span class='ocrx_word' id='word_1_323' title='bbox 1229 4013 1469 4082; x_wconf 86' lang='lat' dir='ltr'><strong>quamvis</strong></span> <span class='ocrx_word' id='word_1_324' title='bbox 1509 4014 1686 4068; x_wconf 81' lang='lat' dir='ltr'><strong>adhuc</strong></span> <span class='ocrx_word' id='word_1_325' title='bbox 1724 4016 1923 4085; x_wconf 88' lang='lat' dir='ltr'><strong>vivant,</strong></span> 
     </span>
    </p>
   </div>
   <div class='ocr_carea' id='block_1_42' title="bbox 335 4100 1927 4176">
    <p class='ocr_par' dir='ltr' id='par_1_42' title="bbox 335 4100 1927 4176">
     <span class='ocr_line' id='line_1_42' title="bbox 335 4100 1927 4176; baseline 0.003 -20"><span class='ocrx_word' id='word_1_326' title='bbox 335 4110 525 4172; x_wconf 86' lang='lat' dir='ltr'><strong>petere</strong></span> <span class='ocrx_word' id='word_1_327' title='bbox 551 4100 655 4155; x_wconf 89' lang='lat' dir='ltr'><strong>sibi</strong></span> <span class='ocrx_word' id='word_1_328' title='bbox 687 4109 863 4156; x_wconf 89' lang='lat' dir='ltr'><strong>tamen</strong></span> <span class='ocrx_word' id='word_1_329' title='bbox 895 4100 1228 4170; x_wconf 90' lang='lat' dir='ltr'><strong>Baptismum</strong></span> <span class='ocrx_word' id='word_1_330' title='bbox 1259 4102 1341 4155; x_wconf 85' lang='lat' dir='ltr'><strong>vel</strong></span> <span class='ocrx_word' id='word_1_331' title='bbox 1369 4102 1434 4156; x_wconf 83' lang='lat' dir='ltr'><strong>ad</strong></span> <span class='ocrx_word' id='word_1_332' title='bbox 1470 4104 1796 4176; x_wconf 88' lang='lat' dir='ltr'><strong>interrogata</strong></span> <span class='ocrx_word' id='word_1_333' title='bbox 1839 4121 1927 4163; x_wconf 88' lang='lat' dir='ltr'><strong>re-</strong></span> 
     </span>
    </p>
   </div>
   <div class='ocr_carea' id='block_1_43' title="bbox 339 4192 1930 4264">
    <p class='ocr_par' dir='ltr' id='par_1_43' title="bbox 339 4192 1930 4264">
     <span class='ocr_line' id='line_1_43' title="bbox 339 4192 1930 4264; baseline 0.004 -18"><span class='ocrx_word' id='word_1_334' title='bbox 339 4192 605 4262; x_wconf 76' lang='lat' dir='ltr'><strong>apondere</strong></span> <span class='ocrx_word' id='word_1_335' title='bbox 633 4208 739 4247; x_wconf 91' lang='lat' dir='ltr'><strong>non</strong></span> <span class='ocrx_word' id='word_1_336' title='bbox 769 4193 1010 4262; x_wconf 87' lang='lat' dir='ltr'><strong>possint;</strong></span> <span class='ocrx_word' id='word_1_337' title='bbox 1055 4192 1222 4262; x_wconf 90' lang='lat' dir='ltr'><strong>prosit</strong></span> <span class='ocrx_word' id='word_1_338' title='bbox 1249 4194 1328 4248; x_wconf 93' lang='lat' dir='ltr'><strong>eis</strong></span> <span class='ocrx_word' id='word_1_339' title='bbox 1354 4195 1496 4264; x_wconf 90' lang='lat' dir='ltr'><strong>quod</strong></span> <span class='ocrx_word' id='word_1_340' title='bbox 1525 4210 1712 4251; x_wconf 88' lang='lat' dir='ltr'><strong>eorum</strong></span> <span class='ocrx_word' id='word_1_341' title='bbox 1743 4197 1794 4251; x_wconf 92' lang='lat' dir='ltr'><strong>in</strong></span> <span class='ocrx_word' id='word_1_342' title='bbox 1825 4197 1930 4252; x_wconf 85' lang='lat' dir='ltr'><strong>ﬁde</strong></span> 
     </span>
    </p>
   </div>
   <div class='ocr_carea' id='block_1_44' title="bbox 341 4284 1927 4360">
    <p class='ocr_par' dir='ltr' id='par_1_44' title="bbox 341 4284 1927 4360">
     <span class='ocr_line' id='line_1_44' title="bbox 341 4284 1927 4360; baseline 0.004 -22"><span class='ocrx_word' id='word_1_343' title='bbox 341 4284 632 4340; x_wconf 88' lang='lat' dir='ltr'><strong>christiana</strong></span> <span class='ocrx_word' id='word_1_344' title='bbox 671 4285 782 4354; x_wconf 87' lang='lat' dir='ltr'><strong>jam</strong></span> <span class='ocrx_word' id='word_1_345' title='bbox 814 4295 938 4340; x_wconf 81' lang='lat' dir='ltr'><strong>nota</strong></span> <span class='ocrx_word' id='word_1_346' title='bbox 971 4285 1218 4340; x_wconf 84' lang='lat' dir='ltr'><strong>voluntas</strong></span> <span class='ocrx_word' id='word_1_347' title='bbox 1248 4293 1350 4349; x_wconf 86' lang='lat' dir='ltr'><strong>est,</strong></span> <span class='ocrx_word' id='word_1_348' title='bbox 1384 4296 1442 4342; x_wconf 91' lang='lat' dir='ltr'><strong>ut</strong></span> <span class='ocrx_word' id='word_1_349' title='bbox 1471 4304 1535 4344; x_wconf 87' lang='lat' dir='ltr'><strong>eo</strong></span> <span class='ocrx_word' id='word_1_350' title='bbox 1563 4289 1724 4345; x_wconf 89' lang='lat' dir='ltr'><strong>modo</strong></span> <span class='ocrx_word' id='word_1_351' title='bbox 1751 4291 1927 4360; x_wconf 85' lang='lat' dir='ltr'><strong>bapti-</strong></span> 
     </span>
    </p>
   </div>
   <div class='ocr_carea' id='block_1_45' title="bbox 342 4376 1928 4452">
    <p class='ocr_par' dir='ltr' id='par_1_45' title="bbox 342 4376 1928 4452">
     <span class='ocr_line' id='line_1_45' title="bbox 342 4376 1928 4452; baseline 0.007 -24"><span class='ocrx_word' id='word_1_352' title='bbox 342 4384 548 4443; x_wconf 89' lang='lat' dir='ltr'><strong>zentur,</strong></span> <span class='ocrx_word' id='word_1_353' title='bbox 579 4391 685 4446; x_wconf 93' lang='lat' dir='ltr'><strong>quo</strong></span> <span class='ocrx_word' id='word_1_354' title='bbox 713 4376 872 4431; x_wconf 93' lang='lat' dir='ltr'><strong>modo</strong></span> <span class='ocrx_word' id='word_1_355' title='bbox 915 4377 1250 4447; x_wconf 85' lang='lat' dir='ltr'><strong>baptizantur</strong></span> <span class='ocrx_word' id='word_1_356' title='bbox 1288 4378 1546 4447; x_wconf 86' lang='lat' dir='ltr'><strong>infantes,</strong></span> <span class='ocrx_word' id='word_1_357' title='bbox 1577 4397 1802 4452; x_wconf 86' lang='lat' dir='ltr'><strong>quorum</strong></span> <span class='ocrx_word' id='word_1_358' title='bbox 1834 4399 1928 4439; x_wconf 88' lang='lat' dir='ltr'><strong>vo-</strong></span> 
     </span>
    </p>
   </div>
   <div class='ocr_carea' id='block_1_46' title="bbox 343 4467 1928 4546">
    <p class='ocr_par' dir='ltr' id='par_1_46' title="bbox 343 4467 1928 4546">
     <span class='ocr_line' id='line_1_46' title="bbox 343 4467 1928 4546; baseline 0.008 -25"><span class='ocrx_word' id='word_1_359' title='bbox 343 4467 520 4524; x_wconf 88' lang='lat' dir='ltr'><strong>luntas</strong></span> <span class='ocrx_word' id='word_1_360' title='bbox 548 4469 696 4523; x_wconf 91' lang='lat' dir='ltr'><strong>nulla</strong></span> <span class='ocrx_word' id='word_1_361' title='bbox 725 4470 900 4526; x_wconf 87' lang='lat' dir='ltr'><strong>adhuc</strong></span> <span class='ocrx_word' id='word_1_362' title='bbox 925 4473 1096 4542; x_wconf 87' lang='lat' dir='ltr'><strong>patuit</strong></span> <span class='ocrx_word' id='word_1_363' title='bbox 1126 4473 1224 4546; x_wconf 88' lang='lat' dir='ltr'><strong>(b).</strong></span> <span class='ocrx_word' id='word_1_364' title='bbox 1267 4472 1380 4527; x_wconf 85' lang='lat' dir='ltr'><strong>Non</strong></span> <span class='ocrx_word' id='word_1_365' title='bbox 1426 4482 1602 4530; x_wconf 88' lang='lat' dir='ltr'><strong>tamen</strong></span> <span class='ocrx_word' id='word_1_366' title='bbox 1646 4485 1928 4546; x_wconf 85' lang='lat' dir='ltr'><strong>propterea</strong></span> 
     </span>
    </p>
   </div>
   <div class='ocr_carea' id='block_1_47' title="bbox 341 4557 1927 4638">
    <p class='ocr_par' dir='ltr' id='par_1_47' title="bbox 341 4557 1927 4638">
     <span class='ocr_line' id='line_1_47' title="bbox 341 4557 1927 4638; baseline 0.007 -27"><span class='ocrx_word' id='word_1_367' title='bbox 341 4557 598 4616; x_wconf 84' lang='lat' dir='ltr'><strong>damnare</strong></span> <span class='ocrx_word' id='word_1_368' title='bbox 654 4560 917 4617; x_wconf 90' lang='lat' dir='ltr'><strong>debemus</strong></span> <span class='ocrx_word' id='word_1_369' title='bbox 961 4577 1054 4618; x_wconf 89' lang='lat' dir='ltr'><strong>eos</strong></span> <span class='ocrx_word' id='word_1_370' title='bbox 1103 4565 1195 4634; x_wconf 93' lang='lat' dir='ltr'><strong>qui</strong></span> <span class='ocrx_word' id='word_1_371' title='bbox 1245 4563 1480 4620; x_wconf 90' lang='lat' dir='ltr'><strong>timidius</strong></span> <span class='ocrx_word' id='word_1_372' title='bbox 1529 4575 1927 4638; x_wconf 89' lang='lat' dir='ltr'><strong>agunt,_quam</strong></span> 
     </span>
    </p>
   </div>
   <div class='ocr_carea' id='block_1_48' title="bbox 342 4645 1926 4728">
    <p class='ocr_par' dir='ltr' id='par_1_48' title="bbox 342 4645 1926 4728">
     <span class='ocr_line' id='line_1_48' title="bbox 342 4645 1926 4728; baseline 0.007 -24"><span class='ocrx_word' id='word_1_373' title='bbox 342 4651 496 4705; x_wconf 89' lang='lat' dir='ltr'><strong>nobis</strong></span> <span class='ocrx_word' id='word_1_374' title='bbox 523 4651 738 4706; x_wconf 89' lang='lat' dir='ltr'><strong>videtur</strong></span> <span class='ocrx_word' id='word_1_375' title='bbox 771 4654 856 4724; x_wconf 88' lang='lat' dir='ltr'><strong>agi</strong></span> <span class='ocrx_word' id='word_1_376' title='bbox 894 4664 1146 4725; x_wconf 79' lang='lat' dir='ltr'><strong>oportere</strong></span> <span class='ocrx_word' id='word_1_377' title='bbox 1165 4699 1181 4724; x_wconf 92' lang='lat'><strong>,</strong></span> <span class='ocrx_word' id='word_1_378' title='bbox 1203 4645 1282 4712; x_wconf 66' lang='lat' dir='ltr'><strong>rie</strong></span> <span class='ocrx_word' id='word_1_379' title='bbox 1307 4657 1374 4712; x_wconf 92' lang='lat' dir='ltr'><strong>de</strong></span> <span class='ocrx_word' id='word_1_380' title='bbox 1415 4659 1638 4728; x_wconf 91' lang='lat' dir='ltr'><strong>pecunia</strong></span> <span class='ocrx_word' id='word_1_381' title='bbox 1664 4674 1926 4715; x_wconf 81' lang='lat' dir='ltr'><strong>conservo</strong></span> 
     </span>
    </p>
   </div>
   <div class='ocr_carea' id='block_1_49' title="bbox 343 4739 1929 4819">
    <p class='ocr_par' dir='ltr' id='par_1_49' title="bbox 343 4739 1929 4819">
     <span class='ocr_line' id='line_1_49' title="bbox 343 4739 1929 4819; baseline 0.009 -26"><span class='ocrx_word' id='word_1_382' title='bbox 343 4739 543 4796; x_wconf 87' lang='lat' dir='ltr'><strong>credita</strong></span> <span class='ocrx_word' id='word_1_383' title='bbox 597 4743 891 4812; x_wconf 87' lang='lat' dir='ltr'><strong>improbius</strong></span> <span class='ocrx_word' id='word_1_384' title='bbox 937 4760 1096 4813; x_wconf 87' lang='lat' dir='ltr'><strong>quam</strong></span> <span class='ocrx_word' id='word_1_385' title='bbox 1153 4747 1356 4812; x_wconf 84' lang='lat' dir='ltr'><strong>cautius</strong></span> <span class='ocrx_word' id='word_1_386' title='bbox 1409 4748 1650 4819; x_wconf 86' lang='lat' dir='ltr'><strong>judicare</strong></span> <span class='ocrx_word' id='word_1_387' title='bbox 1695 4751 1929 4808; x_wconf 82' lang='lat' dir='ltr'><strong>voluisse</strong></span> 
     </span>
    </p>
   </div>
   <div class='ocr_carea' id='block_1_50' title="bbox 340 4830 1930 4914">
    <p class='ocr_par' dir='ltr' id='par_1_50' title="bbox 340 4830 1930 4914">
     <span class='ocr_line' id='line_1_50' title="bbox 340 4830 1930 4914; baseline 0.01 -30"><span class='ocrx_word' id='word_1_388' title='bbox 340 4830 662 4900; x_wconf 74' lang='lat' dir='ltr'><strong>iudicemur.</strong></span> <span class='ocrx_word' id='word_1_389' title='bbox 692 4835 832 4891; x_wconf 89' lang='lat' dir='ltr'><strong>Satis</strong></span> <span class='ocrx_word' id='word_1_390' title='bbox 870 4837 1065 4907; x_wconf 88' lang='lat' dir='ltr'><strong>quippe</strong></span> <span class='ocrx_word' id='word_1_391' title='bbox 1103 4839 1154 4893; x_wconf 94' lang='lat' dir='ltr'><strong>in</strong></span> <span class='ocrx_word' id='word_1_392' title='bbox 1197 4840 1386 4897; x_wconf 87' lang='lat' dir='ltr'><strong>talibus</strong></span> <span class='ocrx_word' id='word_1_393' title='bbox 1421 4843 1813 4914; x_wconf 88' lang='lat' dir='ltr'><strong>respiciendum</strong></span> <span class='ocrx_word' id='word_1_394' title='bbox 1846 4854 1930 4902; x_wconf 88' lang='lat' dir='ltr'><strong>est</strong></span> 
     </span>
    </p>
   </div>
   <div class='ocr_carea' id='block_1_51' title="bbox 346 4916 1930 5008">
    <p class='ocr_par' dir='ltr' id='par_1_51' title="bbox 346 4916 1930 5008">
     <span class='ocr_line' id='line_1_51' title="bbox 346 4916 1930 5008; baseline 0.009 -31"><span class='ocrx_word' id='word_1_395' title='bbox 346 4923 472 4978; x_wconf 88' lang='lat' dir='ltr'><strong>illud</strong></span> <span class='ocrx_word' id='word_1_396' title='bbox 505 4925 769 4996; x_wconf 87' lang='lat' dir='ltr'><strong>Apostoli,</strong></span> <span class='ocrx_word' id='word_1_397' title='bbox 803 4916 898 4982; x_wconf 85' lang='lat' dir='ltr'><strong>ubi</strong></span> <span class='ocrx_word' id='word_1_398' title='bbox 923 4928 1050 4984; x_wconf 89' lang='lat' dir='ltr'><strong>dicit</strong></span> <span class='ocrx_word' id='word_1_399' title='bbox 1079 4947 1090 4982; x_wconf 85' lang='lat'><strong>:</strong></span> <span class='ocrx_word' id='word_1_400' title='bbox 1128 4929 1476 5003; x_wconf 76' lang='lat' dir='ltr'><strong>Unusquisque</strong></span> <span class='ocrx_word' id='word_1_401' title='bbox 1502 4943 1727 4991; x_wconf 83' lang='lat' dir='ltr'><strong>nostrum</strong></span> <span class='ocrx_word' id='word_1_402' title='bbox 1753 4954 1846 5008; x_wconf 83' lang='lat' dir='ltr'><strong>pro</strong></span> <span class='ocrx_word' id='word_1_403' title='bbox 1875 4953 1930 4992; x_wconf 84' lang='lat' dir='ltr'><strong>se</strong></span> 
     </span>
    </p>
   </div>
   <div class='ocr_carea' id='block_1_52' title="bbox 345 5018 1927 5098">
    <p class='ocr_par' dir='ltr' id='par_1_52' title="bbox 345 5018 1927 5098">
     <span class='ocr_line' id='line_1_52' title="bbox 345 5018 1927 5098; baseline 0.011 -30"><span class='ocrx_word' id='word_1_404' title='bbox 345 5018 590 5070; x_wconf 86' lang='lat' dir='ltr'><strong>rationem</strong></span> <span class='ocrx_word' id='word_1_405' title='bbox 620 5018 792 5073; x_wconf 87' lang='lat' dir='ltr'><strong>reddet</strong></span> <span class='ocrx_word' id='word_1_406' title='bbox 823 5020 930 5076; x_wconf 87' lang='lat' dir='ltr'><strong>Deo</strong></span> <span class='ocrx_word' id='word_1_407' title='bbox 959 5023 1139 5093; x_wconf 83' lang='lat' dir='ltr'><strong>(Rom.</strong></span> <span class='ocrx_word' id='word_1_408' title='bbox 1173 5039 1284 5087; x_wconf 71' lang='lat' dir='ltr'><strong>xxv,</strong></span> <span class='ocrx_word' id='word_1_409' title='bbox 1317 5023 1442 5096; x_wconf 69' lang='grc'><strong>12).</strong></span> <span class='ocrx_word' id='word_1_410' title='bbox 1487 5026 1603 5081; x_wconf 83' lang='grc' dir='ltr'><strong>Νοη</strong></span> <span class='ocrx_word' id='word_1_411' title='bbox 1643 5044 1770 5098; x_wconf 89' lang='lat' dir='ltr'><strong>ergo</strong></span> <span class='ocrx_word' id='word_1_412' title='bbox 1810 5045 1927 5084; x_wconf 86' lang='lat' dir='ltr'><strong>am-</strong></span> 
     </span>
    </p>
   </div>
   <div class='ocr_carea' id='block_1_53' title="bbox 346 5108 1920 5189">
    <p class='ocr_par' dir='ltr' id='par_1_53' title="bbox 346 5108 1920 5189">
     <span class='ocr_line' id='line_1_53' title="bbox 346 5108 1920 5189; baseline 0.011 -29"><span class='ocrx_word' id='word_1_413' title='bbox 346 5108 480 5178; x_wconf 90' lang='lat' dir='ltr'><strong>plius</strong></span> <span class='ocrx_word' id='word_1_414' title='bbox 511 5110 738 5166; x_wconf 92' lang='lat' dir='ltr'><strong>invicem</strong></span> <span class='ocrx_word' id='word_1_415' title='bbox 780 5112 1102 5182; x_wconf 89' lang='lat' dir='ltr'><strong>judicemus.</strong></span> <span class='ocrx_word' id='word_1_416' title='bbox 1133 5115 1266 5170; x_wconf 90' lang='lat' dir='ltr'><strong>Sunt</strong></span> <span class='ocrx_word' id='word_1_417' title='bbox 1293 5117 1433 5171; x_wconf 91' lang='lat' dir='ltr'><strong>enim</strong></span> <span class='ocrx_word' id='word_1_418' title='bbox 1470 5121 1558 5189; x_wconf 91' lang='lat' dir='ltr'><strong>qui</strong></span> <span class='ocrx_word' id='word_1_419' title='bbox 1599 5122 1680 5176; x_wconf 83' lang='lat' dir='ltr'><strong>vel</strong></span> <span class='ocrx_word' id='word_1_420' title='bbox 1720 5121 1773 5177; x_wconf 93' lang='lat' dir='ltr'><strong>in</strong></span> <span class='ocrx_word' id='word_1_421' title='bbox 1819 5121 1920 5189; x_wconf 84' lang='lat' dir='ltr'><strong>his,</strong></span> 
     </span>
    </p>
   </div>
   <div class='ocr_carea' id='block_1_54' title="bbox 347 5199 1930 5279">
    <p class='ocr_par' dir='ltr' id='par_1_54' title="bbox 347 5199 1930 5279">
     <span class='ocr_line' id='line_1_54' title="bbox 347 5199 1930 5279; baseline 0.013 -29"><span class='ocrx_word' id='word_1_422' title='bbox 347 5199 427 5251; x_wconf 86' lang='lat' dir='ltr'><strong>vel</strong></span> <span class='ocrx_word' id='word_1_423' title='bbox 457 5201 618 5253; x_wconf 86' lang='lat' dir='ltr'><strong>etiam</strong></span> <span class='ocrx_word' id='word_1_424' title='bbox 651 5201 704 5256; x_wconf 91' lang='lat' dir='ltr'><strong>in</strong></span> <span class='ocrx_word' id='word_1_425' title='bbox 748 5204 864 5259; x_wconf 92' lang='lat' dir='ltr'><strong>aliis</strong></span> <span class='ocrx_word' id='word_1_426' title='bbox 890 5205 1280 5262; x_wconf 88' lang='lat' dir='ltr'><strong>observandum</strong></span> <span class='ocrx_word' id='word_1_427' title='bbox 1322 5217 1529 5278; x_wconf 89' lang='lat' dir='ltr'><strong>putant,</strong></span> <span class='ocrx_word' id='word_1_428' title='bbox 1561 5211 1699 5279; x_wconf 89' lang='lat' dir='ltr'><strong>quod</strong></span> <span class='ocrx_word' id='word_1_429' title='bbox 1731 5211 1930 5271; x_wconf 82' lang='lat' dir='ltr'><strong>dixisse</strong></span> 
     </span>
    </p>
   </div>
   <div class='ocr_carea' id='block_1_55' title="bbox 347 5286 1931 5374">
    <p class='ocr_par' dir='ltr' id='par_1_55' title="bbox 347 5286 1931 5374">
     <span class='ocr_line' id='line_1_55' title="bbox 347 5286 1931 5374; baseline 0.013 -34"><span class='ocrx_word' id='word_1_430' title='bbox 347 5286 632 5344; x_wconf 83' lang='lat' dir='ltr'><strong>Dominum</strong></span> <span class='ocrx_word' id='word_1_431' title='bbox 654 5292 898 5362; x_wconf 85' lang='lat' dir='ltr'><strong>legimus,</strong></span> <span class='ocrx_word' id='word_1_432' title='bbox 927 5295 1100 5352; x_wconf 85' lang='lat' dir='ltr'><strong>Nolite</strong></span> <span class='ocrx_word' id='word_1_433' title='bbox 1124 5307 1351 5352; x_wconf 82' lang='lat' dir='ltr'><strong>sanctum</strong></span> <span class='ocrx_word' id='word_1_434' title='bbox 1376 5300 1498 5354; x_wconf 88' lang='lat' dir='ltr'><strong>dare</strong></span> <span class='ocrx_word' id='word_1_435' title='bbox 1516 5301 1745 5370; x_wconf 78' lang='lat' dir='ltr'><strong>canibus,</strong></span> <span class='ocrx_word' id='word_1_436' title='bbox 1773 5319 1931 5374; x_wconf 81' lang='lat' dir='ltr'><strong>neque</strong></span> 
     </span>
    </p>
   </div>
   <div class='ocr_carea' id='block_1_56' title="bbox 408 5439 1191 5514">
    <p class='ocr_par' dir='ltr' id='par_1_56' title="bbox 408 5439 1191 5514">
     <span class='ocr_line' id='line_1_56' title="bbox 408 5439 1191 5514; baseline 0.014 -26"><span class='ocrx_word' id='word_1_437' title='bbox 408 5439 484 5514; x_wconf 52' lang='lat' dir='ltr'><strong>(qu</strong></span> <span class='ocrx_word' id='word_1_438' title='bbox 513 5445 799 5514; x_wconf 58' lang='lat' dir='ltr'><strong>Cyprianus,</strong></span> <span class='ocrx_word' id='word_1_439' title='bbox 818 5446 904 5497; x_wconf 84' lang='lat' dir='ltr'><strong>lib.</strong></span> <span class='ocrx_word' id='word_1_440' title='bbox 919 5449 992 5514; x_wconf 84' lang='lat' dir='ltr'><strong>_de</strong></span> <span class='ocrx_word' id='word_1_441' title='bbox 1014 5452 1191 5514; x_wconf 80' lang='lat' dir='ltr'><strong>lapsis.</strong></span> 
     </span>
    </p>
   </div>
   <div class='ocr_carea' id='block_1_57' title="bbox 413 5499 1399 5578">
    <p class='ocr_par' dir='ltr' id='par_1_57' title="bbox 413 5499 1399 5578">
     <span class='ocr_line' id='line_1_57' title="bbox 413 5499 1399 5578; baseline 0.013 -27"><span class='ocrx_word' id='word_1_442' title='bbox 413 5499 487 5566; x_wconf 74' lang='grc' dir='ltr'>(ιι)</span> <span class='ocrx_word' id='word_1_443' title='bbox 650 5506 736 5558; x_wconf 85' lang='lat' dir='ltr'><strong>lib.</strong></span> <span class='ocrx_word' id='word_1_444' title='bbox 762 5499 797 5558; x_wconf 68' lang='lat'><strong>4‘</strong></span> <span class='ocrx_word' id='word_1_445' title='bbox 815 5510 1049 5573; x_wconf 58' lang='lat' dir='ltr'><strong>confess,</strong></span> <span class='ocrx_word' id='word_1_446' title='bbox 1072 5499 1177 5578; x_wconf 61' lang='lat' dir='ltr'><strong>eis.</strong></span> <span class='ocrx_word' id='word_1_447' title='bbox 1204 5513 1252 5575; x_wconf 70' lang='lat'><strong>4,</strong></span> <span class='ocrx_word' id='word_1_448' title='bbox 1278 5526 1328 5564; x_wconf 79' lang='grc' dir='ltr'>ιι.</span> <span class='ocrx_word' id='word_1_449' title='bbox 1353 5512 1399 5564; x_wconf 89' lang='grc'><strong>8.</strong></span> 
     </span>
    </p>
   </div>
   <div class='ocr_carea' id='block_1_58' title="bbox 1718 331 2226 390">
    <p class='ocr_par' dir='ltr' id='par_1_58' title="bbox 1718 331 2226 390">
     <span class='ocr_line' id='line_1_58' title="bbox 1718 331 2226 390; baseline 0.008 -6"><span class='ocrx_word' id='word_1_450' title='bbox 1718 331 1920 388; x_wconf 78' lang='lat' dir='ltr'><strong>LIBER</strong></span> <span class='ocrx_word' id='word_1_451' title='bbox 1961 335 2226 390; x_wconf 74' lang='lat' dir='ltr'><strong>PRIMUS.</strong></span> 
     </span>
    </p>
   </div>
   <div class='ocr_carea' id='block_1_59' title="bbox 3512 359 3617 417">
    <p class='ocr_par' dir='ltr' id='par_1_59' title="bbox 3512 359 3617 417">
     <span class='ocr_line' id='line_1_59' title="bbox 3512 359 3617 417; baseline 0.019 -2"><span class='ocrx_word' id='word_1_452' title='bbox 3512 359 3617 417; x_wconf 58' lang='grc' dir='ltr'><strong>*πθ</strong></span> 
     </span>
    </p>
   </div>
   <div class='ocr_carea' id='block_1_60' title="bbox 2040 454 3614 543">
    <p class='ocr_par' dir='ltr' id='par_1_60' title="bbox 2040 454 3614 543">
     <span class='ocr_line' id='line_1_60' title="bbox 2040 454 3614 543; baseline 0.017 -39"><span class='ocrx_word' id='word_1_453' title='bbox 2040 454 2352 521; x_wconf 77' lang='lat' dir='ltr'><strong>proieceritis</strong></span> <span class='ocrx_word' id='word_1_454' title='bbox 2394 460 2694 528; x_wconf 82' lang='lat' dir='ltr'><strong>margaritas</strong></span> <span class='ocrx_word' id='word_1_455' title='bbox 2724 473 2912 517; x_wconf 81' lang='lat' dir='ltr'><strong>vestras</strong></span> <span class='ocrx_word' id='word_1_456' title='bbox 2938 475 3054 519; x_wconf 87' lang='lat' dir='ltr'><strong>ante</strong></span> <span class='ocrx_word' id='word_1_457' title='bbox 3081 484 3262 536; x_wconf 73' lang='lat' dir='ltr'><strong>porcos</strong></span> <span class='ocrx_word' id='word_1_458' title='bbox 3281 469 3506 541; x_wconf 61' lang='lat' dir='ltr'><strong>(II-utfit.-</strong></span> <span class='ocrx_word' id='word_1_459' title='bbox 3518 491 3614 543; x_wconf 73' lang='lat' dir='ltr'><strong>vn,</strong></span> 
     </span>
    </p>
   </div>
   <div class='ocr_carea' id='block_1_61' title="bbox 2037 542 3621 631">
    <p class='ocr_par' dir='ltr' id='par_1_61' title="bbox 2037 542 3621 631">
     <span class='ocr_line' id='line_1_61' title="bbox 2037 542 3621 631; baseline 0.016 -36"><span class='ocrx_word' id='word_1_460' title='bbox 2037 542 2112 614; x_wconf 84' lang='lat'><strong>6).</strong></span> <span class='ocrx_word' id='word_1_461' title='bbox 2165 544 2232 598; x_wconf 83' lang='lat' dir='ltr'><strong>Et</strong></span> <span class='ocrx_word' id='word_1_462' title='bbox 2279 545 2373 600; x_wconf 89' lang='lat' dir='ltr'><strong>ista</strong></span> <span class='ocrx_word' id='word_1_463' title='bbox 2418 547 2705 606; x_wconf 86' lang='lat' dir='ltr'><strong>Salvatoris</strong></span> <span class='ocrx_word' id='word_1_464' title='bbox 2749 554 2907 608; x_wconf 87' lang='lat' dir='ltr'><strong>verba</strong></span> <span class='ocrx_word' id='word_1_465' title='bbox 2947 556 3238 614; x_wconf 77' lang='lat' dir='ltr'><strong>referentes</strong></span> <span class='ocrx_word' id='word_1_466' title='bbox 3268 562 3306 625; x_wconf 75' lang='grc' dir='ltr'><strong>ί,</strong></span> <span class='ocrx_word' id='word_1_467' title='bbox 3352 542 3621 631; x_wconf 87' lang='lat' dir='ltr'><strong>baptizare</strong></span> 
     </span>
    </p>
   </div>
   <div class='ocr_carea' id='block_1_62' title="bbox 2039 636 3618 722">
    <p class='ocr_par' dir='ltr' id='par_1_62' title="bbox 2039 636 3618 722">
     <span class='ocr_line' id='line_1_62' title="bbox 2039 636 3618 722; baseline 0.015 -36"><span class='ocrx_word' id='word_1_468' title='bbox 2039 647 2142 688; x_wconf 90' lang='lat' dir='ltr'><strong>non</strong></span> <span class='ocrx_word' id='word_1_469' title='bbox 2189 636 2382 692; x_wconf 86' lang='lat' dir='ltr'><strong>audent</strong></span> <span class='ocrx_word' id='word_1_470' title='bbox 2425 653 2520 694; x_wconf 90' lang='lat' dir='ltr'><strong>eos</strong></span> <span class='ocrx_word' id='word_1_471' title='bbox 2546 643 2635 711; x_wconf 88' lang='lat' dir='ltr'><strong>qui</strong></span> <span class='ocrx_word' id='word_1_472' title='bbox 2666 658 2760 713; x_wconf 88' lang='lat' dir='ltr'><strong>pro</strong></span> <span class='ocrx_word' id='word_1_473' title='bbox 2799 660 2856 698; x_wconf 91' lang='lat' dir='ltr'><strong>se</strong></span> <span class='ocrx_word' id='word_1_474' title='bbox 2898 648 3225 717; x_wconf 90' lang='lat' dir='ltr'><strong>respondere</strong></span> <span class='ocrx_word' id='word_1_475' title='bbox 3264 655 3618 722; x_wconf 83' lang='lat' dir='ltr'><strong>nequiverint.</strong></span> 
     </span>
    </p>
   </div>
   <div class='ocr_carea' id='block_1_63' title="bbox 2036 725 3617 803">
    <p class='ocr_par' dir='ltr' id='par_1_63' title="bbox 2036 725 3617 803">
     <span class='ocr_line' id='line_1_63' title="bbox 2036 725 3617 803; baseline 0.015 -27"><span class='ocrx_word' id='word_1_476' title='bbox 2036 738 2104 778; x_wconf 87' lang='lat' dir='ltr'><strong>ne</strong></span> <span class='ocrx_word' id='word_1_477' title='bbox 2165 725 2298 780; x_wconf 90' lang='lat' dir='ltr'><strong>forte</strong></span> <span class='ocrx_word' id='word_1_478' title='bbox 2360 731 2683 785; x_wconf 87' lang='lat' dir='ltr'><strong>contrarium</strong></span> <span class='ocrx_word' id='word_1_479' title='bbox 2748 745 2934 803; x_wconf 83' lang='lat' dir='ltr'><strong>gerant</strong></span> <span class='ocrx_word' id='word_1_480' title='bbox 2986 738 3274 793; x_wconf 86' lang='lat' dir='ltr'><strong>voluntatis</strong></span> <span class='ocrx_word' id='word_1_481' title='bbox 3321 743 3617 799; x_wconf 88' lang='lat' dir='ltr'><strong>arbitrium.</strong></span> 
     </span>
    </p>
   </div>
   <div class='ocr_carea' id='block_1_64' title="bbox 2037 814 3620 900">
    <p class='ocr_par' dir='ltr' id='par_1_64' title="bbox 2037 814 3620 900">
     <span class='ocr_line' id='line_1_64' title="bbox 2037 814 3620 900; baseline 0.015 -34"><span class='ocrx_word' id='word_1_482' title='bbox 2037 814 2189 881; x_wconf 84' lang='lat' dir='ltr'><strong>Quod</strong></span> <span class='ocrx_word' id='word_1_483' title='bbox 2222 815 2288 870; x_wconf 89' lang='lat' dir='ltr'><strong>de</strong></span> <span class='ocrx_word' id='word_1_484' title='bbox 2334 815 2567 887; x_wconf 82' lang='lat' dir='ltr'><strong>parvulis</strong></span> <span class='ocrx_word' id='word_1_485' title='bbox 2611 821 2713 876; x_wconf 92' lang='lat' dir='ltr'><strong>dici</strong></span> <span class='ocrx_word' id='word_1_486' title='bbox 2760 837 2865 878; x_wconf 92' lang='lat' dir='ltr'><strong>non</strong></span> <span class='ocrx_word' id='word_1_487' title='bbox 2913 833 3108 895; x_wconf 83' lang='lat' dir='ltr'><strong>potest,</strong></span> <span class='ocrx_word' id='word_1_488' title='bbox 3139 828 3192 882; x_wconf 89' lang='lat' dir='ltr'><strong>in</strong></span> <span class='ocrx_word' id='word_1_489' title='bbox 3234 831 3422 900; x_wconf 84' lang='lat' dir='ltr'><strong>quibus</strong></span> <span class='ocrx_word' id='word_1_490' title='bbox 3447 835 3620 890; x_wconf 87' lang='lat' dir='ltr'><strong>adhuc</strong></span> 
     </span>
    </p>
   </div>
   <div class='ocr_carea' id='block_1_65' title="bbox 2038 904 3620 981">
    <p class='ocr_par' dir='ltr' id='par_1_65' title="bbox 2038 904 3620 981">
     <span class='ocr_line' id='line_1_65' title="bbox 2038 904 3620 981; baseline 0.014 -23"><span class='ocrx_word' id='word_1_491' title='bbox 2038 904 2261 961; x_wconf 87' lang='lat' dir='ltr'><strong>rationis</strong></span> <span class='ocrx_word' id='word_1_492' title='bbox 2299 908 2479 963; x_wconf 89' lang='lat' dir='ltr'><strong>nullus</strong></span> <span class='ocrx_word' id='word_1_493' title='bbox 2517 920 2600 966; x_wconf 84' lang='lat' dir='ltr'><strong>est</strong></span> <span class='ocrx_word' id='word_1_494' title='bbox 2638 927 2788 969; x_wconf 92' lang='lat' dir='ltr'><strong>usus.</strong></span> <span class='ocrx_word' id='word_1_495' title='bbox 2819 913 2924 969; x_wconf 85' lang='lat' dir='ltr'><strong>Sed</strong></span> <span class='ocrx_word' id='word_1_496' title='bbox 2967 931 3073 970; x_wconf 88' lang='lat' dir='ltr'><strong>non</strong></span> <span class='ocrx_word' id='word_1_497' title='bbox 3100 919 3270 972; x_wconf 90' lang='lat' dir='ltr'><strong>solum</strong></span> <span class='ocrx_word' id='word_1_498' title='bbox 3312 922 3620 981; x_wconf 85' lang='lat' dir='ltr'><strong>incredibile</strong></span> 
     </span>
    </p>
   </div>
   <div class='ocr_carea' id='block_1_66' title="bbox 2035 992 3617 1076">
    <p class='ocr_par' dir='ltr' id='par_1_66' title="bbox 2035 992 3617 1076">
     <span class='ocr_line' id='line_1_66' title="bbox 2035 992 3617 1076; baseline 0.014 -27"><span class='ocrx_word' id='word_1_499' title='bbox 2035 1004 2151 1062; x_wconf 86' lang='lat' dir='ltr'><strong>est,</strong></span> <span class='ocrx_word' id='word_1_500' title='bbox 2179 992 2277 1052; x_wconf 83' lang='lat' dir='ltr'><strong>nec</strong></span> <span class='ocrx_word' id='word_1_501' title='bbox 2319 999 2371 1052; x_wconf 90' lang='lat' dir='ltr'><strong>in</strong></span> <span class='ocrx_word' id='word_1_502' title='bbox 2405 999 2509 1054; x_wconf 90' lang='lat' dir='ltr'><strong>ﬁne</strong></span> <span class='ocrx_word' id='word_1_503' title='bbox 2539 1002 2659 1056; x_wconf 84' lang='lat' dir='ltr'><strong>vitae</strong></span> <span class='ocrx_word' id='word_1_504' title='bbox 2694 1003 2849 1074; x_wconf 87' lang='lat' dir='ltr'><strong>hujus</strong></span> <span class='ocrx_word' id='word_1_505' title='bbox 2889 1008 3145 1076; x_wconf 88' lang='lat' dir='ltr'><strong>baptizari</strong></span> <span class='ocrx_word' id='word_1_506' title='bbox 3178 1012 3617 1071; x_wconf 79' lang='lat' dir='ltr'><strong>cateelinmcnum</strong></span> 
     </span>
    </p>
   </div>
   <div class='ocr_carea' id='block_1_67' title="bbox 2035 1085 3615 1175">
    <p class='ocr_par' dir='ltr' id='par_1_67' title="bbox 2035 1085 3615 1175">
     <span class='ocr_line' id='line_1_67' title="bbox 2035 1085 3615 1175; baseline 0.015 -38"><span class='ocrx_word' id='word_1_507' title='bbox 2035 1085 2212 1151; x_wconf 80' lang='lat' dir='ltr'><strong>velle;</strong></span> <span class='ocrx_word' id='word_1_508' title='bbox 2261 1102 2443 1142; x_wconf 91' lang='lat' dir='ltr'><strong>verum</strong></span> <span class='ocrx_word' id='word_1_509' title='bbox 2499 1091 2657 1144; x_wconf 89' lang='lat' dir='ltr'><strong>etiam</strong></span> <span class='ocrx_word' id='word_1_510' title='bbox 2709 1094 2752 1146; x_wconf 92' lang='lat' dir='ltr'><strong>si</strong></span> <span class='ocrx_word' id='word_1_511' title='bbox 2803 1095 3048 1151; x_wconf 79' lang='lat' dir='ltr'><strong>voluntas</strong></span> <span class='ocrx_word' id='word_1_512' title='bbox 3095 1099 3211 1167; x_wconf 86' lang='lat' dir='ltr'><strong>ejus</strong></span> <span class='ocrx_word' id='word_1_513' title='bbox 3256 1101 3457 1157; x_wconf 89' lang='lat' dir='ltr'><strong>incerta</strong></span> <span class='ocrx_word' id='word_1_514' title='bbox 3510 1115 3615 1175; x_wconf 89' lang='lat' dir='ltr'><strong>est,</strong></span> 
     </span>
    </p>
   </div>
   <div class='ocr_carea' id='block_1_68' title="bbox 2037 1177 3615 1265">
    <p class='ocr_par' dir='ltr' id='par_1_68' title="bbox 2037 1177 3615 1265">
     <span class='ocr_line' id='line_1_68' title="bbox 2037 1177 3615 1265; baseline 0.013 -35"><span class='ocrx_word' id='word_1_515' title='bbox 2037 1177 2205 1230; x_wconf 90' lang='lat' dir='ltr'><strong>multo</strong></span> <span class='ocrx_word' id='word_1_516' title='bbox 2244 1179 2408 1233; x_wconf 89' lang='lat' dir='ltr'><strong>satius</strong></span> <span class='ocrx_word' id='word_1_517' title='bbox 2447 1188 2531 1234; x_wconf 88' lang='lat' dir='ltr'><strong>est</strong></span> <span class='ocrx_word' id='word_1_518' title='bbox 2575 1182 2776 1237; x_wconf 88' lang='lat' dir='ltr'><strong>nolenti</strong></span> <span class='ocrx_word' id='word_1_519' title='bbox 2813 1185 2940 1240; x_wconf 90' lang='lat' dir='ltr'><strong>dare</strong></span> <span class='ocrx_word' id='word_1_520' title='bbox 2980 1203 3138 1256; x_wconf 83' lang='lat' dir='ltr'><strong>quam</strong></span> <span class='ocrx_word' id='word_1_521' title='bbox 3162 1192 3358 1246; x_wconf 82' lang='lat' dir='ltr'><strong>volenti</strong></span> <span class='ocrx_word' id='word_1_522' title='bbox 3401 1209 3615 1265; x_wconf 75' lang='lat' dir='ltr'><strong>negare,</strong></span> 
     </span>
    </p>
   </div>
   <div class='ocr_carea' id='block_1_69' title="bbox 2036 1264 3620 1346">
    <p class='ocr_par' dir='ltr' id='par_1_69' title="bbox 2036 1264 3620 1346">
     <span class='ocr_line' id='line_1_69' title="bbox 2036 1264 3620 1346; baseline 0.015 -28"><span class='ocrx_word' id='word_1_523' title='bbox 2036 1264 2124 1318; x_wconf 90' lang='lat' dir='ltr'><strong>ubi</strong></span> <span class='ocrx_word' id='word_1_524' title='bbox 2150 1266 2279 1321; x_wconf 89' lang='lat' dir='ltr'><strong>velit</strong></span> <span class='ocrx_word' id='word_1_525' title='bbox 2322 1284 2387 1322; x_wconf 90' lang='lat' dir='ltr'><strong>an</strong></span> <span class='ocrx_word' id='word_1_526' title='bbox 2434 1270 2565 1323; x_wconf 93' lang='lat' dir='ltr'><strong>nolit</strong></span> <span class='ocrx_word' id='word_1_527' title='bbox 2609 1271 2685 1326; x_wconf 92' lang='lat' dir='ltr'><strong>sic</strong></span> <span class='ocrx_word' id='word_1_528' title='bbox 2726 1287 2832 1328; x_wconf 89' lang='lat' dir='ltr'><strong>non</strong></span> <span class='ocrx_word' id='word_1_529' title='bbox 2863 1289 3106 1346; x_wconf 88' lang='lat' dir='ltr'><strong>apparet,</strong></span> <span class='ocrx_word' id='word_1_530' title='bbox 3137 1289 3194 1334; x_wconf 91' lang='lat' dir='ltr'><strong>ut</strong></span> <span class='ocrx_word' id='word_1_531' title='bbox 3233 1290 3405 1336; x_wconf 86' lang='lat' dir='ltr'><strong>tamen</strong></span> <span class='ocrx_word' id='word_1_532' title='bbox 3443 1264 3620 1340; x_wconf 84' lang='lat' dir='ltr'><strong>credi-</strong></span> 
     </span>
    </p>
   </div>
   <div class='ocr_carea' id='block_1_70' title="bbox 2033 1354 3621 1439">
    <p class='ocr_par' dir='ltr' id='par_1_70' title="bbox 2033 1354 3621 1439">
     <span class='ocr_line' id='line_1_70' title="bbox 2033 1354 3621 1439; baseline 0.013 -29"><span class='ocrx_word' id='word_1_533' title='bbox 2033 1354 2194 1411; x_wconf 87' lang='lat' dir='ltr'><strong>bilius</strong></span> <span class='ocrx_word' id='word_1_534' title='bbox 2218 1358 2286 1412; x_wconf 87' lang='lat' dir='ltr'><strong>sit</strong></span> <span class='ocrx_word' id='word_1_535' title='bbox 2311 1374 2454 1423; x_wconf 92' lang='lat' dir='ltr'><strong>cum,</strong></span> <span class='ocrx_word' id='word_1_536' title='bbox 2483 1361 2525 1414; x_wconf 88' lang='lat' dir='ltr'><strong>si</strong></span> <span class='ocrx_word' id='word_1_537' title='bbox 2561 1372 2762 1430; x_wconf 88' lang='lat' dir='ltr'><strong>posset,</strong></span> <span class='ocrx_word' id='word_1_538' title='bbox 2791 1365 2929 1422; x_wconf 90' lang='lat' dir='ltr'><strong>velle</strong></span> <span class='ocrx_word' id='word_1_539' title='bbox 2955 1383 3013 1423; x_wconf 90' lang='lat' dir='ltr'><strong>se</strong></span> <span class='ocrx_word' id='word_1_540' title='bbox 3048 1371 3224 1439; x_wconf 91' lang='lat' dir='ltr'><strong>potius</strong></span> <span class='ocrx_word' id='word_1_541' title='bbox 3261 1371 3423 1427; x_wconf 85' lang='lat' dir='ltr'><strong>fuisse</strong></span> <span class='ocrx_word' id='word_1_542' title='bbox 3451 1375 3621 1431; x_wconf 89' lang='lat' dir='ltr'><strong>dictu-</strong></span> 
     </span>
    </p>
   </div>
   <div class='ocr_carea' id='block_1_71' title="bbox 2036 1448 3623 1534">
    <p class='ocr_par' dir='ltr' id='par_1_71' title="bbox 2036 1448 3623 1534">
     <span class='ocr_line' id='line_1_71' title="bbox 2036 1448 3623 1534; baseline 0.015 -36"><span class='ocrx_word' id='word_1_543' title='bbox 2036 1461 2153 1500; x_wconf 92' lang='lat' dir='ltr'><strong>rum</strong></span> <span class='ocrx_word' id='word_1_544' title='bbox 2195 1462 2254 1501; x_wconf 89' lang='lat' dir='ltr'><strong>ea</strong></span> <span class='ocrx_word' id='word_1_545' title='bbox 2294 1448 2638 1506; x_wconf 89' lang='lat' dir='ltr'><strong>Sacramenta</strong></span> <span class='ocrx_word' id='word_1_546' title='bbox 2681 1455 2978 1525; x_wconf 89' lang='lat' dir='ltr'><strong>percipere,</strong></span> <span class='ocrx_word' id='word_1_547' title='bbox 3007 1461 3339 1531; x_wconf 76' lang='lat' dir='ltr'><strong>sine&#39;quibus</strong></span> <span class='ocrx_word' id='word_1_548' title='bbox 3369 1464 3482 1534; x_wconf 85' lang='lat' dir='ltr'><strong>jam</strong></span> <span class='ocrx_word' id='word_1_549' title='bbox 3506 1480 3623 1522; x_wconf 87' lang='lat' dir='ltr'><strong>cre-</strong></span> 
     </span>
    </p>
   </div>
   <div class='ocr_carea' id='block_1_72' title="bbox 2033 1537 3245 1619">
    <p class='ocr_par' dir='ltr' id='par_1_72' title="bbox 2033 1537 3245 1619">
     <span class='ocr_line' id='line_1_72' title="bbox 2033 1537 3245 1619; baseline 0.011 -27"><span class='ocrx_word' id='word_1_550' title='bbox 2033 1537 2166 1593; x_wconf 90' lang='lat' dir='ltr'><strong>didit</strong></span> <span class='ocrx_word' id='word_1_551' title='bbox 2194 1555 2299 1594; x_wconf 93' lang='lat' dir='ltr'><strong>non</strong></span> <span class='ocrx_word' id='word_1_552' title='bbox 2336 1555 2393 1595; x_wconf 92' lang='lat' dir='ltr'><strong>se</strong></span> <span class='ocrx_word' id='word_1_553' title='bbox 2422 1552 2672 1612; x_wconf 88' lang='lat' dir='ltr'><strong>oportere</strong></span> <span class='ocrx_word' id='word_1_554' title='bbox 2711 1545 2778 1601; x_wconf 85' lang='lat' dir='ltr'><strong>tle</strong></span> <span class='ocrx_word' id='word_1_555' title='bbox 2817 1562 3042 1619; x_wconf 89' lang='lat' dir='ltr'><strong>corpore</strong></span> <span class='ocrx_word' id='word_1_556' title='bbox 3079 1553 3245 1608; x_wconf 81' lang='lat' dir='ltr'><strong>exire.</strong></span> 
     </span>
    </p>
   </div>
   <div class='ocr_carea' id='block_1_73' title="bbox 2105 1627 3623 1711">
    <p class='ocr_par' dir='ltr' id='par_1_73' title="bbox 2105 1627 3623 1711">
     <span class='ocr_line' id='line_1_73' title="bbox 2105 1627 3623 1711; baseline 0.013 -28"><span class='ocrx_word' id='word_1_557' title='bbox 2105 1627 2327 1685; x_wconf 79' lang='lat' dir='ltr'><strong>CAPUT</strong></span> <span class='ocrx_word' id='word_1_558' title='bbox 2367 1631 2581 1686; x_wconf 81' lang='lat' dir='ltr'><strong>XXVII.</strong></span> <span class='ocrx_word' id='word_1_559' title='bbox 2600 1636 2771 1690; x_wconf 66' lang='lat'><strong>—54.</strong></span> <span class='ocrx_word' id='word_1_560' title='bbox 2797 1636 2864 1691; x_wconf 91' lang='lat' dir='ltr'><strong>Ut</strong></span> <span class='ocrx_word' id='word_1_561' title='bbox 2890 1639 3266 1711; x_wconf 83' lang='lat' dir='ltr'><strong>intelligendum</strong></span> <span class='ocrx_word' id='word_1_562' title='bbox 3295 1644 3483 1698; x_wconf 88' lang='lat' dir='ltr'><strong>dictum</strong></span> <span class='ocrx_word' id='word_1_563' title='bbox 3508 1645 3623 1701; x_wconf 85' lang='lat' dir='ltr'><strong>Do-</strong></span> 
     </span>
    </p>
   </div>
   <div class='ocr_carea' id='block_1_74' title="bbox 2033 1719 3622 1806">
    <p class='ocr_par' dir='ltr' id='par_1_74' title="bbox 2033 1719 3622 1806">
     <span class='ocr_line' id='line_1_74' title="bbox 2033 1719 3622 1806; baseline 0.014 -35"><span class='ocrx_word' id='word_1_564' title='bbox 2033 1719 2176 1786; x_wconf 87' lang='lat' dir='ltr'><strong>mini,</strong></span> <span class='ocrx_word' id='word_1_565' title='bbox 2223 1719 2308 1774; x_wconf 86' lang='lat' dir='ltr'><strong>Ne</strong></span> <span class='ocrx_word' id='word_1_566' title='bbox 2341 1722 2483 1776; x_wconf 88' lang='lat' dir='ltr'><strong>detur</strong></span> <span class='ocrx_word' id='word_1_567' title='bbox 2528 1735 2757 1779; x_wconf 90' lang='lat' dir='ltr'><strong>sanctum</strong></span> <span class='ocrx_word' id='word_1_568' title='bbox 2800 1730 3024 1784; x_wconf 83' lang='lat' dir='ltr'><strong>canibus.</strong></span> <span class='ocrx_word' id='word_1_569' title='bbox 3057 1733 3112 1787; x_wconf 91' lang='lat' dir='ltr'><strong>Si</strong></span> <span class='ocrx_word' id='word_1_570' title='bbox 3138 1742 3313 1789; x_wconf 87' lang='lat' dir='ltr'><strong>autem</strong></span> <span class='ocrx_word' id='word_1_571' title='bbox 3345 1736 3622 1806; x_wconf 86' lang='lat' dir='ltr'><strong>Dominus,</strong></span> 
     </span>
    </p>
   </div>
   <div class='ocr_carea' id='block_1_75' title="bbox 2033 1808 3622 1898">
    <p class='ocr_par' dir='ltr' id='par_1_75' title="bbox 2033 1808 3622 1898">
     <span class='ocr_line' id='line_1_75' title="bbox 2033 1808 3622 1898; baseline 0.013 -36"><span class='ocrx_word' id='word_1_572' title='bbox 2033 1808 2120 1864; x_wconf 88' lang='lat' dir='ltr'><strong>ubi</strong></span> <span class='ocrx_word' id='word_1_573' title='bbox 2166 1811 2258 1878; x_wconf 89' lang='lat' dir='ltr'><strong>ait,</strong></span> <span class='ocrx_word' id='word_1_574' title='bbox 2302 1811 2476 1866; x_wconf 81' lang='lat' dir='ltr'><strong>Nolite</strong></span> <span class='ocrx_word' id='word_1_575' title='bbox 2520 1815 2642 1870; x_wconf 86' lang='lat' dir='ltr'><strong>dare</strong></span> <span class='ocrx_word' id='word_1_576' title='bbox 2679 1829 2909 1873; x_wconf 86' lang='lat' dir='ltr'><strong>sanctum</strong></span> <span class='ocrx_word' id='word_1_577' title='bbox 2945 1825 3172 1892; x_wconf 86' lang='lat' dir='ltr'><strong>canibus,</strong></span> <span class='ocrx_word' id='word_1_578' title='bbox 3205 1825 3306 1880; x_wconf 87' lang='lat' dir='ltr'><strong>hoc</strong></span> <span class='ocrx_word' id='word_1_579' title='bbox 3335 1828 3475 1897; x_wconf 91' lang='lat' dir='ltr'><strong>quod</strong></span> <span class='ocrx_word' id='word_1_580' title='bbox 3515 1829 3622 1898; x_wconf 88' lang='lat' dir='ltr'><strong>isti,</strong></span> 
     </span>
    </p>
   </div>
   <div class='ocr_carea' id='block_1_76' title="bbox 2033 1902 3629 1986">
    <p class='ocr_par' dir='ltr' id='par_1_76' title="bbox 2033 1902 3629 1986">
     <span class='ocr_line' id='line_1_76' title="bbox 2033 1902 3629 1986; baseline 0.012 -30"><span class='ocrx_word' id='word_1_581' title='bbox 2033 1902 2331 1957; x_wconf 87' lang='lat' dir='ltr'><strong>cavendum</strong></span> <span class='ocrx_word' id='word_1_582' title='bbox 2359 1914 2564 1974; x_wconf 88' lang='lat' dir='ltr'><strong>putant,</strong></span> <span class='ocrx_word' id='word_1_583' title='bbox 2605 1909 2764 1964; x_wconf 89' lang='lat' dir='ltr'><strong>vellet</strong></span> <span class='ocrx_word' id='word_1_584' title='bbox 2798 1911 3036 1982; x_wconf 86' lang='lat' dir='ltr'><strong>intelligi,</strong></span> <span class='ocrx_word' id='word_1_585' title='bbox 3070 1930 3175 1969; x_wconf 91' lang='lat' dir='ltr'><strong>non</strong></span> <span class='ocrx_word' id='word_1_586' title='bbox 3205 1917 3320 1986; x_wconf 90' lang='lat' dir='ltr'><strong>ipse</strong></span> <span class='ocrx_word' id='word_1_587' title='bbox 3345 1932 3442 1973; x_wconf 91' lang='lat' dir='ltr'><strong>suo</strong></span> <span class='ocrx_word' id='word_1_588' title='bbox 3465 1919 3629 1974; x_wconf 88' lang='lat' dir='ltr'><strong>tradi-</strong></span> 
     </span>
    </p>
   </div>
   <div class='ocr_carea' id='block_1_77' title="bbox 2033 1991 3629 2081">
    <p class='ocr_par' dir='ltr' id='par_1_77' title="bbox 2033 1991 3629 2081">
     <span class='ocr_line' id='line_1_77' title="bbox 2033 1991 3629 2081; baseline 0.013 -36"><span class='ocrx_word' id='word_1_589' title='bbox 2033 1992 2136 2045; x_wconf 90' lang='lat' dir='ltr'><strong>tori</strong></span> <span class='ocrx_word' id='word_1_590' title='bbox 2164 1991 2396 2050; x_wconf 87' lang='lat' dir='ltr'><strong>dedisset</strong></span> <span class='ocrx_word' id='word_1_591' title='bbox 2421 1997 2560 2066; x_wconf 91' lang='lat' dir='ltr'><strong>quod</strong></span> <span class='ocrx_word' id='word_1_592' title='bbox 2589 1998 2640 2052; x_wconf 94' lang='lat' dir='ltr'><strong>in</strong></span> <span class='ocrx_word' id='word_1_593' title='bbox 2685 2014 2834 2055; x_wconf 89' lang='lat' dir='ltr'><strong>suam</strong></span> <span class='ocrx_word' id='word_1_594' title='bbox 2863 2002 2950 2058; x_wconf 92' lang='lat' dir='ltr'><strong>ille</strong></span> <span class='ocrx_word' id='word_1_595' title='bbox 2978 2005 3289 2074; x_wconf 89' lang='lat' dir='ltr'><strong>perniciem,</strong></span> <span class='ocrx_word' id='word_1_596' title='bbox 3330 2008 3444 2064; x_wconf 90' lang='lat' dir='ltr'><strong>sine</strong></span> <span class='ocrx_word' id='word_1_597' title='bbox 3472 2011 3629 2081; x_wconf 86' lang='lat' dir='ltr'><strong>culpa</strong></span> 
     </span>
    </p>
   </div>
   <div class='ocr_carea' id='block_1_78' title="bbox 2031 2080 3632 2166">
    <p class='ocr_par' dir='ltr' id='par_1_78' title="bbox 2031 2080 3632 2166">
     <span class='ocr_line' id='line_1_78' title="bbox 2031 2080 3632 2166; baseline 0.015 -32"><span class='ocrx_word' id='word_1_598' title='bbox 2031 2080 2229 2150; x_wconf 88' lang='lat' dir='ltr'><strong>dantis,</strong></span> <span class='ocrx_word' id='word_1_599' title='bbox 2255 2099 2376 2140; x_wconf 91' lang='lat' dir='ltr'><strong>cum</strong></span> <span class='ocrx_word' id='word_1_600' title='bbox 2399 2086 2573 2158; x_wconf 89' lang='lat' dir='ltr'><strong>dignis</strong></span> <span class='ocrx_word' id='word_1_601' title='bbox 2593 2089 2838 2162; x_wconf 86' lang='lat' dir='ltr'><strong>indignus</strong></span> <span class='ocrx_word' id='word_1_602' title='bbox 2859 2097 3083 2166; x_wconf 87' lang='lat' dir='ltr'><strong>accepit.</strong></span> <span class='ocrx_word' id='word_1_603' title='bbox 3116 2098 3264 2154; x_wconf 89' lang='lat' dir='ltr'><strong>Unde</strong></span> <span class='ocrx_word' id='word_1_604' title='bbox 3284 2115 3402 2155; x_wconf 92' lang='lat' dir='ltr'><strong>cum</strong></span> <span class='ocrx_word' id='word_1_605' title='bbox 3428 2102 3527 2158; x_wconf 86' lang='lat' dir='ltr'><strong>hoc</strong></span> <span class='ocrx_word' id='word_1_606' title='bbox 3551 2080 3632 2158; x_wconf 87' lang='lat' dir='ltr'><strong>di—</strong></span> 
     </span>
    </p>
   </div>
   <div class='ocr_carea' id='block_1_79' title="bbox 2033 2177 3631 2258">
    <p class='ocr_par' dir='ltr' id='par_1_79' title="bbox 2033 2177 3631 2258">
     <span class='ocr_line' id='line_1_79' title="bbox 2033 2177 3631 2258; baseline 0.014 -28"><span class='ocrx_word' id='word_1_607' title='bbox 2033 2184 2181 2232; x_wconf 88' lang='lat' dir='ltr'><strong>ceret</strong></span> <span class='ocrx_word' id='word_1_608' title='bbox 2225 2177 2522 2248; x_wconf 91' lang='lat' dir='ltr'><strong>Dominus,</strong></span> <span class='ocrx_word' id='word_1_609' title='bbox 2565 2182 2887 2239; x_wconf 87' lang='lat' dir='ltr'><strong>credendum</strong></span> <span class='ocrx_word' id='word_1_610' title='bbox 2927 2197 3008 2242; x_wconf 93' lang='lat' dir='ltr'><strong>est</strong></span> <span class='ocrx_word' id='word_1_611' title='bbox 3059 2189 3355 2258; x_wconf 83' lang='lat' dir='ltr'><strong>signiﬁcare</strong></span> <span class='ocrx_word' id='word_1_612' title='bbox 3401 2194 3631 2252; x_wconf 87' lang='lat' dir='ltr'><strong>voluisse</strong></span> 
     </span>
    </p>
   </div>
   <div class='ocr_carea' id='block_1_80' title="bbox 2033 2267 3629 2345">
    <p class='ocr_par' dir='ltr' id='par_1_80' title="bbox 2033 2267 3629 2345">
     <span class='ocr_line' id='line_1_80' title="bbox 2033 2267 3629 2345; baseline 0.013 -26"><span class='ocrx_word' id='word_1_613' title='bbox 2033 2267 2177 2338; x_wconf 91' lang='lat' dir='ltr'><strong>quod</strong></span> <span class='ocrx_word' id='word_1_614' title='bbox 2205 2268 2378 2325; x_wconf 89' lang='lat' dir='ltr'><strong>lucem</strong></span> <span class='ocrx_word' id='word_1_615' title='bbox 2423 2271 2790 2344; x_wconf 71' lang='lat' dir='ltr'><strong>intelligentia:</strong></span> <span class='ocrx_word' id='word_1_616' title='bbox 2833 2277 3121 2345; x_wconf 80' lang='lat' dir='ltr'><strong>Spiritualis</strong></span> <span class='ocrx_word' id='word_1_617' title='bbox 3156 2281 3426 2338; x_wconf 90' lang='lat' dir='ltr'><strong>immunda</strong></span> <span class='ocrx_word' id='word_1_618' title='bbox 3469 2285 3629 2340; x_wconf 90' lang='lat' dir='ltr'><strong>corda</strong></span> 
     </span>
    </p>
   </div>
   <div class='ocr_carea' id='block_1_81' title="bbox 2033 2362 3630 2444">
    <p class='ocr_par' dir='ltr' id='par_1_81' title="bbox 2033 2362 3630 2444">
     <span class='ocr_line' id='line_1_81' title="bbox 2033 2362 3630 2444; baseline 0.012 -33"><span class='ocrx_word' id='word_1_619' title='bbox 2033 2372 2137 2412; x_wconf 92' lang='lat' dir='ltr'><strong>non</strong></span> <span class='ocrx_word' id='word_1_620' title='bbox 2164 2369 2396 2428; x_wconf 89' lang='lat' dir='ltr'><strong>portant.</strong></span> <span class='ocrx_word' id='word_1_621' title='bbox 2417 2362 2481 2416; x_wconf 89' lang='lat' dir='ltr'><strong>Et</strong></span> <span class='ocrx_word' id='word_1_622' title='bbox 2505 2363 2549 2418; x_wconf 90' lang='lat' dir='ltr'><strong>si</strong></span> <span class='ocrx_word' id='word_1_623' title='bbox 2572 2365 2829 2443; x_wconf 83' lang='lat' dir='ltr'><strong>portanda</strong></span> <span class='ocrx_word' id='word_1_624' title='bbox 2853 2366 3043 2422; x_wconf 92' lang='lat' dir='ltr'><strong>doctor</strong></span> <span class='ocrx_word' id='word_1_625' title='bbox 3065 2369 3359 2439; x_wconf 87' lang='lat' dir='ltr'><strong>ingesserit,</strong></span> <span class='ocrx_word' id='word_1_626' title='bbox 3381 2389 3500 2444; x_wconf 71' lang='lat' dir='ltr'><strong>qua:</strong></span> <span class='ocrx_word' id='word_1_627' title='bbox 3523 2390 3630 2430; x_wconf 91' lang='lat' dir='ltr'><strong>non</strong></span> 
     </span>
    </p>
   </div>
   <div class='ocr_carea' id='block_1_82' title="bbox 2031 2453 3629 2532">
    <p class='ocr_par' dir='ltr' id='par_1_82' title="bbox 2031 2453 3629 2532">
     <span class='ocr_line' id='line_1_82' title="bbox 2031 2453 3629 2532; baseline 0.011 -29"><span class='ocrx_word' id='word_1_628' title='bbox 2031 2458 2178 2505; x_wconf 91' lang='lat' dir='ltr'><strong>recte</strong></span> <span class='ocrx_word' id='word_1_629' title='bbox 2203 2453 2488 2522; x_wconf 88' lang='lat' dir='ltr'><strong>accipiunt,</strong></span> <span class='ocrx_word' id='word_1_630' title='bbox 2514 2457 2636 2524; x_wconf 92' lang='lat' dir='ltr'><strong>quia</strong></span> <span class='ocrx_word' id='word_1_631' title='bbox 2677 2472 2782 2511; x_wconf 91' lang='lat' dir='ltr'><strong>non</strong></span> <span class='ocrx_word' id='word_1_632' title='bbox 2826 2459 3060 2527; x_wconf 89' lang='lat' dir='ltr'><strong>capiunt,</strong></span> <span class='ocrx_word' id='word_1_633' title='bbox 3086 2462 3169 2515; x_wconf 88' lang='lat' dir='ltr'><strong>vel</strong></span> <span class='ocrx_word' id='word_1_634' title='bbox 3197 2465 3629 2532; x_wconf 89' lang='lat' dir='ltr'><strong>reprehensionis</strong></span> 
     </span>
    </p>
   </div>
   <div class='ocr_carea' id='block_1_83' title="bbox 2031 2543 3630 2612">
    <p class='ocr_par' dir='ltr' id='par_1_83' title="bbox 2031 2543 3630 2612">
     <span class='ocr_line' id='line_1_83' title="bbox 2031 2543 3630 2612; baseline 0.011 -18"><span class='ocrx_word' id='word_1_635' title='bbox 2031 2543 2296 2598; x_wconf 89' lang='lat' dir='ltr'><strong>morsibus</strong></span> <span class='ocrx_word' id='word_1_636' title='bbox 2340 2545 2595 2612; x_wconf 89' lang='lat' dir='ltr'><strong>lacerant,</strong></span> <span class='ocrx_word' id='word_1_637' title='bbox 2642 2547 2725 2601; x_wconf 88' lang='lat' dir='ltr'><strong>vel</strong></span> <span class='ocrx_word' id='word_1_638' title='bbox 2765 2551 3158 2605; x_wconf 89' lang='lat' dir='ltr'><strong>contemnendo</strong></span> <span class='ocrx_word' id='word_1_639' title='bbox 3203 2555 3533 2608; x_wconf 88' lang='lat' dir='ltr'><strong>conculcant.</strong></span> <span class='ocrx_word' id='word_1_640' title='bbox 3573 2556 3630 2612; x_wconf 91' lang='lat' dir='ltr'><strong>Si</strong></span> 
     </span>
    </p>
   </div>
   <div class='ocr_carea' id='block_1_84' title="bbox 2038 2633 3632 2714">
    <p class='ocr_par' dir='ltr' id='par_1_84' title="bbox 2038 2633 3632 2714">
     <span class='ocr_line' id='line_1_84' title="bbox 2038 2633 3632 2714; baseline 0.009 -28"><span class='ocrx_word' id='word_1_641' title='bbox 2038 2633 2182 2687; x_wconf 92' lang='lat' dir='ltr'><strong>enim</strong></span> <span class='ocrx_word' id='word_1_642' title='bbox 2213 2633 2398 2688; x_wconf 89' lang='lat' dir='ltr'><strong>beatus</strong></span> <span class='ocrx_word' id='word_1_643' title='bbox 2425 2637 2734 2706; x_wconf 88' lang='lat' dir='ltr'><strong>Apostolus,</strong></span> <span class='ocrx_word' id='word_1_644' title='bbox 2759 2641 3002 2708; x_wconf 86' lang='lat' dir='ltr'><strong>quamvis</strong></span> <span class='ocrx_word' id='word_1_645' title='bbox 3028 2641 3081 2696; x_wconf 92' lang='lat' dir='ltr'><strong>in</strong></span> <span class='ocrx_word' id='word_1_646' title='bbox 3111 2642 3322 2698; x_wconf 90' lang='lat' dir='ltr'><strong>Christo</strong></span> <span class='ocrx_word' id='word_1_647' title='bbox 3337 2645 3445 2714; x_wconf 90' lang='lat' dir='ltr'><strong>jam</strong></span> <span class='ocrx_word' id='word_1_648' title='bbox 3476 2661 3632 2701; x_wconf 90' lang='lat' dir='ltr'><strong>rena-</strong></span> 
     </span>
    </p>
   </div>
   <div class='ocr_carea' id='block_1_85' title="bbox 2034 2725 3628 2801">
    <p class='ocr_par' dir='ltr' id='par_1_85' title="bbox 2034 2725 3628 2801">
     <span class='ocr_line' id='line_1_85' title="bbox 2034 2725 3628 2801; baseline 0.008 -22"><span class='ocrx_word' id='word_1_649' title='bbox 2034 2725 2102 2780; x_wconf 88' lang='lat' dir='ltr'><strong>tis</strong></span> <span class='ocrx_word' id='word_1_650' title='bbox 2125 2765 2139 2791; x_wconf 93' lang='lat'><strong>,</strong></span> <span class='ocrx_word' id='word_1_651' title='bbox 2188 2733 2363 2782; x_wconf 79' lang='lat' dir='ltr'><strong>tamen</strong></span> <span class='ocrx_word' id='word_1_652' title='bbox 2402 2727 2575 2784; x_wconf 89' lang='lat' dir='ltr'><strong>adhuc</strong></span> <span class='ocrx_word' id='word_1_653' title='bbox 2602 2730 2836 2798; x_wconf 88' lang='lat' dir='ltr'><strong>parvulis</strong></span> <span class='ocrx_word' id='word_1_654' title='bbox 2855 2773 2870 2798; x_wconf 94' lang='lat'><strong>,</strong></span> <span class='ocrx_word' id='word_1_655' title='bbox 2902 2731 2985 2786; x_wconf 91' lang='lat' dir='ltr'><strong>lac</strong></span> <span class='ocrx_word' id='word_1_656' title='bbox 3015 2732 3143 2788; x_wconf 91' lang='lat' dir='ltr'><strong>dicit</strong></span> <span class='ocrx_word' id='word_1_657' title='bbox 3168 2749 3228 2789; x_wconf 89' lang='lat' dir='ltr'><strong>se</strong></span> <span class='ocrx_word' id='word_1_658' title='bbox 3260 2734 3490 2801; x_wconf 90' lang='lat' dir='ltr'><strong>dedisse,</strong></span> <span class='ocrx_word' id='word_1_659' title='bbox 3521 2751 3628 2792; x_wconf 90' lang='lat' dir='ltr'><strong>non</strong></span> 
     </span>
    </p>
   </div>
   <div class='ocr_carea' id='block_1_86' title="bbox 2034 2817 3633 2896">
    <p class='ocr_par' dir='ltr' id='par_1_86' title="bbox 2034 2817 3633 2896">
     <span class='ocr_line' id='line_1_86' title="bbox 2034 2817 3633 2896; baseline 0.007 -24"><span class='ocrx_word' id='word_1_660' title='bbox 2034 2830 2212 2872; x_wconf 88' lang='lat' dir='ltr'><strong>escam</strong></span> <span class='ocrx_word' id='word_1_661' title='bbox 2238 2835 2252 2872; x_wconf 89' lang='lat'><strong>:</strong></span> <span class='ocrx_word' id='word_1_662' title='bbox 2283 2817 2518 2874; x_wconf 85' lang='lat' dir='ltr'><strong>Necdum</strong></span> <span class='ocrx_word' id='word_1_663' title='bbox 2543 2821 2675 2875; x_wconf 89' lang='lat' dir='ltr'><strong>enim</strong></span> <span class='ocrx_word' id='word_1_664' title='bbox 2713 2824 2981 2892; x_wconf 82' lang='lat' dir='ltr'><strong>poteratis,</strong></span> <span class='ocrx_word' id='word_1_665' title='bbox 3011 2825 3210 2896; x_wconf 91' lang='lat' dir='ltr'><strong>inquit,</strong></span> <span class='ocrx_word' id='word_1_666' title='bbox 3237 2827 3325 2881; x_wconf 87' lang='lat' dir='ltr'><strong>sed</strong></span> <span class='ocrx_word' id='word_1_667' title='bbox 3351 2844 3442 2882; x_wconf 88' lang='lat' dir='ltr'><strong>nec</strong></span> <span class='ocrx_word' id='word_1_668' title='bbox 3464 2828 3633 2883; x_wconf 83' lang='lat' dir='ltr'><strong>adhuc</strong></span> 
     </span>
    </p>
   </div>
   <div class='ocr_carea' id='block_1_87' title="bbox 2033 2909 3631 2989">
    <p class='ocr_par' dir='ltr' id='par_1_87' title="bbox 2033 2909 3631 2989">
     <span class='ocr_line' id='line_1_87' title="bbox 2033 2909 3631 2989; baseline 0.011 -30"><span class='ocrx_word' id='word_1_669' title='bbox 2033 2909 2234 2976; x_wconf 86' lang='lat' dir='ltr'><strong>quidem</strong></span> <span class='ocrx_word' id='word_1_670' title='bbox 2258 2911 2460 2980; x_wconf 83' lang='lat' dir='ltr'><strong>potestis</strong></span> <span class='ocrx_word' id='word_1_671' title='bbox 2483 2910 2660 2982; x_wconf 85' lang='lat' dir='ltr'><strong>(lCor.</strong></span> <span class='ocrx_word' id='word_1_672' title='bbox 2695 2929 2772 2980; x_wconf 83' lang='grc' dir='ltr'>ιιι,</span> <span class='ocrx_word' id='word_1_673' title='bbox 2803 2915 2883 2986; x_wconf 71' lang='lat'><strong>2);</strong></span> <span class='ocrx_word' id='word_1_674' title='bbox 2915 2916 2962 2970; x_wconf 89' lang='lat' dir='ltr'><strong>si</strong></span> <span class='ocrx_word' id='word_1_675' title='bbox 2978 2915 3210 2987; x_wconf 88' lang='lat' dir='ltr'><strong>denique</strong></span> <span class='ocrx_word' id='word_1_676' title='bbox 3233 2919 3345 2989; x_wconf 89' lang='lat' dir='ltr'><strong>ipse</strong></span> <span class='ocrx_word' id='word_1_677' title='bbox 3369 2920 3631 2977; x_wconf 87' lang='lat' dir='ltr'><strong>Dominus</strong></span> 
     </span>
    </p>
   </div>
   <div class='ocr_carea' id='block_1_88' title="bbox 2035 3003 3628 3081">
    <p class='ocr_par' dir='ltr' id='par_1_88' title="bbox 2035 3003 3628 3081">
     <span class='ocr_line' id='line_1_88' title="bbox 2035 3003 3628 3081; baseline 0.007 -24"><span class='ocrx_word' id='word_1_678' title='bbox 2035 3003 2222 3058; x_wconf 89' lang='lat' dir='ltr'><strong>electis</strong></span> <span class='ocrx_word' id='word_1_679' title='bbox 2249 3004 2522 3073; x_wconf 81' lang='lat' dir='ltr'><strong>Apostolis</strong></span> <span class='ocrx_word' id='word_1_680' title='bbox 2547 3005 2702 3071; x_wconf 86' lang='lat' dir='ltr'><strong>dixit,</strong></span> <span class='ocrx_word' id='word_1_681' title='bbox 2729 3006 2908 3062; x_wconf 81' lang='lat' dir='ltr'><strong>Adhuc</strong></span> <span class='ocrx_word' id='word_1_682' title='bbox 2931 3011 3090 3064; x_wconf 91' lang='lat' dir='ltr'><strong>multa</strong></span> <span class='ocrx_word' id='word_1_683' title='bbox 3117 3011 3272 3066; x_wconf 83' lang='lat' dir='ltr'><strong>habeo</strong></span> <span class='ocrx_word' id='word_1_684' title='bbox 3293 3012 3428 3067; x_wconf 83' lang='lat' dir='ltr'><strong>vobis</strong></span> <span class='ocrx_word' id='word_1_685' title='bbox 3448 3013 3628 3081; x_wconf 88' lang='lat' dir='ltr'><strong>dicere,</strong></span> 
     </span>
    </p>
   </div>
   <div class='ocr_carea' id='block_1_89' title="bbox 2035 3085 3628 3170">
    <p class='ocr_par' dir='ltr' id='par_1_89' title="bbox 2035 3085 3628 3170">
     <span class='ocr_line' id='line_1_89' title="bbox 2035 3085 3628 3170; baseline 0.01 -33"><span class='ocrx_word' id='word_1_686' title='bbox 2035 3085 2125 3138; x_wconf 85' lang='lat' dir='ltr'><strong>sed</strong></span> <span class='ocrx_word' id='word_1_687' title='bbox 2181 3103 2282 3140; x_wconf 89' lang='lat' dir='ltr'><strong>non</strong></span> <span class='ocrx_word' id='word_1_688' title='bbox 2323 3089 2528 3157; x_wconf 84' lang='lat' dir='ltr'><strong>potestis</strong></span> <span class='ocrx_word' id='word_1_689' title='bbox 2577 3088 2668 3143; x_wconf 81' lang='lat' dir='ltr'><strong>illa</strong></span> <span class='ocrx_word' id='word_1_690' title='bbox 2706 3101 2908 3161; x_wconf 87' lang='lat' dir='ltr'><strong>portare</strong></span> <span class='ocrx_word' id='word_1_691' title='bbox 2948 3093 3098 3147; x_wconf 89' lang='lat' dir='ltr'><strong>modo</strong></span> <span class='ocrx_word' id='word_1_692' title='bbox 3130 3094 3310 3164; x_wconf 83' lang='lat' dir='ltr'><strong>(Joan.</strong></span> <span class='ocrx_word' id='word_1_693' title='bbox 3342 3112 3453 3162; x_wconf 66' lang='grc' dir='ltr'>χιιι,</span> <span class='ocrx_word' id='word_1_694' title='bbox 3493 3096 3628 3170; x_wconf 73' lang='lat' dir='ltr'><strong>l2):</strong></span> 
     </span>
    </p>
   </div>
   <div class='ocr_carea' id='block_1_90' title="bbox 2034 3178 3632 3254">
    <p class='ocr_par' dir='ltr' id='par_1_90' title="bbox 2034 3178 3632 3254">
     <span class='ocr_line' id='line_1_90' title="bbox 2034 3178 3632 3254; baseline 0.009 -24"><span class='ocrx_word' id='word_1_695' title='bbox 2034 3185 2233 3247; x_wconf 91' lang='lat' dir='ltr'><strong>quanto</strong></span> <span class='ocrx_word' id='word_1_696' title='bbox 2278 3178 2454 3233; x_wconf 92' lang='lat' dir='ltr'><strong>minus</strong></span> <span class='ocrx_word' id='word_1_697' title='bbox 2494 3191 2716 3248; x_wconf 87' lang='lat' dir='ltr'><strong>possunt</strong></span> <span class='ocrx_word' id='word_1_698' title='bbox 2743 3179 2922 3249; x_wconf 89' lang='lat' dir='ltr'><strong>ferre,</strong></span> <span class='ocrx_word' id='word_1_699' title='bbox 2968 3197 3315 3254; x_wconf 84' lang='lat' dir='ltr'><strong>quaecumque</strong></span> <span class='ocrx_word' id='word_1_700' title='bbox 3343 3185 3411 3241; x_wconf 88' lang='lat' dir='ltr'><strong>de</strong></span> <span class='ocrx_word' id='word_1_701' title='bbox 3451 3188 3632 3243; x_wconf 81' lang='lat' dir='ltr'><strong>incor-</strong></span> 
     </span>
    </p>
   </div>
   <div class='ocr_carea' id='block_1_91' title="bbox 2033 3269 3584 3348">
    <p class='ocr_par' dir='ltr' id='par_1_91' title="bbox 2033 3269 3584 3348">
     <span class='ocr_line' id='line_1_91' title="bbox 2033 3269 3584 3348; baseline 0.008 -26"><span class='ocrx_word' id='word_1_702' title='bbox 2033 3283 2197 3339; x_wconf 88' lang='lat' dir='ltr'><strong>porea</strong></span> <span class='ocrx_word' id='word_1_703' title='bbox 2235 3269 2353 3324; x_wconf 91' lang='lat' dir='ltr'><strong>luce</strong></span> <span class='ocrx_word' id='word_1_704' title='bbox 2390 3269 2659 3336; x_wconf 87' lang='lat' dir='ltr'><strong>dicuntur,</strong></span> <span class='ocrx_word' id='word_1_705' title='bbox 2690 3272 2978 3326; x_wconf 73' lang='lat' dir='ltr'><strong>immunda:</strong></span> <span class='ocrx_word' id='word_1_706' title='bbox 3015 3282 3224 3330; x_wconf 89' lang='lat' dir='ltr'><strong>mentes</strong></span> <span class='ocrx_word' id='word_1_707' title='bbox 3262 3277 3584 3348; x_wconf 79' lang='lat' dir='ltr'><strong>impiorum?</strong></span> 
     </span>
    </p>
   </div>
   <div class='ocr_carea' id='block_1_92' title="bbox 2105 3356 3634 3442">
    <p class='ocr_par' dir='ltr' id='par_1_92' title="bbox 2105 3356 3634 3442">
     <span class='ocr_line' id='line_1_92' title="bbox 2105 3356 3634 3442; baseline 0.007 -28"><span class='ocrx_word' id='word_1_708' title='bbox 2105 3356 2330 3415; x_wconf 86' lang='lat' dir='ltr'><strong>CAPUT</strong></span> <span class='ocrx_word' id='word_1_709' title='bbox 2368 3358 2610 3414; x_wconf 81' lang='lat' dir='ltr'><strong>XXVIII.</strong></span> <span class='ocrx_word' id='word_1_710' title='bbox 2639 3363 2822 3418; x_wconf 80' lang='lat'><strong>-—&#39;55.</strong></span> <span class='ocrx_word' id='word_1_711' title='bbox 2861 3362 3154 3434; x_wconf 85' lang='lat' dir='ltr'><strong>Baptismus</strong></span> <span class='ocrx_word' id='word_1_712' title='bbox 3198 3366 3253 3419; x_wconf 88' lang='lat' dir='ltr'><strong>in</strong></span> <span class='ocrx_word' id='word_1_713' title='bbox 3294 3383 3415 3423; x_wconf 89' lang='lat' dir='ltr'><strong>casu</strong></span> <span class='ocrx_word' id='word_1_714' title='bbox 3446 3387 3634 3442; x_wconf 83' lang='lat' dir='ltr'><strong>propo-</strong></span> 
     </span>
    </p>
   </div>
   <div class='ocr_carea' id='block_1_93' title="bbox 2033 3443 3634 3533">
    <p class='ocr_par' dir='ltr' id='par_1_93' title="bbox 2033 3443 3634 3533">
     <span class='ocr_line' id='line_1_93' title="bbox 2033 3443 3634 3533; baseline 0.007 -28"><span class='ocrx_word' id='word_1_715' title='bbox 2033 3451 2130 3505; x_wconf 84' lang='lat' dir='ltr'><strong>sito</strong></span> <span class='ocrx_word' id='word_1_716' title='bbox 2178 3451 2378 3507; x_wconf 85' lang='lat' dir='ltr'><strong>dandus</strong></span> <span class='ocrx_word' id='word_1_717' title='bbox 2430 3453 2794 3507; x_wconf 86' lang='lat' dir='ltr'><strong>catechumenis</strong></span> <span class='ocrx_word' id='word_1_718' title='bbox 2845 3454 2998 3508; x_wconf 89' lang='lat' dir='ltr'><strong>etiam</strong></span> <span class='ocrx_word' id='word_1_719' title='bbox 3060 3443 3370 3512; x_wconf 65' lang='lat' dir='ltr'><strong>adulterina</strong></span> <span class='ocrx_word' id='word_1_720' title='bbox 3396 3461 3634 3533; x_wconf 86' lang='lat' dir='ltr'><strong>conjugia</strong></span> 
     </span>
    </p>
   </div>
   <div class='ocr_carea' id='block_1_94' title="bbox 2033 3543 3635 3623">
    <p class='ocr_par' dir='ltr' id='par_1_94' title="bbox 2033 3543 3635 3623">
     <span class='ocr_line' id='line_1_94' title="bbox 2033 3543 3635 3623; baseline 0.007 -27"><span class='ocrx_word' id='word_1_721' title='bbox 2033 3543 2388 3598; x_wconf 86' lang='lat' dir='ltr'><strong>retinentibus.</strong></span> <span class='ocrx_word' id='word_1_722' title='bbox 2439 3543 2887 3599; x_wconf 83' lang='lat' dir='ltr'><strong>Reconciliationis</strong></span> <span class='ocrx_word' id='word_1_723' title='bbox 2922 3547 3179 3615; x_wconf 74' lang='lat' dir='ltr'><strong>paenitenti</strong></span> <span class='ocrx_word' id='word_1_724' title='bbox 3207 3549 3391 3605; x_wconf 78' lang='lat' dir='ltr'><strong>danda:</strong></span> <span class='ocrx_word' id='word_1_725' title='bbox 3417 3551 3471 3606; x_wconf 91' lang='lat' dir='ltr'><strong>in</strong></span> <span class='ocrx_word' id='word_1_726' title='bbox 3501 3553 3635 3623; x_wconf 85' lang='lat' dir='ltr'><strong>peri-</strong></span> 
     </span>
    </p>
   </div>
   <div class='ocr_carea' id='block_1_95' title="bbox 2035 3633 3634 3698">
    <p class='ocr_par' dir='ltr' id='par_1_95' title="bbox 2035 3633 3634 3698">
     <span class='ocr_line' id='line_1_95' title="bbox 2035 3633 3634 3698; baseline 0.006 -11"><span class='ocrx_word' id='word_1_727' title='bbox 2035 3634 2150 3688; x_wconf 86' lang='lat' dir='ltr'><strong>culo</strong></span> <span class='ocrx_word' id='word_1_728' title='bbox 2180 3635 2355 3688; x_wconf 89' lang='lat' dir='ltr'><strong>mortis</strong></span> <span class='ocrx_word' id='word_1_729' title='bbox 2395 3634 2572 3688; x_wconf 85' lang='lat' dir='ltr'><strong>eadem</strong></span> <span class='ocrx_word' id='word_1_730' title='bbox 2599 3633 2750 3689; x_wconf 87' lang='lat' dir='ltr'><strong>ratio.</strong></span> <span class='ocrx_word' id='word_1_731' title='bbox 2781 3634 2886 3690; x_wconf 91' lang='lat' dir='ltr'><strong>Sed</strong></span> <span class='ocrx_word' id='word_1_732' title='bbox 2929 3645 2984 3690; x_wconf 91' lang='lat' dir='ltr'><strong>ut</strong></span> <span class='ocrx_word' id='word_1_733' title='bbox 3013 3651 3192 3693; x_wconf 90' lang='lat' dir='ltr'><strong>sermo</strong></span> <span class='ocrx_word' id='word_1_734' title='bbox 3225 3648 3406 3696; x_wconf 89' lang='lat' dir='ltr'><strong>noster</strong></span> <span class='ocrx_word' id='word_1_735' title='bbox 3434 3641 3500 3696; x_wconf 90' lang='lat' dir='ltr'><strong>ad</strong></span> <span class='ocrx_word' id='word_1_736' title='bbox 3533 3642 3634 3698; x_wconf 88' lang='lat' dir='ltr'><strong>hoc</strong></span> 
     </span>
    </p>
   </div>
   <div class='ocr_carea' id='block_1_96' title="bbox 2034 3725 3631 3800">
    <p class='ocr_par' dir='ltr' id='par_1_96' title="bbox 2034 3725 3631 3800">
     <span class='ocr_line' id='line_1_96' title="bbox 2034 3725 3631 3800; baseline 0.006 -21"><span class='ocrx_word' id='word_1_737' title='bbox 2034 3727 2213 3796; x_wconf 90' lang='lat' dir='ltr'><strong>potius</strong></span> <span class='ocrx_word' id='word_1_738' title='bbox 2239 3725 2534 3792; x_wconf 88' lang='lat' dir='ltr'><strong>claudatur,</strong></span> <span class='ocrx_word' id='word_1_739' title='bbox 2585 3727 2725 3781; x_wconf 92' lang='lat' dir='ltr'><strong>unde</strong></span> <span class='ocrx_word' id='word_1_740' title='bbox 2770 3727 2998 3795; x_wconf 90' lang='lat' dir='ltr'><strong>sumpsit</strong></span> <span class='ocrx_word' id='word_1_741' title='bbox 3043 3729 3351 3795; x_wconf 74' lang='lat' dir='ltr'><strong>exordium,</strong></span> <span class='ocrx_word' id='word_1_742' title='bbox 3379 3746 3478 3800; x_wconf 89' lang='lat' dir='ltr'><strong>ego</strong></span> <span class='ocrx_word' id='word_1_743' title='bbox 3520 3747 3631 3788; x_wconf 89' lang='lat' dir='ltr'><strong>non</strong></span> 
     </span>
    </p>
   </div>
   <div class='ocr_carea' id='block_1_97' title="bbox 2035 3816 3634 3890">
    <p class='ocr_par' dir='ltr' id='par_1_97' title="bbox 2035 3816 3634 3890">
     <span class='ocr_line' id='line_1_97' title="bbox 2035 3816 3634 3890; baseline 0.005 -21"><span class='ocrx_word' id='word_1_744' title='bbox 2035 3817 2210 3870; x_wconf 91' lang='lat' dir='ltr'><strong>solum</strong></span> <span class='ocrx_word' id='word_1_745' title='bbox 2238 3816 2370 3871; x_wconf 88' lang='lat' dir='ltr'><strong>alios</strong></span> <span class='ocrx_word' id='word_1_746' title='bbox 2399 3817 2834 3882; x_wconf 90' lang='lat' dir='ltr'><strong>catechumenos,</strong></span> <span class='ocrx_word' id='word_1_747' title='bbox 2861 3832 3048 3872; x_wconf 89' lang='lat' dir='ltr'><strong>verum</strong></span> <span class='ocrx_word' id='word_1_748' title='bbox 3074 3819 3233 3873; x_wconf 90' lang='lat' dir='ltr'><strong>etiam</strong></span> <span class='ocrx_word' id='word_1_749' title='bbox 3264 3821 3408 3888; x_wconf 91' lang='lat' dir='ltr'><strong>ipsos</strong></span> <span class='ocrx_word' id='word_1_750' title='bbox 3434 3821 3524 3890; x_wconf 92' lang='lat' dir='ltr'><strong>qui</strong></span> <span class='ocrx_word' id='word_1_751' title='bbox 3555 3823 3634 3877; x_wconf 87' lang='lat' dir='ltr'><strong>vi-</strong></span> 
     </span>
    </p>
   </div>
   <div class='ocr_carea' id='block_1_98' title="bbox 2037 3891 3630 3974">
    <p class='ocr_par' dir='ltr' id='par_1_98' title="bbox 2037 3891 3630 3974">
     <span class='ocr_line' id='line_1_98' title="bbox 2037 3891 3630 3974; baseline 0.004 -15"><span class='ocrx_word' id='word_1_752' title='bbox 2037 3905 2270 3961; x_wconf 90' lang='lat' dir='ltr'><strong>ventium</strong></span> <span class='ocrx_word' id='word_1_753' title='bbox 2303 3891 2564 3974; x_wconf 85' lang='lat' dir='ltr'><strong>conjugiis</strong></span> <span class='ocrx_word' id='word_1_754' title='bbox 2609 3905 2841 3974; x_wconf 90' lang='lat' dir='ltr'><strong>copulati</strong></span> <span class='ocrx_word' id='word_1_755' title='bbox 2893 3906 3126 3960; x_wconf 90' lang='lat' dir='ltr'><strong>retinent</strong></span> <span class='ocrx_word' id='word_1_756' title='bbox 3168 3907 3463 3962; x_wconf 91' lang='lat' dir='ltr'><strong>adulterina</strong></span> <span class='ocrx_word' id='word_1_757' title='bbox 3498 3924 3630 3965; x_wconf 82' lang='lat' dir='ltr'><strong>con-</strong></span> 
     </span>
    </p>
   </div>
   <div class='ocr_carea' id='block_1_99' title="bbox 2037 3997 3630 4066">
    <p class='ocr_par' dir='ltr' id='par_1_99' title="bbox 2037 3997 3630 4066">
     <span class='ocr_line' id='line_1_99' title="bbox 2037 3997 3630 4066; baseline 0.004 -15"><span class='ocrx_word' id='word_1_758' title='bbox 2037 3997 2237 4062; x_wconf 88' lang='lat' dir='ltr'><strong>sortia,</strong></span> <span class='ocrx_word' id='word_1_759' title='bbox 2291 4009 2412 4050; x_wconf 91' lang='lat' dir='ltr'><strong>cum</strong></span> <span class='ocrx_word' id='word_1_760' title='bbox 2462 3997 2642 4052; x_wconf 90' lang='lat' dir='ltr'><strong>salvos</strong></span> <span class='ocrx_word' id='word_1_761' title='bbox 2689 3999 2956 4066; x_wconf 75' lang='lat' dir='ltr'><strong>corpore&#39;</strong></span> <span class='ocrx_word' id='word_1_762' title='bbox 3008 4012 3116 4052; x_wconf 91' lang='lat' dir='ltr'><strong>non</strong></span> <span class='ocrx_word' id='word_1_763' title='bbox 3167 3999 3508 4056; x_wconf 89' lang='lat' dir='ltr'><strong>admittamus</strong></span> <span class='ocrx_word' id='word_1_764' title='bbox 3562 4003 3630 4058; x_wconf 86' lang='lat' dir='ltr'><strong>ad</strong></span> 
     </span>
    </p>
   </div>
   <div class='ocr_carea' id='block_1_100' title="bbox 2037 4088 3632 4164">
    <p class='ocr_par' dir='ltr' id='par_1_100' title="bbox 2037 4088 3632 4164">
     <span class='ocr_line' id='line_1_100' title="bbox 2037 4088 3632 4164; baseline 0.005 -22"><span class='ocrx_word' id='word_1_765' title='bbox 2037 4088 2398 4158; x_wconf 86' lang='lat' dir='ltr'><strong>Baptismum;</strong></span> <span class='ocrx_word' id='word_1_766' title='bbox 2429 4095 2607 4144; x_wconf 86' lang='lat' dir='ltr'><strong>tamen</strong></span> <span class='ocrx_word' id='word_1_767' title='bbox 2636 4089 2680 4144; x_wconf 89' lang='lat' dir='ltr'><strong>si</strong></span> <span class='ocrx_word' id='word_1_768' title='bbox 2702 4088 2966 4158; x_wconf 88' lang='lat' dir='ltr'><strong>desperati</strong></span> <span class='ocrx_word' id='word_1_769' title='bbox 2995 4089 3296 4160; x_wconf 88' lang='lat' dir='ltr'><strong>jacueriut,</strong></span> <span class='ocrx_word' id='word_1_770' title='bbox 3319 4107 3419 4148; x_wconf 88' lang='lat' dir='ltr'><strong>nec</strong></span> <span class='ocrx_word' id='word_1_771' title='bbox 3453 4108 3548 4164; x_wconf 92' lang='lat' dir='ltr'><strong>pro</strong></span> <span class='ocrx_word' id='word_1_772' title='bbox 3571 4107 3632 4150; x_wconf 89' lang='lat' dir='ltr'><strong>se</strong></span> 
     </span>
    </p>
   </div>
   <div class='ocr_carea' id='block_1_101' title="bbox 2036 4179 3630 4253">
    <p class='ocr_par' dir='ltr' id='par_1_101' title="bbox 2036 4179 3630 4253">
     <span class='ocr_line' id='line_1_101' title="bbox 2036 4179 3630 4253; baseline 0.004 -17"><span class='ocrx_word' id='word_1_773' title='bbox 2036 4179 2360 4249; x_wconf 84' lang='lat' dir='ltr'><strong>respondere</strong></span> <span class='ocrx_word' id='word_1_774' title='bbox 2383 4181 2672 4249; x_wconf 86' lang='lat' dir='ltr'><strong>potuerint,</strong></span> <span class='ocrx_word' id='word_1_775' title='bbox 2698 4181 3043 4251; x_wconf 87' lang='lat' dir='ltr'><strong>baptizandos</strong></span> <span class='ocrx_word' id='word_1_776' title='bbox 3070 4193 3224 4253; x_wconf 92' lang='lat' dir='ltr'><strong>puto,</strong></span> <span class='ocrx_word' id='word_1_777' title='bbox 3251 4192 3310 4240; x_wconf 90' lang='lat' dir='ltr'><strong>ut</strong></span> <span class='ocrx_word' id='word_1_778' title='bbox 3334 4187 3495 4241; x_wconf 90' lang='lat' dir='ltr'><strong>etiam</strong></span> <span class='ocrx_word' id='word_1_779' title='bbox 3525 4187 3630 4243; x_wconf 88' lang='lat' dir='ltr'><strong>hoc</strong></span> 
     </span>
    </p>
   </div>
   <div class='ocr_carea' id='block_1_102' title="bbox 2036 4276 3630 4349">
    <p class='ocr_par' dir='ltr' id='par_1_102' title="bbox 2036 4276 3630 4349">
     <span class='ocr_line' id='line_1_102' title="bbox 2036 4276 3630 4349; baseline 0.004 -21"><span class='ocrx_word' id='word_1_780' title='bbox 2036 4282 2312 4344; x_wconf 87' lang='lat' dir='ltr'><strong>peccatum</strong></span> <span class='ocrx_word' id='word_1_781' title='bbox 2335 4290 2460 4330; x_wconf 89' lang='lat' dir='ltr'><strong>cum</strong></span> <span class='ocrx_word' id='word_1_782' title='bbox 2485 4276 2694 4332; x_wconf 67' lang='lat' dir='ltr'><strong>caeteris</strong></span> <span class='ocrx_word' id='word_1_783' title='bbox 2730 4276 2944 4331; x_wconf 88' lang='lat' dir='ltr'><strong>lavacro</strong></span> <span class='ocrx_word' id='word_1_784' title='bbox 2986 4279 3403 4349; x_wconf 89' lang='lat' dir='ltr'><strong>regenerationis</strong></span> <span class='ocrx_word' id='word_1_785' title='bbox 3445 4281 3630 4335; x_wconf 88' lang='lat' dir='ltr'><strong>ablua-</strong></span> 
     </span>
    </p>
   </div>
   <div class='ocr_carea' id='block_1_103' title="bbox 2035 4364 3632 4432">
    <p class='ocr_par' dir='ltr' id='par_1_103' title="bbox 2035 4364 3632 4432">
     <span class='ocr_line' id='line_1_103' title="bbox 2035 4364 3632 4432; baseline 0.003 -12"><span class='ocrx_word' id='word_1_786' title='bbox 2035 4371 2145 4420; x_wconf 86' lang='lat' dir='ltr'><strong>tur.</strong></span> <span class='ocrx_word' id='word_1_787' title='bbox 2170 4364 2300 4432; x_wconf 84' lang='lat' dir='ltr'><strong>Quis</strong></span> <span class='ocrx_word' id='word_1_788' title='bbox 2325 4365 2467 4420; x_wconf 91' lang='lat' dir='ltr'><strong>enim</strong></span> <span class='ocrx_word' id='word_1_789' title='bbox 2495 4366 2643 4422; x_wconf 93' lang='lat' dir='ltr'><strong>novit</strong></span> <span class='ocrx_word' id='word_1_790' title='bbox 2662 4375 2836 4422; x_wconf 93' lang='lat' dir='ltr'><strong>utrum</strong></span> <span class='ocrx_word' id='word_1_791' title='bbox 2862 4366 3104 4424; x_wconf 82' lang='lat' dir='ltr'><strong>fortassis</strong></span> <span class='ocrx_word' id='word_1_792' title='bbox 3125 4369 3436 4426; x_wconf 73' lang='lat' dir='ltr'><strong>adulterina:</strong></span> <span class='ocrx_word' id='word_1_793' title='bbox 3455 4372 3632 4426; x_wconf 87' lang='lat' dir='ltr'><strong>carnis</strong></span> 
     </span>
    </p>
   </div>
   <div class='ocr_carea' id='block_1_104' title="bbox 2035 4454 3633 4526">
    <p class='ocr_par' dir='ltr' id='par_1_104' title="bbox 2035 4454 3633 4526">
     <span class='ocr_line' id='line_1_104' title="bbox 2035 4454 3633 4526; baseline 0.006 -18"><span class='ocrx_word' id='word_1_794' title='bbox 2035 4454 2288 4511; x_wconf 88' lang='lat' dir='ltr'><strong>illecebra</strong></span> <span class='ocrx_word' id='word_1_795' title='bbox 2319 4471 2485 4526; x_wconf 91' lang='lat' dir='ltr'><strong>usque</strong></span> <span class='ocrx_word' id='word_1_796' title='bbox 2506 4455 2572 4510; x_wconf 89' lang='lat' dir='ltr'><strong>ad</strong></span> <span class='ocrx_word' id='word_1_797' title='bbox 2599 4456 2932 4526; x_wconf 89' lang='lat' dir='ltr'><strong>Baptismum</strong></span> <span class='ocrx_word' id='word_1_798' title='bbox 2957 4467 3254 4514; x_wconf 84' lang='lat' dir='ltr'><strong>statuerant</strong></span> <span class='ocrx_word' id='word_1_799' title='bbox 3276 4460 3547 4516; x_wconf 87' lang='lat' dir='ltr'><strong>detineri?</strong></span> <span class='ocrx_word' id='word_1_800' title='bbox 3573 4463 3633 4517; x_wconf 89' lang='lat' dir='ltr'><strong>Si</strong></span> 
     </span>
    </p>
   </div>
   <div class='ocr_carea' id='block_1_105' title="bbox 2034 4548 3630 4620">
    <p class='ocr_par' dir='ltr' id='par_1_105' title="bbox 2034 4548 3630 4620">
     <span class='ocr_line' id='line_1_105' title="bbox 2034 4548 3630 4620; baseline 0.002 -17"><span class='ocrx_word' id='word_1_801' title='bbox 2034 4556 2214 4603; x_wconf 85' lang='lat' dir='ltr'><strong>autem</strong></span> <span class='ocrx_word' id='word_1_802' title='bbox 2242 4549 2308 4603; x_wconf 91' lang='lat' dir='ltr'><strong>ab</strong></span> <span class='ocrx_word' id='word_1_803' title='bbox 2338 4549 2426 4603; x_wconf 92' lang='lat' dir='ltr'><strong>illa</strong></span> <span class='ocrx_word' id='word_1_804' title='bbox 2465 4548 2837 4618; x_wconf 84' lang='lat' dir='ltr'><strong>desperatione</strong></span> <span class='ocrx_word' id='word_1_805' title='bbox 2874 4550 3101 4604; x_wconf 89' lang='lat' dir='ltr'><strong>recreati</strong></span> <span class='ocrx_word' id='word_1_806' title='bbox 3132 4549 3404 4619; x_wconf 91' lang='lat' dir='ltr'><strong>potuerint</strong></span> <span class='ocrx_word' id='word_1_807' title='bbox 3430 4552 3630 4620; x_wconf 85' lang='lat' dir='ltr'><strong>vivere,</strong></span> 
     </span>
    </p>
   </div>
   <div class='ocr_carea' id='block_1_106' title="bbox 2035 4637 3626 4710">
    <p class='ocr_par' dir='ltr' id='par_1_106' title="bbox 2035 4637 3626 4710">
     <span class='ocr_line' id='line_1_106' title="bbox 2035 4637 3626 4710; baseline 0.003 -17"><span class='ocrx_word' id='word_1_808' title='bbox 2035 4646 2126 4694; x_wconf 89' lang='lat' dir='ltr'><strong>aut</strong></span> <span class='ocrx_word' id='word_1_809' title='bbox 2150 4637 2342 4692; x_wconf 81' lang='lat' dir='ltr'><strong>facient</strong></span> <span class='ocrx_word' id='word_1_810' title='bbox 2357 4638 2501 4708; x_wconf 88' lang='lat' dir='ltr'><strong>quod</strong></span> <span class='ocrx_word' id='word_1_811' title='bbox 2522 4645 2842 4710; x_wconf 86' lang='lat' dir='ltr'><strong>statuerunt,</strong></span> <span class='ocrx_word' id='word_1_812' title='bbox 2860 4646 2951 4692; x_wconf 92' lang='lat' dir='ltr'><strong>aut</strong></span> <span class='ocrx_word' id='word_1_813' title='bbox 2970 4639 3143 4694; x_wconf 91' lang='lat' dir='ltr'><strong>edocti</strong></span> <span class='ocrx_word' id='word_1_814' title='bbox 3164 4639 3626 4709; x_wconf 88' lang='lat' dir='ltr'><strong>obtemperabunt,</strong></span> 
     </span>
    </p>
   </div>
   <div class='ocr_carea' id='block_1_107' title="bbox 2034 4727 3629 4802">
    <p class='ocr_par' dir='ltr' id='par_1_107' title="bbox 2034 4727 3629 4802">
     <span class='ocr_line' id='line_1_107' title="bbox 2034 4727 3629 4802; baseline 0.002 -19"><span class='ocrx_word' id='word_1_815' title='bbox 2034 4736 2127 4784; x_wconf 89' lang='lat' dir='ltr'><strong>aut</strong></span> <span class='ocrx_word' id='word_1_816' title='bbox 2149 4728 2218 4783; x_wconf 91' lang='lat' dir='ltr'><strong>de</strong></span> <span class='ocrx_word' id='word_1_817' title='bbox 2252 4727 2708 4798; x_wconf 90' lang='lat' dir='ltr'><strong>contemptoribus</strong></span> <span class='ocrx_word' id='word_1_818' title='bbox 2746 4727 2838 4783; x_wconf 89' lang='lat' dir='ltr'><strong>ﬁet</strong></span> <span class='ocrx_word' id='word_1_819' title='bbox 2865 4727 3006 4797; x_wconf 89' lang='lat' dir='ltr'><strong>quod</strong></span> <span class='ocrx_word' id='word_1_820' title='bbox 3037 4728 3152 4782; x_wconf 89' lang='lat' dir='ltr'><strong>ﬁeri</strong></span> <span class='ocrx_word' id='word_1_821' title='bbox 3172 4728 3329 4783; x_wconf 90' lang='lat' dir='ltr'><strong>etiam</strong></span> <span class='ocrx_word' id='word_1_822' title='bbox 3359 4729 3428 4784; x_wconf 91' lang='lat' dir='ltr'><strong>de</strong></span> <span class='ocrx_word' id='word_1_823' title='bbox 3454 4730 3629 4802; x_wconf 86' lang='lat' dir='ltr'><strong>bapti-</strong></span> 
     </span>
    </p>
   </div>
   <div class='ocr_carea' id='block_1_108' title="bbox 2037 4820 3631 4892">
    <p class='ocr_par' dir='ltr' id='par_1_108' title="bbox 2037 4820 3631 4892">
     <span class='ocr_line' id='line_1_108' title="bbox 2037 4820 3631 4892; baseline 0.002 -16"><span class='ocrx_word' id='word_1_824' title='bbox 2037 4822 2167 4877; x_wconf 86' lang='lat' dir='ltr'><strong>zatis</strong></span> <span class='ocrx_word' id='word_1_825' title='bbox 2198 4820 2392 4876; x_wconf 88' lang='lat' dir='ltr'><strong>talibus</strong></span> <span class='ocrx_word' id='word_1_826' title='bbox 2435 4820 2619 4876; x_wconf 89' lang='lat' dir='ltr'><strong>debet.</strong></span> <span class='ocrx_word' id='word_1_827' title='bbox 2651 4821 2782 4888; x_wconf 76' lang='lat' dir='ltr'><strong>Qua:</strong></span> <span class='ocrx_word' id='word_1_828' title='bbox 2817 4829 2996 4876; x_wconf 90' lang='lat' dir='ltr'><strong>autem</strong></span> <span class='ocrx_word' id='word_1_829' title='bbox 3039 4820 3399 4892; x_wconf 87' lang='lat' dir='ltr'><strong>Baptismatis,</strong></span> <span class='ocrx_word' id='word_1_830' title='bbox 3441 4823 3631 4879; x_wconf 88' lang='lat' dir='ltr'><strong>eadem</strong></span> 
     </span>
    </p>
   </div>
   <div class='ocr_carea' id='block_1_109' title="bbox 2036 4913 3636 4987">
    <p class='ocr_par' dir='ltr' id='par_1_109' title="bbox 2036 4913 3636 4987">
     <span class='ocr_line' id='line_1_109' title="bbox 2036 4913 3636 4987; baseline 0.001 -16"><span class='ocrx_word' id='word_1_831' title='bbox 2036 4914 2486 4971; x_wconf 86' lang='lat' dir='ltr'><strong>reconciliationis</strong></span> <span class='ocrx_word' id='word_1_832' title='bbox 2511 4922 2796 4983; x_wconf 87' lang='lat' dir='ltr'><strong>estcausa,</strong></span> <span class='ocrx_word' id='word_1_833' title='bbox 2819 4917 2866 4971; x_wconf 89' lang='lat' dir='ltr'><strong>si</strong></span> <span class='ocrx_word' id='word_1_834' title='bbox 2893 4913 3031 4971; x_wconf 84' lang='lat' dir='ltr'><strong>forte</strong></span> <span class='ocrx_word' id='word_1_835' title='bbox 3058 4915 3407 4987; x_wconf 68' lang='lat' dir='ltr'><strong>ptenitentem</strong></span> <span class='ocrx_word' id='word_1_836' title='bbox 3439 4917 3636 4972; x_wconf 90' lang='lat' dir='ltr'><strong>ﬁnien-</strong></span> 
     </span>
    </p>
   </div>
   <div class='ocr_carea' id='block_1_110' title="bbox 2036 5005 3630 5078">
    <p class='ocr_par' dir='ltr' id='par_1_110' title="bbox 2036 5005 3630 5078">
     <span class='ocr_line' id='line_1_110' title="bbox 2036 5005 3630 5078; baseline 0.001 -16"><span class='ocrx_word' id='word_1_837' title='bbox 2036 5005 2121 5063; x_wconf 70' lang='lat' dir='ltr'><strong>dae</strong></span> <span class='ocrx_word' id='word_1_838' title='bbox 2139 5007 2264 5062; x_wconf 63' lang='lat' dir='ltr'><strong>vita:</strong></span> <span class='ocrx_word' id='word_1_839' title='bbox 2280 5005 2575 5077; x_wconf 89' lang='lat' dir='ltr'><strong>periculum</strong></span> <span class='ocrx_word' id='word_1_840' title='bbox 2600 5007 3070 5078; x_wconf 67' lang='lat' dir='ltr'><strong>pratoccupaverit.</strong></span> <span class='ocrx_word' id='word_1_841' title='bbox 3095 5007 3206 5063; x_wconf 87' lang='lat' dir='ltr'><strong>Nec</strong></span> <span class='ocrx_word' id='word_1_842' title='bbox 3228 5008 3373 5078; x_wconf 87' lang='lat' dir='ltr'><strong>ipsos</strong></span> <span class='ocrx_word' id='word_1_843' title='bbox 3392 5009 3535 5065; x_wconf 82' lang='lat' dir='ltr'><strong>enim</strong></span> <span class='ocrx_word' id='word_1_844' title='bbox 3565 5025 3630 5064; x_wconf 80' lang='lat' dir='ltr'><strong>ex</strong></span> 
     </span>
    </p>
   </div>
   <div class='ocr_carea' id='block_1_111' title="bbox 2037 5097 3632 5170">
    <p class='ocr_par' dir='ltr' id='par_1_111' title="bbox 2037 5097 3632 5170">
     <span class='ocr_line' id='line_1_111' title="bbox 2037 5097 3632 5170; baseline 0.003 -18"><span class='ocrx_word' id='word_1_845' title='bbox 2037 5097 2140 5154; x_wconf 88' lang='lat' dir='ltr'><strong>bac</strong></span> <span class='ocrx_word' id='word_1_846' title='bbox 2167 5099 2272 5153; x_wconf 90' lang='lat' dir='ltr'><strong>vita</strong></span> <span class='ocrx_word' id='word_1_847' title='bbox 2299 5099 2416 5154; x_wconf 87' lang='lat' dir='ltr'><strong>sine</strong></span> <span class='ocrx_word' id='word_1_848' title='bbox 2442 5099 2602 5156; x_wconf 88' lang='lat' dir='ltr'><strong>arrha</strong></span> <span class='ocrx_word' id='word_1_849' title='bbox 2623 5113 2733 5155; x_wconf 82' lang='lat' dir='ltr'><strong>suae</strong></span> <span class='ocrx_word' id='word_1_850' title='bbox 2762 5099 2908 5170; x_wconf 88' lang='lat' dir='ltr'><strong>pacis</strong></span> <span class='ocrx_word' id='word_1_851' title='bbox 2928 5101 3075 5155; x_wconf 87' lang='lat' dir='ltr'><strong>exire</strong></span> <span class='ocrx_word' id='word_1_852' title='bbox 3103 5100 3242 5157; x_wconf 89' lang='lat' dir='ltr'><strong>velle</strong></span> <span class='ocrx_word' id='word_1_853' title='bbox 3271 5101 3433 5159; x_wconf 88' lang='lat' dir='ltr'><strong>debet</strong></span> <span class='ocrx_word' id='word_1_854' title='bbox 3457 5111 3632 5158; x_wconf 87' lang='lat' dir='ltr'><strong>mater</strong></span> 
     </span>
    </p>
   </div>
   <div class='ocr_carea' id='block_1_112' title="bbox 2037 5190 2295 5247">
    <p class='ocr_par' dir='ltr' id='par_1_112' title="bbox 2037 5190 2295 5247">
     <span class='ocr_line' id='line_1_112' title="bbox 2037 5190 2295 5247; baseline -0.016 0"><span class='ocrx_word' id='word_1_855' title='bbox 2037 5190 2295 5247; x_wconf 87' lang='lat' dir='ltr'><strong>Ecclesia.</strong></span> 
     </span>
    </p>
   </div>
   <div class='ocr_carea' id='block_1_113' title="bbox 2102 5279 2809 5354">
    <p class='ocr_par' dir='ltr' id='par_1_113' title="bbox 2102 5279 2809 5354">
     <span class='ocr_line' id='line_1_113' title="bbox 2102 5279 2809 5354; baseline 0.001 -24"><span class='ocrx_word' id='word_1_856' title='bbox 2102 5283 2122 5354; x_wconf 67' lang='grc' dir='ltr'><strong>ξ</strong></span> <span class='ocrx_word' id='word_1_857' title='bbox 2154 5279 2350 5354; x_wconf 51' lang='lat' dir='ltr'><strong>Aliquot</strong></span> <span class='ocrx_word' id='word_1_858' title='bbox 2368 5287 2497 5354; x_wconf 51' lang='lat' dir='ltr'><strong>uss,</strong></span> <span class='ocrx_word' id='word_1_859' title='bbox 2524 5287 2809 5354; x_wconf 55' lang='lat' dir='ltr'><strong>maerentes.</strong></span> 
     </span>
    </p>
   </div>
   <div class='ocr_carea' id='block_1_114' title="bbox 2101 5341 3631 5411">
    <p class='ocr_par' dir='ltr' id='par_1_114' title="bbox 2101 5341 3631 5411">
     <span class='ocr_line' id='line_1_114' title="bbox 2101 5341 3631 5411; baseline 0.006 -23"><span class='ocrx_word' id='word_1_860' title='bbox 2101 5341 2307 5411; x_wconf 45' lang='lat' dir='ltr'><strong>{Hicin</strong></span> <span class='ocrx_word' id='word_1_861' title='bbox 2332 5341 2743 5406; x_wconf 45' lang='lat' dir='ltr'><strong>editis&#39;superﬂuo</strong></span> <span class='ocrx_word' id='word_1_862' title='bbox 2777 5343 2940 5411; x_wconf 70' lang='lat' dir='ltr'><strong>fuerat</strong></span> <span class='ocrx_word' id='word_1_863' title='bbox 2975 5343 3217 5411; x_wconf 70' lang='lat' dir='ltr'><strong>additum,</strong></span> <span class='ocrx_word' id='word_1_864' title='bbox 3239 5346 3293 5411; x_wconf 76' lang='lat' dir='ltr'><strong>in</strong></span> <span class='ocrx_word' id='word_1_865' title='bbox 3326 5342 3404 5411; x_wconf 61' lang='lat' dir='ltr'><strong>Itis</strong></span> <span class='ocrx_word' id='word_1_866' title='bbox 3438 5357 3631 5411; x_wconf 75' lang='lat' dir='ltr'><strong>perma-</strong></span> 
     </span>
    </p>
   </div>
   <div class='ocr_carea' id='block_1_115' title="bbox 2035 5403 3629 5480">
    <p class='ocr_par' dir='ltr' id='par_1_115' title="bbox 2035 5403 3629 5480">
     <span class='ocr_line' id='line_1_115' title="bbox 2035 5403 3629 5480; baseline 0 0"><span class='ocrx_word' id='word_1_867' title='bbox 2258 5403 2629 5480; x_wconf 47' lang='lat' dir='ltr'><strong>nsisset.</strong></span> <span class='ocrx_word' id='word_1_868' title='bbox 2653 5411 2810 5455; x_wconf 61' lang='lat' dir='ltr'><strong>tamen</strong></span> <span class='ocrx_word' id='word_1_869' title='bbox 2833 5403 3166 5480; x_wconf 59' lang='grc' dir='ltr'><strong>εξαεερςναιεν</strong></span> <span class='ocrx_word' id='word_1_870' title='bbox 3189 5403 3244 5480; x_wconf 57' lang='lat' dir='ltr'><strong>is.</strong></span> <span class='ocrx_word' id='word_1_871' title='bbox 3259 5407 3321 5457; x_wconf 66' lang='lat' dir='ltr'><strong>iis</strong></span> <span class='ocrx_word' id='word_1_872' title='bbox 3339 5403 3629 5480; x_wconf 63' lang='grc' dir='ltr'><strong>ιθεέωιιξτο</strong></span> 
     </span>
    </p>
   </div>
   <div class='ocr_carea' id='block_1_116' title="bbox 2038 5463 3627 5590">
    <p class='ocr_par' dir='ltr' id='par_1_116' title="bbox 2038 5463 3627 5590">
     <span class='ocr_line' id='line_1_116' title="bbox 2039 5463 3627 5532; baseline 0.005 -17"><span class='ocrx_word' id='word_1_873' title='bbox 2039 5472 2086 5515; x_wconf 88' lang='lat' dir='ltr'><strong>et</strong></span> <span class='ocrx_word' id='word_1_874' title='bbox 2103 5463 2233 5516; x_wconf 86' lang='lat' dir='ltr'><strong>intra</strong></span> <span class='ocrx_word' id='word_1_875' title='bbox 2247 5478 2297 5515; x_wconf 88' lang='lat' dir='ltr'><strong>se</strong></span> <span class='ocrx_word' id='word_1_876' title='bbox 2319 5463 2598 5528; x_wconf 75' lang='lat' dir='ltr'><strong>pwititentes</strong></span> <span class='ocrx_word' id='word_1_877' title='bbox 2615 5463 2633 5531; x_wconf 63' lang='grc' dir='ltr'><em>ζ</em></span> <span class='ocrx_word' id='word_1_878' title='bbox 2649 5481 2761 5532; x_wconf 72' lang='lat' dir='ltr'><strong>quae</strong></span> <span class='ocrx_word' id='word_1_879' title='bbox 2782 5469 2934 5521; x_wconf 86' lang='lat' dir='ltr'><strong>verba</strong></span> <span class='ocrx_word' id='word_1_880' title='bbox 2952 5463 3178 5522; x_wconf 76' lang='lat' dir='ltr'><strong>veterum</strong></span> <span class='ocrx_word' id='word_1_881' title='bbox 3195 5463 3430 5526; x_wconf 67' lang='lat' dir='ltr'><strong>librorum</strong></span> <span class='ocrx_word' id='word_1_882' title='bbox 3465 5463 3627 5523; x_wconf 58' lang='lat' dir='ltr'><strong>aucto;</strong></span> 
     </span>
     <span class='ocr_line' id='line_1_117' title="bbox 2038 5527 3131 5590; baseline 0.003 -12"><span class='ocrx_word' id='word_1_883' title='bbox 2038 5527 2184 5578; x_wconf 75' lang='lat' dir='ltr'><strong>ritate</strong></span> <span class='ocrx_word' id='word_1_884' title='bbox 2207 5529 2548 5590; x_wconf 78' lang='lat' dir='ltr'><strong>expunximus.</strong></span> <span class='ocrx_word' id='word_1_885' title='bbox 3115 5581 3131 5590; x_wconf 61' lang='grc'><em>,</em></span> 
     </span>
    </p>
   </div>
  </div>
