4142 6212
523 348 626 404 ιπι

1408 350 1497 405 DE
1533 346 1881 405 CONJUGllS
1919 344 2390 410 ADULTERINIS,
2422 345 2491 401 S.
2530 344 2897 402 AUGUSTINI

3690 352 3796 409 ne

1445 594 1914 704 LIBER
1999 592 2848 702 SECUNDUS.

589 779 905 843 Redarguimr
938 779 1200 843 Pollentius
1215 815 1230 840 ,
1255 780 1495 843 adulterio
1532 786 1702 843 putans
1725 778 1929 840 perinde
1951 783 2099 840 atque
2122 783 2278 826 morte
2295 776 2416 843 solvi
2438 780 2714 843 conjuginm
2731 814 2746 840 ,
2781 792 2941 843 eoque
2959 781 3160 843 trahens
3180 781 3300 831 illud
3323 788 3354 830 Α

515 840 670 896 tbios,

3449 783 3534 834 toli
3556 784 3616 832 ad
3632 786 3792 836 Corin-

715 838 847 908 (iuod
869 849 1152 908 srmortuus
1173 838 1317 903 fuerit
1343 842 1414 890 vir
1437 838 1572 908 ejus,
1619 838 1818 908 liberata
1854 845 1922 908 est
1943 851 1972 908 ;.
2001 838 2316 908 utmortuum
2342 839 2432 908 boe
2457 838 2561 908 loco
2585 838 2885 908 velie'etiam
2922 842 3195 908 adulterum
3238 838 3465 908 intelligi.
3502 854 3797 908 Argumenta

520 901 700 968 deinde
720 903 836 968 pejus
851 902 1042 965 reliqua
1057 899 1323 964 diluuntur,
1341 910 1394 953 et
1416 899 1546 954 varia
1560 899 1679 967 'quae
1714 901 1920 952 suboriri
1940 901 2079 950 timet
2100 899 2396 949 incommoda
2409 933 2423 960 ,
2449 901 2541 950 nisi
2555 901 2808 965 repudiata
2829 901 3047 954 adultera
3069 904 3254 954 ducere
3272 899 3476 954 alteram
3508 899 3610 956 vii-'0
3633 906 3793 968 liceat,

1887 1046 2368 1126 mg...—

519 963 810 1012 refutantur.

593 1197 819 1255 CAPUT
856 1196 1138 1253 PRIMUM.
1167 1226 1238 1274 -—’-
1263 1197 1315 1251 1.
1361 1195 1528 1267 Hujus
1557 1194 1671 1250 libri
1695 1194 1910 1259 occasio,
1942 1192 2022 1248 Ad
2045 1207 2109 1247 ea

516 1303 642 1357 quae
684 1287 812 1341 mihi
858 1289 1173 1356 scripseras,
1220 1289 1383 1342 frater
1431 1287 1677 1356 religiose
1717 1285 1964 1352 Pollenti,
1999 1283 2110 1353 jam

519 1381 904 1450 rescripseram
935 1395 1041 1434 non
1071 1395 1289 1450 parvum
1315 1381 1586 1446 volumen,
1615 1379 1683 1434 de
1708 1378 1772 1432 iis
1810 1378 1899 1447 qui
1926 1377 2110 1431 viven-

517 1472 664 1527 tibus
682 1472 996 1542 eonjugibus
1013 1474 1122 1528 suis
1140 1474 1258 1528 aliis
1277 1474 1612 1543 cepulantur.
1642 1469 1795 1538 Quod
1815 1484 1934 1523 eum
1956 1469 2112 1522 inno-

519 1562 712 1616 tuisset
764 1563 1043 1617 Dilectioni
1095 1571 1219 1628 tute,
1279 1561 1525 1616 addidisti
1565 1561 1740 1630 aliqua
1778 1559 1846 1613 ad
1872 1557 2110 1613 libellum

515 1661 689 1717 tuum,
728 1655 885 1708 etiam
910 1655 992 1708 his
1020 1670 1105 1710 me
1131 1654 1456 1723 respondere
1482 1653 1791 1708 desiderans
1824 1669 1836 1705 :
1868 1649 1963 1704 sed
1990 1663 2112 1702 cum

516 1742 698 1799 facere
727 1745 1090 1815 disponerem,
1126 1746 1370 1801 addendo
1404 1755 1458 1800 et
1483 1759 1583 1814 ego
1629 1743 1692 1797 ad
1734 1756 1932 1806 meum,
1963 1739 2034 1794 ita
2057 1747 2113 1793 ut

522 1851 663 1891 unus
693 1837 830 1891 liber
853 1849 995 1892 esset
1021 1839 1180 1893 etiam
1211 1836 1574 1906 responsionis
1604 1851 1737 1890 mere
1757 1877 1770 1899 ,
1802 1839 2023 1902 repente
2053 1831 2115 1884 il-

519 1925 608 1981 lud
637 1929 840 1982 editum
883 1929 1127 1998 estquod
1171 1929 1504 1983 absolveram
1546 1928 1711 1996 prius,
1755 1922 2113 1994 ﬂagitantibus

519 2015 794 2081 fratribus,
827 2028 879 2072 et
901 2020 1264 2074 nescienlibus
1287 2020 1484 2074 nostris
1503 2021 1519 2050 ¹
1548 2017 1688 2088 quod
1717 2015 1892 2070 adhuc
1915 2011 2113 2082 aliquid

519 2119 668 2164 esset
713 2109 1038 2165 addendum.
1075 2111 1208 2165 Hinc
1255 2110 1453 2165 factum
1485 2119 1565 2164 est
1594 2115 1651 2162 ut
1679 2107 1845 2163 altero
1872 2119 2114 2161 seorsum

514 2201 804 2267 opusculo,
835 2200 902 2254 ad
932 2217 994 2256 ea
1025 2218 1142 2271 qua:
1170 2202 1444 2268 addidisti,
1477 2199 1805 2270 respondere
1827 2196 2114 2266 compelle-

513 2301 628 2342 rer.
661 2288 776 2344 Non
795 2299 971 2345 autem
992 2307 1113 2361 quae
1141 2291 1409 2356 addidisti,
1439 2291 1686 2360 adjuncta
1713 2296 1836 2344 sunt
1863 2287 1954 2340 lini
1980 2300 2114 2355 opu-

513 2379 651 2433 sculi
681 2380 785 2446 tui;
816 2381 931 2448 sed,
967 2383 1058 2437 ubi
1084 2384 1256 2438 visum
1285 2391 1388 2449 est,
1409 2382 1524 2452 ejus
1549 2379 1824 2450 interjecta
1851 2385 1976 2433 sunt
1997 2391 2115 2433 cor-

517 2471 656 2540 pori.

592 2563 822 2620 CAPUT
863 2565 926 2621 ll.
955 2596 1025 2604 —
1049 2566 1104 2620 2.
1147 2565 1389 2620 Pollentii
1420 2564 1696 2626 sententia,
1744 2562 1926 2615 nubere
1969 2558 2117 2612 alteri

519 2655 729 2708 vetitum
749 2672 854 2708 esse
883 2657 1089 2725 conjugi
1108 2697 1122 2719 ,
1145 2657 1190 2710 si
1226 2673 1258 2709 a
1285 2671 1383 2708 non
1410 2655 1709 2724 fornicante,
1740 2667 1840 2704 non
1878 2658 2045 2702 autem
2073 2649 2118 2700 si

518 2760 557 2796 α
586 2746 871 2812 [emicante
896 2745 1200 2799 discesserit.
1236 2745 1500 2798 Mortuum
1526 2744 1577 2795 in
1609 2743 1718 2795 loco
1742 2739 1898 2792 Pauli
1927 2738 2117 2790 intelli-

517 2832 745 2900 gendum
773 2834 925 2885 etiam
953 2835 1285 2902 fornicantem
1315 2833 1480 2886 sentit.
1512 2831 1710 2885 [lorum
1740 2831 1968 2898 primum
1987 2826 2116 2880 illttd

515 2933 627 2988 est,
657 2925 740 2978 eui
770 2924 983 2993 quidem
1013 2926 1242 2980 arbitror
1271 2940 1356 2979 me
1377 2923 1700 2992 respondere
1729 2920 1945 2985 debere,
1971 2917 2114 2989 quod

521 3017 580 3070 in
613 3017 696 3070 his
721 3001 959 3086 Apostoli
989 3018 1189 3083 verbis,
1218 3017 1304 3072 ubi
1334 3017 1427 3080 ait,
1446 3015 1650 3071 theris
1669 3022 1835 3066 autem
1860 3028 1952 3082 ego
1980 3011 2112 3076 dico,

520 3125 627 3162 non
663 3108 926 3174 Dominus,
960 3109 1218 3162 mulierem
1245 3125 1276 3161 a
1306 3109 1411 3161 viro
1439 3124 1539 3160 non
1580 3105 1867 3168 discedere;
1905 3101 2040 3175 quod
2072 3103 2118 3155 si

523 3200 826 3265 discesserit,
860 3215 1062 3253 manere
1091 3201 1376 3267 innuptam,
1409 3209 1495 3250 aut
1525 3197 1630 3249 viro
1659 3211 1750 3250 suo
1776 3191 2112 3258 reconciliari,

521 3307 630 3346 non
654 3301 808 3360 putas
829 3293 901 3346 ita
929 3291 1126 3345 dictum
1157 3306 1297 3354 esse,
1329 3291 1372 3343 si
1398 3289 1698 3352 discesserit,
1730 3296 1838 3343 uta
1867 3287 1982 3340 viro
2011 3284 2119 3339 for-

529 3383 744 3438 nicante
771 3385 1082 3438 discessisse
1126 3382 1466 3450 intelligatur,
1495 3395 1594 3448 qua
1625 3379 1738 3434 sola
1760 3392 1918 3433 causa
1948 3377 2118 3432 disce-

525 3475 656 3530 dere
694 3477 896 3529 lieitUm
939 3483 1054 3536 est;
1084 3472 1176 3527 sed
1220 3473 1393 3540 potius
1423 3473 1694 3524 existimas
1735 3485 1764 3522 a
1813 3467 2022 3538 pudico,
2063 3474 2118 3522 et

527 3563 651 3617 ideo
674 3563 875 3631 iussam
906 3577 1122 3616 manere
1159 3561 1465 3628 innuptam,
1509 3566 1566 3612 ut
1589 3565 1770 3627 posset
1799 3557 1846 3611 ei
1874 3556 2115 3611 reconci-

525 3655 669 3720 liari,
696 3654 742 3708 si
765 3655 1039 3708 continere
1059 3654 1143 3706 ille
1180 3651 1456 3714 noluisset,
1483 3665 1550 3704 ne
1571 3649 1736 3704 virum
1757 3647 1823 3702 ad
1850 3647 2118 3702 fornican-

523 3745 679 3812 dum,
717 3745 770 3800 id
797 3755 898 3810 est,
927 3745 990 3799 ad
1020 3745 1176 3799 aliam
1199 3760 1257 3800 se
1288 3745 1499 3798 vivente
1524 3741 1841 3806 ducendam,
1870 3741 1982 3810 ipsa
2007 3755 2116 3796 non

525 3837 866 3890 reconciliata
887 3824 1247 3904 compelleret.
1278 3833 1539 3890 Caeterum
1565 3832 1610 3887 si
1635 3847 1663 3885 a
1684 3832 1798 3885 viro
1821 3829 2116 3887 fornicante

527 3924 862 3986 discesserit,
907 3937 1058 3996 putas
1089 3927 1137 3979 ei
1165 3941 1270 3980 non
1317 3924 1530 3994 prwcipi
1572 3931 1628 3977 ut
1653 3923 1869 3992 innupta
1902 3936 2114 3990 perma-

525 4025 652 4071 neat
682 4036 694 4071 :
720 4016 814 4071 sed
842 4017 944 4071 boe
961 4033 1078 4072 eam
1103 4016 1296 4079 facere,
1338 4015 1382 4068 si
1412 4015 1692 4069 continens
1714 4027 1834 4068 esse
1857 4013 2112 4078 voluerit;

528 4124 634 4162 non
658 4118 712 4161 ut
740 4109 989 4176 praecepti
1016 4107 1260 4160 violatrix
1292 4105 1589 4159 inveniatur
1612 4119 1750 4168 esse,
1781 4104 1824 4158 si
1852 4104 2113 4172 nupserit.

527 4197 656 4263 Qua:
684 4198 778 4250 tibi
808 4197 1014 4249 videtur
1061 4196 1226 4249 forma
1266 4204 1320 4250 et
1358 4210 1388 4248 a
1431 4196 1548 4248 viro
1587 4209 1706 4249 esse
1735 4195 2016 4259 servanda,
2055 4203 2116 4249 ut

528 4301 750 4339 uxorem
780 4300 886 4338 non
919 4285 1165 4347 dimittat,
1199 4292 1421 4352 excepta
1451 4297 1610 4337 causa
1641 4283 2038 4346 fornicationis;
2068 4283 2114 4336 si

528 4387 704 4429 autem
727 4374 1008 4438 dimiserit,
1038 4383 1250 4428 maneat
1274 4373 1390 4427 sine
1417 4373 1684 4442 conjugio,
1709 4381 1768 4426 ut
1794 4372 1998 4440 pudica:
2022 4388 2114 4427 re-

524 4464 801 4520 conciliari
850 4463 1019 4532 possit
1058 4463 1229 4528 uxori,
1281 4458 1381 4516 nisi
1425 4461 1561 4516 forte
1598 4452 1979 4516 continentiam
2021 4461 2112 4516 illa

521 4555 810 4625 delegerit;
835 4571 902 4609 ne
929 4555 1107 4608 uxoris
1131 4564 1291 4609 castae
1315 4553 1799 4633 reconciliationem
1820 4553 2108 4623 refugiens,

527 4645 645 4712 ipse
672 4647 814 4698 illam
855 4653 1007 4714 cogat
1041 4644 1320 4711 tumeliari,
1363 4644 1408 4698 si
1447 4659 1568 4699 sese
1594 4659 1700 4699 non
1729 4643 2006 4699 continens
2028 4644 2110 4698 vi-

526 4744 683 4790 vente
725 4735 812 4788 illo
852 4735 1090 4805 nupserit
1128 4736 1279 4789 alteri
1313 4752 1327 4788 :
1360 4736 1404 4790 si
1443 4744 1621 4791 autem
1652 4735 1811 4791 fuerit
1849 4735 1918 4792 ab
1947 4750 2112 4791 uxore

527 4827 822 4880 fornicante
850 4827 1164 4896 disjunctus,
1190 4827 1300 4896 jam
1327 4841 1448 4880 eum
1476 4827 1622 4881 nullo
1654 4835 1921 4897 praecepto
1963 4836 2022 4881 ut
2049 4842 2109 4882 se

523 4921 798 4974 contineat
823 4920 1068 4983 detineri,
1093 4934 1190 4973 nec
1217 4919 1436 4973 omnino
1471 4920 1748 4986 moechari,
1782 4919 1826 4972 si
1864 4918 1981 4972 viva
2021 4919 2110 4972 illa

522 5009 744 5062 alteram
784 5009 993 5062 duxerit
1044 5008 1333 5076 :quoniam
1373 5007 1424 5062 id
1455 5008 1596 5078 quod
1634 5009 1708 5062 ait
1732 5007 1870 5062 idem
1897 5016 2109 5076 aposto-

524 5099 627 5162 lus,
663 5098 848 5152 Mulier
868 5100 1076 5169 alligata
1104 5109 1195 5162 est,
1225 5098 1462 5168 quamdiu
1489 5099 1564 5151 vir
1587 5099 1697 5168 ejus
1720 5099 1871 5160 vivit;
1909 5097 2042 5166 quod
2064 5097 2107 5151 si

521 5200 748 5244 mortuus
771 5191 918 5260 fuerit
956 5191 1028 5242 vir
1057 5191 1188 5258 ejus,
1219 5190 1425 5244 liberata
1445 5199 1552 5254 est;
1599 5189 1678 5242 cui
1707 5190 1811 5243 vult
1854 5188 2007 5241 nubat
2045 5189 2064 5259 (
2087 5189 2108 5243 l

523 5281 640 5334 Cor.
673 5296 766 5345 vn,
789 5280 874 5342 10,
910 5281 996 5344 Η,
1017 5281 1156 5349 '59);
1190 5282 1264 5334 sic
1295 5280 1690 5350 intelligendum
1720 5280 2008 5345 existimas,
2047 5291 2107 5336 ut

520 5371 567 5424 si
593 5372 672 5424 vir
695 5371 852 5424 fuerit
874 5370 1179 5434 fornicatus,
1210 5388 1306 5440 pro
1329 5381 1538 5426 mortuo
1563 5372 1863 5441 deputetur,
1883 5382 1945 5434 ,ει
1965 5388 2103 5428 uxor

522 5476 624 5531 pro
643 5471 886 5527 mortua;
918 5471 970 5516 et
995 5462 1115 5516 ideo
1137 5462 1292 5517 liceat
1325 5463 1542 5519 cuilibet
1587 5465 1815 5530 illorum,
1849 5474 2100 5535 tanquam

590 5576 606 5606 ¹
643 5577 780 5634 Editi,
821 5574 1140 5640 ﬂagitantibus
1158 5575 1392 5640 fratribus
1414 5578 1588 5628 nostris
1607 5585 1651 5628 et
1680 5578 2010 5629 nescientibus.
2046 5586 2102 5628 At

520 5641 628 5710 μεθ.
654 5638 1040 5710 vocem,_nostris
1059 5676 1071 5696 ,
1097 5638 1334 5710 collocant
1357 5648 1493 5710 post,
1519 5647 1564 5691 et
1587 5639 1933 5710 nescientibus;
1972 5647 2027 5710 ut
2052 5641 2101 5688 in

520 5695 608 5768 bis.
618 5699 814 5760 quidem
830 5695 1130 5768 domesticos
1159 5708 1209 5750 et
1224 5695 1530 5768 convictores
1545 5737 1558 5764 ,
1584 5703 1633 5752 in
1653 5695 1971 5766 ﬂagitantibus
1993 5701 2100 5765 fra-

520 5756 677 5814 tribus
695 5771 814 5812 vero
832 5767 1095 5815 extraneos
1118 5759 1463 5825 intelligamus.

2216 1200 2338 1262 post
2376 1199 2631 1258 mortem,
2664 1192 2734 1248 ita
2765 1199 2886 1264 post
2926 1191 3327 1250 fornicationem
3367 1195 3608 1267 conjugis
3635 1196 3792 1253 alteri

2216 1283 2469 1354 copulari.

2285 1376 2512 1433 CAPUT
2546 1376 2631 1431 ΙΙΙ.
2659 1407 2729 1416 -
2750 1379 2802 1433 '5.
2833 1375 3104 1449 Refellitur
3133 1377 3435 1434 Pollentius.
3463 1379 3664 1448 Quibus
3691 1384 3794 1438 tuis

2216 1469 2460 1525 sensibus
2485 1470 2834 1525 consideratis
2853 1511 2870 1538 ,
2901 1471 2996 1526 abs
3032 1480 3082 1526 te
3110 1487 3314 1542 quaero,
3336 1482 3516 1529 utrum
3546 1477 3793 1545 quicum-

2217 1573 2320 1629 que
2349 1559 2560 1615 duxerit
2594 1560 2868 1616 mulierem
2901 1577 3021 1631 qua:
3051 1562 3164 1616 viro
3191 1563 3403 1633 alligata
3427 1579 3546 1619 esse
3572 1565 3795 1622 destite-

2216 1648 2319 1717 rit,
2365 1649 2570 1705 adulter
2611 1649 2886 1705 liabendus
2933 1651 3042 1705 sit?
3089 1651 3240 1720 Quod
3269 1653 3362 1706 tibi
3402 1654 3648 1709 existimo
3685 1671 3790 1710 non

2216 1739 2404 1795 videri.
2426 1739 2548 1795 Ideo
2565 1741 2705 1795 enim
2729 1741 2917 1796 mulier
2936 1741 3123 1796 vivente
3141 1743 3247 1796 viro
3265 1743 3519 1797 vocabitur
3542 1745 3792 1811 adultera,

2217 1829 2262 1882 si
2288 1830 2436 1899 fuerit
2463 1848 2574 1884 cum
2601 1833 2702 1885 alio
2736 1833 2878 1898 viro;
2910 1832 3160 1902 quoniam
3193 1834 3403 1904 alligata
3425 1844 3527 1899 est,
3556 1836 3795 1904 quamdiu

2217 1920 2292 1973 vir
2319 1922 2428 1992 ejus
2460 1923 2595 1975 vivit.
2620 1921 2731 1977 lloc
2752 1931 2929 1977 autem
2959 1923 3228 1978 vinculum
3262 1924 3307 1978 si
3343 1925 3392 1979 ei
3421 1940 3539 1979 eum
3565 1926 3678 1980 viro
3707 1927 3790 1980 vi-

2218 2022 2374 2066 vente
2420 2027 2526 2066 non
2571 2023 2749 2079 esset,
2795 2013 2911 2068 sine
2953 2013 3063 2069 ullo
3099 2014 3346 2070 adulterii
3386 2017 3607 2072 crimine
3642 2019 3794 2073 alteri

2217 2103 2460 2158 nuberet.
2487 2104 2717 2161 Proinde
2753 2106 2796 2160 si
2823 2106 3034 2176 alligata
3063 2117 3144 2161 est
3183 2106 3432 2178 quamdiu
3463 2109 3544 2162 vir
3568 2108 3684 2178 ejus
3711 2109 3794 2163 vi-

2218 2193 2326 2262 vit,
2358 2195 2503 2250 nullo
2542 2196 2702 2251 modo
2730 2197 2831 2252 nisi
2871 2197 2988 2253 viro
3014 2206 3225 2253 mortuo
3251 2199 3426 2254 soluta
3455 2199 3679 2255 dicenda
3714 2209 3797 2256 est

2218 2284 2286 2339 ab
2315 2285 2415 2341 hoc
2440 2287 2668 2342 vinculo.
2709 2287 2875 2344 Porro
2909 2289 2956 2344 si
2991 2298 3162 2345 morte
3187 2291 3465 2361 cujuslibet
3493 2306 3677 2347 eorum
3719 2292 3799 2347 iu-

2219 2386 2300 2432 ter
2325 2380 2568 2434 maritum
2601 2389 2656 2436 ct
2683 2397 2900 2438 uxorem
2929 2381 3031 2438 hoc
3061 2383 3327 2438 vinculum
3349 2385 3590 2452 solvitur,
3623 2395 3675 2441 et
3703 2402 3796 2457 pro

2215 2473 2390 2526 'morte
2432 2471 2672 2527 habenda
2713 2481 2827 2538 est,
2873 2473 3012 2529 sicut
3055 2473 3222 2544 dicis,
3264 2476 3426 2531 etiam
3484 2475 3793 2544 fornicatio,

2219 2563 2402 2634 procul
2443 2564 2604 2619 dubio
2651 2566 2752 2620 erit
2798 2566 2865 2621 ab
2895 2565 2995 2622 hoc
3022 2575 3077 2622 et
3103 2568 3293 2623 mulier
3317 2569 3524 2635 soluta,
3571 2569 3784 2640 quando

2221 2653 2377 2710 fuerit
2399 2655 2674 2711 fornicata.
2702 2656 2883 2728 Neque
2904 2659 3046 2714 enim
3071 2658 3176 2714 diei
3219 2662 3414 2730 poterit
3441 2663 3554 2716 haec
3581 2663 3791 2732 alligata

2219 2744 2366 2811 viro,
2401 2745 2613 2815 quando
2650 2747 2716 2801 ab
2749 2747 2836 2800 illa
2881 2747 3039 2803 fuerit
3068 2749 3148 2802 vir
3173 2749 3396 2804 solutus.
3441 2751 3517 2806 Ac
3553 2766 3646 2821 per
3697 2751 3797 2807 hoc

2220 2843 2562 2906 posteaquam
2607 2835 2916 2890 fornicando
2955 2837 3166 2906 alligata
3208 2838 3324 2892 viro
3352 2853 3471 2895 esse
3494 2839 3791 2906 destiterit,

2219 2925 2459 2996 quisquis
2489 2940 2604 2979 eam
2632 2925 2876 2992 duxerit,
2906 2926 3119 2981 adulter
3146 2943 3250 2983 non
3281 2929 3401 2983 erit.

2289 3015 2514 3072 CAPUT
2565 3013 2652 3071 ιν.
2678 3045 2748 3056 -
2769 3016 3176 3072 ι’ὀιηιὶείιιὶοηεηι
3215 3036 3307 3090 pro
3349 3029 3504 3075 morte
3531 3022 3797 3092 conjugale

2219 3106 2474 3160 uinculum
2500 3107 2720 3162 solvente
2757 3107 3027 3178 deputare,
3071 3125 3223 3180 quam
3250 3112 3546 3166 absurdum.
3582 3111 3652 3167 Et
3679 3112 3799 3168 vide

2219 3213 2377 3268 quam
2409 3199 2477 3252 sit
2509 3198 2835 3267 absurdum,
2884 3207 2941 3254 ut
2980 3199 3101 3256 ideo
3146 3215 3252 3256 non
3293 3202 3362 3256 sit
3404 3202 3632 3271 adulter,
3675 3204 3799 3275 quia

2219 3287 2372 3342 duxit
2407 3288 2725 3346 adulteram.
2756 3289 2867 3344 lmo
2894 3305 3052 3359 vero,
3088 3291 3231 3361 quod
3268 3303 3350 3348 est
3378 3293 3798 3362 monstruosius,

2219 3393 2319 3434 nec
2343 3378 2456 3449 ipsa
2485 3380 2680 3434 mulier
2705 3380 2805 3434 erit
2831 3379 3072 3436 adultera
3102 3399 3115 3436 :
3139 3383 3394 3453 quoniam
3421 3399 3527 3439 non
3567 3385 3669 3440 erit
3697 3399 3796 3456 po-

2219 3472 2431 3526 steriori
2457 3471 2570 3527 viro
2597 3486 2730 3527 uxor
2758 3472 2964 3540 aliena,
2992 3472 3088 3529 sed
3131 3489 3249 3530 sua.
3285 3474 3472 3532 Soluto
3516 3475 3659 3532 enim
3702 3491 3801 3546 per

2219 3561 2539 3617 adulterium
2582 3563 2760 3632 priore
2783 3563 3048 3635 conjugali
3075 3564 3286 3621 vinculo
3305 3605 3321 3633 ,
3346 3566 3662 3638 cuicumque
3687 3567 3799 3638 jam

2220 3653 2460 3722 nupserit
2490 3652 2770 3724 eonjugem
2801 3668 2906 3709 non
2949 3653 3199 3723 habenti,
3246 3669 3351 3711 non
3390 3656 3631 3713 adultera
3675 3673 3798 3714 eum

2218 3742 2462 3799 adultero
2480 3784 2496 3812 ,
2521 3743 2616 3800 sed
2638 3758 2777 3800 uxor
2805 3746 2906 3800 erit
2932 3745 3106 3815 potius
3129 3760 3252 3801 eum
3277 3745 3488 3802 marito.
3515 3747 3799 3815 Quomodo

2219 3849 2346 3906 ergo
2372 3835 2474 3890 erit
2504 3849 2711 3902 verum,
2745 3834 2934 3891 Mulier
2957 3837 3169 3906 alligata
3194 3846 3297 3905 est,
3324 3838 3564 3908 quamdiu
3591 3839 3665 3892 vir
3692 3841 3799 3911 ejus

2218 3926 2333 3979 vivit
2351 3926 2377 3979 .9
2398 3926 2537 3982 Ecce
2563 3927 2644 3980 vir
2672 3926 2790 3998 ejus
2809 3926 2970 3994 vivit,
2994 3927 3117 3997 quia
3138 3942 3236 3983 nec
3263 3927 3331 3982 de
3355 3943 3582 4001 corpore
3609 3945 3800 3987 exces-

2218 4017 2308 4085 sit,
2336 4031 2434 4072 nec
2462 4017 2747 4072 fornicatus
2774 4027 2893 4082 est,
2916 4019 3056 4089 quod
3085 4035 3179 4091 pro
3203 4029 3376 4077 morte
3405 4022 3487 4078 vis
3511 4022 3787 4094 deputari;

2218 4116 2273 4164 et
2293 4116 2469 4164 tamen
2499 4109 2547 4163 ei
2568 4109 2758 4163 mulier
2779 4109 2989 4180 alligata
3011 4111 3122 4181 jam
3151 4127 3258 4167 non
3285 4121 3385 4168 est.
3410 4114 3598 4172 Nonne
3624 4125 3798 4172 atten-n

2218 4197 2300 4252 dis
2320 4213 2478 4268 quam
2505 4199 2576 4254 sit
2595 4199 2696 4255 hoc
2718 4209 2904 4256 contra
2930 4202 3244 4273 Apostolum
3273 4203 3537 4262 dicentem
3557 4249 3574 4275 ,
3609 4207 3800 4264 Mulier

2219 4289 2431 4361 alligata
2459 4300 2562 4357 est,
2592 4292 2835 4361 quamdiu
2864 4293 2938 4347 vir
2963 4294 3072 4364 ejus
3101 4295 3260 4349 vivit?
3281 4295 3364 4351 An
3392 4297 3526 4353 forte
3554 4297 3794 4355 dicturus

2216 4395 2276 4436 es
2299 4398 2313 4436 :
2339 4381 2477 4438 Vivit
2503 4383 2736 4454 quidem,
2769 4386 2861 4440 sed
2889 4385 2971 4440 vir
2989 4386 3104 4458 ejus
3123 4386 3237 4458 jam
3259 4403 3363 4444 non
3391 4399 3505 4455 est;
3535 4391 3790 4461 quoniam

2217 4482 2343 4529 tunc
2369 4489 2487 4530 esse
2513 4476 2735 4544 destitit,
2766 4477 2977 4548 quando
3001 4479 3090 4534 illa
3121 4495 3218 4550 per
3241 4481 3556 4536 adulterium
3601 4487 3794 4554 conju-
3847 4491 3854 4496 ’

2217 4563 2334 4634 gale
2362 4565 2630 4620 vinculum
2657 4567 2848 4622 solvit?
2875 4567 3155 4636 Quomodo
3182 4570 3340 4642 igitur
3359 4571 3550 4626 vivente
3577 4573 3684 4628 viro
3709 4590 3796 4628 vo-

2217 4655 2409 4708 cabitur
2449 4655 2710 4724 adultera,
2739 4657 2784 4711 si
2807 4658 2959 4727 fuerit
2992 4674 3108 4714 cum
3147 4661 3249 4715 alio
3288 4662 3432 4728 viro;
3460 4663 3796 4734 quandoqui-

2215 4747 2337 4803 dem
2367 4747 2450 4802 vir
2472 4748 2588 4818 ejus
2623 4749 2712 4804 ille
2748 4750 2858 4820 jam
2889 4766 2996 4807 non
3022 4761 3140 4818 est,
3170 4753 3437 4825 conjugali
3463 4755 3676 4811 vinculo
3704 4771 3796 4827 per

2214 4839 2450 4895 mulieris
2492 4839 2810 4896 adulterium
2850 4843 2962 4912 jam
3010 4844 3222 4901 soluto?
3259 4845 3376 4915 Quo
3411 4847 3553 4902 enim
3583 4849 3794 4906 vivente

2213 4931 2348 4996 viro,
2383 4931 2483 4987 nisi
2515 4946 2631 4998 suo,
2662 4933 2940 4988 vocabitur
2965 4935 3237 5002 adultera,
3274 4937 3320 4991 si
3351 4935 3512 4992 fuerit
3541 4954 3662 4994 cum
3688 4939 3793 4994 alio

2212 5023 2366 5078 viro?
2395 5023 2463 5078 At
2490 5024 2535 5079 si
2563 5024 2646 5079 vir
2663 5024 2780 5093 ejus
2803 5041 2925 5081 esse
2948 5027 3036 5082 ille
3057 5027 3167 5097 jam
3200 5027 3406 5085 destitit
3430 5047 3444 5095 ;
3474 5047 3579 5088 non
3609 5033 3792 5103 utique

2211 5117 2422 5171 vivente
2450 5116 2565 5170 viro
2603 5117 2878 5171 vocabitur
2906 5116 3143 5173 adultera
3168 5161 3183 5188 ,
3231 5120 3277 5173 si
3322 5119 3484 5177 fuerit
3523 5138 3642 5178 eum
3685 5124 3794 5178 alio

2212 5207 2363 5273 viro;
2412 5209 2506 5263 sed
2548 5209 2746 5264 nullum
2793 5208 2997 5266 habens
3046 5211 3220 5267 virum
3249 5213 3499 5271 nubendo
3532 5215 3634 5270 erit
3668 5231 3792 5272 eum

2209 5313 2308 5353 suo
2331 5301 2464 5353 viro.
2495 5299 2607 5354 Hoc
2647 5301 2734 5369 qui
2778 5301 2958 5369 sentit,
2995 5317 3174 5358 nonne
3201 5304 3379 5360 cernis
3408 5320 3565 5375 quam
3607 5315 3795 5362 contra

2209 5391 2523 5459 Apostolum
2566 5391 2798 5446 sentiat?
2825 5391 2978 5460 Quod
3018 5393 3235 5465 quidem
3278 5409 3384 5450 non
3429 5397 3545 5467 ipse
3588 5397 3792 5464 sentis,

2208 5482 2300 5537 sed
2333 5482 2434 5537 hoc
2467 5483 2706 5552 sequitur
2734 5483 2824 5538 illa
2859 5498 2978 5553 quas
3029 5487 3216 5541 sentis.
3276 5486 3418 5542 Muta
3467 5502 3594 5558 ergo
3637 5496 3793 5543 antc-

2207 5571 2480 5638 cedentia,
2526 5571 2572 5626 si
2615 5571 2695 5627 vis
2737 5587 2934 5629 eavero
2971 5577 3280 5646 sequentia;
3327 5587 3383 5634 et
3423 5579 3533 5635 noli
3572 5579 3785 5646 dicere,

2207 5672 2470 5717 mortuum
2512 5663 2686 5717 virum
2727 5663 2809 5718 vel
2849 5672 3114 5722 mortuam
3148 5684 3372 5728 uxorem
3408 5669 3512 5729 hoc
3539 5671 3659 5729 loco
3685 5667 3791 5729 de-

2206 5752 2335 5811 bere
2363 5752 2586 5826 intelligi
2608 5753 2770 5814 etiam
2794 5754 3167 5818 fornicantem.
