4122 6212
330 382 436 442 επ.
1643 365 1843 423 LIBER
1877 364 2254 429 SECUNDUS.

397 497 453 552 4.
481 489 844 563 Quamobrem
885 490 1175 548 secundum
1225 486 1521 544 doctrinam
1567 498 1751 540 sanam
1794 483 1920 541 Mu-

330 587 423 643 lier
454 585 669 657 alligata
704 590 778 639 est
797 622 813 651 ,
839 583 1081 654 quamdiu
1115 583 1193 637 air
1224 584 1334 654 ejus
1363 582 1479 636 uiuit
1496 597 1516 646 ;
1545 579 1597 636 id
1623 588 1741 647 est,
1786 594 1920 635 non-

334 676 463 734 dum
497 692 529 733 e
558 690 787 747 corpore
811 675 1087 731 abscessit.
1117 673 1307 729 Mulier
1339 673 1483 729 enim
1515 673 1612 728 sub
1641 674 1747 729 viro
1767 714 1783 742 ,
1813 675 1922 729 vivo
1969 691 1975 696 ’

332 769 518 825 marito
532 809 547 835 ,
566 768 750 840 juncta
769 777 841 823 est
859 768 959 838 legi
970 782 991 831 ;
1016 766 1121 823 hoc
1142 774 1223 822 est
1240 806 1256 834 ,
1278 766 1333 821 in
1351 780 1585 837 corpore
1603 766 1915 823 constituto.

331 862 395 920 Si
429 872 601 917 autem
625 868 851 916 mortuus
875 860 1057 931 fuerit,
1090 859 1193 914 hoc
1211 867 1294 916 est
1316 901 1331 927 ,
1360 859 1429 915 de
1452 874 1679 931 corpore
1703 859 1916 925 exierit,

3494 425 3500 430 ς
3510 386 3618 444 476

2025 489 2203 537 autem
2238 482 2330 540 tibi
2354 484 2546 543 durum
2569 487 2793 558 videtur,
2823 499 2880 546 ut
2908 498 3029 561 post
3052 484 3373 552 adulterium
3415 511 3609 556 recon-

2024 577 2235 634 cilietur
2256 579 2468 651 coniugi
2504 583 2732 652 conjux;
2774 585 2819 639 si
2862 584 2997 641 fides
3038 586 3209 654 adsit,
3244 603 3348 644 non
3375 591 3478 647 erit
3502 589 3609 647 du-

2026 683 2163 723 rum.
2195 669 2302 725 Cur
2319 649 2461 726 enim
2486 649 2659 728 adhuc
2683 673 3002 745 deputamus
3030 649 3301 735 adulteros
3321 721 3335 747 ,
3368 695 3503 751 quos
3524 682 3612 740 vel
3648 649 3656 692 ³

2026 760 2348 832 Baptismate
2371 764 2579 822 ablutos
2597 807 2611 833 ,
2643 769 2725 823 vel
2754 770 3065 839 ptenitentia
3091 773 3361 829 credimus
3380 790 3500 834 esse
3521 791 3610 831 sa-
3640 760 3650 836 ί

2029 855 2216 909 natos?
2238 855 2364 911 Haec
2386 858 2609 913 crimina
2638 859 2693 914 in
2732 868 2912 916 vetere
2937 862 3033 917 Dei
3059 863 3175 934 lege
3203 864 3371 932 .‘nullis
3398 867 3604 921 sacrifi-
3640 854 3646 865 ’

329 962 571 1010 euacuata
596 959 668 1007 est
695 967 728 1005 α
752 951 862 1023 lege
884 952 1000 1007 viri.
1035 950 1206 1023 Igitur
1239 952 1430 1007 uiuente
1467 952 1574 1006 uiro
1598 992 1613 1016 ,
1660 952 1919 1007 vocabitur

328 1044 583 1109 adultera,
612 1043 658 1098 si
686 1043 839 1115 fuerit
862 1059 979 1096 cum
1002 1043 1106 1097 alio
1125 1043 1252 1098 uiro.
1280 1042 1343 1099 Si
1366 1051 1536 1097 autem
1562 1055 1789 1099 mortuus
1808 1047 1921 1113 fue-

328 1137 394 1191 rit
421 1136 499 1191 vir
523 1136 667 1210 ejus,
699 1135 910 1190 liberata
935 1143 1008 1190 est
1033 1150 1067 1189 a
1095 1135 1207 1206 lege
1247 1137 1287 1202 ί,
1336 1145 1393 1190 ut
1421 1151 1524 1190 non
1557 1136 1622 1190 sit
1645 1136 1913 1203 adultera,

325 1230 371 1285 si
404 1229 560 1301 fuerit
595 1244 713 1282 cum
747 1227 850 1283 alio
882 1229 990 1282 uiro
1016 1226 1318 1299 (Renum,
1356 1227 1392 1281 Ξ
1418 1236 1464 1282 et
1493 1228 1569 1299 5).
1608 1228 1733 1283 Haec
1755 1227 1917 1285 verba

330 1320 576 1394 Apostoli
606 1320 763 1380 toties
785 1318 1008 1390 repetita
1027 1361 1043 1388 ,
1075 1319 1232 1376 toties
1266 1319 1565 1388 inculcata,
1595 1335 1718 1376 vera
1753 1328 1910 1388 sunt,

327 1412 446 1466 viva
470 1419 617 1480 sunt,
645 1425 776 1466 sana
813 1418 972 1478 sunt,
1004 1410 1160 1481 plana
1185 1420 1328 1466 sunt.
1356 1410 1567 1467 Nullius
1591 1412 1692 1468 viri
1725 1421 1909 1482 poste-

329 1501 493 1558 rioris
520 1500 716 1557 mulier
739 1516 877 1556 uxor
899 1514 1020 1557 esse
1040 1499 1259 1572 incipit,
1284 1502 1385 1556 nisi
1406 1502 1598 1572 prioris
1624 1517 1746 1558 esse
1774 1502 1915 1558 desi-

330 1596 487 1650 verit.
530 1593 664 1649 Esse
685 1600 863 1648 autem
891 1591 1103 1648 desinet
1128 1607 1264 1648 uxor
1292 1593 1485 1663 prioris
1508 1635 1524 1660 ,
1569 1594 1614 1649 si
1656 1594 1915 1656 moriatur

327 1684 413 1740 vir
436 1683 591 1754 ejus;
632 1698 743 1738 non
779 1683 824 1738 si
853 1683 1165 1739 fornicatur.
1210 1683 1378 1740 Licite
1420 1684 1600 1754 itaque
1629 1684 1915 1740 dimittitur

326 1774 528 1846 conjux
554 1774 627 1830 ob
648 1789 862 1830 causam
887 1774 1283 1841 fornicationis;
1313 1775 1408 1831 sed
1434 1784 1613 1831 manet
1638 1776 1913 1832 vinculum

328 1866 555 1938 prioris,
585 1875 805 1938 propter
827 1866 971 1937 quod
997 1866 1056 1921 tit
1085 1881 1209 1922 reus
1229 1864 1494 1934 adulterii,
1521 1867 1612 1938 qui
1632 1867 1911 1923 dimissam

326 1960 541 2019 duxerit
565 1963 729 2017 etiam
756 1960 826 2016 ob
854 1975 1071 2016 causam
1098 1961 1485 2016 fornicationis.

396 2050 622 2108 CAPUT
652 2051 721 2107 γ.
752 2052 1076 2123 -—Conjugii
1104 2052 1361 2106 uinculum
1387 2060 1548 2105 morte
1570 2052 1749 2106 resolvi
1765 2092 1780 2118 ,
1811 2067 1914 2106 non

329 2153 493 2199 autem
509 2145 841 2216 fornicatione
860 2154 907 2199 et
936 2144 1253 2216 separatione
1280 2144 1573 2215 conjugum.
1601 2143 1750 2198 Sicut
1769 2142 1912 2198 enim

329 2245 581 2293 manente
608 2237 663 2291 iu
709 2251 768 2292 se
804 2235 1154 2292 Sacramento
1198 2236 1652 2307 regenerationis,
1694 2249 1913 2291 excom-

330 2328 632 2383 municatur
672 2328 984 2399 cujusquam
1014 2343 1140 2384 reus
1168 2328 1441 2393 criminis,
1473 2343 1571 2383 nec
1601 2328 1691 2383 illo
1719 2327 1913 2383 Sacra-

329 2429 515 2476 mento
535 2429 706 2486 caret,
737 2420 946 2475 etiamsi
974 2435 1241 2492 nunquam
1263 2420 1635 2475 reconcilietur
1664 2419 1773 2475 Deo
1802 2438 1815 2474 :
1839 2419 1914 2474 ita
1948 2415 1960 2422 “

328 2517 581 2568 manente
599 2511 654 2566 in
673 2525 734 2566 se
747 2510 960 2566 vinculo
976 2510 1192 2567 foederis
1208 2509 1518 2581 conjugalis,
1535 2524 1674 2565 uxor
1688 2509 1911 2565 dimitti-

331 2610 415 2658 tur
432 2602 505 2658 ob
522 2617 738 2658 causam
760 2602 1125 2659 fornicationis
1143 2643 1157 2668 ,
1181 2617 1282 2658 nec
1305 2601 1507 2658 carebit
1548 2602 1637 2657 illo
1666 2602 1906 2669 vinculo,

328 2694 540 2755 etiamsi
573 2709 841 2766 nunquam
869 2694 1244 2751 reconcilietur
1281 2695 1429 2761 viro;
1457 2695 1661 2750 carebit
1697 2704 1906 2763 autem,

331 2785 377 2841 si
402 2792 650 2841 mortuus
674 2784 835 2841 fuerit
857 2786 940 2841 vir
964 2787 1099 2856 ejus.
1144 2785 1290 2843 Reus
1323 2800 1450 2843 vero
1479 2787 1914 2842 excommunica-

331 2885 415 2933 tus
433 2875 557 2933 ideo
582 2891 849 2947 nunquam
870 2876 1074 2933 carebit
1097 2878 1514 2950 regenerationis
1543 2877 1910 2945 Sacramento,

329 2970 489 3026 etiam
517 2984 622 3024 non
652 2969 1031 3026 reconciliatus
1051 3012 1065 3038 ,
1098 2973 1349 3042 quoniam
1379 2986 1651 3041 nunquam
1683 2970 1912 3026 moritur

331 3060 492 3116 Deus.
523 3060 786 3117 Remanet
821 3062 999 3133 itaque
1037 3072 1128 3130 ut,
1159 3063 1205 3117 si
1233 3077 1421 3137 sapere
1446 3060 1738 3116 secundum
1769 3061 1915 3131 Apo-

328 3154 525 3209 stolum
555 3153 834 3223 volumus,
863 3169 969 3211 non
999 3156 1240 3211 dicamus
1273 3154 1446 3209 virum
1486 3153 1785 3208 adulterum
1817 3168 1913 3222 pro

333 3254 546 3303 mortuo
580 3247 939 3318 deputandum
960 3289 974 3312 ,
1011 3257 1066 3303 et
1103 3247 1223 3302 ideo
1254 3246 1415 3301 licere
1443 3246 1593 3299 uxori
1619 3245 1735 3315 ejus
1760 3244 1914 3300 alteri

331 3342 553 3421 nubere.
593 3342 847 3411 Quamvis
893 3343 1036 3401 enim
1085 3342 1155 3396 sit
1202 3355 1348 3395 mors
1400 3338 1757 3404 adulterium,
1806 3352 1913 3393 non

329 3433 571 3505 corporis
589 3474 605 3500 ,
633 3434 727 3490 sed
758 3432 900 3504 quod
936 3433 1087 3504 pejus
1116 3440 1231 3498 est,
1257 3431 1450 3486 anima:
1478 3446 1490 3483 :
1520 3443 1626 3484 non
1656 3438 1834 3483 tamen
1857 3438 1914 3486 et

334 3525 401 3582 de
428 3526 532 3582 ista
557 3527 578 3558 ³
608 3535 799 3593 morte,
828 3526 1141 3596 loquebatur
1167 3525 1453 3596 Apostolus
1474 3566 1488 3591 ,
1516 3539 1636 3579 cum
1665 3523 1877 3580 diccbat
1894 3566 1911 3593 ,

335 3618 487 3685 Quod
508 3620 554 3674 si
576 3629 803 3674 mortuus
827 3619 978 3691 fuerit
1000 3619 1076 3673 vir
1102 3619 1210 3689 ejus
1229 3660 1242 3683 ,
1272 3619 1355 3672 cui
1383 3616 1488 3672 uult
1515 3618 1702 3683 nubat;
1729 3616 1825 3672 sed
1848 3616 1916 3673 de

329 3712 420 3768 illa
443 3712 558 3767 sola
587 3726 689 3781 qua
711 3711 780 3768 de
810 3726 1037 3782 corpore
1071 3712 1269 3766 exitur.
1299 3709 1561 3780 Quoniam
1591 3710 1636 3764 si
1662 3726 1757 3781 per
1786 3723 1915 3766 con-

326 3801 468 3874 jugis
491 3801 808 3858 adulterium
831 3802 1109 3874 conjugale
1133 3802 1357 3857 solvitur
1396 3802 1662 3857 vinculum
1685 3843 1700 3868 ,
1732 3800 1914 3871 sequi-

331 3904 418 3951 tur
444 3895 533 3950 illa
564 3896 889 3965 perversitas
911 3937 926 3963 ,
949 3911 1107 3966 quam
1133 3895 1424 3951 cavendam
1456 3910 1576 3950 esse
1594 3893 1911 3961 monstravi,

331 3998 388 4043 ut
414 3996 470 4044 et
495 3987 692 4043 mulier
718 4003 812 4058 per
838 3989 1218 4058 impudicitiam
1244 3987 1481 4043 solvatur
1508 3986 1611 4041 hoc
1651 3985 1864 4040 vinculo
1894 4000 1909 4038 :

330 4093 451 4148 quas
477 4078 526 4133 si
549 4079 788 4145 solvitur,
821 4080 984 4135 libera
1011 4080 1115 4137 erit
1133 4095 1164 4134 a
1189 4080 1304 4151 lege
1329 4079 1463 4144 viri;
1493 4090 1550 4133 et
1583 4077 1702 4132 ideo
1722 4117 1738 4143 ,
1768 4075 1913 4147 quod

330 4169 766 4240 insipientissimc
812 4170 1026 4237 dicitur,
1073 4188 1178 4227 non
1232 4171 1336 4226 erit
1384 4170 1624 4224 adultera
1669 4168 1714 4223 si
1759 4167 1918 4223 fuerit

332 4274 456 4315 cum
496 4260 605 4315 alio
632 4262 781 4329 viro,
823 4263 946 4332 quia
994 4278 1088 4332 per
1126 4261 1446 4317 adulterium
1492 4261 1712 4315 liberata
1760 4264 1845 4314 est
1884 4273 1916 4313 a

332 4360 513 4429 priore
541 4356 672 4410 viro.
697 4354 850 4422 Quod
877 4355 922 4410 si
952 4355 1129 4409 ita'est
1156 4369 1186 4409 a
1209 4354 1429 4408 veritate
1454 4352 1664 4408 devium
1683 4392 1698 4419 ,
1723 4361 1780 4407 ut
1798 4352 1920 4407 nul-

331 4449 414 4506 lus
439 4449 515 4517 id,
543 4461 651 4502 non
676 4446 796 4501 dico
817 4444 1166 4511 christianns,
1196 4443 1291 4498 sed
1321 4444 1587 4497 humanus
1611 4456 1799 4498 sensus
1823 4440 1922 4496 ad-

330 4539 538 4604 mittat;
581 4536 820 4607 profecto
845 4535 1026 4590 mulier
1066 4536 1276 4605 alligata
1303 4543 1375 4588 est
1393 4574 1409 4602 ,
1441 4532 1682 4603 quamdiu
1706 4534 1782 4587 vir
1806 4533 1917 4604 ejus

333 4631 445 4685 uiuit
472 4646 491 4683 :
523 4628 666 4700 quod
697 4638 754 4682 ut
795 4627 1033 4697 apertius
1056 4627 1229 4682 dicam
1254 4668 1268 4691 ,
1298 4626 1551 4697 quamdiu
1594 4626 1676 4681 vir
1700 4626 1819 4696 ejus
1862 4625 1918 4681 in

333 4736 560 4793 corpore
602 4729 706 4776 est.
752 4721 871 4775 Pari
915 4735 1044 4790 ergo
1088 4719 1257 4775 forma
1309 4729 1363 4775 et
1399 4720 1482 4775 vir
1518 4719 1762 4790 alligatus
1804 4728 1916 4785 est,

333 4814 586 4887 quamdiu
613 4813 806 4869 mulier
835 4813 950 4883 ejus
978 4813 1030 4866 iu
1053 4827 1279 4882 corpore
1301 4820 1402 4867 est.
1435 4810 1588 4867 Unde
1617 4812 1661 4865 si
1702 4811 1813 4865 vult
1839 4810 1921 4866 di-

334 4910 551 4964 mittere
579 4905 877 4962 adulteram
903 4946 919 4973 ,
953 4921 1059 4959 non
1088 4905 1248 4959 ducat
1274 4905 1495 4959 alteram
1516 4946 1532 4971 ,
1575 4920 1642 4960 ne
1682 4903 1824 4975 quod
1867 4904 1919 4958 in

334 5000 421 5057 illa
452 5000 669 5070 culpat,
702 4999 817 5070 ipse
839 4997 1160 5053 committat.
1193 4995 1450 5050 Similiter
1478 5004 1533 5050 ct
1558 4997 1747 5050 mulier
1771 4996 1815 5051 si
1842 4994 1924 5050 di-

335 5092 500 5146 mittit
537 5090 838 5146 adulterum
861 5130 877 5156 ,
919 5103 1024 5143 non
1048 5087 1148 5142 sibi
1177 5087 1391 5155 copulet
1413 5087 1637 5141 alterum
1670 5106 1683 5139 :
1712 5087 1919 5157 alligata

335 5192 420 5239 est
445 5186 613 5249 enim,
641 5182 894 5253 quamdiu
921 5181 1003 5235 vir
1028 5180 1144 5251 ejus
1172 5179 1332 5243 vivit;
1363 5192 1463 5233 nec
1490 5193 1519 5231 a
1546 5179 1663 5248 lege
1687 5178 1788 5232 viri
1822 5180 1923 5233 nisi

338 5274 537 5330 mortui
575 5273 852 5341 liberatur,
884 5280 943 5327 ut
966 5287 1073 5327 non
1100 5271 1169 5329 sit
1193 5268 1435 5324 adultera
1456 5308 1470 5335 ,
1510 5270 1554 5323 si
1598 5270 1757 5325 fuerit
1797 5284 1920 5326 cum

338 5366 445 5422 alio
468 5366 609 5422 viro.

407 5456 636 5514 CAPUT
668 5456 842 5512 Vl.-—-
882 5457 936 5512 5.
975 5448 1469 5526 Reconciliatio'post
1484 5455 1787 5510 adulterium
1807 5472 1923 5512 cum

338 5551 557 5623 conjuge
582 5550 903 5621 resipiscente
927 5567 1081 5622 quant
1106 5550 1400 5606 conveniens
1426 5550 1719 5606 christiano.
1763 5550 1917 5619 Quod

403 5682 591 5758 fj‘ditj,
612 5681 813 5758 litterata
828 5688 898 5738 est
919 5697 952 5736 a
970 5682 1073 5750 lege
1092 5684 1203 5739 viri.
1230 5692 1348 5747 vox,
1364 5682 1477 5748 viri,
1493 5684 1589 5738 hoc
1608 5686 1715 5739 loco
1733 5698 1830 5737 non
1849 5699 1928 5739 re-

338 5746 525 5809 petitur
548 5746 600 5794 in
622 5752 729 5809 Mss.

410 5808 431 5840 ³
463 5807 1632 5874 siceodicesuss..ttediti,nontamcndeista.

2026 947 2123 1003 ciis
2154 949 2572 1019 mandabantur,
2624 968 2743 1023 qua:
2799 953 2933 1009 Novi
2980 955 3306 1011 Testamenti
3348 960 3609 1028 sanguine

2023 1042 2138 1097 sine
2164 1041 2493 1099 dubitatione
2517 1044 2838 1101 mundantur
2858 1048 2875 1079 ⁸
2900 1064 2914 1101 :
2938 1055 2991 1103 et
3010 1047 3130 1102 ideo
3148 1057 3270 1102 tunc
3286 1049 3429 1103 omni
3447 1049 3609 1106 modo

2022 1135 2345 1205 prohibitum
2375 1146 2457 1193 est
2499 1137 2567 1193 ab
2595 1138 2700 1193 alio
2739 1140 3153 1194 contaminatam
3198 1141 3317 1195 viro
3362 1142 3603 1212 recipere

2025 1243 2278 1295 uxorem;
2323 1230 2565 1300 quamvis
2593 1231 2760 1286 David
2787 1230 2960 1287 Saulis
3004 1232 3202 1299 filiam,
3251 1248 3409 1303 quam
3455 1243 3608 1303 pater

2021 1319 2262 1389 ejusdem
2312 1321 2552 1376 mulieris
2589 1322 2659 1377 ab
2696 1337 2763 1378 eo
2804 1331 3105 1393 separatam
3154 1322 3375 1379 dederat
3418 1324 3603 1392 alteri,

2019 1420 2269 1483 tanquam
2295 1412 2429 1467 Novi
2468 1413 2793 1469 Testamenti
2840 1416 3208 1485 prmﬁgurator
3231 1413 3347 1469 sine
3387 1421 3607 1469 cuncta-

2020 1502 2165 1559 tione
2190 1503 2450 1573 receperit
2480 1503 2547 1575 (ΙΙ
2567 1502 2695 1575 Reg.
2725 1520 2816 1569 ιιι,
2845 1505 2933 1575 14)
2968 1523 2982 1560 :
3017 1520 3157 1560 nunc
3181 1514 3359 1559 autem
3388 1511 3605 1573 postea-

2018 1609 2179 1663 quam
2222 1593 2462 1649 Christus
2503 1595 2577 1650 ait
2622 1595 2910 1662 adulterte,
2959 1594 3070 1650 Nec
3110 1611 3200 1666 ego
3242 1604 3290 1649 te
3315 1593 3605 1662 damnabo;

2020 1685 2177 1751 uade,
2209 1686 2444 1756 deinceps
2479 1687 2586 1740 noli
2623 1703 2861 1757 peccare;
2902 1687 3022 1756 quis
3066 1702 3172 1742 non
3212 1686 3468 1756 intelligat
3507 1687 3607 1743 de-

2019 1776 2147 1832 bere
2186 1777 2457 1848 ignoscere
2486 1777 2734 1832 maritum
2759 1820 2774 1845 ,
2805 1778 2949 1847 quod
2991 1777 3137 1832 videt
3179 1776 3447 1848 ignovisse
3488 1777 3602 1832 Do-

2018 1869 2220 1923 minum
2247 1869 2557 1936 amborum,
2593 1884 2694 1923 nec
2715 1869 2826 1938 jam
2865 1883 2926 1924 se
2958 1868 3157 1924 debere
3196 1867 3491 1923 adulteram
3517 1867 3600 1923 di-

2018 1976 2163 2026 cere,
2192 1962 2345 2031 cujus
2385 1962 2696 2033 paenitentis
2724 1961 2928 2017 crimen
2965 1959 3150 2016 divina
3175 1959 3351 2017 credit
3376 1959 3602 2016 misera-

2020 2053 2162 2108 tione
2183 2052 2456 2109 deletum?

2088 2143 2314 2200 CAPUT
2353 2143 2464 2199 VII.
2484 2174 2556 2185 —
2576 2143 2629 2200 6.
2659 2143 2839 2199 Mariti
2856 2145 3115 2199 sapientes
3137 2143 3191 2198 in
3209 2158 3392 2197 mres
3409 2141 3603 2197 adulte-

2017 2228 2122 2302 ras,
2146 2252 2262 2290 cum
2290 2237 2386 2290 sint
2410 2246 2459 2291 et
2475 2237 2576 2308 ipsi
2594 2236 2829 2291 adulteri.
2857 2236 2962 2292 Sed
2991 2236 3095 2290 hoc
3121 2235 3369 2290 videlicet
3401 2235 3596 2290 inlide-

2016 2326 2144 2382 lium
2194 2343 2382 2383 sensus
2421 2329 2702 2396 exhorret,
2736 2327 2805 2384 ita
2837 2337 2897 2383 ut
2937 2328 3174 2383 nonnulli
3218 2328 3441 2382 modicae
3473 2326 3596 2383 fidei

2017 2420 2103 2475 vel
2131 2419 2307 2488 potius
2345 2419 2544 2475 inimici
2571 2435 2714 2475 verae
2757 2418 2916 2487 fidei,
2946 2419 3110 2475 credo
3131 2427 3428 2474 metuentes
3467 2431 3599 2487 pec-

2016 2511 2175 2567 candi
2221 2513 2590 2581 impunitatem
2635 2498 2751 2567 dari
2799 2510 3110 2566 mulieribus
3133 2511 3274 2577 suis,
3305 2509 3436 2564 illud
3458 2508 3604 2579 quod

2016 2602 2086 2659 de
2109 2602 2365 2658 adulteras
2390 2602 2714 2674 indulgentia
2739 2602 3001 2658 Dominus
3027 2601 3154 2657 fecit
3173 2643 3189 2668 ,
3220 2599 3495 2656 auferrent
3530 2600 3599 2655 de

2017 2694 2291 2751 codicibus
2319 2696 2432 2750 suis
2455 2694 2536 2769 (a)
2562 2713 2574 2748 :
2603 2696 2754 2766 quasi
2785 2695 3190 2766 permissionem
3218 2694 3475 2763 peccandi
3502 2693 3603 2748 tri-

2016 2788 2193 2844 buerit
2220 2789 2310 2859 qui
2339 2788 2505 2852 dixit,
2528 2786 2651 2843 lam
2676 2788 2910 2858 deinceps
2933 2788 3040 2842 noli
3075 2802 3318 2858 peccare;
3347 2793 3440 2841 aut
3481 2784 3606 2841 ideo

2017 2894 2125 2935 non
2162 2880 2407 2936 debuerit
2430 2880 2621 2936 mulier
2647 2894 2678 2934 a
2716 2878 2923 2936 medico
2964 2879 3076 2936 Deo
3100 2878 3242 2934 illius
3271 2875 3477 2947 peccati
3517 2891 3605 2933 re-

2018 2973 2270 3029 missione
2296 2973 2503 3038 sanari,
2526 2987 2592 3027 ne
2612 2971 3010 3027 oﬂ'enderentur
3030 2970 3219 3025 insani.
3250 2968 3434 3039 Neque
3453 2968 3602 3023 enim

2017 3066 2207 3135 quibus
2235 3064 2363 3117 illud
2387 3063 2581 3118 factum
2604 3063 2814 3117 Domini
2835 3062 3099 3132 displicet,
3124 3060 3221 3130 ipsi
3246 3060 3423 3130 pudici
3452 3068 3600 3126 sunt,

2017 3166 2073 3210 et
2097 3169 2192 3211 eos
2223 3160 2447 3209 severus
2482 3154 2695 3207 castitas
2720 3152 2845 3207 facit
2876 3169 2890 3205 :
2922 3151 3016 3206 sed
3042 3150 3220 3219 potius
3250 3164 3313 3204 ex
3345 3149 3438 3203 illo
3475 3157 3605 3203 sunt

2018 3245 2291 3301 hominum
2340 3257 2600 3311 numero,
2644 3243 2836 3314 quibus
2885 3242 3140 3296 Dominus
3186 3242 3295 3308 ait,
3346 3240 3447 3306 Qui
3491 3242 3602 3295 sine

2019 3344 2221 3408 peccato
2258 3345 2330 3390 est
2362 3344 2579 3389 vestrum
2597 3376 2612 3400 ,
2641 3335 2782 3404 prior
2802 3335 2857 3387 in
2883 3349 2996 3388 eam
3025 3332 3246 3402 lapidem
3262 3332 3448 3403 jaciat.
3479 3330 3601 3386 Nisi
3643 3333 3655 3341 ⁸

2017 3427 2159 3498 quod
2187 3426 2262 3481 illi
2291 3426 2615 3482 conscientia
2648 3426 2816 3480 territi
2863 3432 3239 3489 recesserunt,
3288 3434 3345 3479 et
3386 3431 3594 3478 tentare

2017 3501 2288 3574 Christum
2310 3527 2469 3588 atque
2488 3517 2783 3572 adulteram
2803 3517 3049 3586 persequi
3069 3515 3395 3571 destiterunt
3416 3513 3599 3588 (Joan.

2016 3627 2138 3680 vni,
2163 3612 2347 3683 7-H):
2374 3610 2463 3666 isti
2484 3617 2662 3666 autem
2686 3617 2741 3665 et
2772 3610 2960 3680 aegroti
2995 3607 3264 3665 medicum
3306 3607 3604 3679 reprehen-

2018 3712 2180 3779 dunt,
2210 3721 2263 3768 et
2288 3712 2341 3766 in
2367 3710 2633 3765 adulteras
2662 3706 2890 3764 adulteri
2927 3707 3156 3762 saeviunt
3193 3723 3207 3759 ε
3236 3705 3428 3775 quibus
3446 3704 3493 3759 si
3517 3704 3607 3759 di-

2018 3812 2249 3868 ceretur,
2297 3816 2406 3856 non
2445 3797 2587 3870 quod
2627 3797 2704 3852 illi
2749 3795 3064 3863 audierunt,
3110 3795 3211 3861 Qui
3256 3795 3364 3848 sine
3403 3799 3606 3862 peccato

2019 3903 2092 3948 est
2109 3910 2128 3959 ;
2147 3893 2267 3963 quis
2291 3892 2433 3946 enim
2460 3889 2577 3945 sine
2602 3887 2864 3957 peccato?
2892 3886 2987 3941 sed
3008 3927 3024 3953 ,
3055 3886 3156 3953 Qui
3192 3884 3309 3939 sine
3343 3883 3446 3937 isto
3477 3896 3606 3952 pec-

2020 3992 2140 4039 cato
2166 3992 2249 4038 est
2271 4023 2287 4049 ,
2328 3982 2468 4051 prior
2493 3981 2548 4035 in
2569 3980 2711 4034 illam
2731 3978 2955 4048 lapidem
2974 3978 3177 4041 mittat;
3209 3984 3319 4031 tum
3341 3987 3469 4030 vero
3493 3973 3605 4029 for-

2022 4077 2159 4133 sitan
2194 4075 2520 4146 cogitarent,
2560 4073 2653 4144 qui
2690 4070 3102 4143 indignabantur
3135 4068 3278 4140 quod
3307 4067 3607 4123 adulteram

2021 4182 2127 4222 non
2154 4164 2498 4233 occiderent,
2539 4171 2734 4236 quanta
2763 4163 2870 4221 illis
2895 4162 2992 4220 Dei
3016 4159 3383 4219 misericordia
3407 4173 3600 4231 parce-

2020 4265 2189 4319 retur.
2218 4264 2278 4311 ut
2303 4256 2529 4312 adulteri
2557 4257 2821 4312 viverent.

2090 4349 2318 4407 CAPUT
2349 4349 2484 4406 Vill.
2516 4352 2665 4406 —7.
2710 4349 2821 4405 Viri
2862 4349 3081 4405 adulteri
3125 4347 3328 4421 gravius
3367 4345 3611 4417 puniendi

2021 4463 2175 4520 quam
2210 4445 2454 4501 adulterae
2495 4459 2696 4499 uxores.
2722 4440 2833 4497 Lex
2856 4440 3100 4497 Antonini
3123 4481 3138 4508 ,
3166 4440 3298 4495 uiros
3325 4438 3609 4510 impudicos

2090 4628 2106 4657 ³
2141 4626 2214 4675 sic
2238 4623 2387 4673 editio
2405 4628 2481 4672 Er.
2507 4621 2688 4671 nostris
2722 4618 2789 4667 ibi
2814 4616 3063 4683 plerisque
3097 4627 3164 4683 a_c_
3175 4613 3459 4683 melioribus
3486 4619 3606 4683 ratss.

2022 4673 2354 4739 consentiens.
2375 4690 2428 4731 Al.
2442 4690 2573 4741 Lov.,
2593 4692 2702 4743 qua;
2722 4673 2839 4729 noui
2858 4673 3200 4729 restantentit'tt
3213 4673 3443 4738 sanguine
3466 4673 3609 4724 Chri-

2023 4748 2087 4799 sti
2106 4746 2208 4797 sine
2230 4743 2522 4796 dubitatione
2543 4739 2853 4792 nuindantur.

2089 4829 2162 4890 (a)
2196 4833 2247 4890 In
2280 4826 2453 4890 graecis
2477 4822 2724 4890 plerisque
2758 4819 3120 4890 exemplaribus
3141 4830 3238 4890 non
3259 4815 3519 4889 legebatur
3542 4815 3613 4865 hi-

2025 4880 2175 4941 storia
2195 4888 2260 4939 de
2280 4880 2501 4937 adultera
2524 4880 2750 4933 muliere.
2777 4885 2886 4945 Ejus
2904 4880 3035 4945 nulla
3067 4883 3273 4945 ιιιθιιιίίιΔ
3294 4880 3344 4927 in
3366 4890 3613 4945 commen-

2027 4939 2163 5003 tariis
2199 4948 2514 5021 9hry_sostpnti
2539 4953 2593 5021 et
2620 4939 2958 5021 'rheOplijjlacti
2979 4944 3027 5016 in
3049 4940 3360 5021 iivange‘lip‘m
3382 4939 3582 5021 leaenis:
3596 4951 3608 4985 :

2027 5000 2223 5064 tametsi
2246 5000 2359 5059 alibi
2380 5000 3036 5071 Chrysostomus,‘sc'il_icet_in
3059 5000 3253 5071 homilia
3275 5000 3363 5060 60,
3395 5012 3511 5071 eam
3537 5000 3613 5071 lii-

2029 5060 2224 5126 sibiius
2242 5060 2490 5133 agnth
2508 5060 2840 5133 [ﬁeronytnus,
2860 5068 2909 5133 in
2931 5064 3123 5133 dialogo
3144 5064 3378 5133 adversus
3395 5060 3613 5133 Pelagia-

2029 5081 2224 5126 storiam
2242 5081 2487 5133 agnoscat.
2508 5081 2682 5119 Hieron
2763 5081 2840 5125 us,
2860 5081 2909 5114 tn
2931 5081 3123 5127 (llang
3144 5081 3378 5112 auvet'sus
3396 5081 3610 5131 Pelagia-

2029 5150 2120 5187 nos
2140 5133 2386 5198 secundo,
2410 5132 2630 5180 meminit
2651 5081 2780 5198 illitis
2802 5129 2849 5176 in
2874 5128 2977 5198 haec
2999 5127 3181 5198 verba:
3218 5143 3242 5196 «-
3263 5129 3311 5171 In
3325 5120 3610 5198 Evangelia,

2039 5183 2167 5254 cuit,
2180 5183 2458 5244 secundum
2478 5199 2711 5254 Joannem
2733 5191 2782 5254 in
2817 5187 3063 5254 multis__et
3100 5186 3273 5249 graecis
3292 5190 3341 5233 et
3358 5183 3518 5254 latinis
3534 5195 3613 5254 co:

2039 5276 2064 5305 ι
2083 5248 2269 5307 dicibus
2289 5254 2532 5303 invenitur
2553 5252 2618 5301 de
2638 5250 2873 5317 adultera
2891 5248 3119 5317 muliere:
3136 5260 3247 5311 qua:
3265 5251 3503 5317 .accusata
3538 5249 3616 5317 est

2040 5304 2497 5380 capudjbomjnum.
2523 5331 2545 5359 ιι
2568 5313 2803 5380 Eusebius
2832 5304 3616 5380 Caesa.riren_sis,'Ecclesiastie§e.

2033 5364 2194 5430 ἐιδῖἱῶ
2218 5364 2301 5426 lib.
2326 5378 2383 5434 ‘5,
2407 5376 2531 5425 hanc
2563 5376 2629 5423 de
2665 5373 2882 5423 adultera
2920 5364 3164 5423 historiam
3202 5368 3369 5434 .leanni
3407 5364 3614 5434 additam

2033 5428 2148 5492 dicit
2177 5454 2242 5490 ex
2280 5428 2539 5500 Evangelio
2571 5436 2700 5500 quod
2745 5436 3018 5500 inscribitur
3060 5430 3326 5500 secundum
3364 5428 3611 5500 Hebraeos;

2034 5486 2157 5553 ᾖξεἶὶ
2183 5486 2535 5565 potuitta‘iuen
2557 5486 2687 5565 qhod
2725 5497 3017 5565 augustiuus
3044 5494 3321 5565 suspicatur
3335 5524 3351 5565 ε
3366 5563 3373 5565 ξ
3386 5496 3464 5565 ιιι.
3486 5486 3613 5565 (ηομ

2035 5548 2251 5628 primum
2344 5561 2551 5628 _Joannis
2572 5548 2843 5628 verioribus
2865 5548 3618 5628 exemplaribus_exstabat,_:‘de-

2261 5608 2326 5675 sit
2344 5608 2590 5672 hominum
2609 5608 3307 5683 imprudentiumt'emeritate,
3353 5625 3419 5662 ne
3439 5608 3617 5683 mulie-

2035 5670 2828 5748 ﬁbﬁﬁiiiéiii'iaquss‘emm
2846 5681 3125 5748 severiqres
3145 5670 3406 5748 saecularcs
3439 5670 3615 5748 leges,

2036 5748 2269 5812 peccandi
2310 5737 2507 5801 licentia
2538 5737 2591 5799 e't
2634 5745 2891 5810 impunitas
2931 5743 2984 5795 in
3021 5737 3280 5806 Evangeiio
3323 5737 3434 5791 data
3477 5746 3616 5801 pu;a-
