4122 6212
504 368 609 427 875

506 500 647 556 reque
669 500 730 538 ac
753 486 983 539 mlieres
1001 483 1233 552 damnari
1261 483 1487 538 volentis.
1523 482 1752 536 Virorum
1774 480 2093 549 impudicitia

507 581 670 650 pejor.
699 577 805 634 Sed
825 593 944 633 cum
970 577 1085 630 haec
1108 577 1186 630 eis
1211 576 1435 630 dicimus
1453 616 1465 639 ,
1490 591 1594 628 non
1621 575 1792 629 solum
1833 573 1963 626 nihil
1995 587 2090 627 vo-

510 670 626 726 lunt
649 669 928 722 detrahere
949 666 1249 732 severitati;
1279 666 1372 721 sed
1403 667 1701 719 irascuntur
1724 666 1941 732 insuper
1962 662 2090 718 veri-

512 763 632 828 tati,
665 769 718 814 et
746 760 1033 829 loquuntur
1071 769 1229 829 atque
1272 758 1598 828 respondent
1650 775 1661 810 :
1705 756 1811 812 Sed
1857 770 1954 811 nos
1994 755 2090 808 viri

512 871 730 920 sumus;
759 871 826 910 an
869 871 994 910 vero
1021 871 1180 910 sexus
1209 855 1376 909 nostri
1401 853 1628 924 dignitas
1651 852 1787 906 hanc
1813 850 2096 906 sustinebit

515 948 758 1018 injuriam
781 988 797 1013 ,
825 956 882 1001 ut
902 962 1022 1001 cum
1046 948 1163 1002 aliis
1202 945 1413 1002 feminis
1442 955 1638 1015 praeter
1663 958 1856 998 uxores
1881 950 2092 996 nostras

511 1040 557 1094 si
601 1039 724 1108 quid
769 1039 1136 1104 admittimus,
1187 1039 1239 1092 in
1290 1037 1500 1093 luendis
1546 1037 1718 1106 paruis
1779 1035 2091 1090 mulieribus

513 1131 923 1200 comparemur?
943 1130 1102 1198 Quasi
1131 1145 1234 1184 non
1259 1138 1539 1199 prOptcrea
1580 1129 1746 1199 magis
1772 1127 2000 1183 debeant
2025 1127 2095 1180 il-

515 1223 683 1277 licitas
738 1224 1196 1293 coneupiscentias
1253 1223 1478 1277 viriliter
1531 1222 1780 1288 frenare,
1829 1221 1949 1291 quia
1995 1220 2095 1276 viri

516 1314 674 1370 sunt?
703 1315 854 1385 quasi
887 1331 991 1369 non
1023 1324 1303 1384 propterea
1333 1315 1501 1384 magis
1528 1313 1757 1367 debeant
1785 1312 2096 1366 mulieribus

513 1408 624 1462 Suis
664 1407 730 1460 ad
776 1407 985 1462 virtutis
1029 1408 1188 1477 hujus
1225 1407 1526 1476 exemplum
1568 1419 1628 1461 se
1667 1404 1906 1474 pra'bere
1931 1446 1945 1472 ,
1974 1407 2095 1474 quia

514 1497 612 1550 viri
634 1505 750 1551 sunt
776 1497 798 1549 ?
824 1499 974 1566 quasi
1002 1513 1105 1552 non
1152 1507 1435 1567 propterea
1464 1497 1640 1550 minus
1664 1495 1895 1550 debeant
1922 1511 1952 1548 a
1980 1495 2098 1549 libi-

513 1590 638 1646 dine
667 1593 935 1660 superari,
965 1593 1083 1660 quia
1129 1592 1224 1646 viri
1267 1591 1434 1644 sunt?
1476 1590 1627 1660 quasi
1679 1604 1783 1644 non
1816 1599 2097 1658 propterea

514 1686 690 1741 minus
736 1685 964 1740 debeant
1016 1686 1312 1740 lascivienti
1362 1685 1507 1740 carni
1556 1685 1796 1748 servire,
1827 1683 1951 1752 quia
1998 1683 2097 1736 viri

513 1779 674 1833 sunt?
701 1778 768 1832 Et
791 1787 966 1832 tamen
989 1779 1350 1848 indignantur,
1365 1779 1409 1831 si
1423 1777 1642 1831 audiant
1663 1777 1933 1831 adulteros
1956 1775 2098 1829 viros

520 1867 753 1938 pendere
793 1869 998 1922 similes
1039 1869 1294 1923 adulteris
1322 1868 1531 1922 feminis
1559 1881 1777 1936 pmnas;
1805 1883 1926 1921 eum
1951 1873 2097 1920 tanto

512 1958 726 2028 gravius
756 1973 848 2013 eos
897 1960 1070 2028 puniri
1102 1960 1428 2028 oportuerit,
1473 1967 1672 2027 quanto
1715 1957 1882 2027 magis
1910 1955 1973 2009 ad
2006 1970 2098 2010 eos

517 2049 749 2119 pertinet
778 2059 831 2104 et
850 2051 1042 2104 virtute
1073 2051 1284 2105 vincere
1308 2092 1321 2115 ,
1351 2059 1406 2104 et
1443 2050 1699 2119 exemplo
1728 2064 1914 2118 regere
1943 2048 2096 2101 femi-

509 2147 634 2194 nas.
654 2139 970 2196 Christianis
989 2141 1236 2211 equidem
1263 2142 1469 2210 loquor,
1489 2142 1576 2210 qui
1607 2139 1830 2196 ﬁdeliter
1857 2139 2093 2203 audiunt,

517 2227 682 2299 Caput
712 2231 936 2285 mulieris
973 2233 1048 2284 vir
1093 2231 1309 2301 (Ephes.
1337 2247 1388 2297 ν,
1417 2231 1508 2300 25)
1542 2249 1555 2283 :
1585 2231 1670 2285 ubi
1715 2245 1774 2284 se
1808 2237 2100 2300 agnoscunt

513 2322 679 2378 duces
697 2365 712 2389 ,
749 2325 865 2379 illas
891 2332 1068 2378 autem
1111 2325 1332 2378 comites
1357 2339 1475 2378 esse
1517 2323 1746 2387 debere;
1777 2331 1831 2377 et
1859 2322 1978 2376 ideo
2005 2335 2097 2375 ca-

513 2412 742 2466 vendum
768 2413 883 2466 viro
903 2413 1022 2468 illac
1047 2415 1122 2469 ire.
1151 2414 1380 2470 vivendo
1399 2455 1412 2476 ,
1445 2430 1546 2484 qua
1577 2416 1728 2467 tim-et
1753 2429 1818 2467 ne
1850 2428 1990 2467 uxor
2015 2429 2098 2467 se-

516 2512 710 2571 quatur
737 2503 1010 2558 imitando.
1037 2504 1143 2559 Sed
1165 2505 1250 2559 isti
1272 2505 1464 2574 quibus
1493 2505 1740 2575 displicet
1767 2513 1822 2558 ut
1852 2506 1990 2560 inter
2022 2504 2099 2557 vi-

513 2607 628 2646 rum
656 2602 710 2646 et
736 2608 958 2650 uxorem
989 2609 1084 2662 par
1123 2595 1386 2664 pudicitia:
1432 2594 1599 2650 forma
1627 2604 1884 2657 servetur,
1917 2603 1970 2649 et
2001 2610 2097 2663 po-

514 2685 619 2738 tius
645 2685 878 2754 eligunt,
905 2687 1242 2755 maximeque
1263 2687 1314 2740 in
1341 2687 1438 2740 hac
1459 2702 1614 2740 causa
1639 2729 1652 2751 ,
1683 2686 1864 2740 mundi
1893 2686 2098 2754 legibus

514 2774 710 2828 subditi
739 2790 858 2830 esse
885 2792 1042 2845 quam
1073 2776 1292 2842 Christi,
1314 2779 1564 2847 quoniam
1587 2779 1704 2846 jura
1734 2779 1961 2832 forensia
1990 2791 2094 2832 non

514 2865 714 2920 eisdem
745 2866 936 2936 quibus
960 2866 1184 2922 feminas
1210 2869 1475 2938 pudicitiae
1501 2869 1726 2923 nexibus
1750 2869 1895 2922 viros
1916 2869 2098 2924 viden-

518 2962 605 3008 tur
638 2953 1010 3025 obstringere;
1041 2957 1215 3025 legant
1241 2957 1367 3026 quid
1400 2958 1687 3026 imperator
1717 2958 2011 3012 Antoninus
2052 2959 2092 3023 ί,

515 3061 622 3101 non
651 3047 831 3117 utique
859 3049 1208 3116 christianus,
1242 3049 1309 3104 de
1351 3051 1450 3104 hac
1499 3067 1556 3106 re
1598 3051 1973 3114 constituerit,
2005 3050 2093 3106 ubi

511 3138 734 3192 maritus
763 3154 983 3194 uxorem
1020 3139 1085 3194 de
1123 3140 1367 3194 adulterii
1414 3141 1639 3195 crimine
1688 3157 1942 3196 accusare
1987 3159 2091 3196 non

510 3229 720 3294 sinitur,
745 3230 828 3283 cui
853 3231 1091 3285 moribus
1119 3233 1229 3286 suis
1255 3248 1361 3286 non
1391 3234 1614 3302 prxehuit
1637 3235 1894 3289 castitatis
1915 3251 2095 3290 exeni-

510 3321 654 3389 plum
677 3360 691 3386 ,
738 3321 808 3375 ita
859 3331 915 3375 ut
953 3323 1112 3376 ambo
1138 3323 1475 3388 damnentur,
1507 3325 1548 3378 si
1579 3325 1739 3379 ambo
1769 3327 1963 3396 pariter
1993 3328 2094 3380 im-

510 3411 730 3480 pudicos
754 3411 1032 3466 conflictus
1080 3413 1193 3482 ipse
1238 3414 1544 3468 convicerit.
1589 3416 1720 3470 Nam
1769 3433 1924 3486 supra
1967 3419 2094 3474 dicti

511 3501 846 3570 imperatoris
871 3503 984 3557 haec
1011 3505 1171 3558 verba
1197 3513 1355 3570 sunt,
1395 3521 1514 3574 quae
1541 3507 1678 3575 apud
1708 3501 2091 3577 Gregorianum

509 3590 754 3660 leguntur
801 3592 874 3663 (α)
909 3610 922 3645 :
955 3592 1128 3658 Sane,
1162 3594 1362 3664 inquit,
1408 3612 1532 3649 mea:
1560 3597 1738 3651 litterce
1768 3599 1908 3654 nulla
1953 3611 2094 3670 parte

513 3698 680 3738 caus-te
698 3683 1119 3753 prtejudicabunt.
1153 3684 1329 3756 Neque
1354 3687 1486 3740 enim
1510 3688 1553 3740 si
1579 3704 1727 3758 penes
1753 3698 1799 3741 te
1825 3691 1973 3760 culpa
1998 3693 2092 3762 fuit

509 3781 564 3825 ut
587 3773 960 3828 matrimonium
989 3775 1280 3841 solveretur,
1311 3787 1356 3830 et
1386 3779 1661 3832 secundum
1705 3780 1861 3851 legem
1895 3781 2091 3836 Juliam

507 3863 738 3936 Eupasia
783 3883 911 3920 uxor
967 3875 1054 3920 tua
1115 3868 1349 3934 nuberet,
1400 3880 1604 3940 propter
1649 3871 1742 3924 hoc
1794 3873 2092 3941 rescriptum

506 3976 671 4014 meum
699 3961 936 4014 adulterii
966 3961 1208 4016 damnata
1233 3963 1353 4024 erit,
1385 3965 1483 4018 nisi
1507 3973 1824 4019 constetesse
1851 3967 2088 4020 commis-

505 4066 632 4106 sum.
679 4050 944 4106 Habebunt
982 4061 1148 4106 autem
1192 4063 1307 4107 ante
1346 4055 1517 4108 oculos
1559 4057 1653 4108 hoc
1696 4056 1979 4126 inquirere,
2024 4075 2091 4111 an

505 4157 615 4195 cum
637 4151 690 4194 tu
716 4143 896 4211 pudice
924 4145 1108 4198 viveres
1131 4185 1145 4210 ,
1178 4146 1254 4197 illi
1282 4161 1475 4216 quoque
1515 4147 1669 4200 bonos
1695 4165 1857 4201 mores
1895 4149 2090 4203 colendi

505 4242 682 4283 auctor
705 4233 864 4300 fuisti.
899 4231 1226 4300 Periuiquum
1257 4235 1387 4286 enim
1418 4236 1540 4288 mihi
1567 4237 1762 4290 videtur
1784 4255 1890 4292 esse
1916 4249 1967 4291 ut
1990 4256 2088 4308 pu-

505 4321 731 4375 dicitiam
773 4323 849 4376 vir
890 4323 952 4376 ab
985 4340 1140 4378 uxore
1176 4326 1375 4396 exigat,
1408 4344 1556 4396 quant
1585 4329 1691 4398 ipse
1707 4347 1815 4387 .non
1845 4332 2039 4385 (rx/libet
2068 4350 2086 4387 :

504 4429 614 4482 qua:
650 4432 726 4469 res
770 4425 929 4486 potest
975 4424 1020 4469 ct
1060 4422 1219 4471 virum
1255 4418 1528 4487 damnare,
1576 4437 1675 4474 non
1705 4422 1765 4474 ob
1795 4439 2089 4494 compensa-

503 4508 686 4561 tionem
713 4511 871 4562 mutui
898 4511 1122 4565 criminis
1163 4529 1265 4566 rcm
1296 4513 1424 4566 inter
1459 4524 1723 4583 utrumque
1750 4533 2047 4586 componere
2067 4563 2080 4586 ,

501 4603 576 4656 vel
597 4619 800 4655 causam
839 4605 960 4674 [acti
987 4603 1176 4658 tollere.
1213 4605 1268 4660 Si
1302 4605 1414 4660 haec
1441 4607 1770 4662 observanda
1797 4620 1920 4664 sunt
1963 4627 2087 4680 pro-

499 4701 618 4762 pter
642 4693 804 4748 decus
827 4703 1052 4748 terrente
1081 4695 1339 4762 civitatis;
1365 4709 1560 4766 quanto
1599 4700 1854 4754 eastiores
1893 4702 2083 4772 quaerit

498 4789 731 4843 etrlestis
767 4790 931 4857 patria
962 4797 1015 4844 et
1056 4791 1283 4846 societas
1315 4792 1675 4862 Angelorum?
1702 4796 1828 4864 Qum
1855 4813 1978 4852 cum
2013 4799 2083 4854 ita

496 4879 628 4942 sint,
662 4879 914 4949 numquid
945 4880 1063 4934 ideo
1101 4882 1275 4935 minor
1301 4891 1418 4947 est,
1449 4898 1512 4938 ac
1541 4901 1647 4939 non
1694 4888 1869 4955 potius
1915 4890 2084 4959 major

497 4977 550 5021 et
581 4971 726 5038 pejor
751 4971 982 5025 virorum
1009 4972 1334 5042 impudicitia
1360 5015 1373 5038 ,
1400 4975 1518 5043 quia
1551 4975 1688 5032 inest
1729 4978 1831 5031 illis
1853 4982 2080 5048 superba

497 5069 547 5114 el
594 5061 869 5118 licentiosa
911 5064 1203 5134 jactantia?
1248 5065 1361 5120 Non
1408 5068 1565 5135 igitur
1613 5071 1934 5126 exhorreant
1979 5074 2079 5128 viri

496 5150 634 5220 quod
665 5152 915 5208 adulterae
956 5152 1197 5210 Christus
1243 5155 1446 5225 ignovit
1479 5176 1490 5208 :
1536 5159 1626 5213 scd
1676 5161 1850 5230 p0tius
1883 5177 2078 5231 cogno-

495 5252 644 5296 scint
685 5245 841 5298 etiam
886 5247 1174 5311 periculum
1218 5265 1404 5313 suum,
1437 5258 1490 5303 et
1516 5251 1673 5306 simili
1708 5254 1894 5308 Inorho
1926 5255 2073 5309 labo-

494 5341 673 5388 rantes
704 5333 766 5387 ad
792 5335 1392 5393 eumdem'Salvatorem
1421 5341 1641 5410 supplici
1669 5345 1864 5414 pietate
1894 5348 2078 5404 confu-

560 5490 575 5520 ³
609 5489 775 5599 ’ἷῗάἱιὶἓ
809 5493 1092 5551 Erasmiana,
1149 5495 1372 5547 Antonius
1402 5509 1420 5548 :
1454 5497 1580 5549 male
1621 5509 1669 5554 et
1721 5503 2078 5568 refragantibus

560 5564 716 5599 uinus
777 5566 843 5599 SS.

490 5560 716 5601 omnibus
737 5560 843 5602 Mss.

553 5613 925 5690 (a)_.(';regoriani
951 5618 1038 5690 vis
1053 5615 1212 5690 aliqua
1233 5633 1359 5690 nunc
1373 5625 2076 5690 supersuntfragmenta,inter

489 5674 702 5750 quasilla
725 5674 940 5750 cernitur
960 5674 1176 5750 autumni
1193 5674 1475 5750 constitutio
1485 5691 1557 5750 _t_ot
1566 5674 1700 5736 idem
1718 5674 2074 5750 icibiéi’éiii

487 5732 1154 5817 E9319§9.l£€‘s_““i.lilra
1179 5732 2076 5817 αιέάίῑηιιδὲ,ῖῑιιιίέἒᾶἰῶῖῖεἷᾶεἳιαῖἓ

487 5791 695 5846 habeiur
713 5791 858 5850 etiam
882 5800 1007 5862 apud
1027 5791 1392 5868 nummis
1402 5791 1883 5868 ubiiiiié‘

1406 365 1492 421 DE
1530 362 1878 419 CONJUGIIS
1916 361 2396 429 ADULTERINIS,
2439 363 2495 418 S.
2540 363 2908 420 AUGUSTINI

3680 376 3785 434 αθ

2203 481 2379 547 giant;
2433 489 2487 534 et
2538 480 2680 550 quod
2728 480 2779 534 in
2826 480 2913 535 illa
2958 479 3158 536 factum
3212 481 3425 552 legunt,
3475 487 3637 542 etiam
3684 491 3789 547 sibi

2203 573 2558 627 necessarium
2611 587 2729 626 esse
2791 571 3073 637 fateantur,
3124 575 3508 632 adulteriorum
3569 596 3789 639 suorum

2199 664 2519 718 medicinam
2548 664 2874 733 suscipiant,
2907 665 3205 721 adulterare
3231 668 3343 736 jam
3369 669 3651 739 desinant,
3677 674 3793 730 Iau-

2200 755 2330 811 dent
2367 757 2420 812 in
2459 771 2518 811 se
2566 758 2660 812 Dei
2688 759 2994 826 patientiam
3016 801 3031 824 ,
3059 771 3217 830 agant
3250 765 3612 829 painitentiam
3633 809 3649 832 ,
3701 784 3792 824 su-

2200 856 2348 901 mant
2391 848 2807 918 indulgentiam,
2841 851 3137 907 mutentde
3167 867 3324 922 poena
3368 855 3692 912 feminarum
3735 871 3794 915 et

2201 938 2268 993 de
2293 953 2384 993 sua
2418 939 2730 1008 impunitate
2751 941 3094 996 sententiam.

2271 1031 2498 1088 CAPUT
2526 1033 2614 1088 IX.
2633 1062 2704 1073 —
2724 1034 2775 1089 8.
2803 1033 2998 1091 Nolens
3024 1037 3344 1092 reconciliari
3371 1041 3614 1097 adulteria
3639 1048 3795 1099 uxori

2201 1140 2302 1179 non
2343 1133 2501 1192 potest
2545 1125 2692 1178 alteri
2735 1126 2938 1180 nubere.
2987 1127 3190 1193 Quibus
3236 1131 3585 1188 consideratis
3631 1147 3794 1206 atque

2205 1215 2460 1280 tractatis,
2495 1215 2539 1270 si
2594 1218 2894 1273 communis
2941 1219 3196 1284 conditio,
3227 1236 3514 1280 commune
3565 1228 3793 1296 malum,

2202 1317 2486 1359 commune
2535 1306 2856 1374 periculum,
2907 1323 3193 1366 commune
3235 1313 3453 1381 vulnus,
3494 1324 3796 1376 communis

2201 1393 2364 1461 salus,
2393 1394 2620 1450 ﬁdeliter
2646 1406 2700 1451 et
2729 1397 2999 1454 humiliter
3024 1402 3318 1470 cogitetur;
3348 1421 3451 1460 non
3473 1408 3574 1462 erit
3597 1413 3791 1479 turpis,

2205 1499 2374 1554 neque
2403 1485 2654 1551 difficilis,
2693 1489 2852 1544 etiam
2883 1499 3000 1558 post
3037 1502 3341 1562 perpetrata
3377 1504 3537 1566 atque
3568 1510 3793 1570 purgata

2201 1574 2457 1628 adulteria
2485 1578 2850 1636 reconciliatio
2875 1581 3182 1652 conjugum,
3204 1585 3292 1639 ubi
3323 1602 3419 1654 per
3435 1589 3616 1644 claves
3641 1593 3793 1661 regni

2201 1671 2457 1725 ccelorum
2506 1688 2608 1726 non
2652 1672 2926 1729 dubitatur
2967 1675 3083 1731 ﬁeri
3127 1680 3374 1734 remissio
3415 1693 3791 1751 peccatorum:

2203 1777 2309 1814 non
2335 1771 2389 1814 ut
2421 1773 2539 1830 post
2567 1763 2665 1817 viri
2705 1763 2990 1820 divortium
3018 1768 3258 1824 adultera
3283 1782 3581 1839 revocetur,
3608 1777 3704 1831 sed
3736 1787 3798 1834 ut

2203 1861 2325 1920 post
2349 1851 2544 1907 Christi
2573 1855 2898 1910 consortium
2930 1857 3168 1914 adultera
3195 1875 3299 1914 non
3329 1873 3570 1918 vocetur.
3595 1865 3792 1923 Verum

2203 1957 2328 1996 ecce
2359 1958 2466 1996 non
2499 1945 2605 2010 tiat,
2642 1961 2801 2000 nemo
2841 1950 3135 2017 compellit,
3170 1953 3294 2021 quia
3331 1952 3470 2010 forte
3507 1956 3590 2010 lex
3620 1958 3796 2028 aliqua

2206 2031 2363 2101 hujus
2390 2036 2574 2088 smeuli
2614 2044 2758 2090 vetat
2793 2039 3086 2094 secundum
3132 2051 3357 2097 terrena-3
3401 2045 3629 2102 civitatis
3671 2063 3796 2104 mo-

2202 2123 2350 2188 dum,
2380 2125 2467 2178 ubi
2500 2127 2727 2196 cogitata
2757 2145 2860 2182 non
2889 2139 2970 2184 est
2998 2131 3218 2188 abolitio
3245 2136 3528 2191 criminum
3557 2153 3797 2208 persan-

2202 2219 2413 2288 guiucm
2444 2230 2706 2274 sanetum.
2739 2221 3071 2292 Suscipiatur
3107 2241 3234 2296 ergo
3262 2229 3607 2294 continentia,
3630 2247 3795 2300 quam

2204 2310 2347 2364 nulla
2382 2311 2462 2364 lex
2499 2312 2775 2380 prohibet;
2824 2315 2875 2369 in
2923 2316 3024 2371 alia
3071 2333 3176 2372 non
3218 2329 3371 2375 eatur
3405 2322 3680 2378 adulteria.
3729 2327 3799 2380 Et

2202 2400 2331 2469 quid
2360 2400 2425 2454 ad
2473 2417 2590 2468 nos,
2622 2404 2667 2457 si
2701 2419 2798 2459 nec
2832 2405 3018 2462 saltem
3047 2408 3226 2464 divina
3261 2412 3604 2470 miseratione
3631 2432 3794 2472 mun-

2202 2492 2322 2546 data
2369 2495 2560 2547 marito
2588 2498 2990 2553 reconcilietur‘
3017 2501 3280 2570 adultera,
3307 2505 3432 2560 dum
3470 2514 3649 2564 tamen
3678 2526 3791 2566 non

2202 2585 2556 2638 reconciliatis
2583 2587 2860 2651 adulteris,
2887 2606 2993 2646 non
3021 2593 3120 2648 alia
3165 2595 3296 2650 fiant
3321 2599 3471 2666 quasi
3500 2603 3790 2670 connubia,

2202 2688 2319 2743 qua:
2344 2676 2740 2732 convincuntur
2776 2695 2897 2767 esse
2937 2681 3234 2739 adulteria?
3279 2687 3466 2742 Mulier
3499 2691 3640 2745 enim
3670 2695 3794 2747 alli-

2201 2773 2319 2834 gata
2353 2774 2441 2828 est,
2471 2769 2714 2834 quamdiu
2745 2771 2819 2824 uir
2854 2773 2962 2842 ejus
3000 2775 3116 2828 vivit
3148 2776 3338 2845 (lCor.
3365 2795 3458 2845 vn,
3492 2781 3606 2851 59).
3651 2783 3795 2855 Ergo

2201 2868 2596 2925 consequenter
2639 2870 2694 2914 et
2738 2863 2818 2916 vir
2858 2865 3102 2935 alligatus
3149 2879 3262 2936 est,
3305 2872 3556 2940 quamdiu
3599 2877 3794 2933 mulier

2202 2948 2318 3016 ejus
2347 2949 2494 3004 vivit.
2543 2951 2669 3007 Haec
2712 2955 2942 3024 alligatio
2989 2959 3110 3014 facit
3138 2973 3195 3016 nt
3222 2963 3342 3018 aliis
3379 2966 3628 3038 conjungi
3675 2970 3793 3027 sine

2201 3038 2496 3094 adulterina
2521 3044 2858 3112 copulatione
2884 3063 2989 3103 non
3017 3052 3241 3118 possint.
3274 3053 3424 3110 Unde
3452 3072 3676 3113 necesse
3706 3069 3792 3116 est

2201 3144 2265 3184 ex
2294 3130 2501 3188 duobus
2544 3136 2860 3206 conjugibus
2895 3149 3124 3208 quatuor
3158 3145 3428 3200 adulteros
3471 3151 3608 3216 fieri,
3653 3153 3697 3205 si
3735 3163 3798 3210 et

2203 3219 2290 3274 illa
2313 3221 2463 3276 alteri
2505 3227 2764 3294 nupserit,
2795 3237 2848 3282 et
2877 3230 2963 3286 ille
2991 3233 3212 3290 alteram
3243 3236 3504 3294 duxerit'.
3537 3241 3790 3308 Quamvis

2199 3314 2340 3368 cnim
2390 3317 2700 3373 sceleratius
2732 3322 3051 3388 moechetur,
3085 3328 3173 3396 qui
3216 3343 3323 3384 non
3349 3345 3507 3387 causa
3552 3333 3789 3392 fornica-

2199 3403 2359 3458 tionis
2390 3421 2556 3462 uxorc
2580 3409 2797 3464 dimissa
2831 3414 3052 3470 alteram
3076 3417 3252 3484 ducit;
3285 3422 3424 3490 quod
3447 3440 3613 3493 genus
3640 3428 3790 3484 adul-

2201 3498 2316 3551 terii
2340 3505 2775 3558 commemoravit
2808 3507 3115 3565 Mattlueus:
3137 3521 3316 3568 tamen
3349 3531 3454 3571 non
3478 3519 3650 3573 solum
3676 3523 3790 3591 ipse

2197 3590 2515 3656 moechatur,
2545 3594 2660 3660 sed,
2708 3598 2864 3652 sicuti
2885 3610 2968 3655 est
3004 3603 3144 3672 apud
3191 3604 3442 3674 Marcum,
3478 3590 3791 3684 Quicumque

2197 3681 2443 3736 dimiserit
2490 3702 2697 3740 uxorem
2736 3706 2900 3756 suam,
2938 3703 2983 3746 et
3027 3696 3182 3750 aliam
3222 3698 3442 3764 duxerit,
3483 3704 3789 3762 adulterium

2197 3778 2459 3832 committit
2485 3796 2635 3849 super
2660 3798 2769 3836 eam
2793 3801 2810 3848 ,°
2841 3794 2886 3839 et
2924 3787 2968 3841 si
2994 3805 3124 3842 uror
3159 3791 3403 3847 dimiserit
3427 3796 3588 3849 virum
3615 3814 3784 3868 suum,

2195 3877 2240 3922 et
2265 3869 2355 3922 alii
2371 3874 2614 3941 nupserit,
2641 3875 2916 3931 marchatur
2943 3877 3132 3948 (Marc.
3164 3898 3220 3947 x,
3252 3884 3311 3938 il
3340 3893 3388 3938 et
3412 3884 3533 3956 i2):
3562 3895 3616 3942 et
3630 3890 3785 3947 sicuti

2195 3969 2276 4014 est
2306 3962 2441 4031 apud
2473 3963 2690 4032 Lucam,
2719 3966 2896 4022 Omnis
2937 3971 3020 4039 qui
3061 3972 3268 4048 dimittit
3307 3991 3514 4030 uxorem
3552 3995 3715 4046 suam,
3739 3991 3788 4035 et

2196 4053 2334 4107 ducit
2361 4057 2591 4120 alteram,
2618 4060 2934 4125 utere/tatur;
2966 4071 3012 4116 et
3036 4065 3122 4132 qui
3148 4065 3409 4121 dimissam
3429 4085 3460 4122 α
3478 4071 3583 4123 viro
3619 4071 3784 4127 duxe-

2195 4147 2280 4211 rit,
2312 4149 2588 4202 ηιωεΙιαιω·
2633 4149 2779 4220 (Luc.
2819 4169 2924 4220 xvr,
2976 4155 3085 4225 i8).
3122 4157 3194 4211 De
3233 4160 3426 4228 quibus
3469 4164 3785 4221 testimoniis

2187 4236 2297 4306 jam
2331 4239 2458 4292 satis
2490 4240 2540 4292 in
2574 4240 2712 4295 libro
2746 4245 3023 4312 superiore
3047 4246 3294 4304 disserui.

2264 4329 2492 4388 CAPUT
2530 4332 2685 4386 X.—
2724 4335 2779 4390 9.
2820 4335 3252 4394 Incontincntium
3285 4344 3512 4412 querelas
3538 4345 3784 4404 adversus

2193 4421 2350 4492 legem
2389 4422 2573 4476 Christi
2617 4427 2829 4481 vetantis
2867 4428 3014 4483 alteri
3053 4432 3237 4485 nubere
3277 4433 3483 4486 dimissa
3521 4435 3778 4508 adultera,

2191 4511 2382 4580 frustra
2404 4514 2661 4584 objectari.
2687 4517 2745 4572 Si
2766 4519 3404 4591 incontinentiumquerclte
3422 4525 3778 4597 admittuntur,

2193 4606 2524 4674 permittenda
2545 4609 2800 4664 adulteria
2835 4612 2885 4664 in
2915 4614 3084 4668 ntultis
3108 4615 3325 4669 casibus.
3353 4616 3554 4672 Iustior
3586 4622 3780 4678 ridebi-

2192 4705 2272 4749 tur
2309 4699 2510 4765 querela
2557 4701 2776 4758 mulieris
2808 4714 2985 4773 pra'ter
3030 4708 3414 4776 fornicationem
3458 4713 3683 4770 dimissa:
3726 4728 3775 4772 et

2191 4790 2375 4842 nubere
2401 4791 2547 4844 alteri
2576 4796 2840 4861 cupientis.
2883 4796 2986 4852 Sed
3020 4800 3313 4870 respondes
3353 4803 3484 4858 mihi
3512 4824 3526 4859 :
3561 4808 3780 4862 «Conti-

2197 4899 2215 4931 ι
2251 4891 2439 4936 neuter
2474 4884 2652 4941 vivere
2677 4902 2968 4956 paucorum
2999 4901 3113 4955 est;
3157 4902 3212 4948 et
3240 4894 3361 4950 ideo
3388 4899 3474 4966 qui
3505 4897 3779 4954 fornican-

2195 4991 2212 5024 t
2250 4981 2330 5028 tes
2365 4975 2619 5046 conjuges
2644 4978 2986 5047 dimiserunt,
3016 4985 3266 5053 quoniam
3299 5003 3403 5042 non
3433 5001 3653 5056 possunt
3693 5008 3779 5048 re-

2194 5083 2212 5116 ι
2247 5068 2540 5135 conciliari,
2587 5080 2789 5126 tantum
2822 5088 2881 5129 se
2924 5074 3107 5130 vident
3155 5079 3462 5147 periclitari,
3506 5091 3563 5135 ut
3605 5083 3779 5152 legem

2194 5176 2213 5209 ι
2250 5157 2445 5215 Christi
2479 5177 2584 5218 non
2613 5164 2918 5233 humanam,
2951 5168 3044 5223 sed
3084 5167 3304 5227 feralem
3350 5176 3711 5242 pronuntient.
3754 5198 3776 5231 ι
3810 5198 3814 5204 τ

2186 5251 2230 5305 0
2259 5253 2440 5320 frater,
2480 5265 2734 5324 quantum
2770 5258 2834 5312 ad
2879 5259 3280 5317 incontinentes
3309 5266 3556 5332 pertinet,
3585 5269 3778 5325 multas

2185 5346 2430 5412 querelas
2491 5345 2687 5404 habere
2733 5360 2992 5421 possunt,
3038 5355 3248 5423 quibus,
3301 5364 3358 5410 ut
3399 5357 3551 5423 dicis,
3603 5360 3774 5429 legem

2185 5433 2380 5491 Christi
2423 5436 2642 5494 feralem
2688 5445 3052 5509 pronuntient,
3102 5462 3208 5500 non
3256 5448 3560 5502 humanam.
3603 5451 3666 5504 Et
3695 5461 3776 5504 ta-

2183 5540 2303 5581 men
2356 5543 2460 5584 non
2502 5540 2719 5600 propter
2758 5533 2879 5590 illos
2920 5536 3266 5609 Evangelium
3312 5539 3512 5595 Christi
3551 5557 3774 5610 perver-

2247 5701 2263 5774 ξ
2298 5700 2432 5774 ratu,
2453 5703 2782 5774 reconcilietur
2805 5719 2836 5774 ᾳ
2864 5716 3000 5774 neo.__
3020 5719 3070 5760 At
3092 5719 3192 5774 uss,
3221 5726 3314 5761 non
3339 5712 3543 5774 addunt,
3577 5729 3609 5765 a
3655 5724 3771 5768 Deo.

2245 5763 2748 5842 1isolaueditiohtiovq
2780 5768 2821 5818 si
2859 5777 2903 5819 et
2945 5770 3034 5823 illa
3073 5771 3295 5828 adultero
3323 5763 3559 5842 nupseril,
3582 5763 3775 5832 "et—illc

2183 5821 2451 5874 adulteram
2477 5824 2684 5876 duxerit.
