4122 6212
377 282 481 345 4η

383 408 516 460 tere.
558 388 645 454 vel
688 403 898 452 mutare
932 396 1212 452 debemus.
1257 394 1334 452 Te
1376 394 1575 469 quippe
1618 393 1731 450 sola
1780 378 1969 452 eorum

380 491 599 566 querela
629 500 934 561 permovet,
972 490 1063 560 qui
1104 488 1357 560 conjuges
1400 503 1558 544 causa
1607 481 1975 544 fornicationis

381 583 750 639 intercedente
775 583 1076 648 dimittunt,
1104 582 1149 637 si
1174 582 1305 638 alias
1331 581 1526 638 ducere
1570 596 1674 637 non
1699 580 1972 637 sinuantur:

381 677 630 748 quoniam
664 675 941 729 continere
968 689 1254 744 paucorum
1284 682 1383 740 est,
1416 683 1575 745 atque
1596 673 1663 729 ad
1690 673 1743 729 id
1779 671 1976 729 debent

381 767 539 822 laude
565 765 837 821 adhortari
865 807 879 832 ,
904 781 1008 818 non
1038 764 1155 835 lege
1185 764 1454 836 compelli.
1478 764 1661 837 Itaque
1688 764 1731 819 si
1754 762 1975 820 dimissa

380 860 621 915 adultera
660 874 765 911 non
796 857 1007 912 ducitur
1049 855 1236 922 altera,
1263 855 1462 926 justam
1504 852 1799 929 querelam,
1836 856 1975 911 sicut

382 964 564 1024 putas,
601 951 817 1007 habebit
856 951 1130 1006 hominum
1162 950 1564 1006 incontinentia.
1612 950 1718 1006 Sed
1754 949 1973 1006 attende

379 1058 536 1113 quant
567 1041 716 1112 plura
747 1049 891 1108 sunt,
921 1041 1006 1095 ubi
1030 1036 1074 1094 si
1102 1040 1349 1111 querelas
1374 1039 1814 1095 incontinentiam
1835 1038 1969 1095 veli-

380 1148 500 1187 mus
528 1131 841 1197 admittere,
870 1145 1096 1186 necesse
1121 1131 1274 1186 nobis
1300 1133 1402 1187 erit
1437 1129 1693 1185 adulteria
1728 1128 1969 1186 facienda

380 1225 743 1298 permittere‘.
775 1222 911 1292 Quid
940 1223 985 1279 si
1015 1222 1155 1278 enim
1185 1222 1362 1294 aliquo
1389 1221 1641 1277 diuturno
1667 1232 1719 1277 et
1758 1222 1971 1277 insana.

379 1315 473 1370 bili
502 1315 692 1370 morbo
718 1315 961 1384 corporis
990 1320 1234 1369 teneatur
1261 1312 1453 1383 conjux
1477 1355 1492 1380 ,
1520 1327 1625 1382 quo
1654 1310 1969 1368 concubitus

379 1402 795 1479 impeditur(a)?
829 1404 977 1477 quid,
1003 1406 1047 1460 si
1075 1404 1370 1475 captivitas,
1405 1404 1488 1459 vel
1513 1406 1594 1460 vis
1610 1404 1782 1476 aliqua
1808 1419 1967 1476 sepa-

379 1507 481 1565 ret,
513 1499 583 1552 ita
632 1505 687 1552 ut
730 1497 865 1552 sciat
905 1495 1086 1552 vivere
1129 1494 1351 1550 maritus
1399 1510 1641 1563 uxorem,
1669 1494 1823 1565 cujus
1867 1494 1967 1550 sibi

378 1589 529 1661 copia
567 1588 904 1660 denegatur?
944 1603 1201 1643 censesne
1253 1586 1577 1643 admittenda
1625 1587 1967 1644 incontinen-

380 1682 509 1737 tium
557 1695 854 1745 murmura,
888 1686 944 1734 et
985 1676 1341 1750 permittenda
1389 1677 1687 1733 adulteria?
1729 1676 1865 1745 Quid
1911 1676 1965 1732 in

380 1774 482 1828 hoc
511 1772 629 1843 ipso
659 1771 799 1826 unde
828 1772 1185 1841 interrogatus
1231 1778 1314 1825 est
1343 1767 1620 1836 Dominus,
1664 1767 1964 1839 respondit-

379 1879 481 1935 que
518 1862 632 1919 iieri
666 1878 769 1917 non
800 1861 1017 1931 debere,
1046 1860 1139 1917 sed
1167 1859 1231 1915 ad
1259 1860 1506 1916 duritiam
1542 1860 1718 1917 cordis
1756 1860 1965 1916 illorum

380 1955 595 2030 Moysen
624 1956 934 2028 permisisse
960 1954 1075 2011 dari
1102 1953 1338 2011 libellum
1374 1953 1601 2025 repudii,
1634 1963 1687 2009 et
1710 1970 1965 2025 quacum-

379 2061 479 2118 que
508 2062 667 2101 causa
697 2046 964 2102 dimittere
987 2045 1306 2117 conjugem?
1334 2060 1510 2100 nonne
1551 2045 1633 2100 lex
1662 2044 1856 2100 Christi
1885 2047 1966 2101 in-

379 2137 776 2192 continentibus
816 2136 1091 2208 displicet,
1135 2137 1222 2208 qui
1274 2152 1467 2192 uxores
1515 2136 1792 2208 litigiosus,
1827 2137 1966 2207 inju-

379 2229 569 2294 riosas,
605 2229 938 2298 imperiosas,
975 2228 1296 2293 faStidiosas,
1330 2237 1383 2283 et
1410 2226 1475 2282 ad
1512 2228 1841 2285 reddendum
1871 2229 1965 2285 de-

376 2319 541 2377 bitum
568 2323 849 2395 coniugale
886 2321 1243 2387 difficillimas,
1278 2322 1499 2392 repudio
1530 2322 1842 2394 interposito
1866 2323 1964 2378 ab-

376 2415 537 2490 jicere
568 2417 769 2484 volunt,
795 2426 849 2473 et
872 2416 1064 2473 alteras
1090 2415 1324 2471 dueere?
1364 2415 1479 2471 Jam
1508 2432 1657 2487 ergo,
1690 2416 1811 2487 quia
1835 2418 1964 2472 isto-

376 2523 490 2563 rum
523 2508 903 2564 incontinentia
948 2508 1118 2578 legem
1164 2507 1359 2563 Christi
1409 2508 1634 2575 horruit,
1665 2506 1732 2562 ad
1777 2522 1962 2564 eorum

376 2600 459 2657 lex
491 2600 687 2657 Christi
712 2600 991 2656 arbitrium
1018 2600 1392 2656 commutanda
1420 2600 1541 2656 est?

445 2692 535 2750 10.
575 2692 692 2751 Jam
724 2708 885 2764 porro
908 2694 953 2748 si
981 2694 1230 2748 maritum
1260 2693 1524 2763 relinquat
1553 2707 1707 2759 uxor,
1740 2692 1821 2747 vel
1852 2706 1962 2747 ma-

376 2785 506 2841 ritus
533 2801 776 2851 uxorem,
796 2801 902 2840 non
925 2800 1087 2841 causa
1117 2784 1500 2851 fornicationis,
1522 2784 1616 2839 sed
1643 2785 1816 2855 potius
1835 2797 1965 2839 con-

375 2876 632 2947 tinentitr,
653 2879 827 2950 sitque
856 2878 1189 2934 incontinens
1208 2877 1291 2933 cui
1317 2877 1596 2948 repudium
1624 2884 1838 2948 propter
1864 2877 1964 2934 hoc

374 2968 558 3035 datur;
586 2985 771 3041 qumro
796 2980 969 3025 utrum
1001 2986 1108 3026 non
1146 2972 1247 3027 erit
1275 2970 1486 3026 adulter
1507 2971 1590 3027 vel
1627 2970 1891 3036 adultera,
1915 2971 1962 3026 si

374 3059 523 3116 alteri
553 3062 872 3132 copuletur?
909 3061 986 3127 Si,
1012 3062 1125 3118 Non
1156 3064 1279 3129 erit,
1310 3061 1532 3130 dicitur;
1568 3062 1792 3117 Domino
1826 3076 1960 3117 con-

376 3153 671 3221 tradicitur,
717 3155 869 3225 cujus
898 3154 1014 3210 hmc
1043 3156 1203 3210 verba
1232 3163 1357 3209 sunt
1384 3172 1394 3207 :
1429 3154 1634 3208 Dictum
1673 3163 1744 3209 est
1771 3163 1959 3221 autem;

378 3245 693 3315 Quicumque
730 3246 972 3302 dimiserit
997 3263 1207 3302 uxorem
1232 3263 1396 3313 suam,
1426 3246 1509 3300 det
1533 3247 1610 3302 illi
1630 3245 1854 3301 libellum
1881 3262 1963 3300 re-

374 3338 535 3405 pudii.
579 3335 692 3408 Ego
727 3348 896 3393 autem
936 3338 1051 3392 dico
1089 3338 1225 3393 vobis
1251 3339 1369 3409 quia
1405 3338 1567 3393 omnis
1601 3339 1687 3408 qui
1717 3338 1961 3393 dimiserit

374 3444 583 3483 uxorem
621 3445 787 3496 suam,
818 3439 1028 3499 excepta
1073 3446 1226 3485 causa
1268 3430 1640 3501 fornicationis,
1684 3431 1806 3501 facit
1849 3446 1961 3484 eam

373 3520 649 3586 nmhari;
690 3529 739 3575 et
772 3521 861 3593 qui
902 3521 1163 3575 dimissam
1202 3521 1423 3588 duxerit,
1465 3521 1716 3576 adulterat
1741 3521 1955 3592 (Matth.

373 3628 426 3681 v,
450 3613 516 3669 3i
533 3623 580 3667 et
595 3612 712 3685 52).
760 3615 905 3670 Ecce
925 3614 1143 3669 dimissa
1193 3622 1293 3679 est,
1337 3627 1443 3668 non
1491 3613 1725 3679 dimisit;
1756 3625 1813 3669 et
1837 3615 1960 3684 quia

373 3707 650 3762 continere
686 3722 979 3777 paucorum
1009 3715 1115 3774 est,
1151 3708 1548 3763 incontinentis:
1576 3709 1738 3763 cessit
1777 3717 1831 3763 et
1859 3723 1959 3762 nu-

373 3800 511 3871 psit;
549 3808 607 3855 et
633 3808 811 3856 tamen
848 3800 1058 3856 adulter
1097 3799 1387 3856 adulteram
1432 3800 1603 3856 duxit.
1643 3800 1814 3855 Ambo
1855 3799 1955 3865 rei,

373 3889 530 3946 ambo
556 3889 848 3946 damnandi
884 3900 1042 3956 sunt;
1081 3899 1139 3947 et
1162 3906 1280 3961 qua:
1310 3892 1489 3961 nupsit
1525 3890 1647 3945 vivo
1672 3892 1884 3956 marito,
1905 3898 1962 3945 et

372 3982 461 4052 qui
501 3982 652 4038 duxit
680 3997 799 4039 eam
827 3982 981 4053 cujus
1021 3983 1149 4038 vivit
1177 3983 1419 4038 maritus.
1460 3982 1724 4051 Numquid
1765 3981 1851 4036 hic
1876 3982 1958 4036 le-

372 4088 492 4145 gem
513 4074 714 4129 Christi
741 4074 970 4130 dicimus
995 4073 1359 4139 inhumanam,
1382 4089 1485 4143 qua
1510 4073 1850 4129 constituitur
1868 4087 1959 4129 rea

376 4164 504 4219 tanti
526 4164 769 4221 criminis
792 4172 950 4236 atque
978 4164 1213 4234 punitur,
1235 4179 1395 4235 quam
1417 4165 1498 4220 vir
1527 4164 1668 4220 nulla
1688 4164 1806 4235 ejus
1825 4179 1959 4233 prte-

373 4261 597 4318 cedente
637 4261 987 4318 fornicatione
1032 4261 1251 4323 dimisit,
1303 4270 1356 4316 et
1397 4261 1518 4330 quia
1567 4273 1855 4330 paucorum
1877 4268 1960 4315 est

373 4353 667 4417 continere,
693 4351 1010 4408 dimittenda
1037 4351 1294 4421 compulit
1320 4351 1559 4407 nubere?
1597 4350 1709 4406 Cur
1736 4365 1841 4405 non
1872 4349 1960 4405 hic

374 4441 604 4499 dicimus
627 4442 933 4499 habendum
963 4457 1084 4500 esse
1110 4456 1207 4511 pro
1235 4448 1465 4508 mortuo,
1487 4441 1576 4512 qui
1612 4440 1751 4496 male
1778 4438 1960 4496 dimit-

374 4532 536 4590 tendo
578 4533 726 4604 prior
752 4534 1033 4604 conjugale
1077 4533 1346 4589 vinculum
1376 4532 1553 4603 rupit?
1581 4532 1714 4588 Nam
1742 4546 1846 4602 qua
1876 4547 1961 4587 ru-

376 4624 521 4680 tione
557 4624 802 4681 dicturus
825 4639 887 4681 es
930 4639 1054 4680 eum
1104 4625 1309 4693 rupisse
1338 4624 1607 4681 vinculum
1655 4623 1953 4694 conjugale,

373 4717 461 4787 qui
504 4716 632 4779 licet
675 4717 747 4772 sit
792 4716 1054 4780 mmehus,
1087 4730 1192 4771 non
1221 4714 1423 4771 dimisit
1468 4728 1725 4779 uxorem;
1749 4723 1805 4771 et
1834 4724 1959 4769 eum

378 4822 483 4862 non
523 4807 756 4878 rupisse.
783 4807 874 4878 qui
902 4807 1064 4863 etiam
1104 4816 1307 4863 castam
1332 4806 1536 4863 dimisit
1559 4804 1819 4863 uxorem?
1847 4803 1961 4874 Ego

370 4908 552 4955 autem
583 4898 706 4955 dico
752 4899 809 4954 in
855 4907 1082 4969 utroque
1126 4912 1345 4955 manere
1383 4898 1488 4953 hoc
1533 4896 1827 4963 vinculum,
1853 4909 1962 4966 quo

376 4989 567 5046 mulier
594 4989 807 5061 alligata
834 4997 936 5055 est,
976 4989 1232 5060 quamdiu
1262 4989 1348 5045 vir
1372 4990 1493 5059 ejus
1521 4989 1668 5055 vivit,
1692 4990 1806 5045 sive
1833 5002 1963 5044 con-

378 5078 574 5147 tinens,
600 5080 715 5136 sive
740 5079 982 5141 machus
1011 5096 1026 5134 :
1058 5088 1115 5135 et
1142 5078 1264 5134 ideo
1298 5079 1556 5136 mmehari
1585 5093 1703 5134 eam
1732 5093 1852 5149 quae
1872 5078 1962 5135 di-

377 5170 537 5226 missa
561 5172 825 5243 nupserit,
850 5180 908 5228 et
938 5168 1196 5227 mmehari
1225 5183 1350 5226 eum
1376 5169 1469 5239 qui
1494 5168 1769 5226 dimissam
1792 5167 1964 5226 duae-

608 5302 762 5377 editio
779 5308 912 5366 Lov.,
928 5301 1178 5377 adulteria
1198 5301 1363 5377 ﬂenda
1383 5303 1675 5377 permittere.

406 5362 512 5434 ,(α)
542 5371 735 5434 Erus"?
764 5362 1024 5434 ρρροίμίωιῖ
1056 5362 1284 5434 αδεςότῇ
1301 5372 1347 5434 ιι-
1374 5362 1662 5434 Mirm
1699 5365 1759 5417 ad
1781 5368 1965 5434 Bonifa-

546 5425 754 5499 gpistola
776 5425 854 5499 1‘5,
877 5430 985 5479 sive
1002 5429 1132 5499 inter
1148 5425 1469 5499 tionifacianas
1494 5425 1601 5489 126,
1623 5434 1681 5499 _et
1701 5430 1829 5480 male
1849 5431 1968 5499 alias

378 5490 594 5561 gegetji
617 5495 687 5561 Διιι
708 5498 883 5561 quarta
905 5505 918 5540 :
943 5490 1075 5561 quod
1094 5491 1670 5561 quidemjcratianushin
1711 5500 1885 5555 quaest.
1909 5493 1962 5557 2,

376 5558 484 5655 cap.
505 5548 585 5609 32,
758 5548 1067 5617 proposuisti,
1090 5548 1248 5663 r'téjicit
1268 5559 1324 5604 ut
1346 5569 1369 5599 ε
1391 5552 1690 5626 evangelica;
1709 5548 1760 5604 e't
1782 5548 1972 5617 aposto-

387 5622 410 5652 ι
450 5620 537 5659 tete
578 5610 811 5662 doctrinae
856 5614 1050 5667 penitus
1091 5625 1118 5663 a
1155 5624 1379 5667 versum;
1402 5630 1424 5661 ιθ
1473 5620 1698 5665 Euromus
1743 5630 1862 5665 vero
1907 5617 1970 5667 ad

387 5622 537 5659 “tete
578 5622 811 5662 doctrinae
856 5622 1050 5675 penitus
1091 5622 1379 5676 adversum;
1402 5630 1424 5661 at
1473 5622 1698 5665 Baronius
1743 5630 1862 5665 vero
1907 5622 1966 5667 ad

378 5671 594 5745 δερῶ,
612 5675 785 5739 accipit
806 5674 857 5726 in
888 5674 1144 5729 meliorem
1166 5683 1355 5741 partem
1374 5711 1388 5739 ,
1435 5688 1529 5728 nec
1550 5678 1814 5743 Augustino
1849 5692 1966 5732 con-

1725 277 1933 338 LIBER
1964 276 2346 340 SECUNDUS.

3568 297 3675 356 678

2083 394 2182 462 rit,
2220 393 2334 451 sive
2371 408 2400 449 a
2448 396 2683 469 moecho,
2724 399 2838 457 sive
2875 416 2906 457 a
2947 405 3257 465 continente
3296 405 3517 465 dimissa
3562 410 3669 481 sit;

2080 485 2330 557 quoniam
2357 489 2536 544 mulier
2554 491 2767 563 alligata
2787 503 2878 560 est,
2898 496 3139 565 quamdiu
3165 498 3239 553 vir
3267 500 3377 572 ejus
3398 496 3535 557 vivit.
3561 498 3667 561 Sed

2081 593 2224 634 nunc
2264 578 2333 636 de
2373 582 2606 652 querelis
2652 585 3093 644 incontinentiam
3142 589 3493 662 disputamus.
3534 594 3670 665 Quid

2080 674 2224 730 enim
2248 675 2457 732 videtur
2478 678 2674 749 justius
2704 681 2862 753 hujus
2897 686 3135 751 mulieris
3169 689 3408 759 querela,
3434 706 3553 760 qua:
3586 691 3669 747 di-

2079 765 2150 821 cit
2175 785 2188 821 :
2216 767 2444 824 Dimissa
2470 786 2612 840 sum,
2636 789 2742 829 non
2771 775 2985 845 dimisi;
3026 787 3082 834 et
3105 779 3356 850 quoniam
3393 782 3670 838 continere

2078 872 2369 927 paucorum
2397 870 2498 929 est,
2527 879 2634 919 non
2662 880 2751 921 me
2782 868 3041 936 continui,
3061 885 3129 925 ne
3159 869 3451 927 iorniearer
3480 874 3664 943 nupsi;

2075 956 2132 1004 et
2177 949 2325 1007 dicor
2374 954 2670 1021 mtecbata,
2712 958 2834 1029 quia
2862 961 3086 1031 .nupsi?
3134 962 3401 1035 Numquid
3451 975 3668 1035 propter

2077 1039 2235 1112 hujus
2258 1045 2409 1114 quasi
2440 1046 2640 1117 justam
2661 1052 2955 1120 querelam,
2982 1054 3156 1124 legem
3181 1056 3519 1113 censebimus
3550 1073 3666 1112 mu-

2078 1135 2288 1192 tandam
2331 1153 2453 1196 esse
2478 1139 2735 1210 divinam,
2767 1153 2825 1201 ut
2852 1146 3009 1201 istam
3044 1162 3150 1203 non
3182 1147 3484 1215 iudicemus
3511 1149 3665 1204 adul-

2075 1228 2282 1284 teram?
2325 1230 2498 1287 Absit.
2553 1232 2659 1289 Sed
2708 1236 3056 1306 respondebis
3101 1253 3207 1295 non
3248 1254 3366 1296 eam
3417 1240 3665 1299 debuisse

2072 1314 2287 1386 dimitti,
2311 1322 2435 1391 quia
2480 1324 2847 1382 fornicationis
2896 1328 3042 1385 nulla
3090 1344 3249 1386 causa
3289 1342 3659 1402 praecesserat.

2073 1405 2272 1465 Verum
2319 1410 2453 1468 dicis
2488 1432 2500 1469 :
2534 1430 2655 1471 nam
2703 1428 2976 1489 peccatum
3024 1420 3202 1477 mariti
3238 1422 3356 1494 ejus
3405 1422 3662 1482 Dominus

2072 1502 2355 1568 expressit,
2386 1504 2475 1559 ubi
2501 1506 2595 1571 ait,
2624 1508 2728 1576 Qui
2753 1510 2998 1566 dimiserit
3024 1528 3234 1569 uxorem
3266 1530 3435 1581 suam,
3453 1526 3662 1588 excepta

2071 1608 2226 1647 causa
2253 1596 2623 1666 fornicationis,
2652 1602 2777 1672 facit
2802 1618 2913 1657 eam
2954 1605 3213 1660 meliori.
3259 1602 3368 1663 Sed
3406 1607 3661 1680 numquid

2070 1682 2169 1737 ista
2198 1684 2319 1741 ideo
2345 1688 2592 1747 nubendo
2621 1701 2805 1762 postea
2833 1710 2939 1750 non
2963 1696 3224 1766 peccavit,
3243 1694 3365 1771 quia
3393 1701 3541 1770 prius
3573 1700 3659 1757 di-

2068 1775 2329 1832 mittendo
2371 1778 2461 1834 ille
2500 1784 2774 1851 peccavit?
2801 1783 2939 1853 Quid
2976 1802 3107 1858 ergo
3135 1787 3188 1843 ei
3220 1788 3467 1859 prodest,
3507 1790 3653 1861 quod

2068 1865 2135 1921 de
2175 1868 2292 1938 lege
2321 1868 2517 1927 Christi
2549 1875 2742 1930 mulier
2776 1876 3114 1937 incontinens
3150 1882 3388 1952 queritur
3412 1922 3431 1949 ,
3464 1884 3574 1941 nisi
3601 1890 3659 1940 ut

2068 1971 2411 2016 murmurans
2437 1962 2685 2029 puniatur
2710 1966 2735 2020 Ρ

2138 2047 2364 2104 CAPUT
2406 2050 2496 2106 Xl.
2537 2082 2610 2093 —
2647 2054 2736 2110 11.
2782 2055 3007 2128 Objectio
3045 2058 3149 2113 alia
3188 2052 3431 2116 Pollentii
3467 2071 3522 2117 ut
3555 2063 3660 2120 sal-

2066 2144 2163 2191 tent
2203 2138 2429 2209 ﬁliorum
2467 2144 2836 2214 gignendorum
2863 2163 3018 2203 causa
3055 2149 3204 2204 liceat
3231 2151 3442 2205 alteram
3481 2153 3661 2209 ducere

2066 2228 2275 2284 dimissa
2302 2232 2554 2289 adultera.
2588 2234 2707 2291 lam
2738 2252 2880 2294 nunc
2921 2239 3083 2295 etiam
3114 2240 3204 2295 illa
3234 2241 3510 2299 videamus
3535 2260 3657 2315 qure

2066 2321 2172 2376 alio
2200 2322 2319 2378 loco
2348 2325 2694 2399 interponens
2722 2329 2997 2399 addidisti,
3025 2347 3198 2402 neque
3235 2333 3304 2388 ad
3332 2349 3397 2390 ea
3434 2352 3658 2407 respon-

2066 2412 2195 2470 dere
2223 2416 2434 2472 voluisti
2469 2436 2483 2473 :
2526 2421 2615 2476 ubi
2656 2430 2709 2478 te
2738 2432 2937 2491 movet,
2968 2433 3024 2479 et
3066 2425 3340 2481 miseraris
3382 2427 3654 2485 hominem

2066 2503 2155 2574 qui
2180 2505 2379 2564 cubare
2404 2522 2524 2564 cum
2550 2510 2813 2581 adultera,
2840 2514 3051 2571 etiamsi
3090 2530 3201 2570 non
3245 2517 3653 2587 incontinentis,

2065 2604 2211 2652 certe
2240 2597 2470 2656 filiorum
2510 2604 2966 2674 procreandorum
3015 2608 3332 2665 necessitate
3376 2611 3656 2680 compelli-

2066 2696 2174 2756 tur,
2210 2689 2258 2744 si
2299 2705 2408 2745 non
2433 2696 2483 2751 ei
2527 2694 2648 2751 licet
2677 2695 2757 2753 sic
2781 2710 2902 2755 eam
2934 2696 3229 2765 dimittere,
3259 2707 3321 2754 ut
3346 2715 3410 2756 ea
3443 2702 3658 2757 vivente

2065 2779 2289 2836 alteram
2316 2780 2495 2839 ducat.
2526 2784 2681 2842 Unde
2708 2794 2867 2842 recte
2886 2789 3222 2858 movereris,
3252 2790 3299 2846 si
3338 2789 3657 2849 adulterium

2065 2886 2172 2926 non
2200 2882 2363 2941 esset,
2396 2876 2641 2946 quamvis
2655 2876 2900 2935 adultera
2928 2878 3048 2936 viva
3089 2895 3280 2948 uxore,
3305 2881 3528 2939 alteram
3553 2883 3656 2939 du-

2065 2977 2208 3019 cere.
2237 2963 2294 3020 Si
2320 2972 2499 3021 autem
2527 2966 2851 3025 adulterium
2874 2978 2979 3039 est,
3012 2978 3158 3026 utea
3180 2986 3303 3042 quae
3324 2972 3658 3044 suntdispu-

2067 3063 2174 3111 tata
2199 3057 2518 3127 docuerunt,
2535 3063 2665 3134 quid
2689 3065 3001 3123 obtenditur
3026 3068 3479 3137 procreandorum
3497 3082 3657 3128 causa

2065 3145 2335 3204 filiorum?
2377 3150 2492 3207 Non
2529 3154 2674 3210 enim
2716 3163 3006 3226 propterea
3043 3158 3363 3229 ﬂagitiorum
3401 3170 3488 3216 est
3529 3178 3654 3232 per-

2064 3236 2322 3295 mittenda
2359 3241 2573 3299 licentia
2606 3261 2620 3298 :
2665 3252 2759 3300 aut
2785 3246 2946 3301 vero‘
2974 3254 3082 3302 tam
3110 3248 3406 3305 cavendum
3429 3258 3512 3305 est
3538 3250 3657 3309 sine

2062 3333 2296 3402 posteris
2325 3335 2484 3402 mori,
2518 3351 2679 3407 quam
2707 3337 3014 3409 eligendum
3053 3338 3113 3395 in
3136 3349 3408 3410 posterum
3439 3342 3657 3401 vivere?

2064 3426 2207 3497 quod
2256 3441 2362 3483 non
2402 3430 2647 3486 sinentur
2685 3429 2934 3498 adulteri,
2959 3447 3095 3503 quos
3143 3447 3365 3490 necesse
3404 3444 3488 3492 est
3534 3446 3656 3507 post

2066 3517 2291 3587 primam
2319 3528 2549 3576 mortem
2584 3522 2836 3578 secundm
2862 3524 3055 3580 mortis
3077 3526 3377 3582 aeternitate
3389 3526 3650 3583 damnari.

2062 3610 2199 3666 Nam
2254 3613 2705 3682 procreandorum
2757 3615 2989 3672 filiorum
3020 3617 3125 3672 ista
3173 3621 3437 3686 causatio,
3492 3621 3653 3675 etiam

2064 3716 2171 3758 non
2200 3702 2494 3771 adulteras,
2520 3705 2616 3761 sed
2663 3707 2995 3763 castissimae
3022 3707 3267 3774 feminas,
3294 3711 3340 3764 si
3366 3710 3505 3766 forte
3548 3713 3657 3766 sint

2064 3791 2297 3860 steriles,
2329 3795 2471 3863 cogit
2494 3793 2711 3861 dimitti,
2737 3804 2797 3850 et
2815 3795 3014 3851 alteras
3041 3798 3165 3853 duci
3193 3815 3208 3852 :
3240 3799 3384 3868 quod
3414 3800 3509 3854 tibi
3535 3800 3652 3856 exi-

2063 3886 2228 3941 stimo
2253 3901 2357 3940 non
2390 3886 2618 3956 placere.

2136 3977 2223 4032 1‘2.
2262 3977 2596 4047 Quapmpter
2638 3978 2683 4033 si
2727 3992 2888 4033 causa
2936 3979 3332 4035 lnoontineutite
3372 3995 3480 4037 non
3526 3991 3654 4038 sunt

2062 4067 2364 4125 excusanda
2403 4067 2663 4125 adulteria
2684 4110 2700 4136 ,
2732 4077 2933 4139 quanto
2958 4071 3137 4127 mimns
3171 4081 3491 4128 excusantur
3525 4087 3653 4144 pro-

2063 4161 2419 4219 creandorum
2444 4176 2606 4218 causa
2630 4160 2898 4219 illiorum‘l
3520 4158 3523 4161 ’

2133 4254 2359 4311 CAPUT
2397 4253 2514 4311 Xll.
2538 4282 2609 4300 —-
2629 4254 2850 4329 Nuptias
2877 4259 2973 4313 hac
3003 4270 3225 4332 tempore
3246 4262 3470 4332 ﬁliorum
3494 4276 3653 4317 causa

2061 4347 2126 4402 iis
2150 4357 2343 4403 tantum
2366 4350 2626 4421 eligenda
2653 4366 2787 4420 esse,
2815 4354 2902 4426 qui
2925 4370 2980 4410 se
3007 4356 3262 4412 continere
3286 4372 3389 4412 non
3419 4367 3645 4427 possunt.

2064 4437 2145 4495 Illi
2172 4440 2369 4512 quippe
2392 4441 2690 4497 infirmitati
2710 4484 2725 4509 ,
2754 4443 2857 4500 hoc
2895 4455 2977 4501 est
2997 4485 3013 4511 ,
3045 4447 3440 4502 incontinentiae
3484 4450 3649 4504 voluit

2062 4532 2354 4602 Apostolus
2380 4532 2651 4590 subveniri
2690 4533 2970 4590 honestate
3007 4538 3329 4607 neptim-um.
3364 4539 3479 4592 Non
3510 4541 3653 4595 enim

2063 4623 2167 4688 ait,
2210 4622 2267 4679 Si
2310 4623 2449 4679 ﬁlios
2500 4639 2609 4679 non
2662 4624 2854 4691 habet,
2905 4626 3101 4692 nubat;
3157 4626 3288 4695 sed,
3341 4628 3404 4682 Si
3450 4645 3505 4683 sc
3556 4647 3656 4685 non

2063 4713 2319 4779 continet,
2369 4712 2524 4766 nubat
2575 4713 2631 4781 (Ι
2676 4712 2797 4768 Cor.
2843 4730 2949 4781 vn,
3000 4712 3091 4787 9).
3142 4715 3393 4771 Filiorum
3442 4718 3655 4788 quidem

2063 4804 2356 4873 propagine
2391 4813 2770 4874 corupensatur
2806 4805 2949 4875 quod
2978 4804 3376 4862 incontinentiae
3406 4810 3656 4867 nubendo

2064 4895 2289 4953 ceditur.
2321 4894 2455 4951 Nam
2484 4896 2666 4965 utique
2689 4894 3071 4953 incontinentis
3101 4899 3283 4953 vitium
3320 4909 3430 4967 est,
3466 4901 3655 4971 conju-

2064 4989 2208 5058 gitlm
2236 4996 2413 5043 autem
2457 4998 2564 5041 non
2591 4994 2674 5043 est
2712 4987 2932 5054 vitium;
2965 4995 3019 5043 et
3048 4988 3169 5043 ideo
3194 4989 3254 5044 fit
3283 5006 3381 5059 per
3405 4990 3508 5048 hoc
3552 4991 3655 5048 bo.

2065 5092 2225 5143 num,
2273 5085 2333 5133 ut
2381 5077 2514 5133 illud
2562 5078 2774 5134 veniale
2811 5079 2882 5133 sit
2928 5078 3149 5134 malum.
3193 5079 3328 5135 Cum
3372 5084 3480 5138 sint
3525 5098 3657 5155 ergo

2068 5171 2269 5241 neptim
2292 5184 2451 5227 causa
2471 5170 2763 5243 generandi
2792 5172 3081 5239 institutae,
3114 5187 3176 5228 ea
3216 5189 3373 5230 causa
3403 5174 3598 5232 ﬁebant
3623 5194 3658 5235 a

2068 5262 2347 5328 Patribus,
2374 5261 2467 5333 qui
2490 5268 2695 5316 tantum
2740 5261 2918 5317 ofﬁcio
2946 5265 3239 5333 generandi
3281 5264 3492 5321 feminis
3514 5310 3527 5335 ,
3559 5268 3659 5325 sed

2069 5368 2178 5411 non
2219 5354 2422 5421 illicite,
2446 5355 2827 5412 miscebantur.
2878 5354 3009 5413 Erat
3047 5358 3191 5414 enim
3240 5366 3365 5416 tunc
3409 5360 3658 5433 quietiam

2071 5445 2395 5518 propagandi
2421 5445 2714 5503 necessitas
2738 5488 2752 5514 ,
2781 5462 2901 5519 quae
2929 5462 3074 5505 nunc
3108 5465 3215 5506 non
3250 5460 3332 5508 est
3359 5471 3372 5508 :
3404 5453 3658 5523 quoniam

2073 5549 2267 5611 tempus
2304 5539 2671 5611 amplectendi,
2700 5541 2835 5597 sicut
2862 5542 3115 5613 scriptum
3144 5553 3223 5599 est
3246 5585 3260 5610 ,
3294 5545 3437 5615 quod
3478 5547 3663 5619 utique

2070 5639 2200 5690 tunc
2214 5630 2313 5686 fuit
2326 5647 2341 5698 ;
2362 5639 2410 5685 et
2426 5639 2620 5703 tempus
2635 5633 2922 5689 continendi
2937 5633 2999 5688 ab
3014 5634 3249 5704 amplexu
3270 5634 3464 5709 (Eccle.
3478 5651 3558 5712 In,
3573 5635 3659 5714 ὅ),

2139 5743 3261 5813 at.ov.,initviro.distet-temnens,stitutus.
3621 5759 3678 5816 '\
