4122 6212
515 330 623 389 479

514 444 660 517 quod
687 457 830 502 nunc
869 452 972 502 est.
1018 445 1097 502 De
1121 460 1227 517 quo
1267 454 1506 519 tempore
1548 449 1833 518 Apostolus
1871 452 2098 523 loquens

515 536 588 591 ait
612 554 626 591 :
658 534 736 590 De
761 544 957 603 cetera,
988 536 1191 605 fratres,
1224 546 1417 609 tempus
1444 540 1583 595 breve
1608 550 1679 593 est
1699 557 1722 602 ;
1747 543 1993 612 reliquum
2018 554 2094 600 est

514 635 568 680 ut
607 634 654 680 et
694 626 780 695 qui
824 624 1005 679 habent
1048 643 1250 695 uxores,
1297 638 1533 697 tanquam
1576 647 1676 685 non
1719 632 1955 689 habentes
1995 637 2098 691 sint

515 719 557 786 (l
589 717 706 771 Cor.
738 732 839 781 vn,
870 715 984 787 29).
1013 716 1165 773 Unde
1210 734 1352 775 nunc
1391 721 1686 776 rectissime
1723 723 1945 793 dicitur,
1995 726 2095 792 Qui

510 817 671 879 potest
699 825 912 879 capere,
942 810 1110 879 capiat
1142 810 1352 883 (Matth.
1386 829 1476 868 xut
1497 856 1512 881 ,
1547 814 1636 887 I2)
1666 834 1679 870 :
1713 817 1804 887 qui
1830 827 2007 874 autem
2035 835 2095 877 se

510 912 612 952 non
663 898 920 965 continet,
968 899 1150 956 nubat.
1202 901 1352 957 Tunc
1394 919 1520 975 ergo
1559 906 1720 961 etiam
1768 910 2093 967 continentia

506 997 724 1058 propter
748 992 1181 1061 propagationem
1210 991 1437 1049 ﬁliorum
1467 995 1521 1051 in
1550 998 1759 1067 nuptias
1797 999 2094 1058 descende-

505 1081 595 1134 bat
618 1080 795 1135 ofﬁcio
828 1082 843 1112 ⁸
872 1099 885 1135 :
913 1098 1052 1137 nunc
1088 1093 1263 1138 autem
1295 1085 1559 1141 vinculum
1599 1089 1835 1158 nuptiale
1866 1091 2093 1147 inconti-

505 1174 701 1228 nantia:
727 1175 970 1230 subvenit
991 1177 1147 1244 vitio;
1177 1186 1235 1232 ut
1260 1178 1327 1233 ab
1350 1181 1430 1235 eis
1456 1183 1546 1250 qui
1572 1197 1630 1238 se
1658 1198 1763 1238 non
1794 1186 2089 1255 continent,

506 1278 611 1317 non
639 1279 736 1333 per
762 1265 1138 1335 turpitudinem
1167 1278 1491 1339 stuprorum,
1517 1273 1609 1329 sed
1639 1289 1734 1344 per
1755 1276 2090 1335 honestatem

460 1372 467 1377 ·
504 1354 875 1424 conjugiorum
896 1397 911 1423 ,
946 1356 1035 1411 ﬁat
1072 1362 1376 1430 propagatio
1406 1362 1654 1418 ﬁliorum.
1685 1365 1795 1421 Cur
1822 1381 1949 1437 ergo
1984 1383 2092 1423 non

502 1441 634 1497 dixit
649 1446 951 1513 Apostolus,
970 1446 1024 1503 Si
1047 1448 1183 1505 ﬁlios
1205 1465 1311 1507 non
1328 1451 1504 1521 habet,
1522 1455 1721 1510 nubat?
1739 1457 1870 1524 Quia
1891 1460 2093 1516 scilicet

504 1530 606 1587 hoc
634 1541 873 1604 tempore
902 1538 1209 1594 continendi
1235 1540 1302 1596 ab
1326 1544 1594 1612 amplexu,
1625 1561 1732 1602 non
1758 1556 1840 1603 est
1867 1564 2088 1607 necesse

501 1621 639 1678 ﬁlios
675 1640 988 1696 propagare.
1018 1628 1083 1683 Et
1108 1645 1274 1700 quare
1315 1632 1474 1700 dixit,
1506 1633 1569 1690 Si
1610 1652 1664 1690 se
1704 1653 1803 1690 non
1847 1645 2084 1706 continet,

501 1713 699 1769 nubat?
745 1715 937 1786 Utique
990 1730 1290 1789 propterea,
1336 1739 1404 1779 ne
1451 1740 1546 1794 per
1588 1726 2021 1785 incontinentiam
2066 1734 2086 1765 ⁸

499 1815 719 1876 cogatur
749 1807 1071 1866 adulterare.
1105 1810 1162 1867 Si
1201 1828 1330 1883 ergo
1359 1831 1418 1870 se
1446 1818 1714 1882 continet,
1746 1836 1844 1876 nec
1881 1822 2045 1879 nubat
2067 1864 2083 1892 ,

499 1909 601 1949 nec
623 1907 862 1966 generet.
891 1898 945 1954 Si
972 1909 1149 1957 autem
1179 1917 1239 1958 se
1282 1920 1386 1959 non
1413 1908 1682 1975 continet,
1716 1911 1857 1966 licito
1883 1913 2082 1980 nubat,

498 2000 567 2040 ne
599 1989 821 2057 turpiter
864 2002 1102 2061 generet,
1143 2004 1239 2050 aut
1284 2000 1488 2067 turpius
1532 2004 1935 2061 concumbendo
1978 2023 2085 2063 non

496 2086 734 2147 generet.
765 2080 1078 2153 Quanquam
1105 2086 1207 2142 hoc
1231 2091 1372 2158 quod
1399 2091 1638 2149 ultimum
1667 2096 1809 2164 dixi,
1843 2102 2083 2158 nonnulli

497 2163 693 2222 faciant
726 2171 884 2225 etiam
912 2173 1054 2230 licite
1081 2176 1365 2248 conjugati.
1406 2180 1589 2239 lllicite
1619 2163 1846 2257 namque
1887 2198 1940 2244 ct
1969 2198 2080 2246 tur-

492 2257 635 2326 piter
679 2259 837 2315 etiam
884 2278 1004 2319 cum
1054 2268 1287 2337 legitima
1335 2287 1501 2329 uxore
1543 2279 1947 2345 concnmbitur,
1991 2282 2081 2339 ubi

498 2350 661 2416 prolis
702 2356 982 2422 conceptio
1009 2357 1295 2416 devitatur.
1326 2363 1478 2430 Quod
1508 2366 1737 2424 faciebat
1757 2371 1909 2427 Onan
1943 2373 2080 2432 ﬁlius

493 2437 666 2505 Judm,
694 2451 749 2496 et
766 2444 958 2500 occidit
980 2447 1129 2506 illum
1150 2463 1366 2522 propter
1388 2456 1487 2512 hoc
1508 2458 1647 2515 Deus
1669 2461 1820 2533 (Gen.
1846 2481 2074 2536 xxxvm,

491 2527 668 2599 8-10).
698 2531 1016 2606 Propagatio
1053 2539 1230 2610 itaque
1258 2544 1528 2614 ﬁliorum,
1560 2527 1687 2619 ipsa
1714 2562 1796 2607 est
1826 2557 1994 2624 prima
2024 2527 2079 2613 et

489 2620 750 2676 naturalis
773 2631 827 2677 et
852 2623 1083 2695 legitima
1108 2644 1266 2687 causa
1290 2636 1592 2704 nuptiarum
1619 2657 1633 2693 :
1661 2655 1723 2695 ac
1745 2620 1841 2711 per
1863 2644 1965 2699 hoc
1985 2647 2076 2716 qui

489 2717 709 2778 propter
735 2712 1170 2775 incontinentiam
1198 2724 1555 2795 conjugantur
1578 2768 1593 2795 ,
1625 2746 1731 2786 non
1772 2734 1851 2789 sic
1878 2712 2077 2792 debent

491 2808 790 2872 temperare
816 2808 1017 2864 malum
1057 2826 1210 2867 suum
1231 2854 1247 2881 ,
1280 2824 1337 2870 ut
1366 2817 1561 2873 bonum
1591 2824 1948 2880 cxlermincnt
1976 2844 2074 2883 nu-

487 2891 735 2961 ptiarum,
768 2896 819 2952 id
849 2908 949 2965 est,
980 2904 1324 2975 propaginem
1352 2907 1600 2968 ﬁliorum.
1632 2914 1707 2971 Dc
1734 2916 2071 2977 incontinen-

486 2982 629 3038 tibus
670 2986 863 3058 quippe
902 2990 1219 3061 loquebatur
1265 2997 1589 3070 Apostolus,
1636 3005 1725 3060 ubi
1771 3008 1888 3064 ait:
1949 3010 2071 3067 Volo

483 3073 641 3144 igitur
653 3077 885 3146 juniores
913 3083 1127 3151 nubere,
1158 3085 1292 3154 ﬁlios
1323 3106 1614 3160 procreare,
1656 3104 2070 3170 matresfamilias

482 3180 610 3230 esse,
640 3169 833 3222 nullam
861 3174 1172 3230 occasionem
1194 3178 1319 3235 dare
1346 3183 1636 3241 adversario
1666 3189 1921 3245 maledicti
1944 3211 2069 3264 gra-

484 3254 574 3307 tia.
612 3254 735 3310 lant
776 3261 908 3314 enim
935 3278 1188 3320 conversa:
1224 3271 1456 3338 quwdam
1483 3285 1600 3329 sunt
1636 3287 1768 3332 retro
1796 3292 1906 3348 post
1932 3293 2070 3339 sata-

483 3360 603 3397 nam
631 3346 674 3414 (Ι
706 3347 837 3403 Tim.
863 3366 922 3415 v,
958 3353 1025 3406 14
1042 3357 1223 3425 ει15).
1261 3358 1393 3414 Cum
1435 3362 1610 3434 itaque
1654 3346 1883 3437 diccbat,
1943 3373 2067 3429 Volo

473 3435 706 3503 juniores
734 3438 956 3503 nubere;
985 3441 1086 3497 hoc
1115 3446 1294 3515 utique
1322 3454 1570 3509 monebat
1599 3446 1818 3527 propter
1855 3462 2062 3518 ruinam

482 3522 879 3583 incontinentia:
918 3531 1253 3591 fulciendam.
1294 3537 1397 3593 Sed
1438 3557 1505 3598 ne
1548 3522 1681 3602 forte
1700 3522 1788 3605 vab
1825 3552 1906 3607 eis
1950 3555 2063 3609 sola

478 3616 711 3669 carnalis
745 3621 1189 3690 concupiscentia:
1236 3631 1556 3700 cogitaretur
1599 3638 1917 3708 inlirmitas,
1976 3647 2063 3701 cui

480 3710 847 3766 tantummodo
879 3725 1022 3770 esset
1061 3732 1223 3788 opere
1261 3725 1508 3780 connubii
1553 3731 1914 3802 serviendum,
1958 3754 2060 3793 nu-

480 3798 707 3866 ptiarum
748 3813 927 3860 autem
966 3808 1049 3863 vel
1098 3820 1528 3874 contemneretur
1574 3822 1653 3877 vel
1705 3827 2061 3898 negligerctur

476 3887 705 3957 bonum;
728 3896 980 3953 continuo
999 3900 1291 3971 subjunxit,
1320 3908 1454 3976 filios
1483 3927 1767 3981 procreare,
1796 3927 2060 3993 matresfa-

473 3979 640 4035 milias
664 3998 788 4037 esse.
809 3987 913 4052 Qui
940 4003 1068 4044 vero
1093 3992 1295 4062 eligunt
1316 3979 1621 4068 continere,
1654 3979 1851 4076 aliquid
1878 3979 2058 4082 utique

472 4070 664 4125 melius
691 4074 891 4144 eligunt
917 4093 1072 4147 quam
1100 4093 1183 4137 est
1210 4089 1512 4155 nuptiarum
1542 4070 1774 4164 bonum,
1806 4099 1911 4156 hoc
1937 4070 2052 4170 est,

470 4161 743 4225 generatio
791 4163 1036 4220 ﬁliorum.
1079 4169 1232 4226 Unde
1274 4175 1316 4228 si
1357 4178 1566 4248 eligitur
1606 4161 1952 4256 continentia.
1997 4161 2057 4250 ut

470 4245 612 4301 bono
657 4251 959 4319 nuptiarum
997 4257 1188 4316 melius
1223 4245 1807 4344 aliquid'capessatur;
1857 4245 2055 4350 quanto

470 4336 647 4404 potius
675 4341 1017 4399 custodienda
1044 4357 1145 4412 est,
1174 4360 1232 4406 ut
1259 4336 1576 4416 adulterium
1602 4336 1895 4424 caveatur‘}
1918 4374 2053 4432 Cum

467 4426 609 4482 enim
655 4429 877 4488 dixisset
919 4436 1232 4511 Apostolus,
1282 4445 1433 4510 Quod
1470 4452 1518 4504 si
1562 4470 1615 4508 se
1655 4473 1757 4512 non
1808 4464 2049 4533 continet,

466 4517 669 4575 nubat:
717 4520 903 4579 Melius
946 4536 1020 4583 est
1064 4532 1196 4586 enim
1220 4575 1235 4600 ,
1286 4536 1488 4608 inquit,
1535 4544 1718 4601 nubere
1766 4568 1919 4621 quam
1970 4559 2052 4612 uri

464 4609 509 4679 (Ι
535 4609 651 4667 Cor.
686 4628 794 4684 vn,
823 4617 902 4688 9).
933 4618 1051 4677 Non
1080 4621 1248 4695 dixit,
1278 4626 1468 4688 Melius
1494 4644 1578 4691 est
1604 4609 1864 4699 mmcliari
1890 4609 2048 4717 quam

464 4713 565 4755 ul'l.

535 4791 763 4852 CAPUT
790 4797 925 4855 XIII.
945 4831 1019 4842 ——
1034 4804 1119 4859 I3.
1148 4807 1204 4861 Ν
1206 4810 1391 4868 olentes
1413 4820 1729 4877 reconciliari
1748 4830 2046 4901 conjugibus

463 4883 741 4952 adulteris,
773 4893 1131 4951 continentiam
1167 4903 1471 4959 custodiant.
1516 4909 1632 4965 Non
1669 4923 1753 4969 est
1795 4883 1951 4988 igitur
1976 4923 2043 4978 ad

466 4931 741 4952 ,,π-----..-,
773 4931 1131 4951 -...............m
1167 4931 1471 4959 ωωιυιιιαηι.
1516 4931 1632 4965 non
1669 4931 1753 4969 εει
1795 4931 1951 4988 Igitur
1976 4931 2043 4978 ad

390 4931 423 5005 έί
460 4974 602 5044 quod
631 4978 978 5043 exhortamur
1005 5001 1097 5043 eos
1132 4993 1221 5061 qui
1265 4998 1595 5056 reconciliari
1636 5005 1820 5063 timent
1856 5014 2043 5083 conju-

463 5063 610 5083 _2L-_-
649 5082 657 5083 κ
692 5067 703 5083 Ι
747 5069 779 5083 1-
850 5073 859 5083 ·
1050 5077 1062 5083 ⁵
1178 5080 1190 5083 “

412 5108 415 5111 .
459 5063 613 5132 gibus
640 5067 890 5127 adulteris
922 5077 1228 5144 paenitendo
1256 5087 1474 5155 sanatis,
1505 5092 1605 5147 nisi
1634 5096 1700 5150 ad
1739 5063 2042 5160 custodien-

461 5151 583 5208 dam
610 5158 1008 5219 continentiam.
1040 5167 1300 5236 Quoniam
1328 5179 1521 5236 mulier
1543 5183 1750 5257 alligata
1787 5195 2039 5261 quamdiu

457 5243 573 5300 sive
600 5248 844 5306 mmchus
871 5254 988 5311 sive
1013 5269 1187 5317 castus
1214 5266 1296 5320 vir
1332 5269 1449 5339 ejus
1473 5274 1634 5342 vivit,
1670 5284 1969 5342 moechatur
1994 5290 2039 5344 si

455 5332 605 5390 alteri
634 5341 904 5409 nupserit;
940 5356 993 5400 et
1022 5349 1103 5404 vir
1127 5352 1372 5424 alligatus
1400 5367 1652 5430 quamdiu
1692 5372 1804 5427 sive
1830 5380 2039 5436 mtecha

456 5424 568 5482 sive
591 5440 736 5487 casta
762 5448 894 5491 uxor
915 5436 1030 5507 ejus
1054 5441 1201 5513 vivit,
1230 5451 1529 5511 moechatur
1552 5460 1595 5514 si
1622 5461 1844 5524 alteram
1874 5469 2039 5528 duxe-

449 5608 906 5723 dgmaermanensls
944 5628 1086 5690 Mss,
1142 5626 1194 5683 in
1234 5634 1511 5699 nuptiarum
1553 5643 1869 5705 descendebat
1932 5652 2035 5723 oﬁi-

512 5732 532 5765 ³
564 5734 866 5795 Corbeiensis
885 5746 1060 5813 codex,
1084 5765 1144 5806 ne
1162 5764 1356 5820 propter
1378 5758 1781 5823 incontinentiam.

1412 334 1501 390 DE
1535 331 1879 394 CONJUGIIS
1914 336 2392 415 ADULTERINIS,
2433 344 2493 402 S.
2531 347 2904 409 AUGUSTINI

3696 373 3811 432 480

2206 456 2296 511 rit.
2327 457 2453 514 Haec
2479 474 2707 535 namque
2741 464 2977 536 alligatio
3008 472 3222 540 quando
3246 476 3460 547 quidem
3501 496 3607 538 non
3635 486 3808 543 solvi-

2204 557 2323 615 tur,
2357 551 2563 607 etiamsi
2606 568 2703 623 per
2734 556 3012 626 repudium
3056 564 3468 634 cunjuxacasto
3509 574 3739 646 conjuge
3781 580 3803 612 ⁸

2202 650 2517 709 separetur;
2573 646 2739 700 multo
2801 649 2974 704 minus
3019 642 3271 725 solvitur,
3313 662 3358 715 si
3400 679 3504 717 non
3550 678 3801 737 separata

2205 734 2525 790 mteehetur.
2548 737 2625 791 Ac
2647 754 2743 808 per
2766 739 2868 796 hoc
2892 756 2997 797 non
3019 760 3138 801 eam
3165 750 3344 819 solvit,
3369 754 3471 810 nisi
3498 772 3642 813 mors
3663 776 3727 813 co
3738 778 3804 816 n-

2198 822 2368 894 jugis,
2398 841 2504 881 non
2531 827 2585 882 in
2611 829 3257 918 adulteriumcorruentis
3276 883 3291 910 ,
3322 844 3417 900 sed
3454 847 3522 903 de
3560 864 3799 921 corpore

2199 918 2460 973 exeuntis.
2492 918 2827 993 Quapropter
2851 926 2897 981 si
2926 912 3208 987 recesserit
3233 935 3425 992 mulier
3451 941 3519 997 ab
3547 941 3799 1001 adultero

2198 1008 2347 1077 viro,
2376 1019 2430 1066 et
2455 1011 2504 1066 ei
2535 1015 2863 1072 reconciliari
2890 1035 2995 1075 non
3032 1023 3177 1088 vult,
3210 1037 3425 1084 maneat
3452 1032 3703 1104 innupta;
3737 1049 3797 1092 et

2200 1101 2244 1154 si
2271 1101 2535 1159 dimiserit
2560 1105 2641 1160 vir
2666 1106 2964 1165 adulteram
2992 1115 3294 1186 mulierem,
3321 1130 3375 1175 et
3398 1137 3514 1178 eam
3545 1141 3649 1180 non
3678 1129 3795 1185 vult

2198 1195 2439 1265 recipere
2481 1213 2581 1253 nec
2617 1208 2737 1269 post
2772 1206 3160 1277 paenitentiam,
3204 1216 3468 1271 custodiat
3504 1223 3792 1277 continen-

2197 1284 2363 1339 tiam:
2415 1290 2517 1343 etsi
2564 1305 2668 1345 non
2709 1307 2773 1347 ex
2810 1295 3081 1354 voluntate
3118 1301 3344 1372 eligendi
3376 1308 3597 1378 potioris
3635 1313 3786 1379 boni,

2195 1385 2340 1433 certe
2370 1393 2434 1433 ex
2469 1383 2789 1440 necessitate
2814 1387 3011 1443 vitandi
3054 1394 3339 1461 perniciosi
3368 1400 3515 1455 mali.
3558 1403 3637 1457 Ad
3682 1403 3792 1462 hoc

2193 1468 2536 1537 exhortarer,
2568 1474 2774 1531 etiamsi
2800 1493 2937 1533 uxor
2963 1490 3107 1537 esset
3142 1484 3193 1538 in
3224 1485 3478 1559 languore
3508 1492 3789 1553 insanabili

2192 1569 2350 1631 atque
2371 1562 2638 1630 diuturno,
2662 1568 2868 1624 etiamsi
2892 1571 3082 1627 alicubi
3107 1585 3251 1633 esset
3269 1595 3492 1651 corpore
3513 1599 3782 1657 separata,

2192 1664 2298 1719 quo
2327 1653 2548 1708 maritus
2576 1671 2681 1710 non
2721 1670 2902 1727 posset
2942 1664 3234 1723 accedere:
3278 1681 3549 1741 postremo
3586 1678 3651 1732 ad
3680 1679 3786 1737 hoc

2191 1740 2526 1812 exhortarer,
2553 1747 2762 1803 etiamsi
2785 1752 2976 1807 mulier
3001 1755 3188 1813 volens
3212 1761 3390 1817 vivere
3418 1768 3779 1839 continenter,

2190 1834 2432 1900 quamvis
2469 1846 2652 1891 contra
2682 1838 3014 1910 disciplinam
3039 1885 3054 1910 ,
3093 1849 3215 1917 quia
3245 1867 3348 1906 non
3376 1869 3440 1908 ex
3467 1870 3735 1915 consensu
3758 1904 3776 1927 .

2190 1929 2368 1978 tamen
2407 1926 2655 1995 pudicum
2700 1932 2890 2001 pudica
2938 1936 3245 1996 dimitteret.
3280 1943 3415 2001 Puto
3448 1950 3591 2004 enim
3631 1926 3783 2009 chris

2187 2011 2415 2068 stianum
2443 2018 2708 2073 neminem
2749 2022 3033 2093 reluctari,
3064 2029 3364 2090 adulterum
3405 2052 3525 2094 esse
3566 2042 3656 2111 qui
3694 2045 3779 2101 vel

2186 2101 2277 2158 diu
2304 2104 2614 2176 languente,
2647 2112 2730 2166 vel
2756 2112 2845 2169 diu
2873 2115 3093 2175 absente
3123 2122 3206 2177 vel
3235 2126 3571 2185 continenter
3598 2134 3779 2191 vivere

2184 2194 2430 2263 cupiente
2457 2213 2550 2253 sua
2579 2215 2764 2269 uxore,
2797 2205 2950 2261 alteri
2980 2212 3302 2269 commixtus
3326 2227 3410 2272 est
3436 2220 3665 2278 feminae.
3687 2225 3779 2282 Sic

2185 2297 2313 2356 ergo
2358 2297 2412 2342 et
2454 2289 2672 2346 dimissa
2718 2296 2991 2365 adultera,
3032 2303 3240 2360 adulter
3280 2319 3364 2364 est
3398 2327 3518 2368 cum
3563 2317 3770 2375 altera:

2183 2375 2432 2443 quoniam
2464 2395 2566 2434 non
2612 2381 2699 2438 ille
2719 2425 2732 2448 ,
2765 2397 2856 2440 aut
2897 2389 3023 2456 ille;
3067 2393 3160 2448 sed
3182 2436 3197 2461 ,
3232 2396 3410 2454 Omnis
3449 2406 3535 2472 qui
3564 2405 3774 2463 dimittit

2181 2478 2388 2519 uxorem
2406 2484 2570 2535 suam,
2591 2481 2637 2524 et
2655 2473 2793 2528 ducit
2813 2477 3046 2545 alteram,
3070 2486 3347 2540 moechatur
3363 2489 3514 2559 (Luc.
3530 2510 3637 2560 xw,
3654 2498 3771 2569 I8).

2179 2553 2512 2627 Quapropter
2536 2560 2580 2614 si
2610 2577 2637 2615 a
2668 2565 2929 2637 conjugali
2962 2570 3169 2627 vinculo
3194 2575 3447 2635 immunis
3472 2584 3646 2641 minus
3669 2602 3771 2658 ap-

2180 2647 2374 2715 petitur
2391 2649 2493 2703 vita
2510 2661 2836 2722 sanctorum,
2860 2659 3211 2719 exborreatur
3226 2683 3382 2736 pruna
3400 2675 3730 2732 moechorum
3747 2693 3764 2744 ;

2177 2744 2231 2790 et
2276 2738 2464 2795 timore
2507 2743 2693 2797 saltem
2726 2747 2961 2805 frenetur
3006 2759 3456 2829 concupiscentia,
3499 2764 3545 2819 si
3581 2781 3769 2826 amore

2176 2841 2283 2883 non
2304 2829 2517 2900 eligitur
2539 2837 2880 2894 continentia.
2907 2841 2961 2897 Si
2985 2845 3126 2899 enim
3149 2848 3237 2903 ubi
3263 2860 3347 2905 est
3375 2854 3551 2923 timor,
3577 2873 3769 2929 opere-

2176 2926 2261 2973 tur
2279 2920 2461 2988 labor;
2487 2924 2573 2979 ubi
2593 2934 2710 2981 erat
2738 2928 2905 2997 labor,
2929 2934 3029 2988 erit
3050 2946 3103 2989 et
3121 2953 3292 2994 amor.
3315 2941 3429 2998 Non
3460 2947 3602 3001 enim
3627 2964 3764 3006 con-

2174 3007 2442 3066 ﬁdendum
2485 3022 2567 3068 est
2604 3015 2671 3071 dc
2715 3021 2908 3075 nostris
2948 3025 3179 3093 viribus;
3231 3031 3323 3086 sed
3362 3037 3533 3091 oratio
3573 3039 3764 3111 adjun-

2171 3101 2342 3169 genda
2379 3105 2685 3172 conatibus,
2728 3117 2786 3163 ut
2830 3112 3047 3182 impleat
3092 3117 3274 3187 bonis,
3322 3124 3412 3194 qui
3454 3101 3686 3186 deterret
3726 3148 3762 3189 a

2171 3192 2346 3248 malis.

2240 3282 2465 3340 CAPUT
2505 3285 2641 3341 XIV.
2672 3320 2745 3330 -—
2772 3292 2858 3347 14.
2904 3294 3133 3365 Objectio
3180 3301 3322 3368 alia,
3370 3305 3467 3360 hac
3511 3313 3761 3368 sententia

2170 3372 2369 3426 excludi
2398 3375 2770 3445 benignitatem,
2804 3392 2859 3436 ut
2886 3388 3057 3440 mariti
3082 3391 3233 3444 velint
3261 3396 3433 3464 puniri
3460 3400 3719 3458 adulteras
3736 3446 3756 3471 ,

2169 3462 2349 3531 quibus
2390 3467 2601 3518 mortuis
2643 3469 2823 3524 ducere
2872 3474 3003 3528 alias
3052 3462 3268 3547 possint.
3318 3462 3757 3557 Respondeamus

2170 3550 2327 3603 etiam
2354 3552 2419 3605 ad
2460 3554 2611 3622 illud,
2642 3558 2728 3611 ubi
2758 3571 2909 3627 putas
2936 3567 3155 3625 maritos
3184 3571 3250 3627 ad
3281 3550 3575 3642 puttiendas
3598 3550 3758 3641 adul;

2169 3646 2309 3694 teras
2334 3641 2451 3698 sine
2476 3645 2577 3698 ulla
2610 3648 2947 3709 miseratione
2980 3662 3259 3731 compelli;
3286 3680 3406 3722 cum
3447 3672 3631 3730 volunt
3659 3690 3756 3735 eas

2167 3731 2299 3783 mori
2322 3773 2336 3797 ,
2364 3733 2408 3786 si
2448 3734 2527 3789 eis
2556 3737 2852 3797 viventibus
2887 3760 2989 3801 non
3033 3748 3155 3806 licet
3182 3754 3261 3810 eis
3296 3757 3491 3817 alteras
3533 3763 3751 3824 ducere.

2163 3819 2333 3887 Quam
2378 3825 2743 3885 crudelitatem
2789 3834 2975 3892 volens
3013 3854 3335 3913 exaggerare
3375 3849 3593 3909 dixisti:
3628 3856 3753 3915 Non

2162 3911 2286 3966 nti/ti
2311 3915 2524 3984 videtur,
2548 3924 2890 3981 amantissime
2909 3942 3070 3999 pater,
3095 3936 3177 3990 In'c
3201 3937 3401 3996 divinus
3424 3960 3529 4000 esse
3551 3964 3745 4018 sensus,

2159 4002 2246 4057 ubi
2263 4004 2542 4078 benignitas
2561 4020 2609 4065 et
2632 4014 2790 4083 pietas
2816 4021 3115 4080 excluditur.
3145 4027 3217 4082 Ita
3245 4030 3385 4086 istud
3410 4032 3562 4104 dicis,

2161 4106 2440 4166 propterea
2476 4104 2650 4159 mariti
2695 4123 2913 4176 parcere
2949 4114 3180 4173 debeant
3207 4122 3465 4181 adulteris
3491 4104 3703 4188 femi-nis
3725 4174 3743 4202 ,

2158 4187 2282 4255 quia
2325 4189 2448 4246 licet
2482 4193 2560 4249 eis
2599 4197 2796 4254 alteras
2835 4201 3070 4271 ducere;
3103 4218 3163 4264 ut
3206 4213 3253 4267 si
3291 4228 3396 4271 non
3443 4219 3586 4286 licet,
3634 4237 3744 4280 non

2158 4293 2378 4347 parcant
2396 4294 2453 4339 ut
2481 4287 2657 4343 liceat.
2686 4291 2936 4357 Quinimo
2956 4310 3241 4371 propterea
3262 4306 3459 4365 debent
3485 4316 3743 4381 peccatri-

2156 4371 2306 4429 cibns
2334 4377 2577 4444 prtebere
2598 4382 3038 4457 misericordiam,
3069 4404 3128 4448 ut
3154 4406 3209 4451 et
3234 4397 3331 4466 ipsi
3359 4414 3454 4468 pro
3478 4371 3588 4457 suis
3615 4417 3742 4473 pec-

2154 4463 2286 4519 catis
2328 4467 2744 4528 misericordlam
2795 4491 3205 4551 consequantur.
3249 4463 3314 4541 Et
3356 4463 3524 4545 multo
3567 4463 3738 4566 magis

2155 4552 2256 4610 hoc
2279 4557 2357 4611 eis
2384 4558 2679 4618 faciendum
2703 4575 2804 4633 est,
2836 4572 2923 4640 qui
2945 4572 3174 4629 dimissis
3201 4578 3453 4635 uxoribus
3483 4552 3741 4643 adulteris

2152 4646 2371 4715 cupiunt
2398 4649 2577 4707 vivere
2595 4657 2952 4717 continenter.
2983 4662 3150 4718 Tanto
3175 4666 3371 4737 quippe
3395 4670 3593 4729 debent
3618 4690 3740 4732 esse

2151 4737 2625 4814 misericordiores,
2652 4761 2849 4819 quanto
2877 4755 3058 4810 volunt
3083 4771 3202 4813 esse
3234 4762 3530 4819 sanctiores
3554 4784 3567 4820 :
3602 4777 3656 4822 nt
3683 4778 3739 4823 et

2149 4826 2217 4883 ad
2240 4831 2536 4889 castitatem
2562 4836 2614 4891 in
2642 4853 2701 4894 se
2722 4841 2850 4910 ipsis
2872 4847 3184 4903 servandam
3211 4850 3463 4907 divinitus
3486 4857 3738 4927 adjuvan-

2149 4924 2257 4985 tur,
2283 4920 2409 4975 dum
2435 4926 2732 4983 castitatem
2757 4932 2824 4987 ab
2845 4937 3099 4992 uxoribus
3125 4940 3374 4997 violatam
3398 4960 3495 4999 nec
3517 4947 3614 5015 ipsi
3639 4949 3737 5002 hu-

2147 5010 2378 5068 manitus
2404 5014 2746 5076 ulciscuntur.
2776 5024 2841 5078 Et
2867 5029 3095 5085 maxime
3122 5047 3223 5087 vox
3251 5034 3338 5090 illa
3365 5035 3626 5093 dominica
3651 5050 3735 5096 est

2145 5101 2226 5157 eis
2273 5103 2327 5159 in
2367 5111 2679 5167 memoriam
2724 5119 3052 5174 revocanda:
3104 5122 3206 5187 Qui
3247 5125 3355 5179 sine
3395 5139 3595 5196 peccato
3638 5141 3731 5197 est,

2147 5194 2286 5262 prior
2313 5197 2367 5251 in
2393 5198 2537 5253 illam
2566 5203 2784 5274 lapidem
2804 5209 2966 5278 jacint
2991 5210 3170 5280 (Joan.
3205 5230 3299 5270 vtu
3320 5259 3333 5283 ,
3363 5194 3437 5287 7).
3468 5219 3602 5288 Νοη,
3630 5194 3732 5288 Qui

2144 5286 2261 5342 sine
2291 5289 2405 5359 ipso
2444 5304 2661 5363 peccato
2691 5307 2806 5365 est,
2844 5302 3091 5370 quoniam
3127 5286 3403 5377 loquimur
3423 5310 3491 5367 de
3526 5286 3732 5382 pudicis

2143 5376 2273 5435 viris
2299 5381 2354 5448 ’;
2398 5384 2526 5453 sed,
2562 5386 2664 5452 Qui
2702 5389 2810 5443 sine
2851 5404 3052 5461 peccato
3090 5376 3203 5452 est:
3249 5400 3393 5471 quod
3435 5402 3479 5456 si
3510 5416 3631 5460 esse
3671 5418 3733 5462 se

2208 5597 2224 5627 ί
2261 5599 2332 5647 Sic
2347 5600 2567 5686 .meliori‘s
2589 5611 2716 5655 notae
2740 5613 2845 5658 Mss.
2872 5615 2926 5660 At
2945 5616 3074 5672 Lov.,
3100 5612 3281 5676 coniux
3304 5627 3335 5665 α
3355 5621 3490 5668 casta
3504 5618 3726 5686 conjuge.

2141 5662 2235 5730 Erl,
2249 5661 2575 5730 τριήρη-ραδιο
2596 5680 2811 5730 corpore.

2174 5781 2187 5791 ι
2205 5724 2232 5792 τι,
2257 5723 2330 5773 sic
2349 5725 2523 5777 melius
2544 5735 2648 5779 Mss.
2674 5723 2729 5780 At
2749 5731 2894 5794 editi,
2913 5738 3147 5797 quomodo
3168 5736 3407 5804 loquimur
3442 5740 3503 5794 dc
3533 5741 3729 5807 pudicis

2141 5793 2266 5834 vll'iS.
