4122 6212
292 331 400 390 £8!

298 445 574 508 dixerint,
605 455 662 496 se
691 441 834 511 ipsos
876 436 1166 502 seducunt,
1200 442 1252 490 et
1276 435 1472 491 veritas
1497 434 1548 490 in
1580 435 1657 490 eis
1689 451 1792 490 non
1819 444 1900 490 est

299 539 350 610 (Ι
381 539 540 592 Joan.
572 551 610 598 ι,
636 533 716 604 8).
744 533 914 586 Porro
958 529 1002 583 si
1030 544 1132 584 non
1166 543 1224 582 se
1253 527 1538 592 seducunt,
1566 535 1721 581 etest
1749 527 1798 579 in
1822 527 1900 580 eis

300 630 526 694 veritas,
568 641 674 680 non
706 623 807 679 crit
854 623 905 675 in
954 620 1032 674 eis
1076 628 1294 674 cruenta
1335 619 1609 672 severitas.
1659 615 1902 688 Scientes

300 723 453 778 enim
478 735 536 773 se
559 733 662 772 non
688 730 808 770 esse
833 714 948 768 sine
970 723 1205 782 peccato,
1234 710 1505 765 dimittunt
1527 719 1581 762 ut
1609 708 1902 764 dimittatur

302 814 424 876 eis;
453 826 553 865 nec
577 809 644 862 ab
665 807 742 862 eis
763 803 1061 874 benignitas
1086 811 1139 858 et
1167 802 1331 871 pietas
1357 799 1652 855 excluditur
1675 801 1712 852 ί.
1737 800 1901 870 Magis

303 905 452 959 enim
485 901 601 956 hmc
641 894 1007 959 excluduntur,
1042 893 1087 947 si
1115 894 1344 962 peccatis
1389 892 1670 962 conjugum
1713 891 1780 944 ab
1823 891 1900 945 eis

306 996 561 1064 impetret
588 991 795 1046 veniam
827 987 1035 1041 licentia
1068 985 1322 1050 libidinis,
1353 1001 1460 1039 non
1487 1000 1615 1039 cura
1645 983 1896 1053 pietatis;

305 1085 360 1139 id
388 1093 469 1138 est
490 1125 504 1148 ,
533 1091 589 1136 ut
615 1089 894 1150 propterea
922 1085 1142 1147 parcant
1167 1077 1285 1144 quia
1315 1077 1438 1130 licet
1469 1077 1545 1130 eis
1573 1075 1768 1128 alteras
1799 1075 1898 1128 du-

305 1191 432 1230 cere
454 1215 471 1241 ,
504 1183 555 1227 ct
587 1187 692 1226 non
726 1170 898 1240 potius
925 1176 1202 1238 propterea
1232 1166 1353 1237 quia
1379 1165 1567 1220 volunt
1588 1175 1640 1219 et
1669 1164 1766 1218 sibi
1796 1165 1899 1218 Do-

305 1269 514 1323 minum
546 1278 786 1335 parcere.

381 1361 469 1416 15.
511 1358 720 1427 Quanto
749 1355 925 1425 itaque
954 1352 1166 1419 melius,
1197 1360 1250 1406 et
1278 1351 1579 1415 honestius,
1608 1350 1895 1405 christiana

306 1455 539 1522 denique
566 1450 894 1522 professione
922 1445 1131 1516 dignius
1152 1486 1166 1508 ,
1199 1455 1256 1499 ut
1280 1453 1498 1515 parcant
1534 1445 1892 1499 adulterarum

306 1542 553 1614 sanguini
601 1555 852 1604 uxorum,
899 1537 1040 1608 quod
1084 1536 1336 1604 scriptum
1381 1545 1462 1589 est
1507 1535 1584 1589 eis
1630 1534 1891 1598 dicimus,

307 1636 520 1690 Dimitte
547 1633 847 1702 injustitiam
887 1630 1116 1700 proximo
1154 1637 1272 1690 tuo,
1305 1636 1350 1681 et
1391 1637 1506 1679 tunc
1546 1624 1767 1695 precanti
1809 1626 1895 1679 tibi

309 1735 516 1798 peccata
543 1726 816 1778 solventur.
858 1719 1027 1774 Homo
1075 1719 1266 1772 homini
1295 1727 1549 1771 conservat
1579 1718 1707 1771 iram
1732 1758 1747 1781 ,
1789 1727 1836 1770 et
1863 1733 1895 1770 a

309 1819 532 1874 Domino
556 1816 734 1888 quaerit
764 1813 1008 1868 medelam
1031 1813 1056 1866 ?
1085 1810 1253 1882 Super
1279 1811 1530 1864 hominem
1556 1811 1773 1865 similem
1800 1809 1895 1863 sibi

307 1929 412 1966 non
439 1909 584 1964 habet
607 1906 1019 1971 misericordiam,
1044 1914 1089 1957 et
1115 1905 1177 1957 de
1198 1903 1410 1972 peccatis
1431 1903 1535 1955 suis
1561 1901 1894 1972 deprecatur?

309 2003 439 2059 Cum
466 2002 574 2070 ipse
601 2016 718 2053 caro
743 1999 828 2063 sit,
855 2005 1110 2052 conservat
1137 1994 1496 2047 iracundiam?
1518 1993 1626 2062 quis
1653 1991 1895 2062 propitia-

307 2099 447 2151 bitur
475 2093 687 2166 peccatis
725 2092 863 2145 illius
891 2089 1074 2160 (Eccli.
1108 2103 1278 2141 xxvut
1300 2127 1314 2149 ,
1343 2085 1484 2154 2-5);
1517 2092 1570 2139 et
1612 2083 1677 2139 dc
1718 2084 1892 2137 Evan-

308 2190 448 2261 gelio
470 2229 483 2251 ,
517 2186 797 2252 Dimittite,
831 2194 877 2237 et
914 2183 1188 2236 dimittetur
1215 2181 1350 2234 vobis
1380 2178 1530 2250 (Luc.
1563 2194 1644 2242 vt,
1677 2176 1805 2248 37);
1838 2184 1896 2230 ut

308 2280 575 2351 possimus
603 2277 780 2331 dicere
805 2317 820 2341 ,
851 2273 1060 2328 Dimitte
1099 2272 1240 2326 nobis
1267 2271 1432 2325 debita
1463 2280 1662 2336 nostra,
1693 2270 1821 2322 sicut
1849 2277 1893 2321 et

306 2387 402 2424 nos
435 2367 731 2422 dimittimus
758 2364 1059 2418 debitoribus
1087 2364 1268 2416 nostris
1297 2361 1509 2433 (Matth.
1555 2377 1604 2414 vt
1626 2402 1641 2425 ,
1676 2359 1767 2428 1‘2)
1794 2376 1808 2424 ;
1841 2369 1895 2413 et

308 2464 379 2517 de
405 2458 662 2531 Apostolo
685 2500 700 2525 ,
748 2456 897 2511 Nulli
924 2455 1114 2509 malum
1145 2471 1236 2524 pro
1266 2454 1399 2506 malo
1428 2452 1686 2506 reddentes
1715 2449 1890 2522 (Rom.

308 2569 383 2609 xu
406 2596 420 2620 ,
454 2553 540 2624 17)
569 2571 580 2605 :
611 2559 666 2605 et
690 2550 734 2604 si
762 2565 864 2619 qua
893 2557 1015 2602 sunt
1046 2545 1346 2616 hujusmodi
1374 2546 1425 2599 in
1454 2543 1737 2612 Scripturis
1767 2556 1894 2595 san-

308 2646 426 2710 ctis,
456 2644 670 2715 quibus,
693 2642 757 2698 ad
779 2638 1138 2696 ulciscendum
1167 2636 1378 2707 quando
1405 2635 1664 2689 humanus
1685 2633 1892 2687 animus

308 2740 592 2803 excitatur,
623 2738 745 2807 quia
774 2734 1094 2790 christianus
1124 2739 1225 2793 est,
1261 2728 1567 2798 mitigatur?

380 2832 608 2888 CAPUT
630 2829 745 2886 XV.
774 2859 844 2870 ——
866 2827 1041 2881 Mariti
1059 2825 1126 2879 ad
1157 2822 1462 2894 parcendum
1492 2821 1732 2874 adulteris
1775 2836 1896 2874 vxo-

307 2927 464 2993 ribus,
493 2941 598 2979 non
621 2923 822 2978 licentia
858 2918 1094 2984 libidinis,
1125 2917 1212 2970 sed
1237 2931 1358 2969 cura
1389 2914 1585 2986 pietatis
1626 2912 1892 2965 adducan-

310 3031 409 3074 tur.
440 3019 682 3087 Quanto,
714 3017 960 3086 inquam,
995 3011 1184 3066 melius
1211 3010 1308 3064 ista
1336 3007 1560 3061 dicimus
1583 3047 1597 3071 ,
1635 3019 1793 3074 quam
1839 3011 1894 3056 ut

309 3114 569 3175 dicamus,
600 3110 824 3164 Tantum
857 3105 1124 3161 adulteras
1154 3102 1280 3156 istas
1309 3100 1588 3164 dimittite,
1621 3105 1675 3152 et
1709 3111 1890 3150 earum

309 3206 470 3260 nolite
496 3202 804 3272 sanguinem
829 3212 1092 3270 quaerere;
1121 3193 1374 3265 quidquid
1396 3190 1594 3245 doloris
1619 3204 1682 3243 ex
1711 3202 1890 3243 carum

310 3296 520 3368 ﬂagitiis
545 3293 780 3358 habetis,
814 3288 1227 3346 consolabuntur
1270 3298 1364 3338 vos
1395 3283 1512 3336 alia:
1555 3296 1686 3351 quas
1723 3278 1890 3332 duxe-

310 3389 422 3443 ritis
452 3406 466 3440 :
496 3384 688 3440 merito
709 3382 850 3436 enim
872 3379 1077 3435 velletis
1107 3378 1234 3431 istas
1261 3375 1327 3429 de
1356 3373 1641 3427 viventium
1670 3384 1892 3423 numero

310 3483 516 3535 auferre
535 3517 552 3544 ,
582 3476 630 3531 si
657 3490 840 3532 earum
865 3475 968 3528 vita
1000 3470 1377 3542 impedimento
1402 3473 1576 3532 esset,
1610 3463 1892 3534 quominus

311 3572 438 3633 alias
457 3569 726 3625 ducerctis
750 3584 764 3632 ;
788 3582 927 3620 nunc
953 3578 1079 3618 vero
1095 3603 1110 3629 ,
1133 3563 1292 3616 etiam
1317 3560 1432 3614 istis
1453 3556 1745 3611 viventibus
1771 3569 1889 3608 eum

310 3663 468 3719 liceat
493 3662 592 3716 alia
621 3659 770 3713 vobis
797 3653 1129 3710 matrimonia
1160 3649 1465 3721 providere,
1499 3645 1621 3716 quid
1653 3659 1744 3699 eas
1775 3653 1890 3698 tan-

310 3762 495 3824 topere
522 3751 679 3806 vultis
708 3745 990 3803 occidere?
1021 3743 1143 3798 Haec
1170 3743 1214 3796 si
1244 3741 1486 3804 dicimus,
1517 3752 1694 3792 nonne
1722 3744 1893 3789 atten-

310 3843 390 3898 dis
429 3857 587 3913 quam
632 3849 809 3894 nostra
849 3835 1022 3891 suasio
1061 3834 1214 3902 longe
1253 3831 1320 3885 sit
1357 3845 1386 3883 a
1414 3828 1720 3883 charactere
1747 3824 1892 3879 chri-

311 3938 482 3991 stiano
508 3936 529 3965 ²
557 3951 568 3986 :
607 3932 726 4002 quia
752 3939 805 3985 et
831 3928 1016 3983 falsum
1048 3924 1290 3986 dicimus,
1323 3921 1400 3976 eis
1429 3919 1587 3974 licere
1617 3916 1756 3986 quod
1787 3929 1889 3968 non

311 4026 451 4089 licet,
479 4023 584 4078 hoc
609 4031 690 4076 est
708 4061 721 4084 ,
751 4019 866 4074 istis
894 4015 1192 4071 viventibus
1223 4021 1280 4067 ut
1305 4010 1421 4064 aliis
1445 4007 1795 4077 copulentur;
1839 4013 1893 4057 et

309 4117 353 4172 si
398 4123 677 4187 propterea
727 4111 829 4165 illis
870 4106 1222 4179 pepercerim,
1268 4119 1372 4158 non
1420 4109 1637 4170 parcent
1677 4105 1893 4168 pr0pter

311 4211 595 4280 pietatem,
640 4205 734 4259 sed
785 4211 1003 4273 propter
1053 4199 1274 4254 aliarum
1326 4195 1623 4264 nuptiarum
1672 4190 1890 4290 liberam

311 4307 646 4370 potestatem.
695 4296 968 4349 Postremo
1003 4306 1182 4361 quairo
1230 4289 1324 4342 abs
1356 4297 1438 4351 te,
1482 4295 1657 4338 utrum
1702 4287 1893 4334 marito

310 4394 601 4448 christiano
624 4390 776 4442 liceat
801 4387 883 4441 vel
904 4383 1194 4440 secundum
1217 4390 1453 4435 veterem
1476 4377 1568 4430 Dei
1591 4376 1781 4445 legem,
1808 4373 1892 4428 vel

309 4483 565 4538 Romanis
607 4479 810 4549 legibus
837 4477 1128 4530 adulteram
1158 4471 1400 4527 occidere
1425 4469 1489 4521 ³⁸2
1517 4467 1572 4523 Si
1601 4467 1743 4530 licet,
1778 4479 1892 4520 me-

309 4577 408 4630 lius
438 4584 518 4628 est
561 4583 616 4626 ut
644 4573 712 4626 ab
740 4579 962 4638 utroque
989 4581 1046 4620 se
1074 4570 1364 4634 temperet,
1397 4559 1448 4613 id
1477 4570 1583 4622 est,
1614 4570 1667 4613 et
1691 4574 1720 4612 a
1752 4557 1894 4612 licito

309 4667 394 4722 illa
427 4671 681 4735 peccante
708 4659 966 4731 supplicio
985 4699 999 4724 ,
1031 4665 1085 4711 et
1111 4655 1178 4709 ab
1205 4653 1384 4708 illicito
1412 4651 1498 4706 illa
1523 4652 1731 4706 vivente
1760 4664 1892 4704 con-

303 4758 470 4828 jugio.
513 4753 665 4823 Quod
701 4754 743 4807 si
773 4752 1082 4806 alterutrum
1112 4747 1309 4817 eligere
1354 4751 1691 4814 perseverat,
1728 4740 1894 4795 satius

306 4858 388 4903 est
416 4849 466 4903 ei
507 4846 680 4900 facere
709 4842 848 4914 quod
878 4843 1036 4906 licet,
1067 4848 1124 4893 ut
1162 4837 1394 4892 adultera
1425 4836 1704 4905 puniatur,
1735 4848 1892 4904 quam

309 4939 360 4994 id
389 4938 529 5008 quod
553 4952 656 4990 non
680 4936 821 4996 licet,
847 4941 902 4987 ut
923 4933 1034 5002 ipsa
1056 4931 1171 4984 viva
1196 4929 1283 4983 ille
1305 4927 1615 4982 mmehetur.
1641 4925 1695 4980 Si
1716 4934 1892 4979 autem

307 5029 450 5100 quod
478 5028 654 5083 verius
682 5027 894 5090 dicitur,
919 5038 1023 5076 non
1049 5022 1172 5074 licet
1197 5018 1396 5072 homini
1425 5017 1713 5070 christiano
1739 5016 1893 5070 adul-

309 5131 477 5176 teram
505 5119 781 5190 conjugem
812 5116 1075 5178 occidere,
1103 5109 1197 5165 sed
1221 5117 1419 5164 tantum
1447 5107 1748 5169 dimittere;
1777 5107 1895 5176 quis

308 5223 394 5270 est
425 5224 528 5268 tam
559 5213 780 5267 demens
819 5209 907 5280 qui
938 5207 987 5262 ei
1022 5205 1193 5269 dicat,
1225 5200 1332 5254 Fac
1351 5199 1490 5270 quod
1515 5214 1620 5252 non
1652 5198 1804 5265 licet,
1838 5206 1897 5254 ut

309 5307 404 5362 tibi
428 5307 580 5363 liceat
600 5301 741 5374 quod
762 5317 867 5356 non
896 5297 1055 5354 licet?
1079 5294 1210 5351 Cum
1238 5291 1378 5348 enim
1398 5299 1682 5359 utrumque
1706 5304 1896 5344 secun-

378 5487 393 5517 ι
431 5489 563 5541 l.ov.,
588 5496 646 5533 ne
671 5480 732 5532 ab
754 5481 839 5544 eis
865 5477 1125 5544 benignitas
1147 5480 1190 5526 et
1222 5473 1371 5544 pietas
1393 5467 1701 5544 eagcludatur.
1725 5474 1897 5544 eceteri

304 5560 432 5599 vero
446 5532 656 5604 eixliEes,
681 5557 768 5594 nec
791 5542 852 5591 ab
873 5543 959 5600 eis,
972 5532 1100 5601 'etc.,
1125 5547 1178 5590 et
1195 5532 1267 5607 ex.
1277 5537 1353 5607 his
1362 5533 1564 5607 quidam
1583 5532 1782 5593 habent,
1808 5545 1896 5583 ea:-

305 5608 604 5666 cludantur;
631 5599 708 5656 alii
733 5619 845 5669 eum
869 5613 966 5653 Am.
995 5612 1046 5669 et
1156 5599 1450 5669 excluditur.

377 5675 397 5702 ³
429 5660 740 5720 Corbeiensis
761 5667 936 5727 codex,
962 5665 1192 5727 charitate
1215 5660 1409 5710 Christi.

377 5735 399 5767 ³
430 5715 508 5782 si;
522 5715 835 5782 satiesue.
862 5715 1083 5790 At'editi,
1106 5724 1179 5779 vel
1214 5731 1445 5775 Romanas
1467 5716 1592 5785 leges
1627 5715 1900 5772 adulteram

303 5794 552 5868 “cidere.

1620 320 1823 376 LIBER
1860 319 2234 380 SECUNDUS.

3489 344 3595 402 482

2009 435 2136 492 dum
2162 437 2332 508 legem
2370 437 2562 495 Christi
2589 439 2829 497 illicitum
2860 444 2962 512 sit,
2994 445 3107 503 sive
3131 448 3425 508 adulteram
3451 459 3592 513 occis

2009 529 2164 593 dere,
2196 531 2308 585 sive
2347 531 2434 586 illa
2469 533 2679 588 vivente
2717 535 2938 592 alteram
2986 538 3208 608 dueere,
3258 543 3327 598 ab
3369 552 3594 618 utroque

2008 621 2378 678 abstinendum
2402 633 2503 690 est,
2534 640 2640 681 non
2667 626 2908 683 illicitum
2937 645 3035 700 pro
3065 632 3248 689 illicito
3269 634 3588 695 faciendum.

2009 712 2065 768 Si
2095 715 2236 770 enim
2263 715 2494 772 facturus
2518 726 2601 773 est
2625 719 2767 789 quod
2799 737 2902 776 non
2934 722 3091 790 licet,
3118 724 3227 794 jam
3257 725 3416 782 faciat
3436 724 3612 785 adul-l

2009 806 2222 874 terium,
2249 816 2303 863 et
2329 823 2436 864 non
2477 811 2634 865 faciat
2663 811 3034 880 homicidium;
3077 824 3136 870 ut
3165 817 3374 874 vivente
3421 837 3592 878 uxore

2007 898 2227 954 alteram
2256 900 2434 967 ducat,
2477 911 2530 956 et
2558 918 2662 958 non
2699 905 2988 961 humanum
3033 911 3341 980 sanguinem
3385 912 3588 970 fundat.

2007 987 2157 1055 Quod
2184 990 2227 1044 si
2259 1002 2339 1045 est
2367 1000 2647 1063 utrumque
2687 995 2980 1062 nefarium,
3012 1013 3119 1053 non
3161 1000 3320 1057 debet
3364 1004 3590 1060 alterum

2005 1094 2102 1149 pro
2128 1082 2296 1138 altero
2325 1097 2655 1154 perpetrare,
2683 1087 2776 1142 sed
2802 1097 3088 1160 utrumque
3114 1092 3301 1148 vitare.

2075 1173 2297 1229 CAPUT
2318 1175 2458 1231 XVI.
2488 1206 2560 1215 —
2588 1178 2674 1232 16.
2721 1178 3007 1249 Objectatur
3066 1182 3487 1256 incontinentem,
3545 1190 3591 1243 si

2004 1265 2246 1320 adultera:
2289 1269 2437 1321 uxori
2494 1285 2599 1324 suae
2651 1280 2862 1326 mortem
2915 1274 3198 1329 accusando
3256 1279 3544 1347 procurarit
3570 1320 3585 1345 ,

2002 1358 2194 1411 veniam
2243 1371 2565 1432 accepturum
2623 1379 2712 1432 per
2765 1363 3085 1434 Baptismum
3135 1377 3222 1421 aut
3291 1371 3588 1426 reconcilia-

2002 1448 2223 1516 tionem,
2272 1468 2384 1522 qua:
2424 1453 2517 1506 sibi
2556 1454 2781 1524 alioquin
2821 1467 3057 1526 perpetuo
3097 1458 3326 1514 adultero
3365 1461 3588 1533 denega-

2000 1549 2190 1594 rentur.
2231 1541 2474 1598 Graviore
2514 1555 2687 1599 contra
2717 1546 2959 1601 Pollentii
2988 1551 3273 1619 opinionem
3311 1553 3587 1625 excogitari

2002 1650 2164 1703 posse,
2192 1651 2341 1704 quam
2379 1653 2490 1708 qua:
2533 1638 2595 1691 ab
2639 1639 2726 1692 illo
2765 1641 3077 1710 obiectantur
3111 1645 3448 1699 incommoda.
3493 1645 3587 1701 Hic

1998 1723 2153 1778 video
2181 1726 2304 1796 quid
2335 1726 2440 1781 dici
2484 1729 2550 1783 ab
2591 1729 3040 1787 incontinentibus
3079 1735 3247 1802 possit
3279 1735 3460 1806 :quod
3499 1737 3583 1791 vi-

1998 1812 2191 1869 delicet
2216 1817 2304 1886 qui
2332 1817 2548 1872 dimittit
2590 1829 2641 1874 et
2672 1821 2851 1877 vivere
2893 1825 3145 1891 permittit
3174 1825 3490 1894 adulteram,
3532 1829 3579 1883 si

1998 1907 2217 1962 alteram
2246 1909 2475 1975 duxerit,
2518 1913 2772 1981 quamdiu
2821 1914 2965 1982 prior
3006 1915 3093 1968 illa
3117 1917 3266 1983 vivit,
3293 1927 3584 1987 perpetuus

1997 2000 2204 2057 adulter
2231 2012 2333 2068 est,
2365 2019 2463 2059 nec
2494 2005 2599 2075 agit
2625 2006 2988 2074 paenitentiam
3019 2006 3344 2064 fructuosam
3369 2025 3400 2064 a
3429 2010 3585 2080 flagi-

2001 2095 2073 2148 tio
2121 2110 2225 2150 non
2271 2097 2556 2163 recedens;
2585 2113 2684 2153 nec
2706 2099 2753 2152 si
2779 2099 3191 2156 eatecbumenus
3219 2112 3337 2172 est,
3382 2103 3449 2159 ad
3481 2105 3586 2158 Ba-

1998 2186 2248 2254 ptismum
2269 2187 2583 2256 admittitur,
2611 2189 2860 2258 quoniam
2886 2190 2954 2244 ab
2978 2207 3044 2246 eo
3067 2192 3208 2262 quod
3235 2193 3455 2263 impedit
3478 2210 3583 2250 non

1998 2289 2230 2333 mutatur
2256 2296 2270 2344 ;
2297 2295 2395 2335 nec
2420 2282 2750 2336 reconciliari
2782 2283 3045 2351 pmnitens
3069 2293 3245 2352 potest
3291 2286 3344 2339 in
3387 2286 3578 2341 eadem

1998 2368 2232 2437 nequitia
2260 2384 2610 2436 perseverans
2661 2389 2674 2424 :
2727 2371 2773 2425 si
2821 2380 3001 2427 autem
3031 2374 3333 2429 accusando
3379 2375 3585 2431 adulte-

1997 2472 2110 2511 ram
2156 2458 2438 2525 oceiderit,
2482 2460 2583 2515 hoc
2630 2470 2905 2529 peceatum
2952 2464 3200 2532 quoniam
3254 2474 3581 2524 transactum

1999 2556 2098 2612 est,
2132 2554 2186 2602 et
2215 2548 2268 2601 in
2295 2563 2360 2603 eo
2385 2563 2488 2602 non
2520 2559 2816 2619 permanet,
2845 2559 2899 2605 et
2939 2553 2983 2606 si
3023 2568 3052 2606 a
3081 2554 3467 2610 catechumeno
3506 2557 3585 2612 fa-

1997 2648 2139 2691 etum
2193 2648 2311 2706 est,
2363 2639 2686 2709 Baptismate
2726 2641 2986 2708 abluitur;
3035 2651 3093 2698 et
3125 2644 3170 2698 si
3209 2660 3239 2698 a
3276 2647 3576 2716 baptizato,

1997 2730 2310 2799 pamitentia
2335 2739 2388 2786 et
2415 2731 2843 2788 reconciliatione
2889 2743 3124 2789 sanatur.
3179 2736 3284 2791 Sed
3325 2741 3580 2809 numquid

1998 2829 2278 2893 propterea
2307 2822 2498 2876 dicturi
2527 2837 2709 2878 sumus
2733 2823 3052 2881 adulterium
3082 2841 3190 2882 non
3229 2843 3348 2883 esse
3375 2828 3581 2886 adulte-

1997 2913 2156 2979 rium,
2184 2912 2327 2983 quod
2356 2914 2470 2969 sine
2499 2914 2659 2970 dubio
2685 2917 3056 2983 committitur,
3089 2919 3134 2973 si
3164 2919 3388 2990 conjuge
3426 2920 3580 2975 adul-

1998 3012 2110 3058 tera
2139 3005 2347 3059 vivente
2371 3006 2534 3059 altera
2565 3005 2811 3060 ducitur?
2839 3007 2945 3062 Sed
2976 3007 3078 3063 hoc
3105 3009 3349 3065 adulterii
3379 3025 3578 3082 genere

1997 3103 2238 3164 excepto,
2261 3111 2454 3165 nempe
2475 3111 2581 3151 non
2611 3096 2821 3152 dubitas
2846 3113 2964 3154 esse
2992 3099 3334 3166 adulterium,
3359 3101 3404 3156 si
3428 3104 3576 3171 quis-

1997 3201 2153 3256 quam
2182 3186 2339 3241 ducat
2365 3187 2592 3242 viventis
2620 3203 2840 3244 uxorem
2871 3205 2901 3244 a
2926 3191 3042 3245 viro
3081 3207 3178 3246 suo
3217 3208 3312 3262 per
3332 3193 3574 3248 libellum

1995 3277 2201 3346 repudii
2253 3277 2370 3332 sine
2420 3278 2526 3331 ulla
2588 3278 2826 3334 mulieris
2876 3279 3225 3338 fornicatione
3281 3283 3578 3340 dimissam.

1996 3369 2132 3438 Quid
2163 3386 2312 3441 ergo,
2343 3387 2462 3426 cum
2488 3370 2680 3427 viderit
2703 3388 2766 3428 se
2792 3389 2892 3428 nec
2911 3374 2975 3428 ad
3000 3375 3322 3444 Baptismum
3349 3377 3577 3445 admitti,

1996 3463 2041 3516 si
2070 3462 2504 3529 catecliumenus,
2539 3479 2638 3518 nec
2669 3464 2869 3520 utiliter
2911 3480 3068 3536 agere
3098 3468 3486 3536 paenitentiam,
3534 3470 3580 3524 si

1996 3552 2293 3623 baptizatus
2325 3554 2426 3608 hoc
2455 3554 2597 3617 fecit,
2632 3571 2738 3610 non
2785 3557 3101 3628 corrigendo
3127 3567 3182 3612 et
3224 3559 3576 3630 relinquendo

1995 3645 2137 3714 quod
2166 3646 2308 3712 fecit,
2337 3645 2382 3699 si
2411 3661 2532 3701 eum
2559 3646 2789 3702 voluerit
2810 3657 2862 3703 et
2889 3650 3118 3718 potuerit
3142 3651 3386 3706 occidere
3426 3653 3577 3722 cujus

1996 3736 2148 3790 duxit
2174 3752 2422 3802 uxorem,
2454 3744 2513 3790 ut
2531 3737 2634 3792 hoc
2662 3739 2835 3793 scelus
2857 3739 2941 3794 vel
2967 3739 3292 3809 Baptismate
3323 3741 3576 3808 diluatur,

1996 3827 2082 3882 vel
2108 3829 2414 3895 pernitendo
2444 3828 2698 3893 solvatur,
2730 3837 2888 3898 atque
2920 3830 2990 3883 ita
3015 3831 3178 3883 etiam
3204 3831 3335 3885 illud
3365 3832 3579 3887 adulte-

1998 3919 2135 3974 rium
2166 3933 2269 3972 non
2302 3927 2628 3988 permaneat,
2671 3927 2921 3973 evacuata
2965 3920 3190 3976 muliere
3239 3936 3268 3974 a
3317 3923 3434 3992 lege
3479 3923 3579 3978 viri

2000 4017 2118 4078 post
2143 4018 2368 4062 mortem
2395 4008 2514 4074 viri,
2549 4009 2642 4063 sed
2672 4008 2738 4064 de
2771 4018 3038 4065 transacto
3068 4010 3212 4082 quod
3239 4013 3434 4070 factum
3471 4023 3576 4082 est,

1998 4114 2092 4168 per
2119 4097 2485 4169 paenitentiam
2533 4101 2661 4155 satis
2687 4100 2798 4166 fiat,
2828 4102 2909 4157 vel
2956 4105 3360 4174 regeneratione
3389 4104 3576 4162 delea-

1999 4200 2122 4256 tur;
2156 4191 2410 4260 numquid
2442 4200 2721 4261 propterea
2768 4203 2851 4250 est
2899 4194 3198 4251 accusanda
3245 4197 3327 4253 lex
3359 4195 3580 4268 Christi,

2001 4293 2246 4356 tanquam
2276 4285 2592 4355 compulerit
2632 4285 2745 4342 fieri
2787 4288 3151 4356 homicidium,
3181 4305 3299 4346 cum
3331 4291 3446 4348 sine
3476 4292 3586 4348 cric

1998 4375 2141 4430 mine
2168 4375 2531 4432 fornicationis
2547 4378 2876 4448 repudiatam
2899 4379 3118 4448 ducere,
3142 4381 3270 4437 dicit
3295 4398 3413 4440 esse
3431 4383 3582 4439 adul-

2002 4467 2189 4522 terium
2210 4468 2234 4520 ?

2072 4583 2157 4637 l7.
2183 4581 2278 4636 llic
2302 4583 2465 4650 enim,
2498 4581 2541 4635 si
2567 4597 2749 4651 parum
2776 4581 2902 4650 quid
2930 4582 3211 4652 loquamur
3231 4583 3577 4650 attendimus,

1999 4674 2166 4729 multo
2195 4675 2434 4743 graviora
2459 4671 2562 4726 dici
2593 4681 2815 4740 possunt
2844 4687 3002 4741 quam
3049 4673 3160 4742 ipse
3190 4673 3392 4727 dixisti.
3442 4674 3575 4730 Nam

2000 4776 2056 4822 tu
2085 4766 2210 4821 dum
2239 4779 2346 4819 non
2376 4765 2454 4816 vis
2481 4777 2601 4818 esse
2629 4763 2911 4829 adulteria,
2964 4763 3010 4818 si
3052 4764 3171 4818 alia:
3204 4763 3464 4821 ducantur
3489 4767 3576 4822 di-

2000 4857 2178 4913 missis
2208 4855 2477 4918 adulteris,
2509 4854 2612 4909 hoc
2637 4855 2912 4909 invenisti:
2940 4855 3194 4922 Quoniam
3221 4858 3265 4911 si
3291 4858 3398 4912 haec
3426 4859 3581 4913 adul-

2001 4952 2125 5005 teria
2155 4949 2448 5014 dixerimus,
2468 4957 2706 5019 cogentur
2726 4949 2894 5002 mariti
2919 4950 3146 5005 occidere
3165 4951 3440 5019 adulteras,
3454 4969 3584 5026 qua-
3618 4949 3632 4974 "

2000 5059 2113 5096 rum
2138 5042 2236 5094 vita
2260 5040 2602 5109 impediuntur
2615 5041 2798 5093 alteras
2813 5039 3012 5094 ducere.
3034 5041 3205 5112 Atque
3227 5051 3285 5096 ut
3301 5042 3401 5099 hoc
3417 5059 3584 5116 exag-

1947 5185 1949 5188 .
2003 5147 2235 5202 gerares,
2252 5129 2452 5184 dixisti:
2473 5128 2593 5182 Non
2610 5130 2733 5182 mihi
2749 5130 3310 5198 videtur,amantissime
3325 5145 3484 5204 pater,
3501 5136 3583 5189 hic

2004 5225 2202 5279 divinus
2224 5220 2328 5277 esse
2347 5238 2539 5286 sensus,
2559 5221 2642 5275 ubi
2657 5221 2931 5291 benignitas
2951 5233 2996 5277 et
3020 5225 3176 5294 pietas
3201 5225 3503 5280 excluditur.
3525 5226 3582 5282 Si

2003 5327 2132 5383 ergo
2151 5312 2412 5382 quispiam
2434 5311 2620 5365 nolens
2646 5311 2863 5367 credere
2891 5328 3012 5370 esse
3026 5315 3342 5372 adulterium
3367 5316 3582 5388 quando

2004 5419 2033 5458 a
2050 5403 2240 5458 marito
2265 5403 2379 5457 sine
2397 5401 2756 5457 fornicationis
2775 5404 2999 5462 crimine
3021 5407 3294 5478 repudiata
3320 5411 3387 5465 ab
3409 5409 3579 5466 altero

2005 5497 2235 5564 ducitur,
2251 5496 2424 5552 ethoc
2437 5503 2621 5550 contra
2635 5503 2686 5550 te
2711 5496 2960 5563 inveniat,
2983 5499 3105 5569 quia
3120 5501 3217 5555 ista
3235 5501 3440 5556 ratione
3460 5517 3587 5556 sua-

2005 5590 2160 5646 detur
2173 5588 2476 5644 hominibus
2498 5588 2778 5643 homicidia
2801 5600 3128 5660 perpetrare,
3150 5601 3205 5648 et
3221 5608 3403 5648 earum
3427 5594 3589 5650 mari-

2007 5690 2110 5748 tos,
2132 5694 2264 5752 quas
2280 5695 2345 5736 eo
2367 5678 2527 5735 modo
2542 5677 2846 5750 repudiatas
2860 5679 3126 5750 duxerint,
3144 5683 3228 5739 vel
3249 5684 3456 5742 insidiis
3469 5686 3590 5758 qui-

2005 5774 2107 5832 bus
2126 5771 2412 5848 potuerint,
2445 5770 2536 5830 vel
2572 5770 2854 5846 calumniis
2882 5780 3154 5858 appetere,
3191 5775 3277 5846 vel
3323 5775 3587 5876 aliquibus
