4122 6212
523 343 634 406 885

521 463 665 521 veris
686 458 996 519 criminibus
1021 468 1274 513 accusare
1312 461 1367 511 et
1393 453 1662 522 occidere,
1689 463 1748 509 ut
1770 453 1848 509 eis
1875 452 2099 511 mortuis

520 571 641 613 esse
668 553 877 627 possint
920 549 1185 622 coniugia,
1232 564 1351 621 quas
1378 547 1513 603 vivis
1561 545 1772 602 fuerant
1802 545 2098 613 adulteria;

521 663 699 706 nonne
738 646 791 702 id
832 640 1199 716 exaggerando
1234 641 1328 696 tibi
1365 640 1604 695 dicturus
1649 646 1764 707 est,
1811 636 1927 693 Non
1970 637 2103 692 mihi

520 742 746 807 videtur,
775 735 1136 793 amantissime
1162 734 1348 801 frater,
1380 731 1467 787 hic
1490 731 1701 789 divinus
1725 745 1843 785 esse
1890 744 2095 796 sensus,

520 832 610 888 ubi
649 846 754 886 non
801 828 974 884 solum
1021 825 1319 896 benignitas
1347 832 1402 880 et
1444 824 1611 894 pietas
1641 820 1960 887 excluditur,
2007 819 2101 875 sed

517 925 676 981 etiam
716 925 901 995 ingens
929 920 1227 990 malignitas
1262 925 1316 973 et
1338 916 1583 987 impietas
1604 914 1902 971 excitatur?
1923 912 2100 980 Quan-

516 1014 800 1088 doquidem
830 1014 999 1069 multo
1028 1019 1112 1067 est
1140 1010 1308 1066 levius
1348 1018 1404 1065 et
1428 1008 1773 1073 tolerabilius,
1807 1016 1863 1061 ut
1892 1004 2098 1061 adulte-

518 1123 605 1165 ras
635 1106 831 1174 mariti,
862 1120 1020 1176 quam
1050 1112 1107 1157 ut
1142 1101 1363 1157 maritos
1408 1099 1631 1155 adulteri
1659 1097 1922 1153 occidant.
1973 1093 2098 1150 Pla—

518 1211 673 1259 cetne
698 1200 812 1267 tibi,
847 1207 905 1254 ut
948 1206 1165 1268 propter
1191 1193 1530 1250 vanissimam
1563 1189 1836 1257 invidiam,
1866 1186 2099 1243 domini-

519 1311 596 1352 σω
625 1293 989 1350 defensionem
1021 1289 1299 1346 sententia:
1326 1287 1653 1351 deseramus,
1686 1282 1766 1338 vel
1794 1296 1911 1338 eam
1948 1280 2099 1335 insu-

519 1402 616 1459 per
643 1397 975 1449 accusemus,
1009 1381 1246 1436 dicentcs
1273 1394 1377 1432 non
1417 1375 1614 1432 debere
1640 1372 1955 1429 adulterium
1980 1370 2100 1426 vin-

519 1478 683 1535 dicari
716 1478 758 1543 ¹,
786 1473 995 1531 etiamsi
1037 1482 1233 1544 praeter
1275 1484 1487 1526 causam
1531 1466 1894 1523 fornicationis
1940 1479 2100 1536 repu-

518 1570 662 1626 diata
692 1585 722 1623 a
749 1569 865 1622 viro
894 1564 1042 1621 alteri
1069 1562 1402 1634 conjugetur,
1438 1576 1505 1616 ne
1529 1560 1775 1614 maritum
1807 1557 1921 1627 ejus
1942 1571 1972 1610 a
1997 1570 2102 1627 quo

516 1662 732 1718 dimissa
761 1667 843 1715 est
868 1656 1222 1728 compellatur
1250 1653 1516 1718 occidere,
1545 1650 1672 1705 dum
1703 1649 2022 1704 adulterium
2045 1646 2099 1702 in

516 1753 843 1812 c'onnubium
870 1751 1016 1821 cupit
1052 1749 1153 1804 viri
1181 1746 1373 1818 prioris
1399 1754 1572 1800 morte
1601 1739 1954 1798 convertere?
1980 1738 2102 1795 Scio

515 1848 619 1904 hoc
648 1848 743 1902 tibi
773 1860 876 1900 non
902 1843 1133 1914 placere,
1152 1850 1212 1895 ut
1241 1847 1458 1909 propter
1487 1837 1624 1891 hanc
1650 1833 1990 1889 vanissimam
2016 1831 2101 1885 in-

517 1940 735 2002 vidiam,
786 1937 872 1991 lex
922 1934 1139 1999 Christi,
1170 1946 1290 1986 cum
1330 1943 1455 1984 vera
1502 1928 1802 1983 inveniatur
1844 1933 1899 1981 et
1948 1938 2099 1992 sana,

517 2027 649 2085 dura
679 2037 734 2084 et
755 2025 1044 2081 inhumana
1072 2022 1301 2078 dicatur.
1335 2020 1425 2075 Sic
1449 2019 1627 2089 itaque
1657 2032 1761 2072 non
1807 2016 1900 2073 tibi
1946 2014 2105 2069 debet

520 2121 692 2178 videri
724 2120 844 2175 ideo
869 2115 1171 2188 negandum
1200 2127 1319 2170 esse
1340 2111 1681 2177 adulterium,
1707 2107 1919 2180 quando
1939 2120 2104 2162 uxore

517 2215 759 2272 adultera
790 2213 999 2267 vivente
1027 2208 1196 2264 altera
1223 2206 1453 2271 ducitur,
1500 2205 1624 2274 quia
1666 2209 1842 2274 potest
1885 2198 2105 2254 maritus

519 2322 617 2379 per
642 2305 746 2361 hoc
771 2303 890 2374 cogi
919 2300 1217 2357 adulteram
1261 2296 1527 2363 occidere,
1556 2296 1680 2350 dum
1727 2294 1872 2364 cUpit
1913 2290 2012 2345 sibi
2042 2289 2105 2344 li-

516 2415 638 2456 cere
664 2399 754 2453 illa
778 2395 1039 2451 exstincta
1064 2392 1288 2447 alteram
1331 2390 1548 2457 ducere,
1592 2386 1634 2442 si
1667 2387 1767 2441 hoc
1805 2400 1866 2440 ea
1892 2383 2104 2465 vivente

515 2509 624 2550 non
651 2491 773 2549 licet
803 2488 998 2545 facere.
1041 2484 1179 2554 Quid
1229 2483 1275 2537 si
1314 2482 1455 2538 enim
1502 2490 1557 2536 et
1599 2477 1731 2533 illud
1758 2477 1938 2532 dicant
1963 2474 2102 2529 chri-

516 2585 702 2643 stianm
720 2581 842 2637 fidei
864 2580 1212 2645 detracturos,
1236 2575 1353 2647 cogi
1375 2574 1621 2630 homines
1644 2570 1891 2628 occidere
1910 2582 2103 2623 uxores

516 2690 642 2733 suas
667 2671 978 2728 insidiarum
1020 2665 1335 2734 sceleribus,
1368 2678 1501 2733 quas
1544 2662 1800 2717 molestas
1824 2656 1966 2713 ferre
1997 2671 2102 2711 non

515 2772 760 2840 possunt,
793 2761 906 2817 sive
948 2759 1200 2816 diuturno
1237 2756 1494 2827 languore
1541 2752 1848 2807 laborantes
1899 2756 1953 2803 et
1998 2745 2103 2840 pati

516 2838 854 2921 concubitum
889 2867 995 2908 non
1021 2850 1283 2915 valentes,
1316 2847 1428 2902 sive
1456 2858 1737 2915 pauperes,
1786 2841 1899 2895 sive
1944 2838 2103 2893 steri-

515 2950 733 3017 les,sive
758 2947 1043 3010 deformes,
1065 2943 1287 2999 aliarum
1310 2953 1405 3010 spe
1425 2935 1807 3000 ducendarum,
1829 2945 2100 2996 sanarum,

516 3042 908 3115 opulentarum,
936 3033 1305 3097 fecundarum,
1327 3027 1801 3102 pulcherrimarum
1824 3041 1838 3090 ;
1868 3024 1990 3094 quia
2010 3036 2104 3077 eas

517 3151 649 3211 quas
677 3130 879 3207 perpeti
906 3129 1117 3193 nolunt,
1160 3132 1355 3196 praeter
1380 3136 1592 3178 causam
1620 3116 1985 3175 fornicationis
2013 3129 2103 3211 re-

519 3209 737 3304 pudiare
762 3242 869 3282 non
897 3226 1020 3281 licet
1046 3230 1100 3278 et
1125 3220 1321 3276 alteras
1345 3216 1563 3284 ducere,
1599 3230 1665 3271 ne
1706 3221 1965 3304 perpetqu
2011 3209 2105 3304 de-

518 3298 682 3380 vincti
708 3316 989 3382 adulterio,
1016 3327 1117 3369 nec
1140 3308 1395 3380 baptizari
1418 3306 1646 3378 possint,
1675 3319 1775 3359 nec
1800 3298 2105 3374 paenitendo

486 3410 733 3470 sanari?
780 3403 1049 3472 Numquid
1098 3408 1377 3471 propterea
1429 3413 1497 3452 ne
1546 3395 1645 3451 ista
1696 3392 2102 3449 homicidiorum

519 3506 721 3563 scelera
749 3504 1144 3574 perpetrentur,
1186 3490 1376 3547 dicturi
1408 3503 1613 3555 sumus,
1640 3503 1746 3542 non
1790 3501 1910 3542 esse
1954 3482 2107 3538 adul-

521 3597 675 3664 teria,
705 3590 996 3666 repudiatis
1028 3593 1223 3660 praeter
1256 3597 1472 3639 causam
1518 3578 1883 3636 fornicationis
1928 3576 2106 3632 uxori-

522 3689 642 3755 bus,
669 3686 767 3742 sibi
797 3685 994 3739 alteras
1020 3675 1309 3749 copulare?

590 3775 816 3836 CAPUT
858 3770 1019 3831 XVII.
1056 3799 1125 3811 —
1160 3766 1247 3823 i8.
1304 3762 1692 3820 Incommodum
1740 3760 1885 3817 aliud
1930 3769 2107 3816 contra

521 3869 760 3928 Pollentii
792 3863 1107 3922 sententiam.
1137 3859 1254 3916 1am
1283 3872 1412 3913 vero
1438 3872 1506 3912 ex
1529 3855 1628 3911 hoc
1654 3852 1794 3925 quod
1825 3852 1967 3924 sapis
1998 3867 2104 3907 non

518 3978 641 4023 esse
668 3958 1007 4023 adulterium,
1062 3953 1107 4008 si
1147 3951 1227 4007 vir
1272 3964 1494 4006 uxorem
1540 3961 1701 4004 causa
1744 3943 2107 4000 fornicationis

520 4051 796 4127 abjeccrit,
818 4058 873 4105 et
898 4048 1118 4102 alteram
1148 4042 1393 4107 duxerit;
1424 4055 1601 4095 nonne
1627 4037 1902 4094 arbitraris
1916 4052 2109 4092 caven-

521 4147 666 4209 dum,
700 4158 769 4199 ne
797 4141 1005 4194 discant
1032 4135 1132 4190 viri
1160 4148 1357 4188 uxores
1395 4148 1540 4200 suas,
1569 4147 1701 4202 quas
1728 4139 1944 4202 pmpter
1977 4129 2109 4184 alias

522 4228 939 4291 innumerabiles
979 4238 1168 4279 causas
1219 4222 1357 4277 ferre
1401 4238 1508 4276 non
1559 4229 1801 4291 possunt,
1854 4218 2109 4275 mmchari

522 4336 733 4393 cogere,
757 4325 813 4372 ut
837 4317 905 4372 ab
932 4317 1011 4369 eis
1038 4312 1248 4367 vinculo
1273 4310 1535 4381 conjugali
1566 4326 1659 4380 per
1680 4307 2105 4377 fornicationem,

524 4414 661 4470 sicut
686 4417 858 4480 putas,
889 4406 1083 4472 soluto,
1110 4402 1269 4458 liceat
1297 4401 1375 4456 eis
1423 4400 1619 4455 alteras
1663 4399 1896 4466 ducere;
1948 4407 2001 4453 et
2043 4415 2107 4455 ex

524 4524 590 4565 eo
614 4505 752 4579 quod
785 4502 902 4559 illas
930 4497 1186 4557 mmchari
1211 4502 1518 4567 coegerunt,
1550 4501 1641 4548 aut
1668 4492 1992 4563 Baptismate
2018 4490 2110 4546 ab-

524 4602 618 4671 lui,
647 4609 739 4656 aut
765 4593 1081 4669 paenitendo
1103 4589 1300 4657 sanari,
1345 4587 1594 4660 quoniam
1626 4585 1731 4641 illis
1761 4593 1815 4639 et
1859 4584 2025 4653 gratia
2056 4594 2111 4639 et

523 4695 788 4752 medicina
818 4688 1099 4761 negabitur
1126 4682 1375 4757 quamdiu
1407 4697 1527 4736 cum
1556 4677 1812 4735 adulteris
1837 4676 2036 4745 vivent,
2063 4676 2109 4731 si

525 4786 790 4862 prioribus
819 4791 1011 4857 printer
1041 4793 1257 4836 causam
1305 4775 1673 4832 fornicationis
1716 4771 2006 4843 repudiatis
2032 4770 2111 4825 al—

524 4890 666 4939 teras
692 4875 977 4935 duxerint?
1006 4871 1116 4928 Nisi
1144 4872 1279 4926 forte
1309 4868 1427 4938 quis
1457 4867 1618 4932 dicat,
1654 4865 1921 4921 nemiuem
1952 4877 2111 4935 posse

525 4988 743 5029 uxorem
769 4983 920 5025 suam
957 4961 1213 5023 mmcbari
1250 4960 1449 5026 facere,
1479 4959 1526 5013 si
1557 4958 1743 5028 pudica
1770 4964 1851 5011 est
1879 4974 1892 5010 :
1936 4964 1989 5011 et
2032 4964 2109 5010 ta-

528 5079 647 5119 men
693 5060 969 5125 Dominus,
1019 5055 1197 5112 Omnis
1239 5052 1325 5124 qui
1354 5050 1613 5115 dimiserit,
1665 5047 1855 5118 inquit,
1903 5062 2111 5101 uxorem

526 5171 692 5221 suam,
720 5161 900 5225 printer
921 5164 1127 5204 causam
1157 5142 1522 5223 fornicationis,
1569 5140 1691 5212 facit
1735 5156 1844 5195 eam
1872 5140 2109 5195 mchari

530 5244 742 5319 (Matth.
769 5259 820 5308 v,
845 5242 960 5311 '53).
981 5239 1174 5309 Utique
1203 5245 1504 5308 propterea,
1537 5232 1658 5302 quia
1683 5246 1803 5286 cum
1848 5240 1991 5287 esset
2013 5247 2109 5302 pu-

527 5338 641 5394 dica
672 5350 794 5392 cum
822 5333 960 5397 viro,
1007 5339 1183 5386 tamen
1227 5327 1445 5383 dimissa
1490 5324 1699 5396 cogitur
1744 5338 1841 5393 per
1887 5321 2109 5379 inconti-

527 5431 767 5487 nentiam
791 5426 914 5481 vivo
943 5423 1123 5494 priore
1146 5419 1301 5475 alteri
1325 5418 1585 5489 copulari,
1628 5425 1683 5472 et
1724 5416 1827 5472 hoc
1857 5425 1937 5472 est
1976 5429 2112 5472 mo:-

528 5521 699 5580 chari.
731 5516 884 5588 Quod
912 5515 955 5571 si
987 5513 1089 5569 hoc
1119 5512 1219 5567 ista
1245 5524 1350 5565 non
1376 5508 1582 5576 fecerit,
1613 5518 1793 5563 tamen
1821 5508 1911 5563 ille
1937 5521 2108 5579 quan-

528 5621 643 5670 tum
674 5612 730 5668 in
760 5610 875 5681 ipso
897 5615 980 5665 est
998 5603 1175 5662 facere
1209 5601 1491 5673 compulit;
1519 5609 1573 5657 et
1591 5598 1695 5654 hoc
1719 5598 1768 5654 ei
1811 5598 1950 5655 Deus
1986 5611 2110 5668 pec-

529 5710 727 5768 catum,
757 5698 969 5756 etiamsi
1008 5696 1098 5753 illa
1122 5700 1269 5752 casta
1295 5702 1626 5763 permaneat,
1658 5688 1957 5761 inputabit.
2001 5686 2111 5748 Sed

593 5832 618 5871 ο
646 5823 1403 5896 ωιιωωύανίαάιεαή.

1424 339 1510 395 DE
1545 332 1894 395 CONJUGIIS
1931 334 2408 410 ADULTERINIS,
2449 339 2508 397 S.
2548 340 2921 401 AUGUSTINI

3692 351 3806 414 184

2216 456 2335 527 quis
2360 456 2560 513 nesciat
2588 474 2744 530 quam
2776 460 2883 515 sint
2908 457 3219 530 rarissimze‘,
3249 475 3367 534 quae
3394 461 3465 520 ita
3495 463 3685 536 pudice
3723 471 3806 528 vi.

2213 558 2339 604 vant
2368 565 2487 607 cum
2517 551 2665 617 viris,
2699 560 2757 607 ut
2797 552 3006 608 etiamsi
3035 553 3102 609 ab
3132 553 3210 610 eis
3257 554 3616 627 dimittantur,
3662 561 3803 621 alios

2209 657 2315 697 non
2346 644 2658 714 requirant?
2686 645 3177 717 lneomparabiliter
3201 648 3395 720 quippe
3424 668 3676 711 numerus
3719 665 3807 714 est

2210 732 2437 803 amplior
2460 732 2799 803 feminarum,
2844 753 2964 809 quae
2992 752 3113 797 cum
3142 737 3330 810 pudice
3360 740 3668 800 adhaereant
3695 762 3807 803 ma-

2207 822 2344 889 ritis,
2372 832 2552 880 tamen
2591 826 2637 880 si
2665 827 2899 882 dimissa:
2940 826 3140 883 fuerint
3177 844 3209 884 a
3256 832 3479 899 maritis,
3517 850 3625 890 non
3655 835 3803 894 diffe-

2205 923 2335 969 runt
2363 915 2583 972 nubere.
2612 916 2745 973 Cum
2772 934 2899 989 ergo
2928 908 3254 976 crediderint
3280 920 3524 978 homines
3568 924 3801 984 Domino

2206 1004 2421 1073 dicenti,
2452 1005 2631 1062 Omnis
2653 1010 2737 1078 qui
2765 1007 3009 1064 dimiserit
3037 1026 3244 1064 uxorem
3268 1028 3432 1080 suam,
3458 1022 3638 1080 printer
3667 1033 3798 1070 cau-

2206 1113 2315 1151 sam
2346 1097 2713 1167 fornicationis,
2734 1100 2854 1171 facit
2878 1116 2989 1154 eam
3010 1100 3281 1168 minchari;
3314 1102 3358 1156 si
3389 1103 3717 1160 crediderint
3746 1115 3803 1162 et

2209 1188 2302 1244 tibi
2330 1187 2550 1255 dicenti,
2565 1189 2785 1246 muliere
2805 1189 3101 1248 fornicante
3121 1191 3281 1249 licere
3302 1194 3414 1250 viro
3434 1196 3548 1267 ejus
3567 1198 3800 1253 alteram

2205 1280 2430 1347 ducere;
2461 1282 2700 1353 quisquis
2719 1282 2945 1338 voluerit
2968 1292 3187 1354 propter
3212 1286 3340 1345 alias
3368 1288 3631 1357 quaslibet
3655 1304 3778 1344 mo—

2207 1377 2389 1434 lcstias
2399 1393 2581 1434 carere
2598 1394 2763 1435 uxore
2786 1380 2867 1435 cui
2880 1380 3097 1450 junctus
3111 1389 3215 1446 est,
3231 1381 3377 1450 prius
3395 1397 3512 1438 eam
3536 1383 3797 1439 mtechari

2208 1468 2383 1536 faciat,
2432 1468 2547 1525 sine
2590 1469 2939 1526 fornicatione
2987 1470 3323 1540 dimittendo,
3370 1484 3426 1528 ut
3468 1483 3594 1530 tunc
3632 1475 3798 1531 ducat

2206 1560 2450 1628 alteram,
2480 1575 2601 1616 cum
2627 1559 2788 1616 fuerit
2815 1561 2904 1615 illa
2947 1560 3155 1617 moecha
3183 1563 3430 1626 nubendo
3473 1583 3486 1619 :
3534 1579 3596 1620 ac
3641 1565 3720 1621 sic
3765 1581 3799 1622 a

2206 1651 2385 1722 priore
2413 1660 2630 1722 peccato
2655 1667 2761 1723 quo
2790 1667 2907 1707 eam
2950 1652 3206 1708 moecbari
3243 1651 3384 1722 fecit,
3415 1654 3525 1710 sive
3560 1671 3656 1726 per
3695 1656 3798 1711 Ba-

2206 1742 2477 1811 ptismum,
2505 1740 2621 1798 sive
2650 1757 2745 1812 per
2792 1742 3158 1812 paenitentiam
3187 1744 3475 1813 liberatus,
3525 1746 3641 1802 sine
3695 1761 3796 1803 suo

2206 1830 2469 1885 adulterio
2490 1831 2586 1885 sibi
2607 1830 2802 1887 habere
2825 1832 3086 1901 videatur,
3107 1849 3262 1904 quam
3283 1846 3404 1906 post
3429 1835 3621 1907 prioris
3645 1837 3798 1894 adul-

2206 1921 2418 1987 terium,
2455 1931 2701 1991 tauquam
2733 1921 2854 1978 hinc
2894 1923 3068 1979 soluto
3106 1925 3430 1980 matrimonii
3457 1927 3686 1995 vinculo,
3716 1928 3798 1985 al-

2208 2022 2374 2069 teram
2401 2012 2629 2069 duxerit.
2660 2014 2812 2082 Quod
2840 2015 3054 2085 quidem
3084 2015 3131 2072 si
3164 2013 3328 2073 fuerit
3362 2017 3714 2087 machinatus,
3740 2031 3798 2078 et

2206 2119 2425 2159 uxorem
2453 2119 2601 2159 suam
2638 2105 2902 2161 mmcbam
2928 2106 3106 2176 faciet,
3137 2114 3192 2163 et
3232 2107 3347 2178 ipse
3390 2110 3632 2180 quamvis
3675 2119 3799 2181 post

2206 2195 2523 2252 adulterium
2569 2198 2809 2268 conjugis
2857 2199 3012 2253 aliam
3077 2199 3322 2256 ducendo
3360 2200 3601 2258 mmchus
3648 2203 3795 2270 erit;

2207 2286 2445 2358 nihilque
2468 2288 2541 2342 illi
2570 2289 2806 2358 proderit
2834 2288 2975 2360 quod
3010 2290 3103 2345 tibi
3120 2290 3375 2359 credidit,
3405 2301 3460 2348 et
3485 2306 3589 2348 non
3621 2293 3670 2348 ei
3690 2308 3797 2365 po-

2208 2378 2313 2435 tius
2337 2380 2426 2451 qui
2456 2380 2602 2435 nullo
2627 2391 2849 2451 excepto
2874 2383 2967 2447 ait,
3000 2381 3180 2438 Omnis
3201 2385 3286 2455 qui
3310 2385 3563 2457 reliquerit
3588 2402 3799 2441 uxorem

2207 2489 2370 2538 suout,
2400 2483 2443 2527 et
2465 2474 2619 2526 aliam
2635 2466 2857 2543 duxerit,
2886 2477 3163 2530 ntwchatur
3192 2475 3339 2547 (Luc.
3366 2493 3476 2546 xvr,
3502 2477 3613 2551 18).

2276 2568 2504 2625 CAPUT
2540 2568 2725 2625 XVIII.
2772 2602 2844 2611 —
2884 2572 2971 2627 i9.
3027 2570 3346 2629 Continentia
3408 2573 3655 2629 seruanda
3706 2583 3799 2630 aut

2207 2662 2491 2731 conjugalis
2519 2673 2605 2715 aut
2635 2662 2975 2718 excellentior.
3024 2663 3227 2731 Quibus
3269 2665 3517 2721 omnibus
3545 2665 3800 2721 conside-

2206 2750 2336 2805 ratis
2363 2761 2521 2821 atque
2551 2753 2807 2819 tractatis,
2839 2761 3006 2809 restat
3035 2763 3091 2809 ut
3115 2756 3182 2811 ab
3208 2756 3288 2810 eis
3311 2755 3404 2826 qui
3430 2755 3542 2812 haec
3570 2755 3802 2813 fideliter

2207 2843 2448 2913 audiunt,
2476 2843 2683 2899 dicatur
2714 2844 2869 2901 nobis
2890 2845 3031 2918 quod
3070 2846 3294 2903 Domino
3331 2846 3530 2903 dictum
3575 2857 3657 2905 est
3689 2867 3703 2903 :
3735 2847 3801 2904 Si

2207 2935 2324 2991 talis
2346 2944 2418 2990 est
2442 2952 2595 2990 causa
2638 2953 2751 2991 cum
2789 2954 2963 3003 uxore,
2998 2955 3100 2992 non
3125 2938 3325 3005 expedit
3356 2937 3558 2995 nubere.
3590 2938 3799 3006 Quibus

2207 3037 2263 3085 et
2291 3043 2389 3084 nos
2413 3027 2539 3100 quid
2570 3029 3006 3099 respondeamus,
3031 3030 3131 3085 nisi
3159 3028 3300 3101 quod
3340 3030 3455 3100 ipse
3478 3029 3799 3100 respondit?

2209 3120 2331 3178 Non
2360 3140 2529 3178 omnes
2558 3124 2767 3194 capiunt
2794 3125 2993 3178 verbum
3020 3125 3134 3191 hoc,
3163 3124 3250 3179 sed
3277 3124 3457 3193 quibus
3498 3125 3672 3179 datum
3700 3133 3795 3180 est.

2210 3214 2342 3271 Sunt
2367 3215 2499 3269 enim
2525 3215 2739 3269 eunuchi
2768 3216 2855 3287 qui
2892 3216 2955 3270 de
2979 3217 3159 3272 matris
3188 3225 3330 3272 utero
3350 3218 3423 3271 sic
3447 3218 3553 3271 nati
3570 3227 3722 3283 sunt;
3749 3226 3799 3273 et

2207 3313 2323 3359 sunt
2349 3304 2563 3359 eunuchi
2581 3306 2666 3376 qui
2693 3307 2815 3377 facti
2841 3315 2956 3360 sunt
2976 3307 3037 3361 ab
3067 3307 3352 3363 hominibus
3370 3324 3389 3373 ,'
3418 3316 3463 3363 et
3488 3316 3605 3362 sunt
3629 3323 3798 3363 eunu-

2206 3396 2289 3450 chi
2316 3398 2403 3464 qui
2428 3415 2479 3452 se
2520 3398 2656 3468 ipsos
2686 3409 3028 3455 eastraverunt
3059 3411 3262 3473 prapter
3290 3418 3499 3473 regnum
3529 3403 3792 3458 enatorum.

2212 3487 2312 3555 Qui
2341 3497 2500 3559 potest
2542 3506 2738 3562 capere,
2769 3492 2937 3562 capiat
2974 3491 3188 3564 (Matth.
3232 3509 3349 3558 xtx,
3386 3493 3602 3567 10-12).
3648 3494 3791 3567 Ergo

2208 3581 2295 3652 qui
2325 3588 2497 3650 potest
2523 3583 2713 3653 capiat,
2761 3583 2903 3654 quod
2948 3600 3053 3641 non
3082 3599 3269 3641 omnes
3297 3586 3530 3656 capiunt.
3564 3586 3801 3643 Possunt

2208 3680 2383 3726 autem
2414 3688 2605 3742 capere
2641 3672 2694 3727 hi
2722 3674 2914 3745 quibus
2937 3674 3039 3731 hoc
3065 3684 3281 3746 prmstat
3312 3676 3405 3732 Dei
3432 3678 3798 3734 misericordia

2210 3764 2437 3829 occulta,
2467 3764 2560 3819 sed
2588 3765 2729 3836 justa
2758 3768 2797 3820 ί.
2823 3766 2929 3821 Sed
2967 3768 3021 3821 in
3044 3768 3125 3822 his
3146 3768 3389 3824 omnibus
3435 3769 3524 3839 qtti
3563 3784 3622 3825 se
3654 3769 3798 3839 ipsos

2211 3864 2580 3910 eastraverunt
2620 3865 2837 3928 propter
2861 3873 3083 3930 regnum
3113 3859 3391 3924 caelorum,
3439 3861 3527 3915 alii
3551 3869 3675 3917 sunt
3705 3863 3799 3933 qui

2212 3947 2263 4001 in
2294 3957 2519 4020 utroque
2547 3963 2678 4003 sexu
2708 3951 3043 4007 concubitum
3072 3954 3334 4020 nesciunt,
3358 3953 3444 4008 alii
3469 3956 3558 4025 qui
3588 3955 3797 4026 experti

2212 4052 2266 4098 et
2292 4045 2465 4099 aversi
2490 4054 2632 4113 sunt,
2664 4046 2854 4114 partim
2876 4045 3089 4115 quidem
3120 4046 3319 4114 illicite,
3346 4048 3539 4118 partim
3560 4062 3687 4103 vero
3727 4046 3797 4103 li-

2214 4134 2318 4189 cite
2343 4137 2567 4206 experti.
2593 4135 2758 4190 Porro
2790 4136 2840 4190 in
2872 4135 2955 4191 his
2980 4138 3067 4207 qui
3095 4136 3236 4192 licite
3262 4138 3465 4207 experti
3502 4147 3644 4199 sunt,
3677 4136 3797 4209 qui-

2213 4223 2332 4279 dam
2360 4227 2589 4298 suntqui
2616 4242 2719 4281 non
2748 4226 2846 4281 nisi
2871 4227 3033 4294 licite,
3052 4227 3264 4298 quidam
3281 4236 3335 4283 et
3356 4228 3534 4284 illicile
3554 4238 3604 4284 et
3630 4229 3797 4291 licite,

2212 4313 2346 4370 Sunt
2384 4316 2579 4388 quippe
2606 4317 2657 4371 in
2684 4316 2761 4372 eis
2791 4318 2881 4388 qui
2937 4318 3176 4391 conjugia
3214 4335 3306 4375 sua
3353 4328 3552 4373 tantum
3583 4319 3797 4387 sciunt;

2214 4414 2338 4460 sunt
2362 4416 2540 4462 autem
2572 4408 2661 4477 qui
2707 4418 2761 4463 et
2806 4408 2936 4463 alias
2965 4408 3188 4465 feminas
3229 4425 3292 4465 ac
3317 4418 3495 4479 stupra
3522 4410 3795 4480 qumlibet.

2214 4497 2319 4553 Sed
2342 4500 2429 4568 qui
2460 4508 2577 4569 post
2602 4499 2942 4553 concubitum
2969 4499 3248 4571 conjugum
3293 4513 3350 4553 se
3379 4500 3523 4569 ipsos
3557 4510 3801 4559 castraut

2214 4600 2431 4661 propter
2451 4606 2674 4661 regnum
2698 4592 2976 4659 ccelorum,
3005 4600 3094 4646 aut
3122 4600 3290 4646 morte
3317 4591 3569 4649 amittunt
3606 4596 3798 4666 conju-

2211 4697 2327 4755 ges,
2356 4690 2447 4737 aut
2474 4698 2539 4737 ex
2568 4698 2830 4739 consensu
2856 4699 2975 4739 cum
3009 4681 3085 4738 eis
3132 4683 3511 4738 continentiam
3540 4686 3799 4755 profiten—

2214 4782 2334 4841 tur;
2379 4783 2469 4828 aut
2507 4788 2571 4829 ex
2605 4773 2920 4830 necessitate
2947 4772 3316 4843 divortiorum,
3345 4791 3414 4831 ne
3453 4777 3589 4832 vivis
3615 4778 3800 4849 conju-

2212 4865 2366 4937 gibus
2392 4880 2451 4921 se
2479 4864 2596 4920 aliis
2619 4865 2917 4936 copulando
2937 4865 3195 4922 adulteria
3217 4876 3542 4938 perpetrent,
3566 4877 3802 4924 castraut

2215 4970 2275 5011 se
2303 4955 2445 5026 ipsos
2488 4963 2707 5028 propter
2735 4973 2954 5028 regnum
3000 4958 3278 5024 caelorum,
3312 4974 3417 5013 non
3463 4966 3519 5013 ut
3546 4959 3800 5016 clariores

2214 5046 2285 5102 ibi
2325 5060 2445 5102 esse
2485 5048 2728 5117 possint,
2763 5047 2859 5103 sed
2912 5048 3055 5120 quod
3107 5050 3264 5104 aliter
3291 5049 3364 5104 ibi
3393 5063 3512 5105 esse
3541 5066 3644 5104 non
3672 5067 3803 5121 pos-

2213 5138 2319 5193 sint
2344 5154 2357 5193 :
2386 5153 2510 5192 nam
2530 5138 2619 5209 qui
2650 5155 2755 5194 non
2796 5139 2899 5196 ista
2922 5141 3240 5197 necessitate
3268 5155 3326 5196 se
3355 5142 3627 5197 continent
3649 5184 3663 5207 ,
3707 5143 3802 5200 sed

2213 5229 2341 5286 boni
2392 5230 2715 5301 appetitione
2764 5231 3025 5300 melioris,
3080 5241 3302 5304 possent
3341 5231 3412 5288 ibi
3473 5248 3592 5289 esse
3641 5233 3803 5289 etiam

2213 5334 2425 5380 servata
2468 5323 2719 5395 pudicitia
2787 5324 3091 5396 conjugali,
3156 5325 3398 5396 quamvis
3446 5325 3497 5379 in
3568 5326 3805 5395 praemiis

2214 5417 2508 5475 minoribus
2533 5457 2548 5483 ,
2611 5423 2786 5473 tamen
2849 5417 3010 5473 intus.
3077 5415 3177 5486 Qui
3225 5432 3355 5472 vero
3409 5426 3689 5488 propterea
3744 5433 3807 5475 se

2217 5510 2494 5567 continent
2525 5550 2541 5575 ,
2584 5509 2709 5579 quia
2753 5509 3019 5580 prioribus
3070 5507 3387 5580 conjugibus
3423 5508 3561 5565 vivis
3615 5509 3807 5567 timent

2216 5599 2337 5656 aliis
2362 5600 2660 5671 eonjugari,
2704 5600 2964 5672 majorem
3011 5615 3195 5657 curam
3243 5599 3443 5656 debent
3479 5614 3669 5673 gerere
3704 5614 3810 5673 pro

2213 5687 2409 5757 salute,
2435 5704 2601 5761 quam
2618 5688 2901 5760 seeserunt
2940 5689 3021 5751 illi
3049 5705 3081 5747 a
3111 5689 3308 5760 quibus
3333 5688 3664 5751 continentia
3702 5704 3812 5765 pro

2289 5822 2309 5857 ι
2339 5820 3626 5894 ιονσιιόηαιίιδωαοιὰωιωαικηκϋωι
