4122 6212
333 322 785 397 mdelecta
809 330 896 380 est
917 321 936 357 ⁸
964 322 1244 396 ampliore.
1265 321 1415 383 Tunc
1438 325 1636 399 quippe
1653 328 1728 384 ibi
1745 337 1923 396 erant,

335 416 381 473 si
396 414 623 472 adulleri
647 430 754 471 non
772 422 948 471 erunt.
976 414 1032 472 Si
1054 425 1232 475 autem
1250 433 1359 477 non
1377 419 1674 489 cornicem,
1701 420 1928 481 adulteri

326 517 524 576 erant;
550 508 683 579 quia
706 507 1010 565 viventibus
1034 508 1352 582 coniugibus
1379 512 1636 582 pristinis,
1661 528 1767 569 non
1792 528 1925 569 con-

330 599 541 673 iugibus
581 599 795 667 alteris,
837 605 934 656 sed
981 599 1242 658 adulteris
1278 601 1643 659 adlucrebunt.
1691 603 1761 660 Et
1801 605 1847 660 si
1895 620 1925 659 a

336 707 501 764 regno
525 692 789 749 caelorum
822 692 1068 762 aberunt,
1101 693 1188 750 ubi
1214 702 1388 765 erunt,
1412 695 1516 752 nisi
1542 695 1629 753 ubi
1655 698 1791 753 salvi
1816 712 1927 754 non

332 793 489 840 erunt
502 783 527 836 ‘i

399 875 628 932 CAPUT
652 873 960 931 XIX—20.
978 875 1228 949 Canjuges
1244 876 1457 932 divortio
1473 887 1732 948 separatos
1748 894 1780 932 α
1799 894 1924 934 con-

324 968 535 1041 jugibus
559 969 794 1022 hortatur
805 968 875 1027 ad
887 968 1268 1025 continentiam
1291 969 1402 1024 Hos
1417 970 1578 1041 igitur
1591 970 1850 1041 alloquor,
1870 978 1927 1026 ut

331 1060 471 1133 quod
516 1060 695 1117 facere
735 1060 1012 1129 deberem,
1042 1061 1087 1115 si
1117 1060 1377 1118 haberent
1403 1062 1654 1133 coniuges
1674 1062 1925 1119 diuturno

339 1154 600 1224 languore
624 1161 1037 1220 marcescentes,
1069 1153 1157 1209 vel
1182 1151 1301 1208 loco
1325 1154 1426 1208 sibi
1448 1152 1797 1209 inaccessibili
1826 1152 1923 1208 ab-

328 1253 527 1310 sentes,
541 1243 629 1299 vel
644 1243 981 1298 animositate
1003 1243 1183 1298 illicita
1200 1229 1535 1300 continentes
1554 1262 1568 1311 ;
1588 1243 1691 1299 hoc
1707 1243 1920 1313 faciant,

327 1334 370 1389 si
400 1320 682 1390 habuerint
708 1334 960 1404 coniuges
979 1334 1273 1389 adulterina
1309 1335 1675 1405 inquinatione
1703 1333 1923 1391 sorden-

327 1433 429 1494 tes,
452 1434 508 1481 et
524 1434 741 1496 propter
761 1424 865 1480 hoc
886 1440 917 1479 a
943 1440 1041 1480 suo
1061 1426 1331 1480 consortio
1344 1425 1690 1481 divortiantes
1716 1428 1735 1457 ²
1772 1444 1785 1481 :
1815 1442 1921 1481 non

326 1517 430 1572 alia
465 1525 711 1588 quaerant
752 1515 1015 1587 coniugia,
1036 1516 1156 1586 quia
1201 1531 1306 1571 non
1348 1525 1503 1571 erunt
1530 1517 1793 1588 coniugia,
1826 1517 1922 1573 sed

325 1608 753 1664 adulteria.Cum
780 1609 922 1663 enim
950 1622 1043 1678 par
1062 1605 1234 1662 forma
1262 1608 1396 1663 sitin
1413 1607 1513 1663 hoc
1535 1608 1742 1663 vinculo
1755 1608 1852 1663 viri
1867 1617 1923 1663 et

324 1700 537 1767 uxoris,
550 1700 687 1756 sicut
702 1714 833 1757 uxor
848 1698 1038 1754 vivente
1051 1698 1156 1754 viro
1173 1699 1428 1755 vocabitur
1443 1698 1694 1766 adultera,
1710 1699 1755 1754 si
1769 1699 1921 1770 fuerit

326 1808 441 1847 cum
460 1791 564 1846 alio
585 1792 690 1846 viro
714 1790 887 1863 (Rom.
905 1806 997 1856 vn,
1024 1789 1075 1863 ὅ)
1101 1806 1115 1855 ;
1135 1790 1204 1844 ita
1226 1798 1278 1845 et
1297 1790 1376 1844 vir
1397 1791 1604 1845 vivente
1630 1804 1796 1844 uxore
1822 1805 1921 1846 vo-

326 1884 537 1940 cabitur
557 1883 784 1951 adulter,
832 1883 876 1938 si
909 1880 1065 1937 fuerit
1090 1897 1211 1936 cum
1240 1882 1341 1937 alia
1363 1883 1604 1937 muliere.
1634 1882 1751 1937 Etsi
1776 1882 1919 1939 enim

326 1976 541 2051 gravius
568 1976 658 2047 qui
686 1984 883 2048 prteter
906 1990 1116 2030 causam
1142 1973 1526 2038 fornicationis,
1552 1977 1714 2031 omnis
1739 1984 1918 2037 tamen

326 2068 414 2141 qui
432 2068 678 2123 dimiserit
704 2083 911 2122 uxorem
939 2082 1103 2136 suam,
1127 2076 1170 2120 ct
1192 2066 1347 2119 aliam
1366 2064 1591 2133 duxerit,
1617 2067 1913 2125 ntwchatur.

327 2161 442 2217 Non
492 2176 589 2217 eos
639 2167 832 2216 terreat
872 2159 1079 2215 sarcina
1126 2159 1503 2217 continentiae:
1536 2157 1668 2215 levis
1706 2160 1825 2225 erit,
1871 2159 1918 2215 si

329 2251 521 2308 Christi
546 2252 675 2317 erit;
702 2249 905 2306 Christi
929 2250 1052 2316 erit,
1080 2250 1123 2303 si
1150 2248 1281 2304 fides
1304 2248 1493 2316 aderit,
1524 2263 1643 2320 quae
1667 2250 1917 2318 impetrat

328 2361 357 2399 a
378 2344 601 2417 iubente
630 2343 769 2414 quod
794 2343 1034 2415 jusserit.
1065 2340 1181 2397 Non
1211 2355 1305 2397 eos
1334 2340 1565 2413 frangat,
1597 2340 1739 2412 quod
1766 2340 1916 2399 vide-

330 2445 414 2491 tur
439 2450 627 2491 eorum
652 2433 975 2489 continentia
1000 2430 1337 2488 necessitatis
1362 2445 1501 2500 esse,
1532 2446 1640 2491 non
1670 2431 1916 2491 volunta-

328 2527 396 2581 tis
419 2543 433 2580 :
458 2526 584 2597 quia
609 2531 665 2580 et
684 2524 756 2579 illi
780 2525 869 2595 qui
891 2540 1007 2579 eam
1034 2524 1304 2583 voluntate
1323 2516 1656 2593 delegerunt,
1677 2523 1917 2580 iecerunt

326 2631 444 2673 eam
468 2631 592 2671 esse
616 2615 984 2682 necessitatis;
1011 2614 1262 2685 quoniam
1288 2613 1398 2685 iam
1427 2615 1544 2669 sine
1576 2613 1915 2672 damnatione

326 2708 393 2765 ab
419 2709 508 2764 illa
534 2708 753 2764 deviare
775 2724 878 2763 non
904 2716 1124 2780 possunt
1150 2725 1163 2763 :
1194 2715 1250 2763 et
1271 2707 1361 2779 qui
1382 2707 1435 2762 in
1460 2723 1578 2763 eam
1600 2708 1916 2767 necessitate

324 2800 563 2858 contrusi
589 2807 731 2865 sunt,
754 2798 951 2855 faciunt
976 2816 1092 2857 eam
1107 2814 1226 2855 esse
1246 2798 1549 2868 voluntatis,
1569 2799 1615 2855 si
1641 2815 1746 2855 non
1773 2799 1842 2859 de
1856 2815 1916 2857 se

324 2894 477 2969 ipsis,
506 2892 600 2949 sed
624 2893 692 2948 de
720 2892 813 2947 illo
839 2908 870 2949 a
894 2908 999 2964 quo
1019 2902 1101 2949 est
1123 2892 1318 2948 bonum
1339 2908 1497 2947 omne
1520 2893 1812 2950 confidunt.
1834 2892 1916 2951 llli

324 2985 390 3042 ad
414 3001 534 3042 eam
566 2983 989 3042 conscenderunt
1016 2999 1174 3041 causa
1205 2984 1421 3055 maioris
1460 2984 1676 3059 glorize,
1710 2993 1769 3047 ut
1812 2985 1913 3042 ali-

324 3077 451 3151 quid
475 3077 703 3149 amplius
722 3077 1051 3143 invenirent;
1080 3077 1165 3131 isti
1186 3075 1253 3132 ad
1274 3092 1389 3133 eam
1412 3075 1765 3148 confugerunt
1785 3092 1914 3137 cura

324 3170 516 3227 salutis
543 3168 874 3235 novissimae,
906 3183 972 3222 ne
999 3166 1234 3239 perirent
1262 3185 1275 3221 :
1306 3168 1515 3238 utrique
1544 3176 1911 3238 permaneant,

324 3263 538 3334 utrique
565 3263 618 3317 in
648 3261 788 3333 quod
828 3269 1184 3332 pervenerunt
1222 3259 1495 3317 ambulent
1538 3276 1704 3332 usque
1748 3261 1800 3316 in
1843 3259 1911 3315 fl-

326 3372 450 3413 nem
472 3397 488 3425 ,
518 3355 759 3411 ferveant
788 3353 976 3409 studiis
999 3394 1015 3421 ,
1062 3352 1360 3427 supplicent
1402 3353 1540 3408 votis
1576 3353 1696 3425 quia
1727 3362 1781 3409 et
1808 3352 1913 3410 illis

323 3451 469 3507 salus
494 3446 774 3521 cogitanda
798 3458 909 3513 est,
944 3454 1003 3503 ut
1046 3446 1113 3503 ab
1151 3461 1217 3502 eo
1251 3444 1395 3518 quod
1421 3446 1668 3503 voluntas
1691 3444 1913 3517 arripuit

323 3542 520 3599 cadere
550 3541 805 3606 timeant;
834 3548 889 3594 et
917 3538 1036 3595 istis
1059 3538 1228 3611 gloria
1249 3536 1580 3608 desperanda
1609 3553 1714 3593 non
1741 3547 1845 3606 est,
1865 3538 1911 3595 si

322 3632 378 3691 in
420 3649 487 3690 eo
512 3630 655 3705 quod
689 3631 980 3687 necessitas
1029 3629 1239 3697 intulit,
1282 3630 1567 3701 persistere
1608 3628 1842 3701 deligant
1866 3629 1907 3685 ³.

323 3725 463 3783 Fieri
492 3725 636 3783 enim
677 3732 937 3799 potest_ut
978 3722 1091 3778 Deo
1121 3729 1353 3779 terrente
1392 3731 1445 3778 et
1472 3720 1757 3789 hortante,
1782 3736 1912 3777 con-

324 3825 565 3873 vertente
615 3825 672 3869 et
713 3814 987 3888 implente,
1044 3812 1303 3873 humanus
1354 3813 1407 3868 in
1456 3812 1649 3867 melius
1677 3821 1910 3869 mutetur

326 3907 583 3975 allectus;
615 3917 773 3979 atque
802 3907 872 3962 ita
901 3915 1125 3963 voveant
1151 3907 1267 3963 sine
1295 3905 1555 3978 coniugiis
1584 3913 1641 3960 ct
1660 3905 1776 3961 sine
1803 3904 1910 3961 ullo

323 3998 605 4055 concubitu
636 4007 793 4068 atque
823 3998 1093 4051 immunda
1124 3995 1357 4052 libidinis
1395 3995 1763 4051 attrectatione
1787 4010 1909 4065 pcr-

322 4089 755 4146 severantissime
780 4090 960 4144 vivere
982 4131 998 4158 ,
1046 4098 1103 4143 ut
1144 4089 1352 4145 etiamsi
1394 4096 1636 4158 separata
1666 4087 1907 4159 coniugia

323 4180 500 4238 locum
530 4180 759 4238 ducendi
784 4181 916 4236 alias
956 4180 1232 4236 moriendo
1261 4179 1565 4251 aperuerint
1585 4220 1602 4245 ,
1633 4177 1910 4234 claudatur

324 4288 386 4328 ex
418 4282 545 4329 voto
570 4271 711 4344 quod
741 4280 885 4344 patet
915 4288 979 4328 ex
1004 4271 1170 4340 licito,
1203 4282 1255 4328 et
1283 4271 1424 4343 quod
1449 4281 1565 4327 erat
1593 4272 1908 4330 necessitate

268 4375 279 4447 ι
321 4374 579 4435 ereptum,
612 4363 703 4418 ﬁat
731 4364 992 4420 charitate
1020 4363 1333 4435 perfectum.
1360 4362 1575 4420 Talibus
1595 4364 1829 4434 proiecto
1855 4365 1906 4425 id

322 4456 665 4522 retribuetur,
694 4454 832 4526 quod
861 4455 964 4510 illis
982 4456 1072 4528 qui
1095 4456 1177 4512 vel
1206 4455 1321 4527 pari
1345 4470 1612 4512 consensu
1631 4472 1753 4514 cum
1775 4472 1905 4512 cou-

321 4546 531 4619 iugibus
578 4546 683 4603 hoc
734 4556 1029 4616 voverunt,
1070 4548 1152 4604 vel
1201 4548 1358 4605 nullis
1403 4549 1660 4621 coniugiis
1705 4551 1906 4622 alligati

264 4669 272 4675 ο
323 4648 540 4711 propter
558 4638 729 4709 maius
753 4639 949 4694 bonum
970 4639 1352 4695 continentiam
1373 4640 1700 4712 delegerunt.
1729 4642 1785 4698 Si
1814 4658 1908 4698 au-

325 4739 426 4786 tem
455 4730 530 4785 ita
559 4744 621 4785 se
652 4730 930 4803 continent
954 4772 969 4798 ,
1017 4739 1075 4787 ut
1118 4730 1163 4786 si
1204 4732 1499 4788 moriantur
1535 4747 1757 4804 quarum
1799 4732 1907 4791 vita

319 4823 592 4895 coniugari
623 4823 986 4894 impediuntur
1008 4864 1025 4891 ,
1055 4825 1187 4879 alias
1214 4824 1410 4880 dueere
1436 4825 1700 4894 cogitent;
1734 4823 1908 4894 proie-

321 4926 406 4971 cto
444 4916 657 4972 etiamsi
687 4917 834 4987 prius
863 4918 963 4988 ipsi
1003 4918 1057 4973 in
1104 4917 1193 4973 tali
1233 4918 1557 4973 continentia
1589 4918 1654 4973 de
1680 4931 1905 4989 corpore

321 5008 631 5076 abscedant,
660 5026 763 5066 non
794 5012 873 5066 eis
899 5012 1185 5081 imputatur
1215 5010 1318 5065 nisi
1344 5010 1415 5065 ad
1434 5010 1740 5079 pudicitiam
1769 5024 1899 5065 oon-

318 5097 548 5169 jugalem
573 5141 588 5164 ,
620 5108 835 5169 propter
862 5116 1020 5172 quam
1052 5115 1158 5154 non
1187 5099 1387 5153 faciunt
1413 5098 1558 5169 quod
1586 5098 1822 5155 facerent
1858 5098 1905 5154 si

320 5186 525 5245 liceret.
578 5188 690 5245 Hac
735 5191 931 5262 quippe
977 5189 1271 5247 intentione
1315 5188 1651 5245 continenter
1686 5188 1901 5257 vivere,

320 5291 504 5350 parum
534 5289 620 5335 est
656 5278 724 5335 ad
753 5281 1057 5351 accipienda
1100 5279 1241 5335 illius
1270 5295 1388 5350 qua:
1428 5278 1646 5335 liberius
1692 5277 1905 5351 eligitur

318 5370 660 5426 continentiae
691 5375 903 5442 praemia
931 5415 946 5441 ,
992 5372 1087 5429 sed
1128 5368 1327 5429 sufficit
1362 5371 1430 5428 ad
1471 5369 1707 5427 cavenda
1748 5369 1902 5427 adul-

317 5463 469 5519 teria.

379 5573 398 5606 ⁸
432 5579 507 5624 Er.
534 5581 588 5625 et
606 5580 734 5637 uss,
760 5574 939 5629 dilectu
958 5582 1046 5630 est.

378 5632 977 5731 ἲὶῖἒίέἈίῗοιίἔῖἔέἐξξο

432 5649 483 5686 111
505 5649 635 5696 ωειλ,
658 5649 977 5688 αιυονιιεηιεε.

432 5700 515 5748 n.
535 5702 591 5751 et
609 5702 740 5761 In...
757 5696 977 5762 diligant.

1681 212 1884 270 usus
1919 211 2291 273 SECUNDUS.

2102 329 2330 389 CAPUT
2353 329 2637 391 XX.-—%i.
2654 332 2772 391 νὲή
2794 335 3084 397 Wbut
3094 340 3339 409 ρι’άνιὶι
3360 345 3609 414 ριιήηὲα

2032 419 2231 481 debent.
2252 420 2621 483 Caralim
2636 425 3176 499 amurcam
3192 439 3311 491 ιω
3333 433 3475 493 me
3491 454 3611 507 pro-

2033 512 3323 583 ponitvhirnolentibuaindiuortioucomina'e.
3361 523 3614 584 Barcan-

2034 609 2140 659 tem
2161 619 2247 660 me
2266 602 2334 661 de
2356 614 2583 678 utroque
2593 622 2727 665 sexu
2737 610 3043 667 memineris
3058 610 3252 679 dicere,
3263 613 3357 669 sed
3378 616 3610 675 maxime

2032 702 2250 764 propter
2265 695 2428 765 viros,
2446 699 2537 767 qui
2552 710 2833 770 propterea
2854 715 2912 758 se
2931 699 3143 758 feminis
3162 705 3467 775 superiores
3487 722 3606 766 esse

2029 785 2370 857 arbitrantur,
2396 805 2464 845 ne
2489 790 2738 860 pudicitia
2755 808 2910 862 pares
2935 808 3055 850 esse
3077 794 3362 865 dignentur
3386 816 3399 852 :
3432 798 3485 853 in
3507 816 3610 869 qua

2030 883 2186 938 etiam
2206 885 2397 955 praeire
2409 882 2792 951 debuerunt,ut
2808 901 2903 942 eos
2928 886 3032 941 illae
3057 894 3307 957 tanquam
3324 904 3417 944 sua
3434 892 3607 961 capita

2028 986 2397 1047 sequerentur.
2420 976 2644 1045 Quando
2671 988 2846 1039 antem
2876 980 2959 1036 lex
2978 980 3221 1051 prohibet
3253 982 3534 1052 adulteria,
3557 988 3601 1043 si

2029 1067 2250 1125 obtentu
2280 1069 2677 1131 incontinentis:
2700 1070 2930 1129 carnalis
2952 1072 3271 1130 inﬁrmitatis
3294 1075 3602 1134 admittatur

2026 1159 2333 1221 excusatio.
2363 1160 2545 1215 multis
2574 1160 2677 1215 sub
2712 1162 2930 1217 nomine
2954 1162 3101 1218 falsae
3127 1163 3452 1234 impunitatis
3478 1182 3602 1237 per-

2031 1250 2193 1305 eundi
2223 1252 2462 1321 aperitur
2500 1252 2730 1307 occasio.
2756 1252 2941 1323 Neque
2965 1254 3105 1309 enim
3130 1270 3346 1311 carnem
3374 1272 3478 1313 non
3510 1258 3604 1315 ha~

2027 1340 2157 1398 bent
2192 1343 2436 1411 feminae,
2471 1345 2665 1415 quibus
2689 1345 2787 1400 viri
2817 1345 3018 1416 aliquid
3054 1347 3158 1403 tale
3194 1350 3377 1405 nolunt
3406 1351 3602 1418 licere,

2025 1437 2179 1506 quasi
2211 1434 2310 1504 eis,
2340 1436 2463 1507 quia
2491 1437 2589 1492 viri
2615 1447 2760 1507 sunt,
2789 1438 2963 1495 liceat.
2994 1439 3098 1496 Sed
3125 1442 3264 1497 absit
3292 1452 3348 1497 ut
3373 1444 3606 1499 melioris

2025 1540 2184 1582 sexus
2212 1528 2229 1559 ¹
2261 1535 2511 1598 tanquam
2533 1527 2726 1584 honori
2756 1529 3035 1599 debeatur,
3054 1532 3194 1602 quod
3217 1532 3403 1602 pudori
3431 1517 3609 1589 detra-

2027 1615 2203 1684 hitur;
2234 1633 2355 1673 cum
2385 1618 2557 1679 honor
2592 1620 2768 1691 iustus
2805 1620 3007 1691 virtuti,
3044 1638 3151 1677 non
3171 1624 3300 1679 vitio
3327 1625 3605 1682 debeatur.

2024 1706 2275 1775 Quinimo
2314 1724 2437 1767 cum
2479 1726 2510 1765 a
2539 1710 2753 1769 feminis
2781 1712 2962 1785 utique
3007 1711 3324 1773 habentibus
3351 1731 3603 1785 carnem,

2025 1806 2224 1853 tantam
2258 1799 2495 1871 ﬂagitant
2525 1804 2821 1858 castitatem
2843 1845 2858 1871 ,
2909 1813 2966 1858 ut
3003 1804 3216 1874 quando
3247 1804 3320 1861 ab
3352 1808 3605 1864 uxoribus

2022 1887 2320 1949 diutissime
2368 1893 2774 1963 peregrinantur
2795 1933 2810 1959 ,
2858 1894 3022 1950 velint
3061 1910 3157 1953 eas
3199 1896 3268 1954 ab
3309 1896 3607 1957 adulterino

2021 1983 2309 2039 concubitu
2336 1984 2781 2041 incontaminatas
2806 1985 3385 2063 fervoremtransigere
3404 1989 3605 2063 iuven-

2024 2073 2153 2129 tutis
2183 2074 2268 2146 (et
2296 2075 2537 2147 plurimae
2578 2076 2920 2147 pudicissima
2951 2066 3268 2152 transigunt,
3296 2091 3355 2159 et
3374 2083 3605 2143 maxime

2021 2164 2197 2239 Syra),
2228 2182 2454 2239 quarum
2471 2168 2649 2225 mariti
2675 2170 2982 2243 negotiandi
3006 2172 3298 2242 quaestibus
3338 2176 3604 2246 occupati,

2016 2258 2243 2328 iuvenes
2268 2258 2695 2319 adolescentulas
2714 2260 2991 2330 deserunt,
3018 2272 3072 2319 et
3096 2264 3181 2319 vix
3206 2264 3491 2335 aliquando
3516 2280 3606 2323 se-

2018 2363 2120 2405 nes
2145 2349 2214 2404 ad
2231 2350 2469 2408 aniculas
2489 2353 2861 2426 revertuntur)
2889 2370 2903 2419 ;
2927 2369 2993 2411 eo
3019 2356 3134 2427 ipso
3159 2355 3454 2415 evidentius
3477 2372 3607 2415 con»

2018 2432 2303 2489 vincuntur
2340 2449 2448 2491 non
2489 2450 2609 2493 esse
2652 2435 2982 2506 impossibile
3020 2438 3161 2510 quod
3199 2453 3259 2494 se
3300 2454 3409 2499 non
3444 2454 3603 2510 posse

2020 2536 2331 2585 causantur.
2376 2526 2433 2584 Si
2458 2527 2600 2587 enim
2641 2527 2745 2585 hoc
2774 2544 2879 2586 non
2920 2540 3099 2601 posset
3124 2528 3403 2586 inﬁrmitas
3434 2530 3607 2591 homi-

2021 2633 2151 2677 num
2172 2660 2188 2686 ,
2216 2619 2387 2678 mimo
2423 2619 2600 2679 minus
2628 2619 2679 2677 id
2708 2630 2888 2693 posset
2914 2636 3076 2679 sexus
3104 2622 3362 2679 inﬁrmior
3382 2622 3605 2687 femina-

2018 2725 2159 2769 rum.

2087 2800 2174 2859 22.
2210 2799 2363 2859 Unde
2385 2802 2517 2859 istos
2545 2803 2635 2875 qui
2654 2802 2861 2859 virilem
2890 2802 3260 2863 excellentiam
3281 2821 3388 2862 non
3417 2814 3606 2881 putant

2016 2893 2121 2949 nisi
2148 2894 2404 2965 peccandi
2435 2894 2705 2951 licentiam
2724 2937 2740 2965 ,
2769 2894 2983 2967 quando
3009 2904 3271 2953 terremus
3300 2912 3368 2953 ne
3395 2897 3604 2957 adulte-

2016 2983 2150 3042 rinis
2194 2986 2457 3058 coniugiis
2495 2986 2752 3045 hzerendo
2794 2995 3020 3060 pereant
3056 2987 3110 3043 in
3139 2998 3439 3059 azternum,
3464 2990 3606 3051 sole-

2017 3090 2136 3131 mus
2165 3076 2247 3135 eis
2286 3091 2585 3149 proponere
2629 3078 2793 3133 etiam
2822 3078 3204 3134 continentiam
3245 3079 3602 3151 clericorum,

2014 3165 2108 3238 qui
2131 3166 2444 3237 plerumque
2470 3166 2539 3223 ad
2579 3167 2823 3223 eamdem
2860 3168 3125 3225 sarcinam
3151 3169 3480 3229 subeundam
3508 3186 3601 3228 ca-

2016 3256 2234 3327 piuntur
2261 3256 2410 3311 inviti
2430 3296 2444 3321 ,
2484 3271 2709 3328 eamque
2746 3265 3046 3329 susceptam
3073 3274 3241 3332 usque
3269 3258 3336 3315 ad
3364 3258 3602 3319 debitum

2015 3347 2175 3405 finem
2196 3391 2213 3419 ,
2256 3349 2483 3404 Domino
2507 3348 2797 3420 adiuvante
2816 3391 2833 3419 ,
2856 3348 3179 3420 perducunt.
3213 3351 3446 3409 Dicimus
3474 3370 3603 3428 ergo

2015 3443 2093 3501 eis
2118 3460 2132 3497 :
2154 3440 2290 3509 Quid
2318 3442 2363 3497 si
2389 3452 2444 3499 et
2465 3456 2558 3498 vos
2581 3441 2649 3499 ad
2672 3443 2772 3500 hoc
2794 3443 3128 3501 subeundum
3146 3445 3463 3517 populorum
3490 3448 3603 3505 vio-

2015 3535 2179 3593 lentia
2202 3536 2563 3609 caperetnini?
2589 3552 2767 3594 nonne
2794 3548 3100 3615 susceptum
3133 3549 3279 3596 caste
3301 3540 3601 3597 custodire-

2015 3627 2084 3689 tis
2125 3628 2396 3696 ofﬁcium,
2443 3638 2662 3701 repente
2686 3630 2929 3687 conversi
2959 3630 3023 3691 ad
3056 3630 3415 3702 impetrandas
3460 3633 3601 3690 vires

2013 3737 2047 3779 a
2100 3722 2360 3788 Domino,
2408 3721 2476 3779 de
2525 3722 2714 3793 quibus
2759 3736 3028 3793 nunquam
3085 3732 3241 3779 antea
3293 3723 3600 3797 cogitastis?

2010 3812 2119 3871 Sed
2140 3814 2282 3880 illos,
2310 3813 2571 3883 inquiunt,
2605 3812 2776 3867 honor
2800 3813 3083 3881 plurimum
3109 3813 3434 3869 consolatur.
3469 3813 3601 3869 Res-

2008 3905 2310 3975 pondemus
2346 3921 2359 3956 :
2397 3904 2466 3959 Et
2509 3903 2657 3959 vobis
2693 3903 2852 3959 timor
2896 3904 3067 3960 multo
3094 3906 3321 3975 amplius
3348 3904 3597 3963 modere-

2012 4004 2100 4055 tur
2129 3998 2171 4053 ’.
2202 3997 2259 4053 Si
2300 3998 2441 4052 enim
2482 3996 2582 4050 hoc
2608 3995 2758 4050 multi
2803 3996 2895 4051 Dei
2932 3996 3160 4054 ministri
3193 4008 3413 4067 repente
3438 4006 3598 4069 atque

2018 4090 2290 4161 inopinate
2328 4088 2635 4160 impositum
2675 4096 3045 4159 susceperunt,
3084 4100 3362 4162 sperantes
3390 4105 3448 4146 se
3474 4090 3596 4147 illu-

2011 4180 2176 4236 strius
2201 4180 2254 4235 in
2280 4177 2476 4235 Christi
2501 4176 2810 4235 hatreditate
2837 4178 3072 4251 fulgere;
3097 4188 3295 4251 quanto
3315 4181 3481 4251 magis
3504 4196 3597 4239 vos

2011 4273 2271 4333 adulteria
2305 4271 2576 4338 cavendo,
2618 4271 2798 4327 vivere
2835 4272 3170 4328 continenter
3213 4270 3453 4341 debetis,
3485 4287 3599 4328 me-

2014 4375 2224 4424 tuentes
2245 4383 2349 4422 non
2371 4368 2423 4422 in
2448 4382 2612 4438 regno
2633 4366 2725 4421 Dei
2753 4367 2928 4422 minus
2949 4366 3147 4430 lucere,
3171 4367 3263 4422 sed
3287 4367 3337 4421 in
3357 4368 3598 4438 gehenna

2010 4460 2150 4532 ignis
2186 4458 2415 4517 ardere?
2444 4458 2567 4513 llaec
2592 4467 2752 4528 atque
2787 4456 3090 4526 huiusmodi
3128 4457 3207 4512 eis
3233 4466 3292 4513 ut
3316 4472 3598 4527 possumus

2010 4552 2258 4618 dicimus,
2284 4551 2373 4621 qui
2394 4565 2608 4620 quoquo
2634 4547 2795 4602 modo
2814 4563 2846 4605 a
2870 4563 2929 4605 se
2949 4547 3345 4603 discedentibus
3366 4546 3450 4601 vel
3476 4563 3601 4617 pro-

2013 4655 2130 4719 pter
2149 4644 2470 4700 adulterium
2491 4640 2727 4695 dimissis
2754 4640 3067 4710 conjugibus
3093 4640 3225 4706 suis,
3254 4640 3385 4694 alias
3416 4640 3599 4695 volunt

2010 4738 2228 4803 ducere,
2257 4745 2312 4790 et
2340 4749 2459 4789 cum
2488 4730 2868 4802 prohibentur,
2898 4730 3263 4786 infirmitatem
3287 4730 3441 4786 nobis
3478 4745 3597 4787 car-

2011 4830 2095 4884 nis
2133 4832 2426 4898 opponunt.
2459 4823 2564 4879 Sed
2600 4822 2713 4893 iam
2754 4821 2891 4876 liber
2928 4820 3088 4876 etiam
3129 4820 3232 4876 iste
3268 4820 3598 4879 claudendus

2009 4926 2113 4982 est,
2141 4928 2197 4975 et
2226 4915 2491 4987 rogandus
2514 4914 2656 4970 Deus
2681 4922 2738 4969 ut
2758 4920 2849 4967 aut
2872 4926 2969 4969 eos
2992 4911 3185 4968 tentari
3209 4926 3317 4967 non
3349 4913 3486 4967 sinat
3513 4926 3598 4968 sc-

2010 5009 2372 5082 parationibus
2401 5007 2727 5078 coniugum;
2757 5010 2851 5059 aut
2878 5003 2949 5059 ita
2983 5002 3162 5071 sinat,
3191 5010 3250 5058 ut
3274 5002 3434 5057 timor
3459 5002 3598 5073 peri-

2008 5100 2242 5157 clitantis
2264 5097 2449 5154 salutis
2469 5096 2560 5152 fuit
2588 5096 2691 5152 illis
2718 5094 2995 5167 amplioris
3022 5092 3134 5151 sive
3162 5093 3478 5165 probatioris
3504 5108 3596 5150 oc-

2009 5193 2156 5249 casio
2173 5189 2452 5247 castitatis.

2073 5370 2090 5401 ι
2124 5365 2233 5418 sola
2262 5360 2829 5418 editioLov.:scdabait
2862 5358 3217 5414 hocemtiorl
3252 5363 3598 5423 mutton-

2006 5437 2400 5545 msolaagditio
2418 5494 2531 5540 ιον.
2554 5500 2567 5539 :
2592 5492 2649 5541 Et
2672 5497 2752 5540 vos
2771 5483 2912 5539 tintor
2925 5482 3127 5550 amplior
3149 5482 3429 5538 moderetur.
