4122 6212
514 210 3791 289 W
563 270 885 285 ..η-...η

640 271 859 283 .___._-———

563 275 638 285 -ι

584 337 668 401 In
712 332 943 398 librum
989 329 1068 391 de
1114 325 1471 399 Mendacio,
1525 323 1667 386 vide
1705 320 1816 385 lib.
1855 323 1914 397 1,
1979 338 2115 401 cap.
2159 319 2470 394 ultimum,
2527 316 3103 390 Retractationum,
3147 323 3294 378 tom.
3366 315 3430 392 1,
3457 315 3591 397 ξοοι.
3630 315 3793 397 ϐω,

501 436 728 512 verbis,
748 435 914 497 'Item
942 430 1019 491 de
1046 425 1613 505 Mendacio,usque
1636 420 1719 483 ad
1744 419 1951 488 verba,
1969 419 2250 494 Quaestio
2276 422 2374 481 est
2397 418 2476 480 de
2500 416 2857 479 Mendacio.
2940 415 3028 477 Μ.

1081 639 1224 755 S.
1322 633 2084 751 AUBELII
2169 631 3177 747 AUGUSTINI

1690 800 2206 864 HIPPONENSIS
2245 801 2600 865 EPISCOPI

1029 976 1429 1197 DE
1636 968 3268 1201 MENDACIO
3418 1318 3423 1321 _

1596 1331 2073 1444 LIBER
2162 1328 2566 1439 U'NU'S
2594 1333 2697 1441 (⁸).

1963 1541 2333 1599 mile

501 556 730 578 μ’

751 536 3795 569 MM

555 1683 608 1727 ιη
623 1673 848 1751 quam
871 1670 1281 1751 ξίιωεοειθοξιιιην
1320 1672 1372 1717 ει
1391 1659 1833 1751 "meamea
1856 1657 2958 1751 minemiinezsarecomantia"?
2975 1669 3211 1751 ratione
3233 1670 3284 1720 ίιι
3301 1677 3560 1737 utrmque
3581 1679 3773 1736 partem

494 1722 993 1800 libratis—disquiritk
1038 1722 1391 1783 Mendaciorum
1422 1722 1691 1777 afferuntur
1722 1730 1833 1775 octo
1864 1733 2071 1786 genera,
2093 1722 2252 1782 iisque
2289 1722 2517 1775 discussis
2541 1733 2593 1776 et
2628 1729 2822 1779 omnino
2863 1722 3063 1793 rejectis
3104 1738 3330 1783 statuitur
3374 1722 3774 1798 nunquam

493 1800 845 1853 mentiendum.

568 1925 794 1983 CAPUT
830 1920 1118 1980 PRIMUM.
1139 1949 1212 1961 -—
1233 1919 1285 1974 1.
1318 1915 1551 1971 Materia
1587 1910 1959 1986 pertractanda:
1987 1908 2090 1979 dif-
2134 1893 2159 1901 ν

503 2016 727 2088 ﬁcuttas.
754 2015 940 2086 Magna
970 2011 1194 2084 qumstio
1220 2016 1304 2065 est
1330 2008 1398 2063 de
1435 2004 1734 2071 mendacio,
1766 2018 1884 2073 qua:
1913 2015 2011 2056 nos
2036 2000 2089 2055 in

497 2108 633 2180 ipsis
670 2104 991 2178 quotidianis
1021 2101 1227 2158 actibus
1264 2098 1464 2154 nostris
1489 2111 1633 2167 saepe
1662 2093 1950 2149 conturbat
1976 2108 1989 2146 :
2022 2106 2090 2147 ne

501 2207 595 2255 aut
615 2208 817 2255 temere
837 2209 1149 2252 accusemus
1168 2191 1524 2255 mendacium,
1549 2187 1689 2260 quod
1710 2201 1817 2243 non
1837 2193 1922 2241 est
1940 2199 2090 2240 men-

500 2291 715 2346 dacium
741 2308 756 2357 ;
783 2297 876 2344 aut
893 2289 1216 2343 arbitremur
1242 2283 1528 2355 aliquando
1556 2296 1675 2337 esse
1701 2279 2084 2346 mentiendum,

495 2382 725 2439 honesto
760 2380 991 2452 quodam
1029 2387 1084 2434 et
1110 2377 1348 2433 ofﬁcioso
1379 2390 1443 2431 ac
1484 2372 1815 2429 misericordi
1858 2371 2085 2427 menda-

499 2473 585 2529 cio
608 2472 649 2526 ί.
672 2470 847 2539 Ωιιωη
865 2468 1213 2540 quaestionem
1238 2475 1346 2521 tam
1371 2463 1598 2520 sollicite
1617 2461 2083 2532 pertractabimus,

499 2572 559 2620 ut
602 2577 903 2635 quazramus
948 2576 1072 2616 cum
1119 2557 1523 2631 quaerentibus:
1554 2566 1728 2611 utrum
1768 2564 1946 2610 autem
1984 2553 2084 2609 ali-

499 2666 757 2729 quantum
781 2654 1145 2720 inveniamus,
1182 2651 1313 2707 nihil
1346 2651 1500 2706 nobis
1540 2658 1741 2704 temere
1770 2646 2088 2701 afﬁrmanti-

499 2749 636 2818 bus,
664 2747 852 2803 lectori
891 2746 1030 2802 bene
1058 2742 1351 2799 attendenti
1380 2741 1512 2797 satis
1551 2738 1803 2794 indicabit
1826 2738 1941 2807 ipsa
1980 2745 2084 2791 tra-

502 2839 669 2896 ctatio
697 2856 711 2892 :
744 2837 1010 2893 latebrosa
1042 2843 1126 2891 est
1151 2834 1291 2891 enim
1332 2832 1491 2887 nimis
1511 2840 1566 2887 et
1594 2828 1908 2901 quibusdam
1934 2827 2086 2899 quasi

500 2931 813 2989 cavernosis
852 2928 1180 2985 anfractibus
1225 2939 1369 2996 saepe
1406 2922 1757 2979 intentionem
1801 2919 2087 2991 quaerentis

497 3022 668 3079 cludit
691 3039 706 3088 ;
734 3030 792 3076 ut
812 3019 975 3076 modo
993 3018 1138 3074 velut
1157 3016 1397 3072 elabatur
1416 3028 1447 3070 e
1469 3013 1715 3069 manibus
1734 3010 1874 3083 quod
1904 3012 2089 3066 inven-

499 3124 614 3172 tum
644 3122 780 3180 erat,
808 3112 969 3169 modo
992 3124 1179 3167 rursus
1206 3114 1480 3179 appareat,
1509 3115 1565 3163 et
1587 3119 1774 3161 rursus
1801 3103 2087 3159 absorbea-

498 3216 608 3262 tur.
635 3205 717 3261 Ad
754 3214 1051 3261 extremum
1096 3210 1273 3256 tamen
1316 3198 1632 3255 sententiam
1674 3202 1910 3250 nostram
1938 3194 2086 3251 velut

501 3297 701 3353 certior
715 3295 907 3366 indago
927 3291 1364 3363 comprehendet.
1388 3287 1444 3343 ln
1467 3303 1568 3358 qua
1584 3289 1630 3343 si
1650 3287 1789 3343 ullus
1810 3302 1960 3343 error
1979 3294 2083 3353 cst,

500 3405 624 3445 cum
666 3387 735 3443 ab
773 3387 919 3443 omni
948 3400 1133 3442 errore
1162 3384 1358 3439 veritas
1404 3381 1625 3446 liberet,
1670 3389 1828 3451 atque
1857 3381 1908 3434 in
1939 3379 2085 3435 omni

501 3494 688 3537 errore
707 3477 914 3533 falsitas
938 3475 1210 3545 implicet;
1232 3487 1500 3542 nunquam
1527 3471 1691 3526 errari
1719 3471 1883 3525 tutius
1903 3469 2088 3525 existi-

499 3588 593 3628 mo
613 3611 629 3637 ,
658 3584 816 3642 quam
843 3583 964 3623 cum
991 3566 1042 3622 in
1066 3579 1249 3621 amore
1273 3564 1438 3618 nimio
1458 3562 1696 3617 veritatis
1719 3571 1771 3616 et
1796 3560 2085 3631 rejectione

499 3661 938 3735 nimiafalsitatis
978 3667 1205 3716 erratur.
1247 3656 1347 3726 Qui
1384 3656 1524 3711 enim
1562 3669 1748 3711 severe
1790 3653 2084 3724 reprehen-

499 3756 669 3823 dunt,
710 3755 812 3810 hoc
851 3753 1073 3809 nimium
1104 3751 1285 3807 dicunt
1322 3764 1481 3804 esse:
1515 3748 1627 3818 ipsa
1671 3755 1848 3802 autem
1889 3747 2085 3802 veritas

497 3847 726 3904 fortasse
752 3845 925 3902 adhuc
945 3845 1107 3911 dicat,
1129 3840 1373 3898 Nondum
1394 3848 1479 3895 est
1502 3843 1653 3895 satis.
1677 3837 1818 3893 Sane
1845 3836 2082 3908 quisquis

494 3940 653 4012 legis,
685 3939 815 3995 nihil
845 3934 1228 4009 reprehendas,
1257 3932 1359 3987 nisi
1388 3946 1511 3986 eum
1540 3939 1709 3985 totum
1740 3929 1934 3999 legeris
1959 3945 1974 3994 ;
2005 3936 2086 3983 at-

497 4048 602 4104 que
631 4033 699 4087 ita
728 4031 906 4086 minus
935 4026 1317 4099 reprehendes.
1349 4024 1631 4095 Eloquium
1660 4021 1766 4077 noli
1793 4037 2034 4093 quaerere
2066 4042 2080 4078 :

497 4123 721 4178 multum
748 4120 889 4175 enim
926 4119 994 4174 de
1020 4119 1181 4172 rebus
1213 4115 1570 4169 laboravimus
1592 4155 1608 4179 ,
1635 4121 1692 4168 et
1717 4112 1785 4168 de
1812 4114 2085 4169 celeritate

499 4209 808 4267 absolvendi
851 4217 955 4262 tam
1009 4204 1295 4261 necessarii
1334 4203 1655 4271 quotidiana:
1695 4203 1819 4258 vita:
1866 4204 2080 4274 operis;

498 4301 643 4358 unde
669 4310 760 4355 aut
781 4299 977 4363 tenuis,
1004 4306 1094 4351 aut
1121 4309 1285 4366 prope
1305 4295 1326 4326 ¹
1353 4293 1494 4348 nulla
1523 4293 1621 4347 fuit
1640 4293 1793 4348 nobis
1814 4309 1939 4349 cura
1964 4310 2085 4349 ver-

494 4394 793 4543 hor61:1".U'l‘
832 4482 897 4538 ll.
920 4512 989 4523 —
1011 4481 1066 4536 2.
1102 4478 1220 4534 loci
1246 4495 1345 4533 non
1372 4487 1490 4532 sunt
1526 4476 1809 4532 mendacia.
1836 4477 2084 4549 Exceptis

500 4580 659 4652 igitur
685 4577 839 4649 jocis,
873 4588 991 4647 qum
1014 4586 1282 4643 nunquam
1306 4580 1430 4627 sunt
1456 4580 1634 4641 putata
1652 4570 1926 4625 mendacia
1950 4588 1962 4624 :
1991 4571 2085 4627 ha-

2195 1910 2325 1967 bent
2365 1912 2507 1969 enim
2548 1915 2998 1975 evidentissimum
3039 1936 3103 1976 ex
3149 1922 3577 1992 pronuntiatione
3618 1934 3779 1996 atque

2194 2002 2313 2074 ipso
2334 2004 2565 2074 jocantis
2584 2007 2773 2064 all‘ectu
2794 2009 3235 2081 signiﬁcationem
3255 2014 3416 2068 animi
3444 2030 3775 2088 nequaquam

2192 2092 2443 2165 fallentis,
2466 2099 2566 2154 etsi
2588 2115 2694 2155 non
2715 2116 2839 2157 vera
2863 2105 3187 2161 enuntiantis
3212 2124 3225 2159 :
3253 2122 3361 2177 quo
3379 2123 3573 2179 genere
3600 2121 3778 2166 utrum

2191 2184 2262 2239 sit
2288 2186 2542 2243 utendum
2572 2193 2821 2260 perfectis
2852 2195 3064 2261 animis,
3102 2196 3205 2252 alia
3230 2200 3455 2269 quaestio
3481 2209 3585 2266 est,
3617 2217 3777 2272 quam

2190 2275 2353 2333 modo
2381 2278 2715 2337 enodandam
2744 2299 2850 2340 non
2873 2287 3240 2358 suscepimus:
3273 2289 3509 2361 exceptis
3537 2307 3664 2362 ergo
3688 2292 3777 2364 jo-

2189 2367 2300 2434 cis,
2342 2371 2489 2439 prius
2521 2373 2785 2443 agendum
2814 2388 2938 2445 est,
2969 2393 3037 2434 ne
3080 2380 3295 2436 mentiri
3324 2382 3659 2439 existimetur
3685 2386 3777 2457 qui

2188 2474 2297 2516 non
2321 2464 2596 2519 mentitur.

2260 2555 2487 2613 CAPUT
2526 2558 2708 2614 lll.-—
2729 2562 2782 2617 3.
2816 2562 2955 2630 Quid
2979 2564 3044 2619 sit
3068 2566 3407 2622 mendacium.
3445 2565 3527 2621 Ad
3562 2568 3778 2625 menda-

2189 2646 2324 2702 cium
2344 2665 2410 2704 an
2436 2651 2490 2704 in
2509 2652 2740 2723 loquente
2768 2655 3001 2711 uoluntas
3028 2657 3242 2729 fallendi
3270 2660 3555 2729 requiratur
3578 2660 3658 2715 vel
3675 2666 3781 2733 suf-

2189 2738 2350 2807 ﬁciat.
2384 2740 2722 2813 Quapropter
2745 2746 3032 2802 videndum
3059 2756 3143 2804 est
3166 2749 3291 2820 quid
3321 2751 3392 2805 sit
3418 2752 3774 2808 mendacium.

2188 2827 2304 2885 Non
2330 2832 2471 2887 enim
2501 2834 2677 2891 omnis
2703 2836 2791 2907 qui
2829 2838 3022 2894 falsum
3064 2840 3192 2896 dicit
3215 2842 3501 2913 mentitur,
3531 2844 3575 2898 si
3604 2844 3780 2900 credit

2187 2932 2279 2979 aut
2317 2925 2566 2995 opinatur
2606 2945 2792 2986 verum
2832 2947 2953 2989 esse
2992 2934 3132 3005 quod
3177 2935 3325 2991 dicit.
3369 2936 3512 2991 lntcr
3549 2938 3777 2995 credere

2188 3024 2366 3073 autem
2392 3029 2552 3091 atque
2581 3023 2787 3094 opinari
2831 3023 2933 3080 hoc
2960 3024 3155 3093 distat,
3194 3027 3335 3097 quod
3364 3028 3646 3098 aliquando
3690 3030 3778 3086 ille

2187 3108 2277 3179 qui
2306 3111 2496 3179 credit,
2524 3116 2686 3169 sentit
2709 3130 2767 3170 se
2789 3116 3035 3187 ignorare
3054 3117 3194 3188 quod
3223 3117 3411 3186 credit,
3440 3120 3681 3191 quamvis
3707 3121 3778 3177 de

2186 3214 2247 3256 re
2274 3217 2432 3272 quam
2455 3219 2513 3259 se
2533 3205 2777 3275 ignorare
2804 3209 2949 3262 novit
2968 3209 3186 3263 omnino
3209 3224 3315 3264 non
3337 3210 3562 3279 dubitet,
3587 3212 3631 3266 si
3655 3227 3774 3266 eam

2187 3290 2491 3349 firmissime
2509 3296 2681 3352 credit
2702 3298 2754 3364 ¹;
2779 3298 2865 3368 qui
2889 3308 3066 3354 autem
3086 3300 3351 3369 opinatur,
3380 3311 3529 3371 putat
3553 3318 3612 3358 se
3637 3304 3777 3360 scire

2187 3384 2326 3454 quod
2366 3387 2555 3441 nescit.
2589 3388 2839 3458 Quisquis
2874 3399 3052 3445 autem
3093 3391 3197 3447 hoc
3237 3393 3480 3447 enuntiat
3508 3393 3646 3463 quod
3688 3396 3776 3451 vel

2186 3475 2447 3531 creditum
2472 3478 2673 3546 animo,
2698 3480 2783 3535 vel
2808 3481 3080 3552 opinatum
3113 3491 3255 3538 tenet
3275 3485 3316 3548 ³,
3345 3485 3552 3539 etiamsi
3583 3485 3772 3540 falsum

2186 3566 2275 3633 sit,
2306 3583 2411 3623 non
2434 3571 2709 3625 mentitur.
2744 3571 2856 3627 lloc
2896 3574 3039 3629 enim
3064 3573 3225 3629 debet
3252 3575 3636 3630 enuntiationis
3662 3590 3776 3631 suae

2186 3657 2310 3714 ﬁdei
2337 3660 2381 3728 ⁸,
2417 3669 2474 3715 ut
2516 3661 2644 3717 illud
2675 3678 2772 3732 per
2797 3678 2915 3719 eam
2946 3665 3200 3735 proferat,
3233 3666 3372 3737 quod
3403 3667 3581 3722 animo
3609 3675 3771 3733 tenet,

2186 3756 2241 3804 et
2267 3749 2345 3804 sic
2371 3748 2529 3806 habet
2550 3759 2610 3806 ut
2637 3751 2858 3823 profert.
2891 3753 3000 3810 Nec
3026 3755 3146 3811 ideo
3176 3764 3351 3811 tamen
3380 3758 3495 3813 sine
3516 3758 3643 3813 vitio
3669 3768 3770 3826 est,

2186 3845 2429 3913 quamvis
2463 3858 2570 3900 non
2602 3847 2918 3911 mentiatur,
2960 3849 3005 3904 si
3034 3858 3125 3904 aut
3149 3865 3253 3905 non
3279 3851 3541 3906 credenda
3569 3852 3769 3918 credit,

2187 3945 2278 3991 aut
2314 3936 2453 4008 quod
2486 3937 2691 4008 ignorat
2723 3954 2882 3996 nosse
2910 3955 2969 3996 se
2998 3949 3180 4012 putat,
3211 3943 3417 3998 etiamsi
3449 3959 3630 3999 verum
3660 3943 3730 3998 sit
3755 3962 3771 3999 :

2187 4028 2513 4100 incognitum
2555 4032 2698 4087 enim
2735 4032 2898 4089 habet
2924 4049 3022 4106 pro
3059 4035 3291 4105 cognito.
3320 4036 3654 4108 Quapmpter
3684 4037 3774 4092 ille

2187 4122 2476 4189 mentitur,
2508 4124 2598 4194 qui
2624 4124 2766 4180 aliud
2798 4125 2960 4182 habet
2998 4126 3049 4181 in
3089 4129 3304 4195 animo,
3345 4138 3399 4183 et
3426 4128 3569 4185 aliud
3598 4129 3773 4184 verbis

2189 4210 2274 4265 vel
2297 4211 3117 4284 quibuslibetsigniﬁcationibus
3142 4218 3402 4273 enuntiat.
3432 4217 3585 4274 Unde
3608 4218 3767 4272 etiam

2187 4298 2382 4371 duplex
2408 4317 2502 4357 cor
2528 4303 2722 4359 dicitur
2743 4319 2863 4361 esse
2886 4306 3216 4375 mentientis,
3245 4307 3295 4362 id
3325 4317 3426 4374 est,
3454 4308 3647 4377 duplex
3678 4323 3773 4362 co-

2187 4390 2371 4461 gitatio
2400 4411 2414 4447 :
2447 4408 2550 4448 una
2571 4395 2648 4452 rei
2670 4395 2785 4465 ejus
2809 4411 2971 4467 quam
2994 4412 3170 4452 veram
3198 4413 3315 4453 esse
3336 4397 3418 4453 vel
3443 4397 3541 4452 scit
3561 4398 3642 4452 vel
3675 4414 3771 4467 pn-

2189 4488 2287 4549 tat,
2319 4493 2373 4538 et
2399 4500 2504 4540 non
2532 4487 2762 4557 profert;
2790 4488 2955 4544 altera
2982 4487 3097 4558 ejus
3117 4490 3193 4544 rei
3218 4502 3372 4559 quam
3397 4504 3492 4558 pro
3518 4489 3616 4543 ista
3647 4505 3772 4560 pro-

2188 4571 2295 4629 fert
2312 4577 2489 4631 sciens
2514 4577 2701 4634 falsam
2722 4594 2841 4637 esse
2862 4581 2945 4636 vel
2972 4588 3183 4652 putans.
3208 4579 3285 4635 Ex
3305 4594 3413 4650 quo
3438 4578 3496 4634 lit
3524 4588 3581 4636 ut
3600 4582 3770 4652 possit

1667 4675 1953 4717 ADMONITIO
1990 4677 2071 4718 PP.
2114 4678 2595 4722 BENEDICTINORUI.

550 4763 688 4827 Liber
705 4761 768 4811 de
792 4760 1031 4827 mendacio
1051 4761 1344 4827 repurgatus
1366 4760 1448 4827 est
1456 4760 1673 4827 ,αρε-Μελ..
1681 4751 1944 4827 polbertlni
1961 4765 2196 4827 annorum
2215 4755 2414 4827 circiter
2426 4758 2841 4827 octingentorum,
2871 4761 3208 4827 cenngnensis
3232 4767 3283 4827 et
3302 4762 3609 4827 corbciensis
3625 4767 3767 4827 :ctate

492 4824 748 4888 tequalium
769 4822 1059 4888 Colbertino,
1086 4815 1145 4888 et
1160 4815 1342 4888 veteris
1362 4815 1540 4887 codicis
1560 4815 1710 4876 Regii,
1732 4815 1997 4888 .Sorbon‘i'ci,
2020 4816 2264 4887 Victorini,
2286 4817 2538 4888 bigatiani,
2558 4815 2846 4888 ﬁicbaelini',
2868 4820 3573 4888 Pratellensis,Ebrulpbeusis,
3604 4826 3767 4888 Regio-

490 4873 777 4947 mdntensis,
800 4883 1026 4941 Vaticani,
1047 4873 1105 4947 et
1124 4879 1423 4947 belgicogum
1443 4873 1678 4947 quinque,
1703 4877 1809 4947 sive
1832 4873 2094 4946 lectionum
2119 4873 2403 4928 variantitfm
2438 4873 2560 4944 quas
2581 4896 2646 4934 ex
2669 4885 2729 4934 iis
2749 4873 3017 4935 hauserunt
3044 4873 3397 4947 mvanienses';
3418 4873 3605 4936 necudn
3626 4873 3764 4935 aﬁ'xi-

489 4945 555 4997 lio
581 4955 632 4997 et
653 4937 1296 5009 comparatione'editionum
1319 4937 1493 4987 Erasnii
1516 4949 1573 4987 ac
1594 4937 1971 4986 Lovaniensium.

571 5026 1084 5108 Comparavimus
1100 5031 1407 5103 praeterea
1435 5036 1533 5079 eas
1564 5036 1768 5079 omnes
1796 5016 2098 5081 editiones
2139 5019 2329 5085 initio
2359 5023 2535 5086 Retr.
2561 5035 2619 5088 et
2641 5025 2927 5089 Confess.
2961 5036 3008 5089 t.
3040 5030 3098 5104 1,
3124 5040 3510 5092 memoratas.
3595 5031 3679 5092 M.

554 5128 627 5194 (ρ)
656 5128 871 5194 pertinet
901 5125 1029 5173 liber
1059 5122 1124 5171 de
1159 5119 1401 5194 Mendaclo
1553 5117 2134 5194 ξιιᾎῃμωΑιγοὶςςὶὶρῐί-,ωδς
2159 5122 2571 5194 "quandoquidem
2606 5126 2826 5176 ultimum
2878 5127 3035 5177 locum
3058 5132 3272 5194 obtinet
3304 5133 3352 5182 in
3397 5133 3549 5194 primo
3604 5139 3767 5194 betra-

494 5179 782 5254 οιίῑιίὸηιισι,
804 5188 1068 5254 libr9._ql!0
1083 5187 1427 5254 νθςβμεειιι-ιιε
1450 5179 1693 5254 οῡμεειξιίι,
1719 5179 1796 5254 ab
1820 5180 2089 5254 {tegumine
2109 5179 2240 5232 edita
2262 5179 2407 5254 autcf
2420 5188 2744 5254 episcopatum
2756 5224 2781 5254 ,ί
2812 5202 2962 5254 quem
2993 5192 3087 5240 sub
3110 5179 3267 5242 utiem'
3281 5179 3410 5242 anni'
3433 5179 3537 5243 39:5
3557 5193 3769 5254 adeptus

493 5239 585 5302 est.
609 5251 748 5317 Liber
771 5250 821 5298 in
845 5239 1003 5317 editis;
1021 5246 1325 5317 inscribitur.
1344 5248 1463 5317 ,αρε
1483 5239 1848 5317 bendaqigggl
1862 5239 2175 5317 gigasgutium
2200 5257 2211 5291 :
2239 5260 2261 5288 ν
2290 5254 2339 5317 at
2355 5249 2431 5317 _in
2453 5239 2644 5317 scripiis
2680 5239 2927 5317 codicibus
2970 5239 3769 5317 ganea"magnanimam;

489 5363 654 5438 quitur
676 5377 841 5422 contra
865 5363 1154 5418 itendacium
1176 5363 1301 5413 liber
1317 5398 1333 5424 ,
1351 5364 1489 5414 titulo
1509 5363 1711 5413 inditum
1736 5364 1885 5425 gerit.

558 5462 576 5491 ι
593 5460 675 5532 ⁸δίο
695 5463 802 5507 Mss.
824 5453 940 5505 Editi
963 5457 1144 5511 autem,
1165 5455 1212 5499 et
1232 5445 1438 5512 ofﬁcioso
1456 5447 1522 5497 ad
1544 5444 1929 5498 misericordiam
1947 5457 2081 5497 men-

492 5520 798 5630 dafuilabent
818 5579 889 5628 sic
921 5572 1139 5627 nonnulli
1157 5578 1264 5622 Mss.
1291 5569 1377 5619 Alii
1393 5584 1512 5622 vero
1527 5606 1544 5634 ,
1566 5569 1695 5623 unde
1716 5567 1947 5622 hactenus
1967 5580 2082 5634 pro-

492 5640 617 5716 prie.
642 5642 779 5705 Editi,
800 5639 930 5692 tunde
950 5637 1178 5689 hactenus
1197 5646 1256 5685 ac
1274 5644 1443 5700 prope.

397 5335 403 5341 ι
636 5311 778 5380 anuis
797 5309 1109 5380 Augustinum
1132 5300 1481 5380 supeceadem
1501 5315 1556 5380 re
1573 5300 2129 5380 gongal’riscillianistas
2149 5305 2406 5371 consuluit,
2430 5323 2529 5360 non
2550 5300 2680 5373 prior
2702 5313 2815 5374 iste,
2839 5313 2930 5363 sed
2957 5300 3082 5364 alius
3096 5300 3566 5380 tantumrquivbtidc
3588 5300 3768 5366 suisse;

2249 5455 2269 5523 ξ
2300 5460 2428 5516 Mss,
2450 5456 2523 5509 sic
2544 5456 2672 5523 enim
2686 5455 2828 5523 ﬁrme
2847 5457 3021 5510 credit.

2247 5516 2269 5583 ξ
2300 5523 2353 5566 In
2372 5524 2501 5579 Mss,
2524 5517 2598 5569 vel
2616 5516 2832 5583 putatum
2850 5527 2993 5583 tenet.

2247 5579 2271 5613 ³
2301 5585 2369 5631 ιω
2384 5586 2492 5633 uss.
2517 5586 2573 5632 At
2588 5579 2725 5646 editi,
2743 5580 3058 5635 enuntiationi
3072 5593 3176 5635 siue
