4142 6212
401 303 510 367 889

398 421 591 479 falsum
616 419 798 479 dicere
820 434 930 479 non
950 423 1236 489 mentiens,
1270 425 1316 480 si
1337 434 1487 496 putat
1511 426 1581 480 ita
1608 439 1728 482 esse
1756 434 1816 479 ut
1839 424 1985 489 dicit,

398 513 644 582 quamvis
674 529 778 568 non
812 514 882 569 ita
923 513 1026 580 sit;
1056 524 1110 570 et
1141 526 1194 569 ut
1224 518 1389 585 possit
1414 533 1600 573 verum
1639 516 1819 572 dicere
1841 531 1992 572 men-

398 606 557 672 tiens,
584 607 626 660 si
653 616 799 676 putat
822 606 1012 662 falsum
1035 624 1154 664 esse
1180 621 1234 665 et
1257 625 1350 680 pro
1371 625 1499 666 vero
1515 610 1774 677 enuntiat,
1799 626 1985 681 quam-

395 700 476 754 vis
504 717 688 756 revera
717 703 786 755 ita
814 700 962 757 situt
991 704 1252 758 enuntiat.
1285 704 1364 759 Ex
1384 705 1548 760 animi
1576 704 1719 760 enim
1749 705 1832 759 sui
1859 719 1987 760 sen-

398 794 604 860 tentia,
651 809 754 849 non
784 810 849 849 ex
892 811 1070 851 rerum
1099 797 1329 865 ipsarum
1361 798 1586 852 veritate
1627 796 1714 852 vel
1756 795 1988 850 falsitate

397 886 661 941 mentiens
685 893 778 940 aut
803 903 908 941 non
937 888 1199 942 mentiens
1219 887 1537 958 judicandus
1557 896 1657 943 εει.
1689 888 1872 942 Potest
1893 887 1991 942 ita-

399 992 503 1046 que
525 976 613 1032 ille
641 977 728 1048 qui
751 976 939 1032 falsum
970 993 1066 1048 pro
1093 993 1218 1033 vero
1239 981 1500 1044 enuntiat,
1527 979 1668 1050 quod
1696 988 1872 1035 tamen
1897 992 1989 1034 ve-

399 1083 517 1122 rum
545 1083 665 1125 esse
696 1069 964 1140 opinatur,
1007 1086 1194 1126 errans
1222 1070 1325 1126 dici
1354 1079 1409 1127 et
1442 1071 1757 1127 temerarius
1787 1087 1799 1124 :
1831 1086 1989 1127 men-

403 1163 539 1218 tiens
569 1173 744 1220 autem
790 1179 896 1220 non
928 1173 1075 1221 recte
1112 1165 1340 1231 dicitur;
1371 1165 1493 1236 quia
1522 1180 1616 1220 cor
1641 1164 1834 1235 duplex
1866 1179 1987 1219 cum

399 1256 641 1310 enuntiat
684 1273 788 1312 non
837 1255 1026 1325 habet,
1072 1272 1170 1314 nec
1212 1256 1397 1312 fallere
1435 1257 1598 1327 cupit,
1632 1255 1728 1312 sed
1768 1255 1986 1310 fallitur.

395 1347 563 1418 Culpa
589 1365 718 1404 vero
748 1349 1057 1420 mentientis
1083 1359 1186 1417 est,
1220 1349 1275 1404 in
1308 1349 1634 1405 cnuntiando
1676 1349 1856 1406 animo
1892 1362 1990 1404 suo

397 1438 607 1492 fallendi
641 1438 934 1510 cupiditas;
965 1441 1077 1495 sive
1104 1439 1253 1494 fallat
1280 1455 1400 1495 cum
1427 1441 1476 1496 ei
1513 1440 1750 1497 creditur
1801 1440 1987 1496 falsum

395 1532 730 1598 cnuntianti;
760 1534 873 1588 sive
901 1548 1006 1587 non
1035 1531 1202 1598 fallat,
1227 1532 1308 1588 vel
1338 1547 1460 1588 cum
1485 1533 1533 1588 ei
1565 1548 1671 1588 non
1691 1531 1923 1588 creditur
1945 1533 1986 1600 ί,

397 1622 482 1677 vel
517 1640 638 1678 cum
672 1641 852 1680 verum
881 1624 1122 1680 enuntiat
1146 1624 1421 1680 voluntate
1449 1624 1683 1690 fallendi,
1715 1623 1858 1695 quod
1879 1639 1987 1681 non

395 1725 548 1785 putat
577 1734 781 1772 verum.
812 1717 964 1786 Quod
991 1734 1112 1773 cum
1140 1718 1188 1773 ei
1209 1717 1468 1785 creditur,
1493 1733 1599 1773 non
1624 1717 1806 1788 utique
1830 1716 1984 1782 fallit,

395 1810 640 1877 quamvis
683 1809 867 1866 fallere
908 1810 1137 1866 voluerit
1170 1827 1182 1864 :
1216 1809 1317 1865 nisi
1359 1810 1616 1866 hactenus
1655 1809 1816 1875 fallit,
1857 1824 1990 1880 qua-

397 1907 551 1956 tenus
593 1911 812 1972 putatur
854 1903 925 1958 ita
969 1902 1127 1958 etiam
1175 1916 1334 1959 nosse
1364 1901 1444 1958 vel
1485 1911 1673 1972 putare
1717 1909 1776 1958 ut
1813 1916 1984 1958 enun-

401 1989 512 2044 tiat.

468 2085 520 2137 Δ.
549 2083 862 2155 Quanquam
891 2083 1234 2140 subtilissime
1259 2093 1526 2157 quatratur
1555 2093 1731 2140 utrum
1752 2098 1874 2140 cum
1893 2083 1990 2142 ab-

398 2185 476 2232 est
503 2177 748 2232 voluntas
775 2177 1010 2244 l'allendi,
1042 2178 1182 2234 absit
1211 2179 1430 2234 omnino
1459 2178 1820 2234 mendacium.

465 2265 692 2322 CAPUT
731 2268 820 2324 IV.
841 2298 914 2309 —
939 2269 1147 2325 Mcntiri
1173 2288 1294 2324 num
1319 2270 1595 2341 aliquando
1621 2271 1780 2342 prosit
1803 2279 1890 2326 aut
1919 2272 1986 2326 li-

400 2368 525 2412 ccat.
556 2359 692 2426 Quid
727 2361 870 2416 enim
909 2362 954 2416 si
985 2362 1213 2433 quisque
1239 2362 1428 2417 falsum
1451 2361 1694 2432 loquens,
1722 2362 1862 2433 quod
1886 2361 1987 2418 fal-

397 2463 513 2504 sum
548 2465 669 2505 esse
705 2452 994 2517 existimat,
1025 2453 1148 2508 ideo
1177 2464 1352 2509 tamen
1384 2452 1528 2519 facit,
1561 2455 1683 2524 quia
1715 2463 1864 2524 putat
1885 2454 1987 2512 sibi

395 2556 505 2597 non
529 2539 695 2612 credi,
728 2553 784 2598 ut
823 2559 888 2598 eo
919 2544 1078 2598 modo
1124 2545 1252 2600 falsa
1281 2543 1384 2598 fide
1413 2543 1712 2600 absterreat
1751 2559 1875 2598 eum
1902 2543 1988 2599 cui

397 2632 667 2704 loquitur,
700 2649 856 2705 quem
901 2635 1063 2694 sentit
1109 2635 1212 2690 sibi
1243 2636 1384 2691 nolle
1426 2635 1692 2691 credere?
1719 2635 1818 2691 Hic
1843 2635 1988 2692 enim

393 2725 570 2781 studio
601 2742 703 2782 non
732 2726 945 2783 fallendi
974 2728 1252 2795 mentitur,
1279 2727 1326 2782 si
1346 2728 1680 2784 mendacium
1707 2737 1791 2785 est
1817 2744 1987 2785 enun-

395 2818 529 2874 tiare
553 2818 750 2890 aliquid
775 2820 930 2876 aliter
954 2835 1110 2892 quam
1139 2821 1245 2877 scis
1270 2835 1388 2878 esse
1414 2821 1496 2877 vel
1523 2830 1676 2892 putas
1701 2840 1715 2876 :
1742 2823 1788 2878 si
1809 2831 1988 2879 autem

395 2911 734 2966 mendacium
785 2927 891 2967 non
936 2922 1018 2968 est
1048 2912 1149 2968 nisi
1194 2929 1314 2968 cum
1343 2913 1540 2984 aliquid
1565 2914 1869 2970 enuntiatur
1896 2929 1990 2970 vo-

397 3000 599 3058 luntate
627 3003 864 3068 fallendi,
899 3019 1001 3058 non
1028 3005 1282 3060 mentitur
1306 3005 1429 3072 iste,
1456 3006 1546 3076 qui
1582 3015 1865 3076 propterea
1891 3006 1991 3062 fal-

397 3110 515 3150 sum
547 3095 797 3166 loquitur,
839 3096 1080 3166 quamvis
1111 3097 1320 3152 noverit
1347 3097 1429 3152 vel
1461 3105 1611 3167 putet
1650 3096 1841 3153 falsum
1869 3111 1989 3154 esse

397 3188 539 3260 quod
582 3188 833 3260 loquitur,
873 3199 932 3244 ut
977 3189 1066 3245 ille
1108 3190 1192 3245 cui
1239 3190 1473 3260 loquitur
1501 3205 1604 3245 non
1646 3189 1694 3246 ei
1722 3189 1989 3246 credendo

398 3296 504 3336 non
532 3280 765 3347 fallatur,
815 3283 936 3352 quia
966 3298 1087 3337 eum
1117 3282 1220 3338 sibi
1265 3298 1370 3338 non
1409 3283 1734 3339 crediturum
1778 3284 1860 3338 vel
1889 3283 1990 3340 scit

399 3375 480 3430 vel
508 3383 675 3445 putat.
702 3374 854 3430 Unde
882 3376 926 3429 si
961 3385 1214 3446 appareat
1241 3376 1355 3430 fieri
1384 3390 1540 3444 posse
1565 3376 1832 3447 utaliquis
1859 3390 1986 3447 pro-

401 3475 584 3542 pterea
620 3465 811 3521 falsum
851 3464 1024 3531 dicat,
1061 3482 1129 3522 ne
1159 3466 1370 3522 fallatur
1395 3467 1484 3523 ille
1508 3468 1592 3523 cui
1623 3467 1846 3535 dicitur;
1877 3469 1988 3524 exi-

397 3557 491 3616 stit
519 3558 660 3614 aliud
687 3574 718 3615 e
738 3559 1010 3615 contrario
1027 3575 1217 3630 genus,
1247 3568 1527 3630 propterea
1556 3576 1740 3617 verum
1763 3561 1988 3619 dicentis

399 3660 460 3708 ιιι
486 3649 654 3708 fallat.
683 3653 784 3721 Qui
813 3653 956 3709 enim
997 3667 1183 3708 verum
1223 3651 1344 3708 ideo
1372 3653 1639 3724 loquitur,
1669 3655 1792 3724 quia
1826 3655 1990 3711 sentit

402 3744 505 3800 sibi
538 3761 643 3800 non
674 3744 844 3810 credi,
874 3744 997 3801 ideo
1026 3744 1205 3814 utique
1227 3759 1413 3800 verum
1444 3744 1569 3800 dicit
1595 3754 1652 3800 ut
1680 3744 1825 3800 fallat
1851 3763 1863 3798 :
1889 3745 1990 3801 scit

398 3835 540 3890 enim
581 3836 667 3891 vel
711 3836 983 3892 existimat
1031 3844 1311 3905 propterea
1359 3835 1552 3890 falsum
1603 3837 1774 3907 putari
1831 3850 1988 3906 posse

398 3927 539 3997 quod
569 3927 785 3991 dicitur,
833 3928 1084 3999 quoniam
1113 3929 1182 3982 ab
1227 3929 1343 3998 ipso
1387 3928 1599 3983 dicitur.
1628 3929 1984 3995 Quamobrem
2044 3983 2047 3990 ,

397 4031 518 4074 cum
555 4018 676 4075 ideo
701 4035 883 4075 verum
911 4019 1041 4074 dicit
1076 4027 1133 4074 ut
1158 4019 1348 4074 falsum
1388 4027 1620 4089 putetur,
1652 4020 1774 4076 ideo
1801 4035 1985 4076 verum
2023 4002 2045 4089 ί

396 4106 527 4164 dicit
547 4119 606 4165 ut
635 4110 798 4166 fallat.
824 4111 1180 4180 Quaerendum
1210 4126 1337 4183 ergo
1359 4120 1458 4176 est,
1483 4112 1602 4181 quis
1631 4113 1807 4182 potius
1835 4128 1987 4169 men-
2017 4106 2024 4169 l

395 4198 564 4256 tiatur
589 4219 602 4255 :
627 4210 802 4257 utrum
823 4202 912 4258 ille
934 4204 1021 4274 qui
1051 4201 1246 4258 falsum
1268 4203 1395 4257 dicit
1415 4218 1483 4256 ne
1503 4201 1666 4270 fallat,
1691 4218 1760 4258 an
1788 4203 1876 4259 ille
1897 4203 1984 4274 qui

395 4305 586 4348 verum
617 4290 746 4346 dicit
784 4301 840 4348 ut
867 4291 1048 4360 fallat;
1075 4309 1194 4350 cum
1223 4302 1277 4348 et
1301 4293 1388 4348 ille
1413 4293 1549 4349 sciat
1585 4293 1668 4348 vel
1695 4302 1844 4364 putet
1882 4293 1982 4351 fal-

395 4398 516 4440 sum
540 4399 600 4440 se
619 4384 818 4452 dicere,
849 4396 904 4441 et
927 4388 1027 4444 iste
1051 4388 1185 4444 sciat
1207 4388 1288 4444 vel
1317 4396 1465 4458 putet
1492 4403 1673 4444 verum
1704 4404 1764 4446 se
1782 4390 1981 4448 dicere.

395 4474 514 4531 1am
543 4477 685 4532 enim
714 4477 948 4535 diximus
979 4495 1100 4536 eum
1147 4480 1236 4551 qui
1264 4481 1434 4536 nescit
1460 4480 1649 4537 falsum
1687 4496 1806 4538 esse
1843 4483 1984 4554 quod

396 4569 639 4623 enuntiat
659 4609 674 4635 ,
705 4584 810 4624 non
840 4571 1093 4636 mentiri,
1125 4571 1168 4626 si
1206 4571 1306 4628 hoc
1330 4579 1478 4642 putat
1503 4588 1725 4640 verum;
1756 4588 1984 4645 eumque

395 4657 572 4726 potius
597 4659 829 4727 mentiri,
853 4661 944 4731 qui
974 4661 1132 4716 etiam
1155 4678 1336 4718 verum
1363 4664 1620 4730 enuntiat,
1645 4680 1766 4720 eum
1794 4666 1984 4723 falsum

396 4756 543 4818 putat
573 4769 585 4802 :
616 4751 738 4820 quia
766 4766 831 4806 ex
857 4753 1022 4806 animi
1046 4752 1127 4807 sui
1148 4755 1412 4810 sententia
1437 4755 1710 4826 judicandi
1737 4765 1879 4812 sunt.
1908 4759 1985 4815 De

395 4838 500 4892 illis
521 4839 698 4910 itaque
721 4855 824 4904 non
853 4856 1011 4909 parva
1039 4844 1262 4912 quaestio
1281 4853 1384 4911 est,
1409 4861 1542 4916 quos
1569 4847 1942 4918 proposuimus
1966 4867 1980 4904 :

395 4943 558 4984 unum
598 4919 688 5000 qui
720 4929 823 4984 scit
863 4939 956 4985 aut
1003 4941 1150 5002 putat
1190 4949 1249 4990 se
1289 4934 1482 4991 falsum
1512 4937 1725 5004 dicere,
1768 4947 1822 4993 et
1863 4939 1985 4995 ideo

395 5020 524 5076 dicit
556 5036 623 5077 ne
646 5021 831 5088 fallat;
860 5021 1007 5077 velut
1032 5023 1077 5083 si
1103 5023 1331 5094 aliquam
1360 5026 1498 5080 viam
1522 5029 1731 5082 noverit
1752 5029 1982 5086 obsideri

395 5127 426 5166 a
449 5112 763 5179 latronibus,
792 5122 847 5168 et
873 5113 1068 5170 timens
1105 5129 1171 5170 ne
1199 5129 1294 5184 per
1319 5115 1465 5170 illam
1497 5127 1681 5188 pergat
1706 5117 1866 5190 homo
1890 5132 1985 5171 cu-

390 5201 478 5274 jus
499 5204 656 5260 saluti
689 5205 968 5276 prospicit,
992 5213 1044 5262 et
1060 5221 1181 5262 eum
1213 5206 1313 5261 scit
1337 5206 1438 5262 sibi
1463 5222 1567 5262 non
1584 5207 1824 5273 credere,
1843 5207 1984 5262 dicat

395 5308 515 5349 eam
543 5294 682 5349 viam
716 5311 820 5350 non
865 5294 1065 5353 habere
1094 5296 1351 5366 latrones,
1379 5295 1448 5351 ad
1491 5295 1594 5352 hoc
1631 5308 1690 5352 ut
1720 5297 1840 5353 illac
1878 5311 1981 5352 non

393 5395 502 5454 cat,
533 5386 660 5442 dum
687 5386 810 5444 ideo
846 5389 1018 5444 credit
1041 5390 1280 5446 latrones
1309 5390 1382 5446 ibi
1409 5403 1550 5457 esse,
1581 5390 1705 5461 quia
1733 5389 1825 5445 ille
1850 5390 1985 5446 dixit

394 5493 501 5534 non
532 5479 604 5535 ibi
630 5494 780 5546 esse,
812 5482 896 5537 cui
925 5497 1032 5540 non
1070 5482 1292 5539 credere
1315 5483 1515 5550 statuit,
1547 5481 1860 5538 mendacem
1889 5496 1986 5551 pu-

393 5578 515 5629 tans
544 5588 556 5625 :
589 5571 814 5627 alterum
832 5582 1010 5631 autem
1031 5575 1120 5645 qui
1140 5575 1314 5631 sciens
1335 5584 1424 5630 aut
1445 5583 1634 5646 putans
1658 5588 1842 5630 verum
1859 5586 1984 5632 esse

459 5683 479 5716 ⁸
512 5688 642 5745 nam,
665 5681 764 5734 sive
784 5677 939 5748 fallat,
963 5685 1061 5737 sive
1082 5698 1194 5744 non.
1218 5687 1292 5740 vet
1307 5700 1417 5739 cum
1445 5685 1492 5738 ei
1513 5685 1729 5748 creditur
1745 5721 1762 5746 ,
1784 5685 1856 5736 vet
1872 5697 1986 5736 cum

391 5756 576 5860 ω,
602 5751 722 5808 ειε.,
739 5747 930 5799 omissis
949 5748 1142 5810 verbis,
1166 5761 1276 5801 cum
1306 5749 1354 5802 ei
1383 5748 1606 5802 creditur
1635 5747 1812 5812 falsum
1833 5759 1980 5798 miun-

799 5893 1023 5958 Smcr.
1073 5894 1350 5960 AUGUST.
1396 5896 1503 5959 Vl.

1252 308 1336 366 DE
1364 307 1726 376 MENDACIO,
1773 307 1832 366 ὃ.
1883 302 2246 366 AUGUSTINI
2285 305 2486 365 LIBER
2529 309 2725 366 UNUS.

3577 323 3685 382 490

2101 424 2241 494 quod
2271 424 2414 492 dicit,
2457 427 2520 482 ad
2565 427 2665 483 hoc
2701 435 2880 485 tamen
2908 429 3038 487 dicit
3057 439 3116 488 ut
3153 431 3328 503 fallat;
3355 445 3608 508 tanquam
3634 443 3682 498 si

2101 512 2301 570 homini
2326 532 2427 570 non
2456 517 2556 573 sibi
2583 519 2821 576 credenti
2848 521 2990 578 dicat
3009 524 3242 582 latrones
3262 529 3313 582 in
3339 530 3428 583 illa
3455 533 3537 585 via
3562 547 3682 590 esse

2101 605 2188 660 ubi
2219 622 2406 662 revera
2435 623 2528 664 eos
2567 624 2686 666 esse
2712 614 2990 682 cognovit,
3021 624 3078 669 ut
3105 616 3196 671 ille
3228 621 3312 672 cui
3338 620 3466 675 dicit
3496 637 3590 690 per
3622 625 3675 678 il-

2099 695 2202 750 lam
2233 697 2368 752 viam
2391 699 2558 768 magis
2591 712 2792 772 pergat,
2830 713 2987 773 atque
3013 706 3082 760 ita
3115 707 3166 762 in
3197 709 3432 766 latrones
3463 712 3670 782 incidat,

2098 786 2223 842 dum
2270 797 2418 859 putat
2461 790 2648 846 falsum
2692 808 2811 848 esse
2849 796 2990 865 quod
3036 798 3126 853 ille
3153 799 3364 856 dixerit.
3396 802 3528 870 Quis
3555 821 3666 876 ergt

2098 879 2319 935 istorum
2342 883 2625 950 mentitur;
2660 886 2746 941 ille
2768 889 2854 956 qui
2877 889 3035 960 elegit
3059 889 3251 947 falsum
3281 895 3460 950 dicere
3488 912 3555 953 ne
3577 899 3666 954 fal-

2097 970 2192 1038 lat,
2224 987 2290 1027 an
2335 974 2422 1029 ille
2448 977 2537 1045 qui
2565 977 2727 1047 elegit
2753 995 2937 1035 verum
2966 980 3148 1040 dicere
3175 994 3231 1039 ut
3259 987 3445 1043 fallat?
3473 991 3557 1046 ille
3587 994 3667 1062 qui

2103 1063 2292 1120 falsum
2341 1066 2568 1123 dicendo
2609 1069 2715 1139 egit
2761 1081 2817 1125 ut
2847 1088 3030 1128 verum
3059 1088 3373 1146 sequeretur
3395 1083 3478 1136 cui
3510 1082 3666 1150 dixit,

2096 1169 2165 1210 an
2202 1155 2303 1212 iste
2331 1158 2419 1227 qui
2448 1174 2631 1214 verum
2662 1161 2889 1217 dicendo
2923 1165 3029 1233 egit
3063 1174 3119 1220 ut
3148 1166 3338 1224 falsum
3367 1177 3665 1240 sequeretut

2096 1248 2180 1301 cui
2204 1247 2369 1303 dixit?
2390 1252 2473 1305 An
2493 1250 2631 1308 forte
2654 1255 2814 1310 ambo
2835 1257 3045 1312 mentiti
3071 1270 3226 1325 sunt;
3259 1262 3348 1317 ille
3369 1266 3490 1335 quia
3516 1269 3683 1324 voluit

2095 1335 2287 1394 falsum
2316 1340 2514 1409 dicere,
2545 1343 2646 1400 iste
2670 1347 2792 1416 quia
2816 1348 2981 1403 voluit
3001 1348 3223 1407 fallere?
3245 1355 3322 1408 An
3351 1358 3522 1425 potius
3553 1375 3682 1416 neu-

2095 1437 2178 1485 ter
2203 1447 2387 1487 eorum
2427 1436 2680 1492 mentitus
2704 1447 2814 1504 est;
2849 1440 2938 1495 ille
2965 1442 3090 1511 quia
3121 1444 3445 1504 voluntatem
3495 1450 3678 1508 habuit

2096 1537 2201 1577 non
2235 1523 2483 1593 fallendi,
2529 1536 2584 1582 et
2624 1529 2713 1584 iHe
2754 1531 2876 1600 quia
2918 1533 3241 1591 voluntatem
3285 1538 3465 1595 habuit
3494 1557 3678 1598 verum

2094 1612 2340 1670 dicendi?
2365 1617 2480 1673 Non
2508 1619 2650 1676 enim
2681 1636 2824 1678 nunc
2859 1624 3031 1695 agitur
3056 1628 3176 1698 quis
3206 1645 3390 1686 eorum
3419 1649 3678 1703 peccave-

2093 1706 2184 1774 rit,
2216 1709 2311 1764 sed
2341 1711 2464 1780 quis
2492 1715 2748 1770 mentitus
2773 1717 2860 1770 sit.
2889 1717 3009 1774 Cito
3033 1721 3173 1776 enim
3203 1725 3412 1781 videtur
3441 1727 3528 1784 ille
3557 1747 3680 1799 pec-

2093 1811 2267 1864 casse,
2314 1803 2405 1871 qui
2451 1818 2634 1858 verum
2663 1805 2889 1862 dicendo
2913 1810 3022 1879 egit
3061 1821 3118 1866 ut
3147 1813 3307 1870 homo
3335 1817 3593 1875 incideret
3624 1823 3677 1877 in

2093 1888 2327 1948 latrones
2351 1909 2364 1946 :
2394 1893 2488 1949 ille
2509 1904 2687 1950 autem
2719 1914 2822 1952 non
2855 1914 3119 1968 peccasse,
3150 1905 3235 1959 vel
3263 1907 3423 1961 etiam
3448 1909 3584 1966 bene
3605 1911 3681 1967 fe-

2093 1982 2251 2049 cisse,
2270 1984 2370 2054 'qui
2402 1984 2592 2042 falsum
2619 1987 2848 2046 dicendo
2875 1992 2982 2060 egit
3008 2002 3065 2048 ut
3089 1994 3249 2051 homo
3273 1999 3562 2068 perniciem
3585 2001 3679 2058 ἀει

2093 2071 2303 2128 vitaret.
2343 2074 2448 2132 Sed
2491 2089 2713 2146 possunt
2737 2082 2979 2152 exempla
3003 2083 3100 2139 ista
3125 2089 3384 2156 converti,
3416 2099 3552 2147 utet
3589 2093 3678 2150 ille

2091 2162 2290 2234 aliquid
2317 2167 2531 2236 gravius
2574 2185 2697 2224 eum
2728 2174 2833 2241 pati
2878 2174 3007 2230 velit
3047 2192 3204 2247 quem
3245 2180 3355 2237 falli
3396 2199 3500 2239 non
3530 2188 3675 2255 vult;

2094 2255 2248 2312 multi
2273 2257 2418 2314 enim
2438 2274 2566 2315 vera
2590 2261 2835 2330 quaedam
2860 2270 3231 2336 cognoscendo
3257 2273 3358 2329 sibi
3384 2275 3680 2336 intulerunt

2094 2348 2385 2416 perniciem
2405 2391 2420 2418 ,
2449 2352 2494 2404 si
2521 2351 2648 2407 talia
2677 2353 2890 2411 fuerunt
2931 2368 2990 2412 ut
3013 2373 3108 2415 eos
3137 2359 3304 2419 latere
3347 2365 3626 2425 debuerint
3662 2390 3676 2426 :

2093 2446 2150 2496 et
2177 2439 2278 2496 iste
2299 2441 2498 2511 aliquid
2524 2446 2793 2502 commodi
2820 2448 2950 2505 velit
2975 2451 3196 2523 adipisci
3224 2471 3346 2511 eum
3377 2474 3534 2529 quem
3565 2464 3680 2519 vult

2093 2529 2234 2598 falli;
2269 2535 2511 2590 nonnulli
2555 2537 2701 2592 enim
2728 2539 2819 2609 qui
2861 2540 2964 2596 sibi
2993 2553 3220 2600 mortem
3262 2548 3586 2621 intulissent,
3631 2555 3680 2610 si

2092 2623 2292 2696 aliquid
2333 2626 2457 2682 mali
2480 2629 2623 2698 quod
2665 2645 2790 2687 vere
2817 2635 3111 2706 contigerat
3134 2637 3202 2695 de
3227 2639 3406 2698 charis
3447 2645 3558 2701 suis
3583 2660 3680 2704 co-

2091 2715 2404 2810 gnovi_ssent
2427 2759 2442 2786 ,
2472 2718 2664 2810 falsum
2703 2725 2938 2792 putando
2979 2727 3081 2783 sibi
3112 2744 3491 2803 pepercerunt;
3521 2746 3682 2810 atque

2092 2804 2169 2859 ita
2194 2804 2303 2861 falli
2330 2807 2411 2863 eis
2435 2808 2654 2879 profuit,
2684 2812 2822 2868 sicut
2846 2813 2964 2870 aliis
2992 2817 3162 2874 obfuit
3189 2836 3312 2877 vera
3333 2804 3678 2896 cognoscere.

2093 2895 2210 2952 Non
2237 2913 2367 2970 ergo
2395 2899 2448 2955 id
2476 2902 2667 2972 agitur,
2693 2920 2798 2975 quo
2821 2908 3002 2965 animo
3020 2913 3332 2971 consulendi
3359 2895 3449 2973 aut
3476 2935 3678 2978 nocen-

2095 2987 2190 3056 di,
2238 2989 2323 3046 vel
2367 2991 2455 3047 ille
2484 2992 2674 3050 falsum
2701 2995 2834 3052 dixit
2861 3014 2930 3056 ne
2958 3001 3202 3071 falleret,
3233 3007 3315 3062 vel
3356 3008 3456 3066 iste
3494 3027 3680 3070 verum

2098 3077 2235 3135 dixit
2280 3089 2338 3136 ut
2365 3082 2573 3140 falleret
2601 3102 2613 3138 :
2642 3086 2737 3140 sed
2775 3092 3014 3160 exceptis
3039 3096 3332 3153 commodis
3357 3109 3447 3154 aut
3475 3103 3679 3158 incom-

2099 3170 2275 3225 modis
2314 3186 2502 3226 eorum
2541 3174 2732 3244 quibus
2769 3176 2930 3233 locuti
2957 3191 3102 3251 sunt,
3134 3195 3388 3253 quantum
3418 3190 3483 3245 ad
3511 3192 3680 3261 ipsam

2097 3261 2376 3318 veritatem
2403 3262 2790 3337 falsitatemque
2811 3269 3020 3339 attinet,
3047 3277 3303 3344 quaeritur
3322 3280 3442 3349 quis
3470 3296 3676 3352 eorum,

2095 3366 2162 3406 an
2193 3362 2448 3426 uterque,
2479 3366 2735 3416 neuterve
2776 3361 3030 3418 mentitus
3057 3365 3145 3421 sit.
3179 3367 3234 3423 Si
3277 3373 3417 3426 enim
3463 3376 3682 3433 menda-

2095 3443 2238 3519 cium
2266 3455 2349 3501 est
2375 3448 2670 3506 enuntiatio
2693 3466 2815 3508 cum
2837 3454 3106 3513 voluntate
3130 3457 3317 3515 falsum
3344 3467 3677 3538 enuntiandi,

2096 3537 2186 3594 ille
2233 3541 2409 3610 potius
2451 3545 2708 3600 mentitus
2735 3547 2934 3618 estqui
2961 3549 3150 3606 falsum
3195 3552 3374 3612 dicere
3413 3558 3597 3627 voluit,
3627 3571 3684 3618 et

2095 3629 2229 3686 dixit
2251 3633 2393 3704 quod
2435 3635 2620 3704 voluit,
2652 3640 2896 3708 quamvis
2919 3655 2988 3696 ne
3016 3641 3222 3700 falleret
3249 3646 3480 3704 dixerit:
3510 3652 3556 3707 si
3582 3667 3683 3708 au-

2096 3730 2202 3779 tem
2228 3725 2563 3783 mendacium
2585 3738 2667 3783 est
2687 3731 2938 3799 qumlibet
2955 3735 3248 3791 enuntiatio
3269 3753 3390 3793 cum
3410 3742 3684 3802 voluntate

2094 3813 2334 3883 fallendi,
2361 3832 2470 3872 non
2497 3818 2606 3883 ille,
2633 3819 2729 3874 sed
2760 3821 2860 3875 iste
2886 3824 3142 3880 mentitus
3167 3837 3268 3893 est,
3295 3829 3385 3898 qui
3411 3831 3571 3888 etiam
3597 3849 3685 3890 ve-

2049 3923 2054 3928 ·
2094 3922 2212 3962 rum
2257 3909 2487 3966 dicendo
2516 3911 2700 3967 fallere
2731 3912 2900 3967 voluit
2928 3931 2941 3966 :
2971 3917 3113 3984 quod
3141 3918 3184 3972 si
3215 3920 3551 3980 mendacium
3597 3937 3681 3984 est

2092 3999 2388 4055 enuntiatio
2431 4016 2553 4057 cum
2598 4001 2870 4059 voluntate
2913 4005 3139 4077 alicujus
3190 4009 3473 4081 falsitatis,
3520 4018 3680 4076 ambo

2092 4093 2302 4148 mentiti
2326 4101 2480 4161 sunt;
2521 4095 2643 4166 quia
2669 4102 2724 4150 et
2749 4095 2839 4152 ille
2863 4112 3014 4154 suam
3041 4104 3460 4162 enuntiationem
3490 4109 3679 4170 falsam

2090 4199 2211 4242 esse
2231 4185 2417 4252 voluit,
2441 4194 2496 4242 et
2515 4185 2616 4243 iste
2635 4185 2703 4244 de
2747 4203 2872 4245 vera
2893 4207 2987 4246 sua
3037 4193 3224 4250 falsum
3269 4199 3418 4254 credi
3465 4203 3673 4261 voluit:

2093 4292 2254 4347 porro
2266 4278 2311 4333 si
2328 4278 2661 4335 mendacium
2677 4289 2760 4336 est
2775 4285 3065 4340 enuntiatio
3077 4284 3270 4344 falsum
3285 4293 3562 4352 enuntiare
3584 4313 3678 4353 vo-

2091 4367 2248 4424 lentis
2279 4376 2337 4424 ut
2353 4367 2518 4436 fallat,
2543 4374 3000 4440 neutermentitus
3029 4385 3131 4442 est;
3151 4380 3271 4449 quia
3298 4391 3351 4436 et
3379 4383 3467 4439 ille
3495 4384 3674 4446 habuit

2089 4465 2416 4522 voluntatem
2438 4466 2628 4524 falsum
2657 4467 2887 4525 dicendo
2904 4485 3087 4526 verum
3110 4475 3519 4544 persuadere,et
3549 4481 3670 4550 iste,

2090 4567 2149 4614 ut
2191 4557 2378 4614 falsum
2422 4560 2794 4628 persuaderet,
2827 4574 3011 4616 verum
3048 4561 3246 4620 dicere.
3300 4567 3486 4623 Aberit
3518 4570 3676 4640 igitur

2090 4649 2265 4704 omnis
2295 4649 2565 4704 temeritas
2606 4656 2765 4718 atque
2806 4665 2965 4706 omne
2993 4653 3344 4723 mendacium,
3378 4659 3422 4712 si
3456 4659 3505 4714 id
3534 4663 3675 4730 quod

2090 4757 2273 4798 verum
2295 4739 2687 4797 credendumve
2712 4744 3074 4812 cognovimus,
3103 4761 3223 4799 cum
3247 4763 3380 4818 opus
3405 4760 3485 4806 est
3505 4768 3675 4810 enun-

2091 4834 2302 4898 tiamus,
2333 4840 2388 4887 et
2416 4831 2467 4886 id
2500 4833 2744 4888 volumus
2785 4834 3107 4903 persuadere
3136 4839 3277 4907 quod
3309 4845 3674 4904 enuntiamus.

2091 4925 2146 4981 Si
2173 4933 2354 4980 autem
2398 4924 2484 4979 vel
2509 4923 2650 4994 quod
2701 4923 2891 4980 falsum
2923 4935 3006 4982 est
3048 4942 3232 4983 verum
3283 4942 3547 5001 putantes,
3591 4941 3677 4996 vel

2089 5017 2230 5088 quod
2275 5016 2600 5086 incognitum
2647 5025 2729 5071 est
2770 5018 2923 5073 nobis
2958 5033 3054 5089 pro
3083 5022 3295 5090 cognito
3332 5023 3590 5083 habentes
3632 5035 3674 5099 ⁸,

2090 5112 2173 5167 vel
2203 5110 2343 5181 quod
2371 5108 2695 5164 credendum
2741 5125 2846 5164 non
2875 5119 2956 5165 est
2999 5111 3299 5180 credentes,
3333 5117 3417 5172 vel
3462 5133 3581 5174 cum
3624 5119 3677 5177 id

2093 5219 2196 5258 non
2227 5217 2362 5272 opus
2389 5212 2472 5256 est
2500 5201 2838 5256 enuntiantes
2863 5244 2877 5267 ,
2908 5211 3083 5259 tamen
3131 5220 3236 5260 non
3263 5208 3404 5264 aliud
3432 5228 3589 5282 quam
3623 5213 3679 5270 id

2089 5293 2230 5367 quod
2283 5294 2620 5349 enuntiamus
2666 5293 2988 5363 persuadere
3034 5311 3320 5367 conamur;
3372 5317 3478 5355 non
3525 5305 3679 5360 abest

2089 5384 2302 5456 quidem
2347 5383 2660 5440 temeritatis
2708 5398 2859 5440 error
2886 5387 2930 5453 ’,
2961 5386 3055 5443 sed
3084 5389 3230 5446 abest
3261 5397 3674 5451 omnemcnda-

2090 5479 2253 5535 cium.
2284 5475 2436 5532 Nulla
2472 5477 2614 5532 enim
2649 5475 3017 5535 definitionum
3053 5480 3260 5537 illarum
3292 5485 3522 5540 timenda
3555 5499 3672 5559 est,

2089 5585 2209 5627 cum
2236 5569 2375 5624 bene
2402 5568 2503 5625 sibi
2529 5570 2777 5625 conscius
2803 5579 2883 5625 est
2912 5571 3139 5638 animus,
3170 5573 3271 5630 hoc
3296 5591 3356 5631 se
3394 5579 3674 5639 enuntiare

2155 5686 2171 5716 ι
2187 5754 2194 5756 _
2208 5682 2373 5735 Plures
2394 5690 2520 5746 Mss,
2543 5681 2617 5735 vel
2637 5684 2765 5749 quod
2787 5683 3077 5748 incognitum
3094 5691 3163 5737 cst
3176 5685 3311 5740 nobis
3330 5689 3569 5756 cognitum
3585 5691 3676 5746 ha-

2301 5815 2407 5864 Mss.
2437 5817 2488 5863 At
2509 5810 2642 5873 editi,
2662 5807 2903 5863 temeritas
2924 5813 2969 5860 et
3001 5820 3156 5862 error.

3158 5893 3430 5979 (Se-iac.)
