4142 6212
492 436 646 511 qui
676 449 864 496 rem
892 441 1128 492 meant
1153 433 1316 501 novit,
1338 443 1430 489 aut
1446 435 1708 504 opinatur,
1748 443 1839 490 aut
1863 437 2033 490 credit
2055 477 2070 501 ,

499 544 676 604 neque
699 529 834 586 velle
857 527 1058 599 aliquid
1077 566 1094 594 ,
1123 527 1228 582 nisi
1256 527 1396 598 quod
1426 527 1684 594 enuntiat,
1732 525 2070 597 persuadere.

571 624 628 679 5.
657 621 762 678 Sed
785 629 958 676 utrum
983 620 1054 675 sit
1073 620 1203 676 utile
1217 618 1504 690 aliquando
1524 619 1876 686 mendacium,
1902 619 2072 676 multo

499 713 670 786 major
706 713 982 784 magisque
1019 711 1321 768 necessaria
1343 713 1567 783 quaestio
1595 721 1696 766 est.
1727 711 1914 768 Utrum
1943 727 2072 782 ergo

497 804 785 861 mentiatur
809 804 1048 874 quisquis
1074 801 1285 858 fallendi
1311 818 1418 858 non
1445 803 1600 858 habet
1622 802 1968 868 voluntatem,
1987 801 2071 857 vel

493 895 656 949 etiam
687 893 738 950 id
781 893 887 963 agit
925 907 994 949 ne
1023 893 1232 948 fallatur
1253 893 1342 948 cui
1367 892 1565 963 aliquid
1591 894 1852 956 enuntiat,
1880 907 2069 963 quam-

497 987 577 1040 vis
601 984 1018 1042 enuntiationem
1044 987 1212 1056 ipsam
1243 985 1425 1040 falsam
1455 986 1654 1042 habere
1677 987 1925 1049 voluerit,
1950 987 2070 1056 quia

495 1074 617 1133 ideo
643 1077 808 1133 voluit
845 1086 902 1132 ut
928 1092 1112 1134 verum
1156 1077 1535 1147 persuaderet;
1565 1089 1620 1132 et
1649 1086 1822 1132 utrum
1851 1077 2072 1131 mentia-

498 1177 584 1224 tur
619 1169 858 1240 quisquis
901 1170 1061 1226 etiam
1089 1184 1276 1225 verum
1307 1171 1491 1227 volens
1515 1172 1757 1226 enuntiat
1785 1183 1942 1224 causa
1967 1170 2066 1223 fal-

494 1259 660 1324 lendi,
691 1259 915 1317 dubitari
963 1269 1156 1331 potest.
1183 1260 1350 1317 Nemo
1393 1271 1568 1317 autem
1605 1262 1810 1317 dubitat
1855 1260 2069 1316 mentiri

493 1365 616 1406 eum
640 1350 732 1418 qui
761 1350 945 1407 volens
966 1350 1156 1406 falsum
1179 1352 1421 1408 enuntiat
1455 1367 1613 1407 causa
1650 1351 1864 1407 fallendi
1894 1371 1907 1406 :
1938 1366 2068 1422 qua-

497 1449 716 1511 propter
739 1443 1152 1500 enuntiationem
1179 1444 1363 1500 falsam
1389 1459 1509 1500 cum
1522 1446 1788 1501 voluntate
1798 1444 1863 1499 ad
1877 1444 2069 1500 fallen-

451 1543 458 1564 ι
493 1529 620 1588 dum
647 1533 928 1601 prolatam,
960 1531 1300 1589 manifestum
1326 1544 1410 1590 est
1433 1547 1552 1590 esse
1579 1535 1932 1591 mendacium.
1961 1534 2068 1590 Sed

495 1633 675 1678 utrum
709 1632 808 1681 hoc
827 1626 1002 1681 .solum
1029 1626 1102 1682 sit
1124 1626 1480 1695 mendacium,
1509 1627 1611 1681 alia
1637 1627 1865 1696 quaestio
1891 1635 1993 1681 est.

562 1715 789 1774 CAPUT
828 1716 891 1774 V.
940 1747 1012 1760 -
1052 1715 1240 1788 Opinio
1281 1719 1538 1789 affinitatis
1575 1719 1918 1774 mentiendum
1961 1733 2069 1774 esse

489 1819 874 1876 nonnunquam.
899 1805 1086 1877 Opinio
1113 1823 1304 1878 negans
1329 1823 1438 1863 esse
1462 1823 1682 1878 unquam
1705 1806 2063 1862 mentiendum.

485 1893 742 1965 Exempla
785 1913 876 1965 pro
897 1897 1158 1952 mendacio
1182 1913 1248 1952 ea:
1283 1896 1449 1952 Veteri
1465 1898 1782 1952 Testamento
1803 1896 1964 1953 allata
1989 1896 2068 1952 di-

484 1986 789 2040 scutiuntur.
820 1985 1096 2044 Hentieudi
1138 1987 1422 2058 mrrptuns
1459 2003 1524 2043 es
1561 1985 1878 2044 Testamento
1918 1986 2066 2043 Novo

486 2073 692 2128 nullum
727 2083 1008 2145 suppetere.
1039 2074 1292 2132 Timothei
1323 2077 1642 2134 circumcisio
1668 2093 1768 2133 non
1793 2093 1882 2150 per
1906 2077 2066 2133 simu-

484 2165 725 2220 lationem
755 2168 909 2238 facta.
940 2164 1126 2223 Petrus
1162 2167 1371 2224 libenter
1387 2180 1637 2226 correctus
1673 2185 1704 2224 α
1747 2169 1930 2226 Paulo.
1959 2169 2066 2225 Au-

484 2260 770 2320 ctoritatem
793 2261 1066 2316 mentiendi
1102 2277 1204 2317 non
1247 2263 1408 2335 nugis
1440 2266 1718 2319 communis
1762 2265 1877 2320 vita:
1911 2281 2063 2336 quam

485 2352 872 2424 Scripturarunt
915 2355 1158 2426 msuplis
1192 2357 1355 2409 aurati
1398 2372 1562 2426 posse.
1591 2357 1810 2413 Interim
1849 2356 1921 2412 de
1960 2355 2064 2413 hoc

481 2458 716 2520 genere.
765 2447 819 2500 in
863 2446 1006 2517 quod
1051 2461 1240 2503 omnes
1282 2450 1643 2515 consentiunt,
1692 2449 2058 2519 inquiramus:

483 2544 666 2591 utrum
709 2538 998 2607 aliquando
1041 2539 1113 2595 sit
1153 2538 1279 2594 utile
1324 2539 1514 2596 falsum
1555 2541 1753 2611 aliquid
1782 2543 2061 2599 enuntiare

482 2639 604 2682 cum
634 2627 905 2683 voluntate
935 2627 1170 2686 fallendi.
1196 2629 1329 2685 Nam
1357 2631 1448 2701 qui
1485 2630 1587 2686 hoc
1611 2633 1869 2699 sentiunt,
1901 2632 2058 2688 adhi-

481 2717 611 2772 bent
652 2720 951 2776 testimonia
983 2721 1264 2778 sententiae
1291 2737 1423 2790 suae,
1454 2733 1933 2782 commemorantes
1961 2723 2060 2782 Sa-

481 2821 601 2864 ram
637 2824 756 2864 curn
800 2811 1026 2876 risisset,
1049 2812 1256 2883 angelis
1282 2829 1507 2885 negasse
1531 2815 1673 2886 quod
1699 2817 1878 2872 riserit
1901 2816 2055 2889 (Gen.

481 2911 633 2966 avni,
665 2900 784 2970 t5);
819 2900 983 2958 Jaeob
1020 2917 1050 2956 a
1096 2912 1246 2972 patre
1289 2905 1690 2977 interrogatum,
1718 2908 2058 2980 respondisse

481 2988 624 3058 quod
653 2989 766 3059 ipse
790 3002 933 3047 esset
961 2992 1100 3048 Esau
1122 2994 1294 3065 major
1313 2995 1453 3050 ﬁlius
1475 2997 1593 3067 ejus
1614 2998 1728 3070 (Id.
1750 3015 1914 3068 xxvtr,
1941 3000 2054 3075 19);

479 3078 759 3150 Egyptians
782 3097 992 3152 quoque
1015 3085 1350 3154 obstetrices,
1381 3101 1449 3142 ne
1474 3089 1702 3145 infantes
1727 3091 1937 3146 Hebraei
1955 3107 2056 3148 na-

475 3181 691 3226 scentes
720 3172 1172 3244 interﬁcerentur,
1201 3177 1364 3234 etiam
1395 3179 1508 3235 Deo
1533 3181 1864 3251 approbante
1889 3192 1943 3238 et
1966 3199 2056 3240 re-

475 3274 791 3320 munerante
816 3267 1065 3324 mentitas
1089 3267 1280 3338 (Exod.
1308 3286 1346 3334 ι,
1377 3271 1463 3337 19,
1491 3273 1583 3345 20)
1612 3284 1700 3341 ;et
1726 3277 1890 3331 multa
1913 3277 2056 3348 ejus-

475 3353 626 3409 modi
669 3358 910 3426 cxcmpla
954 3359 1232 3429 eligentes,
1263 3376 1448 3417 eorum
1477 3365 1751 3421 hominum
1779 3369 2054 3426 mendacia

476 3457 920 3516 commemorant,
967 3464 1101 3519 quos
1135 3451 1355 3522 culpare
1396 3469 1503 3509 non
1551 3457 1770 3524 audeas,
1798 3467 1957 3529 atque
1982 3460 2053 3516 ita

476 3533 695 3592 fatearis
734 3538 1021 3610 aliquando
1062 3555 1184 3598 esse
1223 3557 1382 3612 posse
1426 3559 1532 3600 non
1577 3548 1747 3602 solum
1773 3551 2054 3620 reprehen-

477 3626 632 3686 sione
674 3645 779 3686 non
828 3631 1067 3702 dignum,
1095 3635 1191 3690 sed
1222 3635 1382 3690 etiam
1408 3635 1626 3708 dignum
1651 3639 1806 3697 laude
1834 3643 2053 3697 menda-

476 3717 642 3774 cium.
675 3720 893 3778 Adduut
936 3725 1118 3790 etiam,
1149 3739 1256 3795 quo
1285 3739 1391 3781 non
1419 3727 1564 3783 solos
1593 3739 1836 3798 premant
1859 3731 2052 3788 divinis

477 3805 654 3867 Libris
681 3811 910 3877 deditos,
937 3813 1032 3868 sed
1057 3815 1218 3874 etiam
1245 3831 1434 3873 omnes
1461 3817 1705 3874 homines
1729 3834 2051 3893 sensumque

472 3912 844 3968 communem,
868 3901 1103 3958 dicentes
1129 3921 1143 3957 ς
1167 3904 1219 3958 Si
1266 3905 1388 3976 quis
1429 3907 1496 3962 ad
1546 3916 1598 3965 te
1640 3911 1925 3982 confugiat,
1961 3913 2049 3980 qui
2082 3917 2084 3920 ’

465 3993 754 4048 mendacio
783 4003 871 4049 tuo
899 3996 1066 4064 possit
1094 4013 1125 4050 a
1149 4008 1322 4056 morte
1345 3999 1586 4065 liberari,
1615 4016 1722 4056 non
1772 4017 1830 4058 es
1859 4005 2050 4059 menti-

471 4082 659 4134 turus?
681 4082 736 4135 Si
762 4083 960 4151 aliquid
989 4096 1220 4154 aegrotus
1244 4089 1535 4158 interroget
1549 4090 1690 4160 quod
1714 4093 1763 4146 ei
1787 4093 1926 4148 scire
1942 4109 2047 4149 non

470 4172 707 4240 expedit,
737 4172 829 4242 qui
854 4173 1012 4228 etiam
1046 4185 1097 4230 te
1123 4191 1228 4231 non
1256 4180 1613 4246 respondente
1637 4184 1804 4251 possit
1834 4186 2048 4254 gravius

471 4259 666 4331 afﬂigi;
701 4263 989 4320 audebisne
1014 4275 1104 4319 aut
1127 4282 1308 4322 verum
1335 4269 1514 4326 dicere
1539 4271 1592 4326 in
1625 4275 1912 4342 perniciem
1945 4277 2046 4331 ho-

469 4351 649 4417 minis,
681 4363 771 4407 aut
808 4353 967 4409 silere
995 4357 1168 4423 potius
1193 4374 1351 4427 quam
1379 4359 1606 4418 honeste
1633 4373 1688 4418 et
1707 4364 2044 4422 misericordi

468 4441 749 4499 mendacio
777 4444 1068 4501 valetudini
1093 4448 1210 4517 ejus
1231 4448 1522 4520 opitulari?
1552 4453 1821 4526 nisusque
1850 4457 2045 4516 talibus

469 4532 838 4602 cepiosissime
867 4551 926 4591 se
950 4536 1277 4594 arbitrantur
1305 4556 1516 4611 urgere,
1554 4553 1612 4600 ut
1652 4545 1698 4599 si
1733 4547 2042 4605 consulendi

468 4635 628 4684 causa
657 4626 839 4696 exigit,
869 4625 1152 4698 aliquando
1175 4631 1511 4687 mentiamur.

537 4714 588 4768 6.
619 4715 838 4782 Contra,
863 4717 934 4772 illi
955 4719 1146 4790 quibus
1169 4721 1342 4790 placet
1367 4739 1631 4794 nunquam
1656 4729 2038 4798 mentiendum,

466 4804 636 4860 multo
677 4804 872 4862 fortius
898 4817 1081 4878 agunt,
1112 4820 1323 4866 utentes
1356 4814 1528 4881 primo
1555 4819 1872 4875 auctoritate
1899 4821 2039 4876 divi-

468 4909 557 4962 na,
589 4897 840 4968 quoniam
876 4898 928 4954 in
972 4900 1086 4971 ipso
1129 4901 1388 4974 Decalogo
1416 4906 1670 4975 scriptum
1693 4919 1800 4975 est,
1829 4909 2041 4967 Falsum

469 4988 804 5043 testimonium
846 5007 908 5044 ne
951 4991 1090 5046 dicas
1123 4989 1232 5061 (Id.
1255 5010 1354 5062 xx,
1388 4994 1508 5068 lii);
1541 5012 1647 5067 quo
1670 5014 1868 5067 genere
1893 5017 2040 5058 com-

467 5075 715 5146 plectitur
762 5095 919 5135 omne
962 5081 1600 5156 mendacium:quisquis
1647 5089 1788 5144 enim
1837 5091 2039 5164 aliquid

465 5169 724 5235 enuntiat,
755 5171 1112 5228 testimonium
1153 5175 1396 5244 perhibet
1437 5177 1616 5232 animo
1661 5193 1778 5234 suo.
1820 5180 1926 5237 Sed
1970 5199 2039 5241 ne

465 5260 584 5329 quis
609 5261 892 5314 contendat
915 5278 1018 5316 non
1045 5278 1202 5320 omne
1227 5265 1555 5321 mendacium
1581 5267 1768 5324 falsum
1791 5273 2036 5329 testimo-

463 5347 610 5403 nium
638 5364 755 5405 esse
784 5351 1188 5422 appellandum;
1217 5355 1343 5424 quid
1363 5357 1600 5413 dicturus
1625 5369 1706 5414 est
1727 5361 1792 5417 ad
1819 5363 1871 5417 id
1890 5364 2034 5434 quod

462 5443 717 5509 scriptum
746 5451 848 5506 est,
881 5441 950 5496 οε
976 5444 1110 5512 quod
1147 5447 1382 5499 mentitur
1420 5448 1600 5502 occidit
1629 5451 1848 5507 animum
1875 5451 2033 5525 (Sep.

460 5544 502 5599 t,
534 5533 666 5608 ii)?
712 5534 852 5606 quod
904 5550 970 5590 ne
999 5535 1117 5605 quis
1161 5538 1448 5594 arbitretur
1484 5543 1736 5613 exceptis.
1770 5544 2035 5616 aliquibus

459 5623 843 5680 mentientibus
892 5641 1048 5696 posse
1087 5627 1327 5700 intelligi,
1361 5630 1468 5685 alio
1506 5631 1624 5688 loco
1648 5633 1806 5708 legat,
1839 5634 2032 5695 Perdss

455 5729 629 5771 omnes
679 5715 766 5784 qui
809 5718 1079 5787 loquuntur
1128 5719 1442 5775 mendacium
1467 5719 1636 5792 (Psal.
1678 5740 1732 5793 v,
1763 5723 1838 5798 7).
1879 5727 2032 5788 Unde

513 5847 556 5896 Ei

1628 319 1712 378 ne
1751 304 2115 389 transnanto,
2156 321 2211 378 s.
2256 306 2617 382 AUGUSTINI

2183 451 2276 492 ore
2302 451 2398 492 suo
2427 438 2540 509 ipse
2563 438 2851 497 Dominus:
2877 426 2976 508 Sit,
3004 441 3192 516 inquit,
3223 444 3277 501 in
3300 462 3388 505 ore
3412 429 3594 518 uestro,
3634 451 3766 522 Est,

2183 538 2289 592 est;
2317 529 2456 597 Non,
2485 548 2585 586 non
2613 548 2632 588 :
2667 533 2801 602 quod
2843 545 3010 590 autent
3055 538 3273 609 amplius
3315 551 3407 606 est,
3438 561 3474 598 a
3502 545 3639 606 male
3675 555 3750 622 est

2182 618 2392 692 (Matth.
2420 638 2474 690 v,
2503 623 2612 694 37).
2646 621 2778 679 iiinc
2797 634 2850 681 et
2876 627 3162 696 Apostolus
3187 645 3308 686 cum
3335 634 3638 694 eruendum
3659 619 3746 698 re-

2183 720 2348 767 terem
2382 713 2653 770 hominem
2686 719 3014 787 praeciperet,
3042 737 3148 792 quo
3177 726 3390 780 nomine
3415 729 3594 785 omnia
3618 745 3756 805 pec-

2179 810 2296 856 cata
2317 802 2698 874 intelliguntur,
2723 819 3108 879 consequenter
3126 813 3218 878 ait,
3242 814 3294 868 in
3319 817 3503 886 primis
3526 802 3745 891 pou—ens,

2181 893 2502 966 Quapropter
2521 896 2820 967 deponentes
2846 902 3181 970 mendacium,
3213 905 3474 975 loquimini
3495 912 3751 970 veritatem

2181 983 2391 1057 (Ephes.
2417 1004 2487 1052 tv,
2512 987 2629 1058 25).

2247 1077 2301 1130 7.
2326 1077 2434 1134 Nec
2461 1079 2563 1134 illis
2601 1095 2717 1151 quae
2760 1082 2826 1138 de
2859 1071 3128 1141 veteribus
3148 1087 3324 1145 Libris
3351 1091 3744 1152 mendaciorum

2177 1171 2415 1240 exempla
2449 1173 2648 1241 prolata
2673 1183 2814 1240 sunt,
2839 1178 3025 1231 terreri
3051 1192 3109 1233 se
3134 1179 3316 1236 dicunt
3340 1199 3353 1248 ;
3387 1185 3471 1238 ubi
3493 1186 3749 1258 quidquid

2177 1271 2383 1332 gestum
2432 1272 2533 1328 est,
2563 1267 2780 1335 ﬁgurate
2826 1269 2991 1338 accipi
3035 1279 3226 1339 potest,
3274 1277 3514 1344 quamvis
3565 1295 3748 1336 revera

2175 1355 2762 1427 contigeritzquidquid
2807 1367 2980 1414 autem
3029 1362 3248 1432 ﬁgurate
3296 1363 3354 1420 ﬁt
3397 1376 3488 1422 aut
3529 1367 3740 1436 dicitur,

2176 1459 2282 1498 non
2325 1454 2406 1500 est
2453 1447 2803 1502 mendacium.
2836 1449 3020 1505 Omnis
3059 1453 3199 1507 enim
3241 1457 3553 1527 enuntiatio,
3590 1461 3654 1514 ad
3694 1460 3748 1516 id

2175 1534 2316 1605 quod
2354 1538 2614 1602 enuntiat,
2643 1538 2918 1595 referenda
2960 1551 3058 1596 est.
3087 1541 3256 1600 Ornne
3297 1555 3476 1602 autem
3527 1549 3746 1620 ﬁgurate

2174 1635 2265 1680 aut
2301 1626 2495 1683 factum
2538 1638 2628 1683 aut
2664 1629 2862 1708 dictum
2893 1631 2994 1687 hoc
3031 1636 3270 1691 enuntiat
3307 1636 3445 1707 quod
3485 1640 3747 1711 signiﬁcat

2174 1719 2250 1775 eis
2271 1721 2465 1791 quibus
2493 1721 2888 1793 intelligendum
2923 1727 3182 1796 prolatum
3209 1738 3312 1784 est.
3343 1728 3493 1788 Unde
3519 1732 3742 1790 creden-

2171 1811 2299 1866 dum
2320 1823 2400 1868 est
2427 1814 2545 1869 illos
2577 1815 2819 1872 homines
2856 1816 2946 1888 qui
2974 1819 3295 1891 propheticis
3319 1825 3643 1895 temporibus
3663 1826 3745 1894 di-

2165 1905 2261 1974 gni
2299 1906 2612 1962 auctoritate
2659 1907 2820 1964 fuisse
2869 1922 3373 1980 commemorantur,
3404 1917 3580 1970 omnia
3626 1933 3744 1994 quae

2171 1996 2366 2066 scripta
2397 2007 2520 2053 sunt
2555 1998 2621 2054 de
2660 1999 2782 2064 illis,
2812 2001 3120 2070 prephctice
3146 2004 3374 2074 gessisse
3397 2015 3557 2078 atque
3576 2007 3742 2064 dixis-

2169 2097 2230 2140 se
2251 2103 2267 2139 :
2289 2099 2389 2141 nec
2423 2088 2596 2142 minus
2629 2088 2941 2158 prophetico
2985 2092 3062 2146 eis
3090 2091 3368 2162 accidisse,
3395 2111 3743 2169 quaecumque

2169 2177 2246 2232 sic
2271 2178 2593 2246 acciderunt,
2622 2189 2680 2234 ut
2703 2180 2891 2237 eodem
2919 2183 3228 2254 prephetico
3251 2184 3449 2258 Spiritu
3473 2189 3742 2246 memoria:

2168 2268 2463 2340 litterisque
2491 2272 2790 2328 mandanda
2828 2274 3211 2344 iudicarentur.
3243 2278 3318 2333 De
3365 2279 3739 2338 obstetricibus

2167 2368 2365 2427 autem,
2391 2363 2512 2432 quia
2543 2377 2650 2418 non
2688 2378 2780 2419 eas
2817 2375 3037 2436 possunt
3081 2367 3260 2425 dicere
3288 2370 3598 2441 preplretico
3624 2371 3741 2444 Spi-

2167 2451 2269 2508 ritu
2299 2456 2628 2526 sigeiﬁcandi
2669 2457 2828 2514 futuri
2867 2463 2978 2516 veri
3021 2464 3209 2532 gratia,
3242 2466 3382 2520 aliud
3408 2484 3501 2536 pro
3526 2468 3630 2523 alio
3658 2485 3741 2524 re-

2165 2548 2438 2604 nuntiasse
2462 2548 2747 2617 Pharaoni,
2771 2554 2976 2610 etiamsi
3002 2557 3198 2626 aliquid
3228 2558 3357 2629 ipsis
3378 2562 3738 2622 nescientibus

2159 2637 2306 2706 quod
2356 2654 2450 2709 per
2485 2653 2577 2696 eas
2622 2651 2798 2699 actum
2835 2655 2918 2701 est
2957 2647 3290 2718 signiﬁcavit,
3325 2667 3422 2721 pro
3449 2653 3616 2726 gradu
3643 2670 3739 2714 suo

2163 2725 2347 2781 dicunt
2386 2732 2699 2799 approbatas
2747 2745 2802 2790 et
2849 2748 3216 2796 remuneratus
3244 2757 3273 2795 a
3302 2741 3428 2803 Deo.
3457 2725 3556 2814 Qui
3595 2747 3738 2804 enim

2161 2821 2388 2875 nocendi
2412 2837 2569 2878 causa
2591 2827 2802 2882 mentiri
2829 2829 2984 2895 solet,
3013 2831 3055 2885 si
3072 2831 3181 2901 jam
3203 2836 3553 2892 consulendi‘
3577 2854 3737 2896 causa

2164 2912 2470 2981 mentiatur,
2501 2915 2725 2971 multum
2765 2917 3006 2988 profecit.
3033 2919 3140 2978 Sed
3171 2923 3312 2980 aliud
3347 2935 3428 2984 est
3467 2927 3605 3000 quod
3644 2944 3739 3000 per

2162 3015 2224 3056 se
2251 3003 2422 3072 ipsum
2452 3005 2715 3063 laudabile
2739 3012 3070 3080 preponitnr,
3091 3012 3234 3069 aliud
3263 3016 3400 3086 quod
3428 3018 3481 3078 in
3506 3019 3738 3076 deterio-

2159 3091 2237 3148 ris
2261 3099 2656 3166 comparatione
2683 3101 3023 3170 praeponitur.
3053 3104 3222 3160 Aliter
3242 3108 3382 3160 enim
3411 3110 3736 3179 gratulamur

2161 3196 2284 3237 curn
2311 3198 2472 3242 sanus
2498 3195 2580 3241 est
2604 3188 2783 3254 homo,
2824 3191 2978 3247 aliter
3006 3207 3125 3248 cum
3153 3195 3346 3253 melius
3375 3197 3533 3254 habet
3560 3216 3732 3271 :egro-

2163 3279 2266 3327 tus.
2295 3274 2426 3329 Nam
2451 3276 2504 3330 in
2529 3278 2820 3347 Scripturis
2849 3282 2978 3351 ipsis
2998 3283 3282 3354 justiﬁcata
3319 3289 3478 3362 etiam
3503 3289 3734 3349 Sodoma

2155 3361 2355 3418 dicitur
2379 3365 2432 3420 in
2453 3371 2847 3438 comparatione
2863 3375 3126 3430 scelerum
3147 3379 3324 3448 pepuli
3345 3379 3502 3436 lsrael
3521 3381 3730 3455 (Ezech.

2160 3471 2269 3524 xvr,
2295 3457 2410 3528 52).
2438 3459 2506 3515 Et
2538 3461 2605 3516 ad
2634 3464 2768 3519 hanc
2796 3467 3031 3536 regulam
3062 3469 3293 3541 dirigunt
3320 3476 3496 3529 omnia
3524 3473 3734 3534 menda’i

2151 3549 2236 3604 zeia
2255 3565 2376 3621 quas
2406 3553 2748 3624 proferuntur
2783 3558 2851 3614 de
2895 3561 3162 3617 veteribus
3196 3561 3393 3633 Libris,
3422 3581 3523 3623 nec
3553 3585 3733 3640 repre-

2153 3641 2322 3697 hensa
2362 3645 2721 3714 inveniuntur,
2753 3651 2835 3706 vel
2876 3653 3196 3723 reprehendi
3244 3672 3349 3712 non
3397 3672 3638 3729 possunt,
3677 3669 3733 3719 ut

2153 3734 2466 3818 ant_indoie
2510 3740 2897 3807 proﬁcientium
2930 3751 2983 3798 et
3007 3759 3105 3815 spe
3130 3748 3516 3818 approbantur,
3549 3764 3640 3807 aut
3667 3754 3732 3808 si-

2150 3815 2509 3885 gniﬁcationis
2527 3822 2748 3892 alicujus
2765 3839 2923 3880 causa
2941 3841 3045 3882 non
3063 3829 3169 3884 sint
3194 3815 3413 3887 omnino
3434 3815 3725 3892 mendacia.

2225 3907 2280 3962 8.
2309 3909 2376 3963 Et
2397 3910 2515 3965 ideo
2545 3913 2612 3966 de
2642 3913 2790 3968 libris
2816 3916 2946 3972 Novi
2976 3916 3323 3989 Testamenti,
3348 3925 3585 3995 exceptis
3605 3927 3731 3997 ﬁgis

2155 4000 2285 4054 ratis
2323 4001 2798 4070 signiﬁcationibus
2848 4008 3075 4076 Domini,
3133 4013 3176 4064 si
3232 4014 3392 4069 vitam
3447 4033 3730 4090 moresque

2155 4100 2460 4164 sanctorum
2485 4105 2539 4148 et
2565 4093 2702 4174 facta
2718 4112 2782 4152 ac
2801 4097 2938 4154 dicta
2962 4104 3290 4172 consideres,
3323 4105 3453 4164 nihil
3479 4112 3584 4166 tale
3605 4127 3714 4181 pro-

2154 4177 2281 4234 ferri
2307 4190 2504 4249 potest,
2521 4185 2663 4254 quod
2681 4185 2749 4240 ad
2769 4187 3117 4246 imitationem
3137 4205 3393 4265 provocet
3412 4177 3724 4256 mentiendi.

2153 4268 2431 4327 Simulatio
2454 4289 2687 4344 namque
2713 4277 2855 4334 Petri
2877 4290 2935 4336 et
2961 4281 3218 4340 Barnabas
3245 4301 3350 4342 non
3378 4290 3547 4346 solum
3572 4306 3724 4348 com-

2153 4375 2461 4433 memorata,
2492 4383 2676 4424 verum
2705 4374 2864 4428 etiam
2915 4378 3236 4446 reprehens
3283 4389 3444 4452 atque
3485 4395 3725 4441 correcta

2152 4466 2235 4514 est
2256 4457 2451 4532 (Galat.
2482 4476 2540 4528 tr,
2568 4462 2654 4530 12,
2689 4464 2802 4534 l3).
2832 4465 2948 4522 Non
2975 4470 3138 4535 enim,
3159 4481 3218 4526 ut
3243 4475 3483 4530 nonnulli
3513 4485 3719 4546 putant,

2150 4563 2216 4603 ex
2239 4551 2428 4607 eadem
2449 4552 2786 4612 simulatione
2811 4559 2972 4613 etiam
3002 4561 3194 4618 Paulus
3219 4565 3493 4633 apostolus
3518 4580 3609 4624 aut
3629 4569 3722 4626 Ti-

2150 4641 2421 4700 motheum
2461 4646 2818 4715 circumcidit,
2843 4658 2937 4704 aut
2964 4652 3074 4721 ipse
3100 4655 3343 4724 quaedam
3369 4659 3474 4714 ritu
3501 4661 3722 4719 Judaico

2149 4745 2480 4795 sacramenta
2519 4738 2945 4808 eelehravit(s);
2974 4742 3067 4798 sed
3101 4761 3166 4799 ex
3211 4746 3299 4801 illa
3325 4747 3575 4808 libertate
3603 4767 3724 4810 sen-

2151 4826 2332 4881 lentiae
2376 4841 2508 4895 suae,
2545 4845 2648 4899 qua
2691 4830 3000 4900 praedicavit
3041 4850 3136 4890 nec
3165 4835 3424 4897 Gentibus
3467 4843 3723 4912 prodesse

2148 4918 2629 4988 circumcisionera,
2653 4939 2753 4979 nec
2794 4924 2995 4981 Judteis
3031 4929 3247 4985 obesse.
3278 4930 3432 4988 Unde
3462 4949 3559 4990 nec
3603 4935 3722 4992 illos

2147 5011 2518 5081 astringendos
2541 5014 2610 5068 ad
2640 5018 3082 5075 consuetudinem
3106 5020 3432 5091 δυόωσι-πίω,
3461 5040 3561 5080 nec
3604 5027 3723 5084 illos

2146 5115 2179 5155 a
2210 5110 2424 5171 paterna
2468 5103 2816 5162 deterrendos
2859 5113 3086 5166 censuit.
3115 5110 3267 5169 Unde
3291 5114 3380 5169 illa
3403 5116 3564 5170 verba
3607 5119 3722 5187 ejus

2145 5202 2271 5249 sunt
2293 5210 2306 5248 :
2329 5192 2666 5253 Circumcisus
2689 5201 2805 5268 quis
2834 5213 3038 5257 uocatus
3071 5205 3189 5258 est?
3213 5219 3316 5259 non
3339 5207 3558 5261 adducat
3588 5227 3722 5280 prcr-

2146 5285 2362 5351 putium.
2387 5285 2454 5339 In
2483 5291 2731 5358 praeputio
2751 5291 2864 5353 quis
2881 5302 3088 5348 vocatus
3111 5296 3230 5349 est?
3256 5311 3356 5350 non
3384 5297 3719 5354 circumcida-

2146 5383 2247 5430 ω’.
2273 5374 2594 5432 Circumisio
2629 5381 2766 5434 nihil
2806 5393 2900 5450 est,
2927 5393 2980 5438 et
3001 5386 3308 5456 primarium
3336 5389 3464 5442 nihil
3505 5400 3614 5457 est;
3634 5393 3722 5445 sed

2144 5467 2422 5524 obseruatis
2448 5472 2804 5528 mandatorum
2829 5474 2945 5530 Dei.
2989 5476 3344 5550 Unusquisque
3367 5483 3420 5536 in
3444 5500 3544 5554 qua
3569 5499 3719 5539 racu-

2141 5624 2350 5736 “alio
2387 5625 2436 5675 in
2463 5625 2605 5677 editis
2639 5627 2859 5688 additur,
2893 5628 2966 5688 ad
3005 5629 3332 5702 proﬁciendi;
3358 5636 3492 5702 quod
3538 5651 3572 5704 ιι
3612 5647 3718 5694 ttss.

2203 5721 2296 5807 ἴδ’
2310 5750 2640 5814 Hieronymus,
2665 5749 2868 5812 epistola
2888 5754 2952 5805 '15
2969 5755 3099 5807 inter
3115 5759 3497 5823 Augustinianss,
3522 5775 3569 5816 ιι.
3586 5760 3720 5827 Hi.
