4122 6212
405 408 546 462 tione
567 402 779 460 nemo
804 408 899 469 ut,
922 399 978 455 tit
1017 408 1078 455 ea
1118 407 1406 471 permaneat
1439 402 1479 473 (l
1507 401 1624 456 Cor.
1657 417 1749 463 vn,
1777 399 1994 466 18-90).

401 498 690 566 Quomodo
713 495 857 551 enim
883 502 1054 564 potest
1069 494 1261 549 adduci
1292 495 1607 563 prmputium
1639 493 1776 562 quod
1808 494 1999 563 puniti-

405 603 527 646 sum
553 588 677 644 est?
701 587 806 642 Sed
844 601 947 640 non
974 585 1199 640 adducat
1227 585 1380 651 dixit,
1409 600 1517 639 non
1555 585 1630 638 ita
1659 585 1815 649 vivat,
1851 585 2000 653 quasi

407 682 728 752 praeputium
753 678 1069 742 adduxerit;
1103 673 1159 731 id
1202 685 1303 741 est,
1331 677 1485 746 quasi
1530 677 1579 728 itt
1625 689 1742 730 cam
1791 684 1997 742 partem

405 788 564 842 quant
607 770 844 834 laudavit,
883 782 1073 824 rursus
1117 777 1329 837 tegmen
1379 767 1558 820 carnis
1607 766 1900 830 attraxerit,
1950 774 2003 820 et

406 866 557 934 quasi
586 864 803 918 δυᾱςοιιε
849 877 971 917 esse
1017 861 1280 916 destiterit
1314 869 1328 912 ε
1367 861 1501 914 sicut
1540 859 1663 913 alibi
1703 859 1851 924 dicit,
1883 858 1999 912 Cir-

404 957 648 1012 cumcisio
669 967 759 1010 tua
787 955 1095 1026 praeputium
1117 959 1252 1022 facta
1274 961 1346 1005 est
1375 950 1549 1025 (Rom.
1580 967 1636 1014 ιι,
1666 950 1778 1021 25).
1806 950 1874 1004 Et
1900 950 2000 1005 hoc

405 1065 511 1103 non
541 1061 792 1118 tauquam
820 1057 1023 1115 cogens
1049 1040 1188 1098 dixit
1218 1045 1522 1112 Apostolus,
1553 1052 1642 1096 aut
1673 1041 1794 1097 illos
1820 1056 2002 1096 manc-

405 1157 464 1194 rc
496 1141 548 1193 in
579 1140 858 1207 pneputio,
891 1145 980 1190 aut
1019 1136 1233 1190 Judaeos
1279 1137 1330 1188 in
1374 1133 1762 1189 consuetudine
1792 1141 1997 1203 patrum

403 1245 626 1284 alterum
658 1248 671 1283 :
703 1229 796 1284 sed
829 1239 886 1284 ut
909 1228 1088 1282 neutri
1113 1228 1168 1280 in
1197 1227 1418 1283 alteram
1445 1226 1813 1296 cogerentur’;
1850 1235 2000 1294 pmo-

403 1334 601 1378 statem
639 1333 814 1376 autem
846 1319 1070 1376 haberet
1102 1321 1329 1390 quisque
1360 1319 1608 1374 manendi
1657 1312 1707 1372 in
1749 1333 1840 1373 sua
1872 1331 1996 1374 con-

401 1415 709 1475 suetudine,
750 1427 857 1468 non
904 1415 1293 1468 neeossitulcm.
1323 1411 1506 1481 Neque
1552 1410 1695 1466 enim
1756 1410 1799 1465 si
1840 1411 1999 1465 vellet

403 1506 644 1571 Judaus,
677 1506 764 1559 ubi
799 1506 1000 1558 nullum
1028 1504 1356 1573 perturbaret
1376 1543 1391 1570 ,
1420 1502 1674 1558 recedere
1701 1517 1730 1555 a
1760 1500 1998 1557 dudaicis

405 1598 893 1663 observatitntibus,
929 1598 1299 1668 prohiberetur
1329 1597 1396 1651 ab
1427 1597 1714 1665 Apostolo;
1754 1597 1996 1665 quando-

399 1691 625 1762 quidem
654 1691 934 1745 consilium
964 1691 1016 1744 ln
1039 1691 1116 1744 eis
1140 1688 1491 1759 permanendi
1517 1688 1581 1742 ad
1605 1687 1706 1742 hoc
1737 1686 1903 1751 dedit,
1927 1703 1996 1742 ne

405 1785 692 1855 superﬂuis
718 1783 1011 1854 perturbati
1041 1781 1230 1846 Judaei,
1259 1780 1325 1835 ad
1366 1795 1429 1836 ea
1475 1796 1593 1850 qua:
1633 1780 1787 1834 saluti
1815 1789 1996 1835 essent

404 1878 709 1935 necessaria
735 1889 839 1932 non
865 1876 1128 1932 venirent.
1160 1874 1340 1945 Neque
1382 1873 1578 1928 abillo
1620 1871 1997 1943 prohiberetur

405 1972 450 2025 si
477 1970 639 2026 veiict
662 1970 942 2039 quisquam
969 1966 1262 2023 Gentilium
1293 1965 1412 2020 ideo
1440 1963 1770 2027 circumcidi,
1799 1975 1858 2018 ut
1894 1962 1996 2018 hoc

407 2061 582 2131 ipsum
611 2058 921 2114 ostenderet
947 2071 1051 2112 non
1080 2071 1138 2112 se
1165 2057 1417 2112 detestari
1449 2055 1597 2124 quasi
1630 2055 1867 2120 noxium,
1900 2054 1995 2109 sed

403 2152 996 2210 ittdiﬁ'erenler'habere
1024 2161 1275 2221 tanquam
1303 2150 1655 2219 signaCulum,
1685 2149 1834 2219 cujus
1857 2149 1997 2203 utili-

405 2255 490 2301 tas
531 2248 638 2314 jam
681 2254 922 2314 tempore
961 2244 1287 2314 prmierissct
1311 2259 1323 2294 :
1349 2257 1456 2297 non
1481 2243 1656 2309 enim,
1687 2241 1734 2296 si
1760 2243 1902 2296 salus
1930 2257 1994 2296 ex

404 2353 473 2393 eo
507 2338 615 2407 jam
644 2339 785 2393 nulla
813 2346 978 2401 esset,
1017 2337 1175 2391 etiam
1224 2335 1443 2390 exitium
1489 2334 1612 2390 inde
1651 2331 1995 2412 metuendum

402 2428 521 2485 luit.
557 2429 788 2500 Ideoque
824 2439 878 2483 et
906 2427 1218 2483 Timotheus
1245 2443 1367 2482 cum
1405 2427 1456 2482 in
1488 2432 1750 2497 praeputio
1775 2435 1996 2481 vocatus

403 2529 569 2585 esset,
619 2531 795 2576 tanien
835 2520 954 2590 quia
1001 2519 1070 2574 de
1115 2519 1298 2574 Judaea
1344 2528 1517 2574 matre
1561 2527 1707 2574 crtus
1758 2524 1893 2585 erat,
1943 2521 1996 2573 et

403 2612 695 2668 ostendere
712 2613 951 2683 cognatis
967 2613 1079 2666 suis
1103 2610 1331 2667 debebat
1355 2610 1422 2666 ad
1445 2623 1538 2667 eos
1559 2608 1991 2676 lucrifaciendos,

403 2717 513 2758 non
544 2702 648 2757 hoc
672 2719 732 2758 se
757 2703 1006 2758 didicisse
1055 2704 1108 2758 in
1153 2703 1432 2774 disciplina
1473 2703 1783 2770 christiana,
1817 2711 1875 2758 ut
1905 2693 1996 2759 ilia

403 2804 737 2852 sacramenta
777 2811 896 2866 quae
939 2797 1096 2868 Legis
1126 2797 1322 2852 veteris
1351 2807 1532 2854 essent
1573 2799 1993 2867 abominaretur,

401 2890 752 2945 circumcisus
793 2899 875 2946 est
899 2890 966 2945 ab
990 2892 1247 2961 Apostolo
1277 2891 1410 2962 (Act.
1438 2907 1546 2959 xvi,
1575 2894 1597 2945 l
1627 2902 1671 2946 et
1693 2891 1748 2963 3)
1772 2907 1785 2945 :
1809 2901 1869 2947 ut
1893 2892 1995 2948 hoc

403 2981 568 3037 modo
603 2981 1034 3037 demonstrarent
1057 2985 1078 3014 ¹
1123 2983 1343 3049 Judteis,
1375 2998 1478 3038 non
1518 2983 1636 3037 ideo
1664 2981 1863 3039 Gentes
1889 2995 1995 3039 non

402 3088 467 3131 ea
495 3075 790 3145 suscipere,
817 3076 939 3145 quia
967 3076 1105 3130 mala
1137 3084 1260 3131 sunt
1291 3085 1344 3131 et
1377 3077 1671 3145 perniciose
1698 3091 1725 3130 a
1757 3077 1996 3147 patribus

403 3164 721 3231 observata;
749 3167 843 3221 sed
873 3169 994 3237 quia
1032 3167 1144 3237 jam
1185 3168 1341 3222 saluti
1386 3184 1492 3223 non
1536 3167 1836 3224 necessaria
1879 3177 1997 3239 poSt

397 3259 692 3315 adventum
720 3260 851 3315 tanti
877 3262 1220 3329 sacramenti,
1253 3261 1393 3332 quod
1429 3277 1522 3332 per
1553 3270 1660 3317 tam
1686 3263 1841 3334 longa
1861 3272 1998 3317 tem-

404 3368 535 3424 pora
568 3363 676 3408 tota
707 3363 858 3410 vetus
887 3355 977 3409 illa
1004 3355 1276 3425 Scriptura
1309 3356 1636 3426 prOpheticis
1666 3355 1997 3428 ﬁgurationi-

407 3442 510 3499 bus
552 3444 852 3514 parturivit.
898 3444 1033 3501 Nam
1079 3454 1136 3500 et
1178 3446 1354 3500 Titum
1396 3448 1822 3512 circumcideret,
1871 3461 1994 3503 cum

403 3537 510 3594 hoc
536 3538 1013 3609 urgerentJudtei,
1055 3540 1160 3595 nisi
1202 3540 1590 3596 subintroducti
1635 3541 1755 3597 falsi
1801 3541 1994 3598 fratres

397 3629 530 3686 ideo
575 3630 691 3687 ﬁeri
717 3631 936 3694 vellunt,
975 3639 1036 3686 ut
1070 3631 1331 3688 haberent
1375 3633 1515 3703 quod
1558 3634 1626 3690 de
1675 3633 1789 3704 ipso
1829 3633 1994 3689 Paulo

393 3722 835 3790 disseminarent,
868 3733 1118 3793 tanquam
1155 3740 1343 3781 eorum
1373 3728 1585 3783 veritati
1629 3729 1872 3794 cesserit,
1903 3728 1993 3797 qui

393 3827 553 3885 spem
581 3817 767 3872 salutis
787 3818 1104 3888 evangelicae
1125 3818 1178 3874 in
1199 3819 1606 3876 circumcisione
1631 3821 1808 3874 carnis
1837 3811 1996 3889 atque

393 3905 669 3976 ejusmodi
703 3908 1172 3965 observationibus
1211 3925 1330 3966 esse
1378 3910 1755 3979 praedicarent,
1789 3919 1841 3963 et
1880 3908 1996 3964 sine

399 3997 491 4056 bis
527 3999 730 4055 nemini
769 3998 1042 4056 Christum
1082 4002 1338 4072 prodesse
1377 4001 1764 4057 contenderent
1792 3998 1992 4071 (Gatat.

398 4105 466 4158 ιι,
489 4091 547 4160 '5,
578 4093 636 4163 6)
660 4108 815 4149 :cum
843 4103 1031 4150 contra
1056 4094 1189 4149 nihil
1218 4093 1500 4165 prodesset
1529 4092 1778 4148 Christus
1802 4093 1880 4146 eis
1905 4092 1994 4162 qui

399 4200 472 4242 eo
499 4185 681 4242 animo
701 4187 1232 4255 circumciderentur,
1255 4196 1315 4241 ut
1339 4187 1411 4241 ibi
1437 4199 1560 4241 esse
1586 4186 1811 4239 salutem
1839 4193 1994 4254 puta-

399 4285 553 4343 rent;
577 4278 720 4333 unde
745 4289 830 4334 est
855 4278 1007 4346 illud,
1041 4277 1172 4335 Ecce
1210 4294 1300 4350 ego
1331 4277 1528 4332 Paulus
1550 4278 1662 4330 dico
1690 4278 1846 4343 vobis,
1877 4277 1996 4348 quia

398 4370 451 4424 si
473 4369 927 4436 circumcidamini,
956 4369 1184 4425 Christus
1227 4370 1354 4424 nihil
1388 4369 1525 4424 vobis
1552 4369 1774 4440 proderit
1806 4367 1916 4441 (Id.
1941 4384 1993 4439 v,

399 4459 486 4530 9.).
510 4461 589 4515 Ex
615 4460 716 4516 hac
757 4461 914 4532 igitur
955 4461 1202 4517 libertate
1242 4461 1439 4516 Paulus
1479 4470 1726 4531 paternas
1755 4461 2000 4517 observa-

401 4551 582 4607 tiones
606 4551 930 4618 observavit,
956 4551 1060 4608 hoc
1088 4569 1250 4608 unum
1276 4567 1476 4609 cavens
1499 4562 1555 4609 et
1585 4555 1898 4624 przedicans,
1929 4569 1997 4611 ne

398 4643 526 4698 sine
549 4641 632 4697 bis
670 4643 814 4698 salus
845 4644 1329 4700 christiana'nuila
1360 4655 1652 4715 putaretur.
1686 4647 1874 4702 Petrus
1899 4662 1997 4700 au-

400 4744 515 4790 tent
543 4735 886 4793 simulatione
914 4753 1032 4806 sua,
1079 4748 1332 4807 tanquam
1358 4741 1409 4794 in
1439 4739 1714 4796 Judaismo
1743 4743 1885 4795 salus
1913 4755 2001 4797 ese

391 4839 524 4895 set,
575 4829 800 4898 cogebat
844 4830 1043 4886 Gentes
1085 4831 1361 4901 judaizare
1403 4849 1417 4886 :
1461 4835 1602 4904 quod
1643 4836 1803 4889 verba
1850 4834 2000 4889 Pauli

390 4923 700 4978 ostendunt
742 4923 996 4992 dicentis,
1031 4925 1296 4990 Quomodo
1339 4934 1508 4995 gentes
1551 4928 1690 4997 cogis
1728 4928 2000 4998 judaizarc

386 5013 524 5088 (Id.
554 5030 615 5081 ιι,
643 5016 769 5084 14)?
794 5015 910 5072 Non
935 5018 1084 5073 enim
1107 5025 1448 5086 cogerentur,
1476 5020 1580 5072 nisi
1608 5019 1850 5074 viderent
1876 5035 1998 5074 eum

381 5111 487 5168 sic
514 5125 610 5164 eas
637 5111 944 5178 observare,
974 5112 1126 5181 quasi
1168 5118 1367 5182 praeter
1413 5111 1532 5165 illas
1570 5112 1714 5166 sal-us
1742 5127 1862 5167 esse
1893 5123 2000 5167 non

379 5209 614 5279 posset.
645 5201 786 5257 Petri
811 5219 940 5272 ergo
979 5203 1252 5259 simulatio
1295 5203 1525 5258 libertati
1571 5203 1720 5257 Pauli
1767 5219 1874 5258 non
1921 5211 2003 5258 est

375 5292 793 5362 comparanda.
816 5294 881 5349 Et
911 5294 1034 5350 ideo
1065 5295 1282 5351 Petrum
1312 5309 1494 5350 amare
1535 5295 1794 5350 debemus
1837 5296 2005 5350 liben-

372 5402 490 5450 ter
507 5395 839 5455 correctum,
867 5399 976 5444 non
1023 5397 1203 5445 autem
1245 5397 1493 5445 astruere
1533 5388 1698 5444 etiam
1741 5388 1810 5444 de
1847 5388 1999 5445 Pauli

315 5480 732 5558 auctoritate
764 5482 1140 5539 mendacium:
1164 5483 1336 5555 quiet
1360 5483 1584 5539 Petrum
1607 5497 1790 5540 coram
1824 5482 2004 5540 omni-

458 5641 492 5708 ξ
529 5635 756 5708 nonnulli
771 5644 910 5708 uss,
924 5639 1012 5708 sed
1031 5644 1266 5708 πωγωνίαν
1283 5640 1338 5708 in
1359 5641 1564 5708 atteram
1580 5647 1846 5708 cogeretur.

457 5703 495 5737 ⁸
525 5701 609 5752 ui:
626 5707 736 5752 In.
755 5707 818 5752 At
831 5701 970 5765 editi,
992 5708 1047 5752 ut
1075 5701 1167 5754 hoc
1186 5701 1329 5754 modo
1350 5701 1718 5758 demonstraret.

452 5761 488 5799 ⁸
529 5767 583 5816 In
603 5760 711 5816 sola
741 5763 960 5818 editione
981 5762 1414 5818 bovu'clmttimo.

1075 5797 1111 5827 ο,
1137 5794 1214 5817 νην
1227 5794 1414 5818 κυνῆν·

1841 265 2043 339 Lmen
2083 282 2280 339 unus.

3590 305 3697 362 49ι

2114 397 2210 451 bus
2235 399 2285 451 in
2311 407 2512 454 rectam
2533 399 2671 457 viam
2696 404 2983 474 revocavit,
3014 423 3080 464 ne
3105 407 3304 467 Gentes
3332 427 3430 483 per
3456 429 3584 473 eum
3611 420 3694 490 ju-

2111 489 2320 546 daizare
2346 502 2691 562 cogerentur;
2723 506 2775 551 et
2800 497 2914 568 ipse
2939 515 3050 555 suae
3076 503 3437 572 praedicationi
3461 489 3686 567 attesta-

2111 591 2194 636 tus
2222 593 2320 647 est,
2345 586 2434 656 qui
2466 603 2586 642 eum
2624 597 2896 657 putaretur
2936 591 3102 649 itaStis
3150 607 3490 666 paternarum
3518 603 3687 660 tradi-

2111 671 2333 743 ti'onum,
2358 692 2423 732 eo
2444 677 2586 748 quod
2613 682 2825 738 nolebat
2848 699 2940 739 cas
2970 687 3244 756 imponere
3270 688 3550 761 Gentibus,
3577 711 3685 752 non

2109 778 2420 836 aspernatus
2476 785 2568 826 eas
2621 772 2734 842 ipse
2779 792 2927 831 more
2976 779 3148 848 patrio
3193 781 3506 852 celebrare,
3559 789 3692 844 satis

2108 859 2340 914 ostendit
2365 859 2469 916 hoc
2497 862 2548 916 in
2574 864 2652 918 eis
2673 863 2886 922 Christo
2916 867 3230 926 adveniente
3261 876 3600 943 remansisse,
3632 890 3691 938 ut

2109 962 2205 1004 nec
2231 949 2426 1006 Judwis
2456 964 2637 1009 essent
2660 958 2993 1025 perniciosae,
3025 975 3123 1016 nec
3151 960 3412 1020 Gentibus
3439 981 3688 1026 necessa-

2109 1041 2222 1108 rice,
2255 1059 2352 1097 nec
2378 1045 2487 1112 jam
2515 1048 2759 1117 cuiquam
2793 1049 3068 1106 hominum
3098 1053 3380 1112 salutares.
3463 1035 3466 1042 Ι

2178 1135 2232 1188 9.
2273 1135 2425 1205 Quod
2455 1137 2498 1192 si
2541 1142 2825 1197 auctoritas
2870 1146 3162 1205 mentiendi
3207 1165 3306 1205 nec
3351 1151 3418 1208 de
3463 1154 3694 1224 antiquis

2107 1223 2277 1280 Libris
2308 1230 2532 1296 proferri
2563 1243 2756 1302 potest,
2780 1235 2864 1289 vel
2909 1240 3027 1307 quia
3071 1256 3178 1296 non
3227 1252 3311 1298 est
3359 1223 3692 1304 mendacium

2107 1317 2246 1387 quod
2291 1320 2512 1386 ﬁgurate
2561 1334 2768 1393 gestum
2813 1327 3077 1386 dictumve
3123 1335 3399 1406 recipitur,
3450 1338 3535 1391 vel
3574 1337 3693 1408 quia

2105 1409 2260 1464 bonis
2289 1410 2354 1465 ad
2387 1413 2695 1471 imitandum
2740 1435 2844 1474 non
2885 1425 3199 1492 pr0p0nitur
3238 1427 3378 1497 quod
3418 1429 3470 1483 in
3516 1431 3690 1496 malis,

2105 1517 2223 1556 cum
2251 1504 2516 1574 prolicere
2544 1511 2824 1578 coeperint,
2856 1513 2906 1568 in
2932 1515 3132 1585 pejoris
3155 1501 3554 1587 comparatione
3582 1522 3694 1578 lau-

2104 1592 2288 1659 datur;
2325 1611 2421 1650 ncc
2452 1596 2518 1652 dc
2547 1597 2678 1654 Novi
2717 1601 3046 1659 Tcstamenti
3075 1606 3246 1674 libris,
3277 1609 3400 1679 quia
3429 1605 3707 1668 correctio

2104 1686 2278 1754 potius
2329 1703 2486 1756 quam
2516 1691 2783 1747 simulatio
2803 1735 2818 1760 ,
2867 1695 3004 1750 sicut
3047 1697 3298 1768 lacrymu:
3328 1703 3504 1770 potius
3531 1719 3692 1775 quatn

2103 1778 2311 1845 negatio
2342 1779 2482 1834 Petri
2510 1787 2590 1834 est
2615 1779 2887 1838 imitanda.

2172 1867 2400 1926 CAPUT
2443 1870 2526 1926 VI.
2551 1904 2622 1913 —
2647 1873 2971 1931 Mendacium
3001 1897 3106 1934 esse
3132 1881 3468 1952 iniquitatem,
3495 1895 3542 1939 et
3567 1903 3695 1942 mor-

2104 1971 2201 2015 tem
2233 1964 2416 2018 anima:
2457 1963 2660 2035 a/ferre,
2694 1985 2783 2022 nec
2833 1969 3041 2038 proinde
3071 1973 3437 2030 adtniltcnduttt
3465 1994 3561 2047 pro
3598 1995 3693 2050 crt-

2093 2055 2335 2124 jusquam
2360 2058 2521 2112 salute
2546 2061 2834 2130 temporali.
2867 2062 2982 2136 Jam
3012 2065 3118 2120 illis
3148 2067 3434 2136 exemplis,
3466 2086 3584 2141 qua!
3624 2071 3694 2129 de

2103 2151 2371 2206 communi
2402 2153 2506 2207 vita
2536 2155 2901 2222 proferuntur,
2949 2160 3117 2214 multo
3160 2163 3512 2220 conlidentius
3548 2182 3694 2226 asse-

2102 2253 2225 2296 runt
2255 2261 2357 2298 non
2385 2261 2505 2302 OSse
2530 2247 2877 2306 credendum.
2919 2251 3072 2310 Prius
3099 2256 3240 2310 enim
3275 2257 3469 2314 docent
3495 2260 3691 2330 iniqui-

2103 2340 2263 2389 tatem
2296 2351 2415 2391 esse
2443 2339 2781 2400 mendacium
2807 2385 2820 2408 ,
2866 2345 3049 2402 multis
3085 2345 3421 2404 documentis
3461 2350 3692 2408 Littera-

2103 2441 2218 2479 rum
2250 2438 2571 2498 sanctarum,
2607 2441 2660 2486 et
2702 2448 2765 2488 eo
2805 2436 3035 2492 maxime
3075 2439 3218 2509 quod
3263 2441 3519 2511 scriptum
3563 2451 3690 2499 est:

2105 2515 2289 2584 Odisti,
2318 2516 2554 2588 Domine,
2591 2540 2763 2580 omnes
2787 2527 2874 2596 qui
2902 2539 3176 2600 operantur
3199 2532 3544 2604 iniquitatem;
3576 2550 3692 2605 per-

2102 2609 2188 2664 des
2219 2627 2392 2666 omnes
2419 2613 2506 2685 qui
2535 2613 2812 2684 loquuntur
2832 2620 3147 2675 mendacium
3191 2621 3359 2691 (Psal.
3399 2640 3453 2690 γ,
3484 2622 3560 2698 7).
3587 2627 3695 2682 Aut

2104 2703 2268 2772 enim,
2304 2712 2364 2760 ut
2387 2704 2526 2761 solet
2553 2705 2850 2780 Scriptura,
2880 2712 3121 2781 sequenti
3149 2728 3305 2770 versu
3333 2719 3579 2786 exposuit
3603 2732 3696 2772 su-

2102 2797 2407 2867 periorem;
2439 2809 2498 2855 ut
2532 2799 2784 2871 quoniam
2830 2801 2990 2860 laius
3031 2805 3170 2860 solet
3210 2817 3392 2875 patere
3421 2809 3688 2879 iniquitas,

2103 2885 2467 2959 intelligamus
2505 2893 2780 2948 nominato
2813 2896 3091 2951 mendacio
3127 2906 3374 2969 tanquam
3414 2904 3646 2971 speciem
3672 2903 3693 2936 ⁸

2103 2973 2398 3048 iniquitatis
2431 2980 2737 3052 signiﬁcare
2765 2986 3035 3041 voluerit:
3066 2999 3158 3042 aut
3198 2989 3244 3044 si
3283 2992 3476 3062 aliquid
3521 2993 3692 3050 inter-

2101 3079 2222 3124 esse
2265 3070 2612 3140 arbitrantur,
2646 3083 2792 3129 tauto
2823 3077 2974 3145 pejus
3001 3085 3084 3132 est
3114 3077 3470 3147 mendacium,
3493 3093 3693 3151 quanto

2100 3162 2314 3233 gravius
2347 3165 2578 3234 positum
2605 3176 2686 3221 est
2713 3167 2914 3238 perdes,
2946 3184 3106 3236 quam
3134 3169 3304 3224 odisti.
3347 3171 3506 3229 Forte
3549 3176 3692 3231 enim

2103 3254 2216 3309 odit
2239 3253 2472 3328 aliquem
2505 3255 2642 3313 Deus
2674 3255 2944 3329 aliquanto
2975 3260 3178 3328 mitius,
3208 3271 3266 3316 ut
3293 3277 3415 3318 eum
3441 3279 3548 3320 non
3575 3281 3696 3336 per-

2102 3343 2242 3400 dat:
2291 3362 2446 3417 quem
2496 3362 2623 3404 vero
2675 3347 2890 3422 perdit,
2941 3358 3090 3406 tanto
3132 3351 3500 3410 vehementius
3539 3357 3688 3424 odit,

2101 3445 2300 3506 quanto
2329 3439 2568 3494 severius
2610 3440 2785 3510 punit.
2825 3438 2948 3496 Odit
2977 3452 3155 3498 autem
3198 3458 3386 3501 omnes
3430 3448 3518 3518 qui
3561 3463 3693 3518 ope-

2096 3538 2286 3583 rantur
2312 3530 2689 3602 iniquitatem;
2723 3542 2778 3587 at
2806 3547 2998 3589 omnes
3029 3537 3120 3606 qui
3158 3537 3447 3608 loquuntur
3475 3540 3694 3596 menda-

2088 3618 2242 3675 ‘cium
2274 3623 2432 3676 etiam
2463 3622 2654 3692 perdit.
2688 3623 2804 3692 Quo
2848 3625 3138 3681 constituto
3167 3669 3180 3692 ,
3227 3629 3347 3698 quis
3388 3645 3573 3686 eorum
3600 3633 3690 3701 qui

2091 3704 2222 3782 ἰιιεο
2248 3723 2494 3767 asserunt
2519 3714 2942 3770 commovebitur
2971 3716 3076 3771 illis
3103 3719 3382 3788 exemplis,
3416 3736 3536 3774 cum
3563 3721 3695 3777 dioi-

2107 3812 2192 3856 tur
2219 3821 2230 3856 :
2261 3801 2397 3868 Quid
2429 3805 2472 3856 si
2500 3804 2567 3857 ad
2594 3809 2645 3859 te
2677 3803 2837 3859 homo
2864 3804 3156 3874 confugiat,
3183 3807 3270 3876 qui
3299 3809 3576 3865 mendacio
3604 3819 3694 3869 tuo

2101 3896 2270 3963 possit
2294 3909 2322 3947 a
2347 3901 2520 3949 morte
2546 3894 2794 3952 liberari?
2815 3894 2906 3950 Illa
2931 3896 3076 3952 enim
3101 3912 3246 3954 mors
3271 3913 3428 3970 quam
3451 3901 3611 3958 stulte
3635 3891 3695 3960 ti-

2103 3986 2289 4042 mcnt’l
2315 3985 2580 4055 homines,
2623 3987 2711 4058 qui
2742 4001 2965 4058 peccare
2995 4003 3103 4044 non
3148 3991 3373 4058 timent,
3421 4007 3526 4048 non
3571 3993 3692 4051 ani-

2105 4095 2268 4148 mam,
2301 4080 2395 4136 sed
2422 4096 2617 4153 corpus
2647 4082 2863 4151 occidit,
2889 4086 3026 4140 sicut
3062 4083 3321 4143 Dominus
3361 4087 3414 4142 in
3456 4088 3693 4162 Evange-

2103 4172 2178 4228 lio
2203 4173 2387 4239 docet;
2420 4173 2559 4229 unde
2590 4175 2828 4247 praecipit
2854 4192 2921 4231 ne
2949 4175 3063 4247 ipsa
3088 4178 3336 4234 timeatur
3372 4177 3606 4250 (Matth.
3638 4197 3695 4248 ι,

2102 4265 2214 4339 28)
2245 4285 2257 4321 :
2289 4283 2349 4322 os
2376 4275 2552 4322 autem
2579 4269 2720 4340 quod
2752 4270 3026 4337 mentitur,
3059 4286 3164 4324 non
3195 4285 3408 4342 corpus,
3441 4271 3536 4328 sed
3577 4273 3694 4329 ani-

2106 4373 2248 4413 mam
2281 4359 2492 4414 occidit.
2528 4359 2620 4414 llis
2654 4361 2797 4416 enim
2839 4359 3017 4415 verbis
3059 4363 3391 4431 apertissime
3437 4363 3693 4432 scriptum

2105 4461 2239 4506 est:
2295 4451 2365 4506 Os
2406 4451 2540 4524 quod
2590 4453 2848 4520 mentitur,
2902 4452 3084 4505 occidit
3127 4455 3348 4507 animant
3407 4454 3579 4525 (Sap.
3634 4471 3692 4522 ι,

2107 4540 2168 4597 ii
2196 4540 2236 4615 ).
2264 4542 2546 4609 Quomodo
2575 4556 2704 4612 ergo
2728 4557 2833 4596 non
2864 4542 3266 4612 perversissime
3289 4543 3502 4609 dicitur,
3533 4554 3590 4598 ut
3618 4546 3696 4601 al-

2109 4644 2190 4690 ter
2227 4635 2581 4703 corporalitcr
2611 4637 2788 4699 vivat,
2840 4635 3036 4690 debere
3079 4637 3304 4690 alterum
3349 4638 3694 4706 spiritualiter

2106 4725 2278 4781 mori?
2301 4724 2434 4780 Nam
2463 4734 2515 4780 ct
2544 4727 2654 4795 ipsa
2683 4726 2896 4781 dilectio
2922 4728 3146 4796 proximi
3183 4744 3251 4782 ex
3282 4743 3376 4783 sua
3402 4727 3696 4799 cujusque'

2111 4818 2397 4874 terminum
2438 4819 2660 4887 accepit.
2705 4815 2937 4888 Diliges,
2980 4818 3180 4888 inquit,
3223 4821 3507 4890 proximum
3555 4830 3696 4877 tuum

2109 4921 2347 4982 tanquam
2375 4920 2422 4964 te
2448 4911 2612 4979 ipsum
2641 4909 2827 4982 (Leuit.
2859 4927 2968 4977 XIX,
3002 4909 3088 4975 18,
3117 4921 3161 4963 et
3195 4910 3381 4964 Matth.
3415 4929 3548 4980 χχιι,
3576 4915 3693 4988 59).

2107 5007 2390 5072 Quomodo
2420 5021 2546 5076 ergo
2571 5005 2794 5075 quisque
2827 5004 2996 5075 diligit
3024 5014 3271 5074 tanquam
3303 5021 3361 5059 se
3391 5007 3585 5076 ipsum,
3613 5009 3699 5063 cui

2110 5104 2168 5152 dt
2199 5107 2413 5167 przcstet
2441 5099 2603 5150 vitam
2638 5097 3006 5166 tet'i'tporalem,
3039 5095 3151 5165 ipse
3180 5095 3374 5150 amittit
3404 5097 3700 5154 aeternam?

2112 5188 2538 5259 quandoquidem
2583 5189 2627 5241 si
2671 5203 2768 5257 pro
2801 5187 2942 5240 illius
2987 5188 3262 5255 temporali
3295 5188 3397 5243 vita
3428 5204 3576 5244 suam
3620 5191 3700 5261 ip-

2112 5294 2224 5335 sam
2249 5279 2596 5348 temporalem
2622 5278 2828 5347 perdat,
2864 5293 2969 5330 non
3005 5287 3088 5333 est
3107 5277 3217 5347 jam
3243 5279 3463 5348 diligere
3483 5279 3699 5336 sicutse

2113 5372 2312 5442 ipsum.
2344 5371 2437 5426 sed
2461 5371 2579 5440 plus
2607 5387 2764 5440 quam
2791 5386 2848 5423 sc
2878 5371 3084 5439 ipsum:
3114 5369 3257 5440 quod
3280 5386 3424 5425 same
3444 5370 3702 5428 doctrinae

2115 5465 2352 5538 regulam
2370 5464 2597 5519 excedit.
2621 5463 2783 5518 Multo
2801 5463 2975 5517 minus
2997 5463 3417 5533 igituraaternam
3437 5477 3588 5522 suam
3606 5480 3704 5538 pro

2181 5581 2197 5613 ²
2234 5585 2304 5631 Ita
2324 5575 2442 5629 Mss.”
2458 5583 2514 5628 At
2536 5577 2670 5640 editi,
2695 5589 2851 5642 quam
2863 5576 3086 5642 speciem.

2181 5643 2205 5706 ξ
2233 5651 2337 5694 Duo
2356 5646 2482 5702 Mss,
2507 5639 2800 5706 qttam'st'utti
2815 5639 2998 5706 timent.

2123 5704 2374 5820 “inditi,
2400 5701 2572 5756 excita
2599 5702 2830 5767 citiusque
2872 5701 3142 5756 dilectione.
3175 5706 3352 5770 Abest,
3377 5703 3648 5772 dilectione,
3681 5720 3709 5765 ι
