4122 6212
479 296 586 356 ιθδ

481 413 700 470 alterius
720 407 996 483 temporali
1017 403 1325 462 mentiendo
1353 403 1648 460 amissurus
1664 412 1766 459 est.
1785 404 2070 474 Tempora-

483 505 589 559 lem
611 503 765 574 plane
781 501 942 557 vitam
960 513 1108 556 suam
1125 512 1222 570 pro
1246 505 1446 552 mterna
1462 495 1570 551 vita
1593 496 1820 566 proximi
1843 510 1947 550 non
1969 494 2073 550 du-

484 596 674 655 bitabit
691 595 1010 652 christianus
1026 592 1270 647 amittere
1291 609 1302 644 :
1325 591 1427 646 hoc
1442 590 1583 646 enim
1609 590 1886 661 praecessit
1903 605 2077 645 exem-

485 687 653 757 plum,
685 695 744 740 ut
771 700 864 754 pro
891 684 1045 740 nobis
1087 683 1345 738 Dominus
1378 681 1492 753 ipse
1523 690 1841 737 moreretur.
1861 679 1942 736 Ad
1977 678 2077 734 hoc

485 780 626 836 enim
641 789 692 832 et
709 778 798 830 ait:
813 775 921 830 [Ioc
943 785 1013 830 est
1035 775 1329 829 mandatum
1351 791 1537 839 meum,
1553 783 1608 828 ut
1627 773 1850 844 diligatis
1869 773 2079 826 invicem

485 871 610 925 sicut
639 879 687 924 et
707 885 796 940 ego
820 869 975 921 dilexi
994 885 1099 922 vos.
1130 867 1383 937 Majorent
1405 864 1724 919 dilectionem
1745 880 1891 917 nemo
1909 862 2076 928 habet,

484 979 635 1034 quam
665 971 718 1015 ut
737 963 956 1014 animam
984 977 1128 1014 suam
1155 969 1308 1029 ponat
1331 974 1420 1028 pro
1445 958 1620 1010 amicis
1641 957 1746 1010 suis
1772 956 1952 1025 (Joan.
1986 969 2077 1016 xv,

488 1052 585 1117 12,
609 1051 725 1121 15).
743 1050 860 1105 Non
882 1049 1024 1104 enim
1049 1050 1328 1119 quisquam
1355 1058 1436 1102 est
1465 1047 1536 1102 ita
1557 1045 1846 1116 desipiens,
1868 1054 1920 1100 ut
1940 1044 2083 1100 dicat

487 1144 633 1201 aliud
671 1159 828 1214 quam
874 1142 1028 1197 saluti
1072 1142 1410 1212 sempiterna:
1437 1139 1714 1194 hominum
1753 1136 2084 1194 consuluisse

491 1235 774 1291 Dominum
816 1235 901 1289 vel
948 1233 1188 1288 iaciendo
1233 1231 1373 1301 quod
1423 1231 1714 1300 praecepit,
1760 1229 1845 1284 vel
1894 1227 2082 1298 przeci-

493 1328 687 1399 piendo
717 1326 858 1396 quod
889 1326 1028 1380 fecit.
1060 1325 1191 1380 Cum
1224 1324 1384 1395 igitur
1418 1321 1726 1378 mentiendo
1757 1321 1860 1374 vita
1887 1328 2081 1374 (eterna

491 1423 786 1488 amittatur,
850 1434 1117 1488 nunquam
1165 1433 1260 1487 pro
1304 1417 1616 1487 cujusquam
1665 1413 1944 1483 temporali
1977 1410 2083 1465 vita

492 1513 856 1568 mentiendum
909 1520 1010 1565 est.
1045 1510 1331 1564 Enimvero
1363 1509 1450 1562 isti
1479 1507 1568 1578 qui
1604 1505 2005 1561 stomachantur
2033 1511 2088 1558 et

494 1607 856 1674 indignantur,
887 1602 931 1656 si
960 1601 1090 1656 nolit
1116 1600 1309 1670 aliquis
1353 1597 1631 1654 mendacio
1676 1596 1940 1666 perimere
1967 1594 2084 1648 ani-

495 1714 634 1755 mam
666 1712 839 1761 suam,
869 1704 924 1748 ut
952 1695 1088 1748 alius
1114 1701 1359 1748 senescat
1389 1693 1441 1746 in
1467 1706 1662 1756 carne;
1691 1689 1839 1759 quid,
1862 1689 1907 1744 si
1927 1689 2086 1744 etiam

492 1792 637 1845 l'urto
682 1800 888 1854 nostro,
923 1786 1070 1856 quid,
1099 1787 1142 1840 si
1170 1783 1434 1839 adulterio
1463 1782 1675 1836 liberari
1707 1779 1876 1851 possit
1899 1779 2089 1849 aliquis

495 1883 563 1938 de
593 1880 804 1935 morte?
841 1879 1032 1935 ideone
1070 1877 1356 1932 iurandum
1396 1884 1514 1940 est,
1546 1883 1637 1928 aut
1674 1872 2090 1929 mmehandum?

496 1973 752 2028 Nesciunt
780 1971 922 2025 enim
948 1970 1014 2024 ad
1045 1970 1145 2023 hoc
1170 1983 1229 2023 se
1255 1982 1476 2037 cogere,
1511 1976 1568 2021 ut
1595 1967 1638 2021 si
1669 1967 1915 2037 laqueum
1955 1963 2092 2020 ferat

498 2064 661 2121 homo
688 2074 743 2120 ct
772 2073 1014 2132 stuprum
1045 2071 1212 2132 petat,
1242 2060 1566 2117 conﬁrmans
1596 2058 1738 2129 quod
1764 2058 1866 2113 sibi
1896 2057 2091 2112 collum

499 2156 702 2228 ligabit,
743 2156 846 2211 nisi
875 2155 925 2210 ei
953 2152 1278 2209 concedatur
1316 2140 1457 2222 quod
1514 2149 1683 2220 petit,
1731 2148 2092 2204 consentiatur

497 2255 718 2320 propter
743 2245 998 2312 animam,
1027 2243 1163 2298 sicut
1193 2242 1292 2312 ipsi
1319 2241 1521 2307 dicunt,
1563 2239 1912 2295 liberandam.
1942 2237 2093 2304 Quod

499 2340 547 2396 si
589 2337 881 2395 absurdum
925 2345 980 2392 et
1043 2334 1304 2390 nefarium
1353 2340 1474 2401 est,
1522 2348 1616 2387 cur
1663 2331 1896 2386 animam
1941 2344 2092 2384 suam

478 2431 729 2502 quisque
773 2427 1051 2483 mendacio
1095 2432 1436 2494 corrumpat,
1465 2432 1524 2478 ut
1550 2422 1687 2477 alter
1713 2423 1854 2476 vivat
1887 2422 1940 2476 in
1969 2436 2093 2476 cor-

500 2537 663 2593 pore;
695 2536 818 2577 cum
844 2520 888 2575 si
914 2533 1068 2575 suum
1095 2532 1290 2588 corpus
1334 2524 1616 2588 propterea
1644 2513 2094 2585 corrumpendum

503 2613 674 2680 daret,
701 2611 938 2667 omnium
968 2609 1171 2680 judicio
1209 2607 1424 2663 nefaria:
1445 2604 1788 2676 turpitudinis
1816 2603 2098 2659 damnare~

504 2706 627 2760 tur?
654 2703 883 2759 Proinde
910 2718 1014 2757 non
1046 2709 1130 2757 est
1159 2701 1211 2754 in
1240 2700 1341 2756 ista
1367 2699 1664 2769 quaestione
1693 2694 2092 2762 attendendum,

507 2795 612 2851 nisi
638 2806 818 2851 utrum
851 2792 1100 2862 iniquitas
1131 2792 1199 2846 sit
1225 2789 1584 2845 mendacium.
1617 2786 1769 2854 Quod
1794 2802 1914 2841 cum
1939 2801 2099 2858 supra

506 2886 941 2944 commemoratis
978 2883 1314 2940 documentis
1352 2891 1644 2947 asseratur,
1688 2879 1974 2935 videndum
2018 2891 2101 2936 est

507 2981 582 3037 ita
611 2980 778 3052 quaeri
820 2989 995 3033 utrum
1040 2993 1138 3049 pro
1176 2976 1397 3031 alterius
1440 2975 1613 3030 salute
1656 2975 1868 3029 mentiri
1909 2974 2102 3044 aliquis

507 3072 720 3139 debeat,
749 3085 812 3126 ac
831 3071 876 3124 si
897 3077 1226 3141 quaereretur
1247 3078 1422 3124 utrum
1444 3084 1540 3138 pro
1563 3067 1783 3122 alterius
1807 3066 1976 3122 salute
1996 3066 2099 3121 ini-

508 3178 648 3234 quus
675 3175 794 3217 esse
823 3161 1013 3230 aliquis
1051 3161 1261 3216 debeat.
1301 3159 1454 3228 Quod
1482 3159 1526 3215 si
1556 3160 1760 3230 respuit
1787 3160 1981 3214 animae
2017 3173 2103 3214 sa-

511 3257 612 3323 lus,
657 3271 776 3326 qua:
816 3269 924 3309 non
963 3262 1138 3323 potest
1177 3254 1278 3308 nisi
1317 3253 1566 3323 tequitate
1602 3251 1826 3318 servari,
1859 3260 1913 3307 et
1949 3266 2009 3308 se
2047 3260 2104 3307 ut

512 3361 888 3419 przeponamus
931 3360 1038 3400 non
1075 3344 1246 3398 solum
1293 3345 1532 3410 alterius,
1575 3343 1670 3400 sed
1699 3344 1860 3399 etiam
1907 3353 2104 3398 nostra:

512 3438 674 3494 saluti
702 3436 979 3505 temporali
1002 3435 1188 3505 jubet;
1219 3435 1343 3504 quid
1373 3444 1559 3500 restat,
1587 3435 1850 3506 inquiunt,
1876 3451 1982 3506 quo
2006 3434 2105 3490 du-

515 3529 687 3584 bitare
709 3528 1000 3584 debeamus
1028 3543 1297 3598 nunquam
1318 3529 1536 3583 omnino
1556 3544 1675 3585 esse
1703 3529 2105 3585 mentiendum?

516 3622 632 3679 Non
677 3621 818 3677 enim
859 3620 963 3677 dici
1011 3631 1188 3692 potest
1230 3637 1348 3677 esse
1386 3622 1586 3693 aliquid
1629 3622 1681 3678 in
1729 3622 2105 3693 temporalibus

517 3713 834 3778 commodis,
858 3713 1029 3769 salute
1053 3727 1115 3767 ac
1137 3713 1243 3768 vita
1271 3715 1535 3784 corporali
1561 3713 1733 3784 majus
1758 3723 1849 3768 aut
1871 3713 2103 3769 charius.

516 3806 671 3864 Unde
701 3807 745 3862 si
777 3821 876 3862 nec
906 3806 1018 3876 ipsa
1047 3805 1406 3877 praeponenda
1436 3814 1519 3862 est
1542 3806 1774 3874 veritati,
1799 3805 1924 3876 quid
1949 3805 2104 3877 objici

514 3909 696 3972 potest
735 3908 954 3970 propter
995 3898 1135 3969 quod
1181 3897 1545 3954 mentiendum
1593 3912 1715 3954 esse
1745 3897 2102 3966 contendant,

517 3996 606 4068 qui
632 3994 916 4065 aliquando
945 4001 1130 4063 putant
1154 4003 1405 4064 oportere
1430 3991 1680 4048 mentiri?

586 4088 814 4144 CAPUT
869 4086 978 4140 Vll.
1003 4117 1074 4128 —
1105 4086 1191 4140 10.
1239 4085 1346 4139 Nec
1374 4086 1630 4156 ρυάὶεἱιὶω
1649 4085 1928 4156 corporalis
1951 4101 2110 4141 causa

519 4181 878 4237 mentiendum.
895 4179 1074 4233 Libido
1087 4178 1210 4249 quid
1224 4178 1307 4232 sit.
1323 4177 1616 4232 Pudicitia‘.’
1632 4178 1828 4250 quippe
1843 4180 2104 4250 corporis,

520 4274 642 4345 quia
671 4272 896 4326 multum
942 4269 1270 4325 honorabilis
1305 4283 1533 4338 persona
1558 4269 1767 4326 videtur
1801 4287 2106 4336 occurrere,

521 4372 578 4420 et
604 4377 699 4435 pro
729 4377 787 4418 se
817 4361 1054 4434 ﬂagitare
1083 4360 1442 4428 mendacium,
1472 4369 1525 4416 ut
1558 4361 1603 4416 si
1633 4372 1902 4434 stuprator
1943 4363 2110 4418 irruat

523 4458 610 4530 qui
645 4455 812 4527 possit
839 4453 1118 4510 mendacio
1147 4453 1401 4523 devitari,
1433 4455 1549 4512 sine
1590 4455 1920 4513 dubitatione
1960 4472 2111 4512 men-

523 4550 759 4608 tiendum
794 4550 864 4604 sit
905 4565 919 4604 :
965 4547 1120 4603 facile
1160 4547 1470 4619 responderi
1499 4558 1709 4621 potest,
1753 4548 1950 4603 nullam
1993 4563 2112 4604 esse

524 4643 832 4714 pudicitiam
873 4639 1135 4711 corporis,
1178 4640 1278 4696 nisi
1322 4640 1390 4696 ab
1432 4640 1736 4712 integritate
1775 4638 1939 4694 animi
1978 4655 2111 4711 pen-

525 4735 681 4801 deat;
711 4749 817 4805 qua
840 4733 1080 4802 disrupta
1112 4731 1267 4787 cadat
1296 4747 1517 4790 necesse
1542 4741 1645 4799 est,
1678 4730 1886 4788 etiamsi
1917 4735 2112 4788 intacta

523 4828 786 4892 videatur;
819 4835 872 4882 et
899 4826 1019 4882 ideo
1049 4841 1154 4881 non
1186 4826 1238 4880 in
1269 4826 1428 4881 rebus
1462 4825 1844 4897 temporalibus
1871 4840 1991 4882 esse
2016 4842 2115 4882 nu-

524 4921 854 4985 merandam,
901 4919 1050 4990 quasi
1093 4935 1212 4989 quae
1257 4918 1433 4973 invitis
1481 4918 1652 4989 possit
1693 4916 1910 4973 auferri.
1960 4916 2116 4974 Nullo

525 5014 685 5068 modo
714 5013 871 5083 igitur
898 5012 1107 5066 animus
1133 5025 1190 5066 se
1220 5009 1498 5065 mendacio
1525 5010 1820 5080 corrumpit
1858 5024 1954 5080 pro
1998 5025 2119 5066 cor-

526 5121 658 5178 pore
682 5120 798 5170 suo,
830 5105 971 5176 quod
1001 5105 1101 5159 scit
1136 5118 1352 5158 manere
1382 5103 1786 5173 incorruptum,
1817 5103 1860 5157 si
1891 5103 1957 5159 ab
2002 5103 2119 5172 ipso

527 5199 708 5253 animo
739 5197 1066 5266 ineorruptio
1098 5211 1206 5251 non
1232 5195 1465 5251 recedat.
1498 5195 1649 5265 Quod
1678 5196 1820 5252 enim
1856 5195 2119 5252 violenter

529 5305 635 5346 non
665 5288 999 5361 prcecedente
1025 5286 1243 5344 libidine
1275 5289 1472 5358 patitur
1496 5302 1725 5358 corpus,
1766 5289 1979 5344 vexatio
2021 5303 2120 5360 po-

529 5384 635 5438 tius
681 5397 838 5451 quam
882 5379 1153 5449 corruptio
1193 5379 1518 5436 nominanda
1559 5389 1660 5436 est.
1709 5383 1817 5434 Aut
1858 5381 1905 5437 si
1946 5381 2122 5437 omnis

529 5474 740 5529 vexatio
765 5474 1037 5541 corruptio
1060 5479 1161 5538 est,
1192 5486 1297 5525 non
1323 5472 1499 5527 omnis
1521 5471 1791 5542 corruptio
1817 5471 1983 5543 turpis
2007 5481 2118 5539 est;

593 5588 611 5617 ι
649 5593 753 5646 Mss.
780 5582 1037 5646 Pudicitia.
1063 5590 1116 5632 Et
1153 5580 1273 5632 infra
1294 5581 1523 5646 plerique
1546 5596 1658 5633 cum
1681 5583 2003 5646 editiones).
2041 5583 2126 5632 ha-

531 5646 676 5708 bent,
707 5644 972 5697 honorabili
1002 5659 1222 5707 persona.
1259 5643 1344 5708 Alii
1362 5643 1487 5708 vero
1510 5653 1616 5708 Mss.
1639 5679 1652 5705 ,
1679 5643 1946 5708 honorabili
1969 5658 2127 5708 perso-

529 5706 688 5757 nas—‘-
711 5709 870 5773 tttorel,
896 5706 1044 5773 tgzlem:
1071 5709 1181 5757 (irit.
1209 5723 1256 5771 p.
1283 5707 1393 5758 301‘
1415 5708 1483 5756 sic
1506 5707 1628 5771 legit
1655 5721 1666 5755 :
1695 5706 1929 5773 pudicitia
1953 5706 2126 5773 quippe

531 5770 762 5833 corporis,
781 5769 918 5833 quasi
939 5768 1157 5820 multum.

1623 289 1710 347 DE
1749 289 2118 359 MENDACIO,
2147 289 2206 347 S.
2246 287 2612 348 AUGUSTINI

3658 291 3762 352 ‘96

2183 403 2276 460 sed
2301 418 2458 476 quam
2484 402 2650 460 libido
2681 401 3064 473 procuraverit,
3093 409 3190 460 aut
3222 401 3312 462 cui
3338 403 3505 463 libido
3534 420 3767 472 consen-

2183 499 2332 554 serit.
2359 499 2569 566 Quanto
2596 505 2772 553 autem
2803 497 3138 567 praestantior
3162 505 3246 554 est
3272 498 3484 554 animus
3511 514 3763 572 corpore,

2184 597 2332 645 tanto
2359 591 2668 646 sceleratius
2707 589 3088 659 corrumpitur.
3134 587 3212 646 ibi
3255 605 3383 662 ergo
3419 593 3622 649 servari
3671 609 3769 664 po-

2187 689 2288 736 test
2330 680 2582 751 pudicitia
2611 723 2627 748 ,
2656 681 2744 737 ubi
2785 681 2930 737 nulla
2975 681 3079 738 nisi
3116 681 3414 738 voluntaria
3459 693 3637 754 potest
3686 701 3774 742 cs-

2185 786 2246 827 se
2291 773 2580 842 corruptio.
2615 772 2774 828 Certe
2812 773 2956 828 enim
2995 773 3042 827 si
3089 782 3362 844 stuprator
3395 790 3592 846 corpus
3630 779 3775 832 inva-

2186 865 2336 931 serit,
2363 865 2454 935 qui
2478 879 2578 920 nec
2601 865 2652 920 vi
2678 865 2947 922 contraria
2974 867 3162 937 possit,
3183 882 3284 923 nec
3310 867 3420 924 ullo
3445 869 3673 925 consilio
3695 871 3774 924 vel

2189 955 2466 1012 mendacio
2494 955 2739 1022 devitari,
2780 970 3004 1019 necesse
3040 965 3124 1014 est
3148 957 3433 1027 fateamur,
3463 961 3638 1016 aliena
3667 962 3778 1016 libi-

2187 1045 2313 1102 dine
2348 1045 2650 1117 pudicitiam
2681 1061 2790 1103 non
2827 1061 2988 1117 posse
3025 1047 3230 1104 violari.
3276 1049 3613 1123 Quapropter
3639 1066 3775 1122 quo-

2190 1137 2333 1192 niam
2361 1151 2519 1192 nemo
2553 1135 2760 1192 dubitat
2788 1137 3065 1194 meliorem
3095 1153 3217 1195 esse
3261 1140 3497 1196 animum
3526 1156 3774 1212 corpore,

2190 1228 2480 1300 integritati
2510 1229 2753 1298 corporis
2787 1229 3066 1301 integritas
3092 1231 3257 1286 animi
3287 1233 3642 1302 praeponenda
3671 1241 3776 1300 est,

2189 1335 2310 1392 quae
2340 1320 2392 1375 in
2421 1329 2681 1377 internum
2716 1322 2918 1378 servari
2957 1330 3154 1393 potest.
3193 1322 3326 1392 Quis
3362 1333 3542 1380 autem
3583 1324 3778 1380 dixerit

2191 1412 2457 1484 integrum
2503 1414 2739 1469 animum
2793 1428 2917 1470 esse
2961 1415 3302 1471 mentientis?
3359 1415 3570 1472 Etenim
3616 1416 3779 1472 libido

2192 1520 2406 1577 quoque
2452 1506 2566 1576 ipsa
2611 1515 2758 1562 recte
2801 1505 3085 1574 deﬁnitur,
3132 1507 3416 1578 Appetitns
3463 1508 3626 1564 animi
3672 1523 3778 1580 quo

2193 1599 2410 1654 arteruis
2437 1597 2592 1654 bonis
2617 1597 2868 1669 quaelibet
2899 1598 3212 1669 temporalia
3241 1609 3642 1670 praeponuntur.
3676 1599 3780 1656 Ne-

2193 1706 2284 1746 mo
2310 1693 2487 1762 itaque
2510 1698 2689 1762 potest
2715 1690 3036 1746 convincere
3059 1690 3346 1762 aliquando
3369 1705 3492 1747 esse
3519 1691 3782 1748 mentien-

2194 1781 2344 1850 dum,
2377 1781 2478 1837 nisi
2521 1782 2612 1852 qui
2660 1781 2892 1852 potuerit
2936 1780 3224 1837 ostendere
3267 1790 3524 1838 aeternum
3566 1781 3780 1853 aliquod

2195 1874 2394 1931 bonum
2417 1872 2643 1929 obtineri
2669 1887 2828 1943 posse
2852 1873 3152 1928 mendacio.
3180 1871 3287 1928 Sed
3311 1887 3433 1929 cum
3465 1882 3610 1929 tanto
3630 1874 3781 1945 quis-

2196 1980 2301 2036 que
2317 1965 2384 2020 ab
2400 1965 2700 2021 aeternitate
2714 1965 2972 2032 discedat,
2989 1975 3190 2037 quanto
3210 1981 3242 2022 a
3266 1967 3488 2022 veritate
3502 1965 3778 2034 discedit‘;

2196 2057 2635 2114 absurdissimum
2665 2068 2750 2113 est
2781 2058 2961 2114 dicere
2979 2098 2994 2126 ,
3032 2058 3360 2116 discedendo
3385 2059 3510 2116 inde
3529 2074 3690 2130 posse
3716 2058 3784 2116 ad

2199 2151 2324 2207 boni
2345 2151 2543 2223 aliquid
2567 2151 2797 2222 aliquem
2823 2152 3122 2220 pervenire.
3152 2154 3256 2208 Aut
3283 2151 3328 2207 si
3349 2162 3428 2208 est
3454 2151 3668 2223 aliquod
3691 2153 3786 2208 bo-

2200 2257 2328 2298 num
2362 2251 2620 2298 aeternum
2639 2242 2780 2312 quod
2798 2258 2904 2297 non
2922 2243 3305 2314 complectatur
3318 2245 3534 2311 veritas,
3553 2258 3658 2300 non
3682 2243 3788 2300 erit

2198 2349 2383 2391 verum
2401 2352 2412 2388 :
2431 2346 2486 2391 et
2502 2334 2621 2391 ideo
2639 2350 2736 2391 nec
2751 2333 2951 2390 bonum
2970 2335 3092 2403 erit,
3111 2337 3232 2406 quia
3255 2336 3442 2392 falsum
3464 2337 3586 2392 erit.
3602 2336 3674 2393 Ut
3691 2351 3788 2392 an-

2200 2436 2310 2486 tem
2335 2429 2544 2485 animus
2565 2429 2798 2499 corpori,
2823 2428 2896 2484 ita
2920 2429 3079 2484 etiam
3103 2429 3302 2484 veritas
3326 2430 3424 2500 ipsi
3447 2429 3627 2484 animo
3651 2442 3790 2500 pm-

2201 2522 2444 2594 ponenda
2474 2533 2590 2592 est;
2614 2533 2674 2579 ut
2709 2540 2827 2580 eam
2873 2540 2978 2580 non
3025 2526 3197 2580 solum
3242 2526 3411 2596 magis
3461 2539 3622 2595 quam
3663 2539 3785 2579 eor-

2202 2631 2341 2687 pus,
2391 2616 2487 2672 sed
2561 2617 2719 2672 etiam
2789 2618 2958 2689 magis
3025 2633 3185 2688 quam
3253 2632 3313 2674 se
3382 2619 3556 2689 ipsum
3628 2632 3791 2688 appe-

2205 2714 2283 2761 tat
2323 2708 2551 2763 animus.
2592 2708 2667 2763 lta
2704 2709 2900 2779 quippe
2941 2709 3043 2765 erit
3065 2710 3318 2779 integrior
3352 2719 3402 2765 et
3437 2709 3791 2774 castior,cum

2204 2801 2322 2870 ejus
2364 2801 2540 2870 potius
2581 2800 3047 2867 immutabilitate,
3093 2815 3252 2870 quam
3299 2815 3393 2854 sua
3443 2800 3792 2854 mutabilitate

2205 2889 2510 2962 perfruetur
2529 2893 2571 2944 '.
2603 2891 2658 2946 Si
2684 2903 2862 2948 autem
2890 2891 3024 2946 Loth
3052 2907 3172 2946 cum
3204 2892 3273 2946 ita
3299 2891 3475 2960 justus
3511 2898 3688 2955 esset,
3735 2899 3795 2945 ut

2205 2984 2425 3054 angelos
2451 2984 2610 3040 etiam
2643 2982 2880 3054 hospites
2906 2983 3179 3053 suscipere
3205 2992 3522 3048 mereretur,
3545 2991 3795 3050 stupran-

2208 3073 2305 3130 das
2337 3075 2472 3130 tilias
2497 3075 2786 3132 Sodomitis
2812 3074 3025 3141 obtulit,
3071 3082 3128 3130 ut
3166 3073 3484 3130 feminarum
3525 3073 3702 3142 potius
3723 3071 3794 3128 ab

2207 3168 2288 3225 eis
2310 3182 2534 3238 corpora
2563 3183 2724 3240 quam
2753 3168 2989 3224 virorum
3017 3167 3653 3238 corrumperenturt’Gen.
3678 3180 3792 3233 xix,

2205 3261 2317 3332 8);
2351 3271 2547 3332 quanto
2566 3261 2871 3332 diligentius
2905 3271 3067 3332 atque
3091 3262 3420 3318 constantius
3445 3260 3607 3315 animi
3630 3261 3796 3315 casti-

2208 3362 2290 3410 tas
2311 3353 2364 3408 in
2385 3354 2607 3410 veritate
2633 3353 2893 3408 servanda
2925 3365 3006 3410 est
3024 3396 3040 3421 ,
3079 3369 3200 3410 cum
3236 3354 3414 3410 verius
3444 3355 3557 3424 ipse
3581 3353 3796 3422 corpori

2208 3459 2327 3512 suo,
2351 3460 2508 3515 quam
2535 3459 2729 3516 corpus
2754 3445 2904 3501 virile
2932 3446 3162 3502 femineo
3188 3446 3398 3516 corpori
3429 3443 3774 3516 prmferatur?

2281 3537 2506 3595 CAPUT
2545 3537 2679 3593 Vill.
2704 3569 2776 3580 --
2805 3540 2894 3595 ll.
2923 3537 3102 3609 Neque
3126 3538 3467 3593 mentiendum
3492 3537 3660 3592 studio
3687 3536 3795 3592 ser-

2209 3633 2362 3690 nandi
2383 3633 2512 3688 alios
2535 3633 2603 3687 ad
2626 3634 2778 3688 vitam
2798 3641 3062 3688 wternam.
3085 3631 3239 3698 Quod
3262 3631 3308 3686 si
3326 3631 3604 3701 quisquam
3628 3636 3794 3700 putat,

2211 3725 2334 3782 ideo
2366 3725 2616 3798 cuiquam
2646 3742 2742 3798 pro
2769 3725 2874 3781 alio
2901 3741 3022 3782 esse
3062 3724 3457 3790 mentiendum,
3499 3734 3558 3779 ut
3586 3725 3799 3778 interim

2213 3818 2388 3884 vivat,
2436 3826 2528 3872 aut
2555 3818 2609 3873 in
2642 3817 2724 3873 bis
2755 3817 2919 3874 rebus
2943 3831 3075 3888 quas
3104 3817 3326 3872 multum
3367 3816 3537 3886 diligit
3576 3831 3683 3871 non
3713 3813 3799 3870 of-

2213 3911 2478 3976 fendatur,
2519 3925 2625 3982 quo
2651 3910 2818 3981 possit
2844 3909 2910 3964 ad
2937 3917 3192 3965 aeternam
3218 3907 3494 3965 veritatem
3522 3907 3801 3979 pervenire

2213 4003 2470 4061 discendo
2494 4023 2506 4058 :
2540 4020 2649 4060 non
2678 4003 2927 4074 intelligit
2957 4004 3128 4074 primo
3150 4003 3350 4058 nullum
3371 4017 3496 4058 esse
3522 3995 3798 4072 ﬂagitium,

2214 4097 2358 4167 quod
2386 4111 2492 4152 non
2535 4094 2720 4152 eadem
2761 4093 3067 4152 conditione
3093 4095 3366 4164 suscipere
3391 4103 3631 4164 cogatur,
3665 4092 3803 4149 sicut

2210 4189 2323 4260 jam
2361 4190 2606 4260 superius
2646 4188 3069 4243 demonstratum
3100 4195 3219 4252 est;
3265 4185 3458 4241 deinde
3502 4185 3668 4254 ipsius
3705 4185 3805 4239 do-

2215 4282 2401 4336 ctrinae
2434 4281 2804 4337 auctoritatem
2830 4279 3074 4351 intercipi
3104 4289 3157 4336 et
3193 4279 3400 4349 penitus
3429 4277 3649 4332 interire
3674 4275 3718 4344 ³,
3755 4277 3806 4334 si

2216 4373 2295 4429 eis
2321 4389 2457 4444 quos
2487 4373 2554 4428 ad
2585 4374 2729 4428 illam
2762 4372 3053 4444 perducere
3081 4385 3352 4434 conamur,
3389 4369 3670 4423 mendacio
3699 4385 3803 4425 no-

2217 4473 2331 4522 stro
2355 4465 2737 4537 persuademus
2763 4464 3048 4536 aliquando
3089 4479 3208 4520 esse
3253 4460 3639 4517 mentiendum.
3666 4461 3804 4518 Cum

2219 4561 2361 4618 enim
2407 4559 2647 4616 doctrina
2701 4560 2981 4622 salutaris,
3034 4557 3222 4626 partim
3266 4553 3578 4620 credendi-.4
3613 4556 3805 4626 partim

2220 4652 2574 4723 intelligendis
2595 4654 2754 4710 rebus
2773 4660 3008 4716 constet;
3031 4664 3132 4705 nec
3151 4648 3216 4703 ad
3239 4663 3301 4703 ea
3323 4664 3443 4718 quae
3465 4647 3809 4720 intelligenda

2221 4755 2348 4800 sunt
2375 4743 2638 4815 perveniri
2675 4745 2866 4816 possit.
2893 4743 2995 4799 nisi
3019 4741 3165 4812 prius
3186 4739 3451 4796 credenda
3480 4741 3768 4796 credantur
3791 4758 3804 4795 :

2221 4842 2491 4915 quomodo
2515 4841 2841 4898 credendum
2869 4849 2953 4897 est
2985 4840 3032 4895 ei
3077 4839 3165 4910 qui
3193 4845 3344 4910 putat
3382 4836 3665 4906 aliquando
3691 4853 3811 4893 esse

2221 4935 2612 5002 mentiendum,
2640 4952 2708 4990 ne
2738 4935 2875 4991 forte
2895 4941 2949 4989 et
2971 4941 3098 4988 tunc
3118 4932 3404 4986 mentiatur
3427 4945 3546 4984 cum
3570 4929 3814 5000 praecipit

2225 5038 2284 5084 ιιι
2311 5028 2629 5086 credamus?
2670 5027 2818 5083 Unde
2845 5025 2990 5082 enim
3020 5025 3146 5081 sciri
3179 5030 3354 5094 potest
3376 5031 3551 5077 utrum
3593 5029 3647 5076 et
3687 5029 3836 5085 tunc;

2225 5121 2420 5178 habeat
2455 5121 2686 5193 aliquam
2716 5135 2964 5185 causam,
3015 5118 3153 5172 sicut
3194 5116 3309 5186 ipse
3355 5123 3537 5185 putat,
3587 5109 3839 5191 omeiosil

2227 5213 2526 5280 mendacii,
2555 5212 2868 5268 existimans
2896 5208 3029 5264 falsa
3066 5207 3371 5262 narratione
3399 5206 3670 5260 hominem
3704 5215 3843 5269 ter—t

2229 5304 2388 5360 ritum
2417 5319 2573 5375 posse
2591 5319 2621 5358 a
2643 5303 2860 5359 libidine
2885 5299 3144 5366 cohiberi,
3173 5311 3333 5368 atque
3353 5298 3456 5354 hoc
3474 5295 3635 5352 modo
3656 5287 3835 5352 etiam‘

2230 5399 2298 5456 ad
2322 5399 2615 5471 spiritualia
2642 5413 2701 5454 se
2725 5399 3008 5455 consulere
3030 5395 3338 5452 mentiendo
3361 5391 3682 5449 arbitretur?
3703 5392 3850 5487 Quoi

2295 5522 2313 5552 ι
2345 5518 2418 5586 sic
2441 5524 2551 5566 uss.
2573 5523 2624 5566 Al
2642 5515 2775 5586 editi,
2798 5519 2982 5586 gnth
3001 5527 3032 5562 a
3054 5509 3251 5586 veritate
3267 5509 3548 5586 discordat:
3566 5507 3652 5586 qui
3666 5513 3829 5560 autem

2231 5579 2470 5639 mentitur,
2507 5593 2538 5628 a
2560 5577 2752 5628 veritate
2775 5575 2980 5627 discedit
3004 5575 3446 5639 Δείςψέςτιιἀἱειξὲηιιιιπ
3459 5580 3546 5634 est,
3570 5580 3667 5622 etc.

2295 5645 2316 5674 ι
2339 5645 2410 5707 sic
2432 5635 2535 5692 Mss.
2575 5640 2894 5707 At_editi,_si_ta
2915 5635 3481 5707 mobilitatepej-{ruegurl
3531 5695 3540 5705 .
3611 5695 3622 5706 .
3649 5645 3672 5704 ..
3709 5702 3718 5707 -
3743 5639 3748 5646 .

2299 5707 2319 5738 ³
2353 5706 2500 5754 Edilio
2522 5700 2897 5762 F.r.,intercipit-'t
2922 5699 3108 5764 penitus
3124 5699 3361 5759 interim;
3381 5699 3720 5762 Lov.,t'ncipi¢t
3740 5707 3830 5764 pe-

2238 5766 2363 5819 nitus
2386 5765 2673 5819 interimere.
2693 5767 2992 5828 (castigantur
3017 5778 3082 5815 ex
3109 5771 3212 5814 Mss.

3824 4813 3833 4854 l
