4142 6212
355 354 461 416 497

352 483 552 542 genere
575 466 810 524 admisso
843 477 1001 539 atque
1025 467 1337 540 approbato,
1365 472 1539 528 omnis
1569 475 1787 530 omnino
1817 476 1942 533 fidei

351 561 634 634 disciplina
677 561 1033 627 subvertitur;
1071 578 1172 632 qua
1200 565 1486 632 subversa,
1521 581 1619 621 nec
1655 566 1719 620 ad
1751 568 1946 623 intelli-

352 655 584 726 gentiam
623 653 946 722 pervenitur,
992 655 1076 706 cui
1119 655 1388 724 capiendae
1430 656 1527 710 ista
1571 658 1818 726 parvulos
1848 675 1946 714 nu-

352 750 481 803 trit:
511 756 671 816 atque
714 745 785 800 ita
822 745 996 799 omnis
1025 745 1265 800 doctrina
1296 748 1534 802 veritatis
1563 747 1822 816 aufertur,
1849 766 1942 807 ce-

349 841 484 895 dens
527 837 971 894 licentiosissimae
1017 837 1269 904 falsitati,
1320 839 1364 894 si
1410 839 1688 896 mendacio
1731 841 1817 897 vel
1859 843 1942 898 of-

351 931 536 986 ficioso
564 932 579 963 ⁸
611 929 857 985 alicunde
885 929 1194 999 penetrandi
1223 930 1459 1000 aperitur
1481 930 1652 986 locus.
1676 932 1780 986 Aut
1799 932 1942 988 enim

351 1023 659 1093 temporalia
687 1021 968 1077 commoda
986 1063 1003 1089 ,
1034 1022 1118 1077 vel
1145 1022 1358 1092 propria
1387 1023 1474 1077 vel
1502 1023 1698 1090 aliena,
1730 1024 1942 1080 veritati

350 1116 610 1184 prmponit
628 1157 642 1180 ,
668 1115 990 1184 quicumque
1010 1113 1295 1179 mentitur;
1323 1129 1429 1183 quo
1464 1114 1591 1184 quid
1619 1113 1730 1169 ﬁeri
1767 1124 1943 1185 potest

349 1207 691 1276 perversius?
736 1214 830 1260 aut
872 1221 992 1259 cum
1023 1205 1230 1260 veritati
1261 1205 1618 1277 adipiscenda:
1647 1207 1942 1277 epitulante

347 1298 627 1353 mendacio
655 1299 768 1353 vult
793 1297 969 1354 facere
996 1297 1268 1362 idoneum,
1291 1298 1599 1354 intercludit
1627 1299 1828 1355 aditum
1857 1316 1940 1356 ve-

345 1391 524 1456 ritati;
569 1392 752 1444 volens
797 1390 938 1443 cnim
982 1404 1103 1444 cum
1151 1389 1405 1443 mentitur
1446 1403 1567 1445 esse
1607 1393 1836 1460 aptus',
1882 1390 1942 1445 fit

343 1497 467 1538 cum
503 1499 682 1539 verum
727 1483 856 1537 dicit
899 1482 1156 1536 incertus.
1187 1481 1545 1548 Quamobrem
1587 1492 1678 1536 aut
1722 1497 1827 1538 non
1857 1492 1940 1538 est

343 1575 668 1630 credendum
695 1575 869 1639 bonis,
899 1581 989 1627 aut
1016 1571 1340 1627 credendum
1373 1581 1455 1627 est
1483 1573 1562 1629 eis
1590 1588 1725 1644 quos
1759 1573 1939 1630 credi-

342 1683 462 1722 mus
484 1667 683 1723 debere
704 1665 984 1737 aliquando
1006 1664 1241 1731 mentiri,
1265 1672 1354 1718 aut
1375 1679 1481 1719 non
1507 1673 1589 1719 est
1611 1664 1935 1722 credendum

341 1758 516 1814 bonos
545 1757 830 1828 aliquando
858 1757 1072 1812 mentiri
1098 1774 1110 1808 :
1140 1755 1331 1810 horum
1361 1755 1518 1810 trium
1552 1755 1779 1825 primum
1808 1773 1934 1828 per-

342 1849 602 1903 niciosum
634 1856 736 1913 est,
769 1846 1061 1904 secundum
1084 1846 1338 1913 stultum;
1371 1854 1537 1903 restat
1559 1861 1688 1920 ergo
1718 1856 1776 1904 ut
1800 1865 1936 1905 nun-

339 1954 498 2011 quam
524 1941 848 1996 mentiantur
875 1938 1022 1993 boni.

411 2051 636 2109 CAPUT
678 2052 768 2106 IX.
799 2051 980 2108 -12,
1017 2051 1341 2107 Mendacium
1377 2061 1576 2108 censent
1603 2053 1810 2126 quidam
1835 2057 1933 2108 ad-

341 2145 609 2200 hibendum
635 2161 736 2216 quo
757 2155 1007 2202 removeat
1029 2147 1178 2201 homo
1205 2155 1440 2216 stuprum
1463 2147 1597 2214 quod
1621 2147 1728 2217 ipse
1747 2148 1810 2202 ab
1830 2149 1932 2202 alio

340 2246 613 2308 pateretur.
645 2237 914 2308 llefellitur
933 2247 1287 2309 argumentum
1307 2239 1531 2306 illorum,
1555 2248 1603 2293 et
1623 2239 1930 2311 exemplum.

337 2329 520 2386 Aliena
549 2339 751 2399 peccata
782 2345 882 2383 non
911 2329 956 2382 ei
984 2329 1408 2400 intputanda'qui
1435 2329 1528 2383 illa
1558 2339 1722 2400 posset
1751 2329 1933 2385 leviore

336 2438 432 2476 suo
459 2431 661 2490 peccato
700 2421 963 2490 impedire.
1009 2419 1342 2475 Peccantibus
1384 2437 1487 2476 non
1527 2423 1806 2476 consentire
1844 2425 1932 2492 qui

337 2530 422 2570 eos
452 2531 552 2568 non
581 2514 684 2568 vult
712 2514 966 2584 peccando
991 2515 1240 2568 cohibere.
1290 2513 1462 2569 Vitare
1499 2523 1758 2585 peccatum
1785 2516 1927 2584 quis-

337 2623 433 2679 que
461 2607 601 2661 debet
633 2608 786 2662 levius
817 2607 982 2678 potius
1012 2607 1147 2674 quod
1172 2624 1322 2663 suum
1341 2649 1356 2676 ,
1387 2624 1539 2678 quam
1566 2609 1702 2679 quod
1725 2609 1929 2678 gravius

336 2698 577 2752 alienum.
610 2697 795 2751 Annon
825 2699 1162 2753 mentiendum
1186 2709 1241 2752 ut
1266 2700 1444 2754 vitetur
1466 2700 1789 2754 immunditia
1814 2717 1928 2755 cor-

337 2789 547 2859 poralis.
576 2786 846 2843 Meudacia
876 2803 989 2856 qua:
1009 2789 1137 2842 alios
1164 2787 1375 2856 (cedunt,
1404 2806 1506 2844 non
1532 2789 1843 2845 admittenda
1872 2800 1928 2845 ut

335 2879 656 2934 immunditia
700 2880 978 2951 corporalia
1005 2881 1205 2935 vitetur.
1250 2881 1338 2938 Sic
1383 2883 1481 2937 ista
1527 2883 1820 2953 quiestione
1857 2897 1925 2939 ex

337 2983 562 3045 utraque
589 2983 735 3045 parte
772 2975 1105 3030 considerata
1133 2987 1292 3046 atque
1326 2985 1578 3044 tractata,
1610 2993 1716 3034 non
1747 2989 1924 3035 tamen

335 3067 491 3122 facile
515 3065 731 3121 ferenda
763 3067 1025 3122 sententia
1056 3075 1137 3122 est
1162 3085 1173 3120 :
1205 3066 1302 3123 sed
1333 3067 1508 3122 adhuc
1529 3068 1811 3138 diligenter
1830 3084 1925 3124 au-

334 3157 515 3214 diendi
544 3159 631 3227 qui
666 3157 878 3224 dicunt,
923 3158 1126 3212 nullum
1159 3171 1279 3214 esse
1323 3168 1428 3212 tam
1467 3160 1666 3215 malum
1697 3161 1921 3228 factum,

334 3249 477 3321 quod
495 3263 599 3305 non
618 3250 668 3304 in
686 3250 880 3320 pejoris
895 3249 1217 3306 devitatione
1234 3250 1533 3307 faciendum
1554 3252 1640 3317 sit;
1655 3253 1925 3324 pertinere

334 3352 511 3398 autem
533 3342 598 3398 ad
629 3342 760 3398 facta
787 3343 1084 3408 hominum,
1103 3357 1210 3398 non
1236 3343 1407 3399 solum
1433 3344 1685 3415 quidquid
1702 3345 1920 3415 faciunt,

333 3435 429 3491 sed
467 3435 721 3506 quidquid
742 3436 904 3491 etiam
931 3451 1052 3492 cum
1069 3437 1422 3492 consensione
1456 3438 1750 3508 patiuntur.
1771 3437 1923 3496 Unde

333 3526 378 3582 si
406 3526 777 3582 exstititcausa
791 3526 1077 3598 uteligeret
1099 3527 1417 3583 christianos
1430 3529 1732 3586 thuritleare
1743 3529 1918 3599 idolis,

333 3634 400 3674 ne
421 3619 747 3674 consentiret
769 3627 954 3689 stupro
978 3618 1118 3688 quod
1142 3626 1453 3688 persecutor
1470 3619 1544 3686 ei,
1575 3620 1677 3676 nisi
1702 3621 1919 3690 faceret,

331 3709 665 3773 minabatur;
709 3718 855 3764 recte
899 3708 1146 3764 videntur
1191 3725 1434 3781 quaerere
1477 3726 1574 3766 cur
1615 3727 1720 3768 non
1758 3714 1918 3770 etiam

333 3800 670 3865 mentiretur,
704 3808 761 3854 ut
806 3808 1009 3854 tantam
1039 3799 1184 3854 illam
1218 3801 1597 3871 turpitudinem
1635 3803 1916 3861 devitaret.

330 3891 504 3962 lpsam
528 3892 668 3946 enim
695 3891 1101 3947 consensionem
1119 3932 1133 3957 ,
1161 3907 1264 3961 qua
1284 3907 1344 3948 se
1369 3902 1612 3963 stuprum
1638 3895 1747 3965 pati
1773 3896 1916 3950 mal-

332 3981 438 4049 let,
480 3997 638 4053 quam
683 3981 986 4037 tlnirilicare
1031 3981 1218 4049 idolis,
1272 3997 1377 4038 non
1408 3985 1712 4054 passionem
1737 3985 1922 4043 dicunt

329 4087 469 4139 esse,
502 4073 595 4128 sed
623 4071 818 4128 factum
843 4088 857 4126 :
889 4071 1032 4142 quod
1058 4087 1127 4128 ne
1158 4071 1379 4139 faceret,
1403 4075 1562 4146 elegit
1589 4076 1915 4134 thurificare.

329 4165 540 4236 Quanto
564 4165 722 4236 igitur
746 4163 1076 4219 mendacium
1103 4167 1389 4235 proclivius
1409 4166 1677 4238 elegisset,
1701 4167 1746 4222 si
1767 4183 1920 4225 men-

329 4255 483 4312 dacio
521 4263 706 4327 posset
738 4269 769 4309 a
795 4264 980 4312 sancto
1008 4270 1234 4327 corpore
1262 4265 1370 4312 tam
1401 4257 1634 4315 immane
1661 4258 1917 4331 flagitium

329 4361 605 4403 removere
621 4347 645 4401 ?

400 4461 488 4517 l3.
520 4460 575 4516 ln
603 4475 707 4531 qua
730 4460 1093 4532 propositione
1121 4461 1220 4516 ista
1249 4469 1373 4517 sunt
1393 4477 1512 4533 qum
1538 4463 1729 4519 merito
1749 4465 1916 4538 quaeri

327 4561 550 4626 possunt
575 4572 588 4608 :
620 4563 795 4610 utrum
819 4553 936 4610 talis
962 4553 1244 4610 consensio
1266 4569 1362 4624 pro
1384 4553 1524 4610 facto
1546 4555 1787 4614 habenda
1809 4557 1912 4624 sit;

327 4657 420 4704 aut
445 4655 624 4702 utrum
652 4645 934 4704 consensio
976 4645 1200 4702 dicenda
1238 4647 1308 4701 sit
1333 4662 1452 4717 qua:
1494 4661 1599 4703 non
1629 4647 1790 4704 habet
1817 4663 1912 4718 ap-

328 4738 725 4809 probationem;
756 4745 846 4792 aut
873 4745 1053 4793 utrum
1079 4737 1396 4808 approbatio
1425 4739 1512 4804 sit,
1546 4754 1666 4794 cum
1694 4739 1908 4807 dicitur,

327 4828 559 4900 Expedit
583 4827 685 4884 hoc
715 4829 821 4898 pati
852 4828 1024 4900 potius
1052 4844 1210 4898 quam
1253 4829 1382 4884 illud
1409 4829 1618 4895 facere;
1648 4840 1705 4886 et
1733 4839 1912 4885 utrum

325 4928 474 4975 recte
505 4919 593 4975 ille
619 4919 805 4975 fecerit
849 4919 1158 4975 thuriticare
1197 4935 1355 4990 quam
1391 4928 1632 4990 stuprum
1675 4923 1818 4992 pati;
1860 4931 1916 4978 et

324 5020 505 5068 utrum
540 5012 901 5068 mentiendum
937 5020 1082 5067 esset
1112 5012 1304 5082 potius,
1333 5013 1378 5066 si
1404 5028 1465 5067 ea
1491 5015 1726 5069 conditio
1755 5015 1912 5071 dare-

323 5113 433 5170 tur,
461 5119 620 5174 quam
647 5103 1077 5160 thurificandum.
1123 5102 1230 5158 Sed
1267 5102 1311 5156 si
1353 5104 1474 5158 talis
1507 5107 1790 5160 consensio
1816 5121 1916 5176 pro

322 5194 466 5251 facto
492 5194 733 5252 habenda
773 5206 886 5259 est,
931 5193 1210 5250 homicidae
1249 5202 1374 5248 sunt
1407 5196 1566 5249 etiam
1611 5197 1701 5265 qui
1745 5198 1913 5252 occidi

321 5287 626 5344 maluerunt
651 5301 809 5357 quam
840 5287 1033 5344 falsum
1064 5286 1424 5341 testimonium
1445 5286 1656 5350 dicere;
1688 5297 1743 5342 et
1769 5289 1914 5359 quod

321 5389 408 5435 est
446 5379 791 5435 homicidium
835 5379 1082 5450 gravius,
1126 5379 1179 5434 in
1219 5393 1277 5433 se
1304 5377 1470 5448 ipsos.
1495 5377 1604 5434 Cur
1627 5380 1769 5434 enim
1811 5380 1914 5437 hoc

321 5479 481 5543 pacto
508 5487 613 5528 non
642 5470 868 5534 dicatur.
895 5471 1038 5542 quod
1065 5472 1164 5542 ipsi
1195 5485 1254 5526 se
1288 5470 1612 5535 occiderint;
1644 5472 1769 5542 quia
1799 5474 1912 5529 ele-

320 5570 519 5636 gerunt
545 5563 648 5618 hoc
674 5562 726 5618 in
751 5577 812 5621 se
835 5561 948 5620 fieri
967 5605 982 5630 ,
1011 5579 1080 5620 ne
1117 5562 1358 5620 facerent
1378 5562 1521 5634 quod
1547 5564 1914 5633 cogebantur?

388 5759 406 5794 ί
443 5765 492 5810 tn
516 5765 642 5821 Mss.,
669 5758 793 5810 velut
814 5756 1038 5836 o/ﬁcioso.

384 5844 410 5878 '
439 5843 658 5903 Nonnulli
679 5851 808 5910 υεθι,
827 5850 1038 5909 apertus.
1056 5849 1197 5903 Forte
1220 5843 1502 5909 legendum,
1521 5847 1730 5910 opertus.

1777 362 1979 456 LIBER
2019 361 2221 428 UNUS.

3544 403 3649 465 498

2054 483 2159 538 Aut
2181 485 2225 540 si
2252 488 2464 557 gravius
2488 501 2702 562 putatur
2723 500 2888 557 alium
2907 506 3153 572 occidere
3171 525 3330 581 quam
3358 529 3416 570 se
3441 515 3638 589 ipsum,

2053 576 2179 644 quid
2209 579 2253 632 si
2285 579 2399 640 lucc
2423 587 2658 643 conditio
2684 597 2904 666 martyri
2935 576 3343 674 proponeretur,
3374 618 3430 664 ut
3454 576 3497 665 si
3528 576 3646 669 nol:

2053 664 2128 721 let
2149 667 2217 724 de
2237 669 2449 729 Christo
2469 674 2660 736 falsum
2682 664 3049 744 testimonium
3071 693 3252 752 dicere
3271 664 3427 770 atque
3450 701 3645 760 immo-

2052 758 2165 816 lare
2190 761 2542 838 daemonibus,
2573 783 2697 831 ante
2721 779 2905 836 oculos
2931 781 3096 853 ipsius
3124 787 3260 844 alios
3289 807 3393 848 non
3418 795 3644 864 quilibet

2051 847 2235 919 homo,
2263 858 2357 912 sed
2380 869 2530 929 pater
2553 864 2672 934 ejus
2695 870 3050 940 occideretur,
3074 893 3266 949 rogans
3291 847 3451 939 etiam
3475 885 3639 945 filium

2052 961 2119 1000 ne
2144 946 2198 1002 id
2228 959 2626 1020 perseverantia
2651 975 2746 1016 sua
2773 964 2889 1020 fieri
2919 946 3289 1037 permitteret?
3313 975 3500 1035 Nonne
3526 996 3643 1037 ma-

2051 1039 2300 1098 nifestum
2343 1055 2454 1115 est,
2486 1050 2579 1106 illo
2605 1052 2659 1109 in
2701 1059 2990 1115 testimonii
3027 1061 3322 1122 fidelissimi
3374 1075 3642 1133 sententia

2049 1145 2427 1218 permanente,
2457 1143 2603 1199 solos
2631 1145 2926 1206 homicidas
2952 1152 3160 1212 futuros
3200 1157 3392 1227 fuisse,
3426 1167 3515 1235 qui
3541 1182 3642 1238 pa-

2049 1233 2184 1282 trem
2212 1230 2329 1299 ejus
2356 1234 2692 1307 occiderent,
2737 1257 2843 1298 non
2890 1244 3040 1302 illum
3083 1251 3246 1306 etiam
3280 1257 3639 1323 parricidam?

2047 1315 2197 1374 Sicut
2230 1336 2358 1394 ergo
2386 1324 2543 1396 hujus
2569 1332 2699 1388 tanti
2735 1336 2955 1392 sceleris
2979 1343 3247 1414 particeps
3277 1315 3377 1404 iste
3419 1365 3524 1406 non
3554 1368 3642 1408 cs-

2045 1417 2148 1478 set,
2178 1426 2299 1468 cum
2324 1416 2575 1488 elegisset
2602 1433 2806 1492 patrem
2837 1444 2993 1486 suum
3026 1435 3203 1503 potius
3229 1439 3296 1493 ab
3322 1441 3440 1499 aliis
3469 1443 3637 1500 inter-

2045 1500 2155 1567 ﬁci,
2182 1505 2342 1561 etiam
2368 1511 2709 1584 sacrilegum,
2755 1520 2907 1591 cujus
2929 1525 3106 1582 anima
3134 1542 3414 1600 raperetur
3435 1536 3501 1590 ad
3522 1552 3638 1607 pm-

2047 1607 2176 1662 nas,
2207 1612 2364 1668 quam
2407 1601 2566 1658 fidem
2603 1621 2754 1664 suam
2783 1611 2920 1669 falso
2955 1619 3264 1678 testimonio
3290 1623 3492 1682 violare
3517 1646 3530 1682 :
3559 1629 3638 1688 sic

2045 1685 2166 1742 talis
2193 1687 2281 1745 ille
2312 1705 2607 1752 consensus
2637 1714 2742 1756 non
2768 1717 2890 1760 eum
2913 1705 3116 1766 faceret
3139 1715 3270 1769 tanti
3301 1717 3485 1788 flagitii
3515 1735 3638 1790 par-

2044 1776 2254 1848 ticipem
2278 1823 2292 1847 ,
2322 1783 2367 1837 si
2392 1786 2532 1842 male
2557 1787 2736 1848 facere
2762 1794 2876 1864 ipse
2906 1799 3090 1865 nollet,
3115 1776 3483 1876 quidquidvalii
3511 1776 3636 1882 pro-

2041 1876 2225 1937 pterea
2263 1872 2547 1947 fecissent,
2580 1883 2704 1952 quia
2751 1885 2866 1954 ipse
2909 1903 3015 1944 non
3058 1872 3277 1950 faceret.
3319 1897 3455 1965 Quid
3486 1872 3632 1961 enim

2039 1959 2173 2016 tales
2201 1977 2571 2032 persecutores
2597 1972 2810 2043 dicunt,
2839 1979 2972 2047 nisi,
3005 1981 3111 2039 Fac
3142 1987 3302 2055 male,
3331 2005 3399 2046 ne
3425 2006 3526 2047 nos
3553 1993 3632 2051 fa-

2037 2051 2276 2111 ciamus?
2301 2056 2401 2126 Qui
2429 2062 2473 2116 si
2524 2078 2686 2134 vere,
2739 2069 2895 2125 nobis
2931 2071 3278 2145 facientibus,
3321 2096 3428 2137 non
3472 2082 3631 2142 fecis-

2037 2155 2179 2213 sent,
2211 2165 2312 2205 nec
2338 2152 2416 2208 sic
2442 2155 2521 2210 eis
2548 2167 2732 2214 nostro
2754 2161 2958 2240 scelere
2983 2167 3259 2240 suffragari
3285 2172 3626 2234 deberemus.

2035 2235 2186 2325 Nunc
2209 2256 2339 2298 vero
2361 2246 2574 2316 quando
2594 2248 2705 2319 jam
2729 2237 3092 2322 faciunt,lcum
3124 2235 3224 2316 ista
3250 2279 3355 2320 non
3378 2265 3563 2324 dicunt
3584 2271 3625 2338 ⁸,

2035 2319 2134 2383 cur
2162 2331 2438 2388 nobiscum
2462 2338 2658 2406 potius,
2679 2357 2838 2411 quam
2859 2347 2958 2400 soli
2987 2356 3169 2420 turpes
3189 2361 3350 2423 atque
3370 2366 3625 2416 nocentes

2033 2418 2182 2474 sint?
2227 2421 2344 2478 Non
2386 2427 2531 2482 enim
2572 2445 2868 2490 consensus
2912 2437 3004 2494 ille
3060 2418 3318 2500 dicendus
3341 2454 3458 2514 est;
3500 2451 3626 2520 quia

2034 2523 2142 2564 non
2179 2515 2538 2583 approbamus
2576 2522 2721 2593 quod
2760 2524 2992 2596 faciunt,
3023 2546 3237 2604 semper
3261 2515 3538 2610 optantes,
3569 2551 3627 2599 et

2030 2613 2288 2672 quantum
2318 2609 2371 2664 in
2396 2611 2552 2668 nobis
2577 2621 2662 2670 est
2683 2617 3029 2687 prohibentes
3057 2640 3126 2682 ne
3154 2626 3372 2698 faciant,
3400 2609 3626 2690 factum-
3699 2621 3701 2623 1

2031 2708 2135 2764 que
2181 2696 2420 2766 ipsorum
2474 2719 2582 2760 non
2636 2707 2808 2765 solum
2878 2730 2985 2770 non
3039 2721 3438 2779 committentes
3496 2741 3624 2783 cum

2030 2785 2138 2852 eis,
2183 2788 2279 2844 sed
2331 2791 2490 2848 etiam
2531 2805 2728 2866 quanta
2774 2815 3059 2871 possumus
3112 2807 3467 2873 detestatione
3525 2816 3624 2874 da-

2028 2891 2293 2940 mnantes.

2103 2975 2190 3031 14.
2223 2977 2521 3050 Quomodo,
2555 2985 2764 3057 inquis,
2797 3005 2904 3047 non
2930 3008 3052 3049 cum
3077 2996 3157 3053 eis
3202 2998 3360 3068 facit,
3407 3003 3624 3074 quando

2030 3064 2107 3119 illi
2133 3066 2234 3122 hoc
2265 3085 2372 3125 non
2396 3073 2652 3143 facerent,
2685 3079 2729 3134 si
2757 3080 2872 3150 ipse
2896 3082 3024 3139 illud
3049 3086 3289 3144 faceret?
3319 3064 3442 3147 Hoc
3457 3096 3621 3152 modo

2027 3155 2321 3229 frangimus
2341 3163 2560 3233 januam
2580 3182 2701 3224 cum
2732 3171 3122 3246 effractoribus,
3151 3180 3273 3249 quia
3293 3182 3340 3236 si
3367 3199 3476 3240 non
3499 3200 3618 3244 eam

2027 3249 2419 3322 clauderemus,
2450 3256 2526 3312 illi
2549 3274 2657 3315 non
2677 3259 2984 3334 frangerent
3010 3285 3024 3322 :
3055 3277 3110 3324 et
3130 3272 3424 3331 occidimus
3445 3275 3622 3335 homi-

2028 3355 2125 3397 nes
2153 3357 2274 3399 cum
2315 3345 2640 3418 latronibus,
2673 3353 2720 3409 si
2760 3356 2899 3413 scire
2934 3361 3208 3434 contingat
3234 3365 3336 3422 hoc
3361 3382 3458 3424 eos
3493 3385 3618 3430 esse

2026 3431 2293 3503 facturos;
2321 3439 2445 3509 quia
2473 3441 2521 3496 si
2547 3458 2645 3500 nos
2670 3449 3060 3536 praevenientes
3085 3431 3180 3512 eos
3207 3460 3578 3521 occideremus
3596 3509 3614 3534 ,

2025 3523 2102 3580 illi
2129 3541 2236 3582 non
2261 3530 2570 3590 occiderent
2595 3536 2750 3593 alios.
2779 3540 2886 3597 Aut
2908 3523 2959 3600 si
2983 3543 3214 3604 fateatur
3240 3551 3396 3610 nobis
3424 3523 3618 3627 aliquis

2024 3619 2371 3687 parricidium
2400 3638 2459 3680 se
2484 3625 2766 3699 facturum,
2794 3647 2894 3688 nos
2915 3649 3037 3691 cum
3065 3653 3131 3693 eo
3151 3639 3396 3711 facimus,
3423 3645 3469 3700 si
3493 3661 3617 3704 cum

2024 3723 2308 3780 possumus
2345 3730 2469 3772 eum
2500 3719 2806 3791 priusquam
2847 3725 3036 3795 faciat,
3077 3745 3185 3785 non
3227 3733 3614 3805 interficimus,

2021 3804 2234 3873 quando
2253 3806 2411 3862 aliter
2429 3822 2551 3864 eum
2581 3811 2666 3866 vel
2686 3812 2938 3872 cohibere
2975 3820 3058 3874 vel
3083 3820 3340 3891 impedire
3365 3841 3470 3881 non
3492 3804 3618 3898 pos?-

2021 3907 2225 3951 sumus.
2252 3896 2500 3955 Totidem
2525 3902 2667 3957 enim
2694 3904 2870 3960 verbis
2897 3907 3002 3964 dici
3030 3919 3235 3980 potest:
3265 3915 3463 3972 Fecisti
3487 3896 3613 3976 eum

2021 3999 2109 4050 eo,
2137 3985 2260 4055 quia
2286 3985 2390 4044 hoc
2418 3988 2508 4045 ille
2533 4005 2639 4047 non
2668 3993 2900 4064 fecisset,
2927 3999 2972 4054 si
2995 4010 3050 4054 tu
3070 4001 3204 4058 illud
3232 4004 3473 4064 fecisses.
3499 4011 3615 4082 Ego

2022 4083 2306 4148 utrumque
2340 4079 2537 4136 malum
2565 4082 2683 4140 fieri
2709 4086 2908 4144 nollem
2934 4107 2949 4145 :
2980 4091 3076 4148 sed
3104 4093 3156 4149 id
3184 4103 3386 4158 tantum
3420 4079 3613 4160 cavere

2021 4169 2169 4238 potui
2191 4184 2258 4226 ne
2284 4170 2466 4241 fieret,
2496 4175 2640 4246 quod
2673 4186 2790 4234 erat
2826 4179 2878 4235 in
2907 4197 3026 4239 mea
3055 4195 3347 4255 potestate;
3379 4193 3609 4250 alterum

2020 4267 2199 4317 autem
2229 4261 2496 4332 alienum,
2524 4267 2668 4338 quod
2696 4285 2819 4326 meo
2846 4285 3112 4347 przecepto
3142 4281 3479 4353 exstinguere
3503 4300 3611 4344 non

2020 4354 2168 4423 potui
2188 4396 2204 4422 ,
2235 4370 2358 4412 meo
2387 4359 2667 4418 malefaeto
2711 4364 2971 4435 impedire
2996 4384 3104 4426 non
3127 4369 3307 4428 debui.
3337 4373 3456 4433 Non
3480 4393 3612 4450 ergo

2019 4455 2329 4514 peccantem
2353 4453 2633 4521 approbat,
2658 4455 2748 4524 qui
2775 4472 2872 4527 pro
2895 4459 3002 4515 alio
3024 4476 3134 4516 non
3156 4475 3370 4532 peccat;
3401 4477 3456 4523 et
3475 4484 3614 4526 neu-

2021 4546 2160 4596 trum
2193 4544 2365 4613 placet
2396 4548 2444 4602 ei
2489 4549 2580 4618 qui
2615 4559 2899 4621 utrumque
2928 4555 3096 4612 nollet
3135 4557 3341 4615 admitti
3368 4579 3382 4616 :
3415 4563 3509 4619 sed
3539 4565 3609 4619 il-

2018 4633 2109 4690 lud
2135 4637 2276 4706 quod
2310 4638 2377 4693 ad
2405 4654 2464 4694 se
2495 4641 2752 4710 pertinet,
2789 4645 2950 4700 etiam
2981 4656 3243 4717 potestate
3277 4667 3385 4707 non
3414 4669 3607 4724 perpe-

2019 4733 2151 4791 trat;
2182 4727 2325 4795 quod
2351 4737 2529 4785 autem
2558 4729 2624 4785 ad
2649 4731 2900 4801 alterum,
2929 4737 3043 4791 sola
3092 4738 3360 4798 voluntate
3411 4747 3608 4804 conde-

2018 4825 2184 4872 mnat.
2219 4817 2287 4872 Et
2307 4817 2427 4874 ideo
2445 4823 2868 4891 proponentibus
2897 4825 3040 4882 illam
3067 4830 3426 4889 conditionem
3449 4846 3609 4907 atque

2017 4907 2336 4978 dicentibus,
2369 4912 2424 4967 Si
2457 4928 2560 4969 non
2594 4914 3003 4987 thurificaveris,
3034 4921 3137 4978 hoc
3163 4925 3410 4994 patieris;
3440 4929 3484 4983 si
3514 4945 3608 4985 re-

2017 4999 2336 5070 spondisset,
2364 5003 2476 5075 Ego
2500 5016 2744 5062 neutrum
2769 5011 2930 5081 eligo,
2954 5023 3238 5084 utrumque
3258 5016 3516 5085 detestor,
3537 5022 3607 5077 ad

2019 5091 2150 5146 nihil
2181 5093 2372 5150 horum
2401 5096 2552 5153 vobis
2590 5103 2870 5158 consentio
2896 5121 2908 5156 :
2938 5105 3078 5161 inter
3112 5107 3225 5163 haec
3253 5111 3415 5166 verba
3446 5121 3606 5185 atque

2019 5183 2161 5249 talia,
2192 5199 2312 5255 qua:
2334 5195 2481 5243 certe
2505 5191 2756 5260 quoniam
2782 5209 2907 5249 vera
2939 5209 3139 5266 essent,
3167 5201 3305 5257 nulla
3334 5203 3450 5274 ejus
3475 5221 3606 5262 con-

2018 5275 2218 5342 sensio,
2269 5277 2412 5332 nulla
2451 5282 2766 5352 approbatio
2796 5293 3098 5354 teneretur;
3144 5307 3494 5367 quaecumque
3537 5299 3608 5354 ab

2016 5367 2096 5423 eis
2121 5382 2311 5438 passus
2339 5380 2500 5439 esset,
2532 5372 2609 5428 illi
2636 5373 2981 5443 deputaretur
3003 5381 3314 5452 injuriarum
3339 5391 3602 5459 acceptio,

2017 5458 2122 5514 illis
2146 5461 2456 5519 commissio
2481 5475 2843 5535 peccatorum.
2875 5471 3137 5531 Debuitne
3157 5477 3336 5548 igitur,
3363 5481 3437 5535 ait
3459 5458 3604 5553 quis-

2016 5553 2195 5624 piam,
2235 5563 2477 5628 stuprum
2520 5564 2726 5630 perpeti
2771 5565 2945 5633 potius
2987 5583 3144 5638 quam
3177 5569 3517 5631 thurificare?
3545 5577 3604 5634 Si

2017 5649 2214 5719 quaeris
2264 5652 2407 5721 quod
2461 5653 2740 5726 debuerit,
2795 5667 3041 5716 neutrum
3094 5663 3296 5721 debuit.
3353 5668 3407 5725 Si
3456 5673 3599 5730 enim

2020 5790 2098 5904 soi
2225 5787 2442 5846 melioris
2461 5798 2590 5849 nota:
2611 5800 2718 5847 Mss.
2742 5801 2800 5849 At
2823 5795 2957 5863 editi,
2979 5810 3087 5853 cum
3121 5798 3216 5857 ista
3237 5801 3404 5859 dicunt
3414 5816 3434 5870 ;
3456 5808 3604 5860 omis-

2079 5885 2093 5914 ,
2118 5884 2227 5905 ηνηο

2349 5983 2419 6005 κ,
