4142 6212
415 4339 462 4364 ,Α

482 307 590 368 499

481 425 671 483 dixero
694 417 892 492 aliquid
918 416 1112 472 horum
1133 411 1409 479 debuisse;
1438 409 1634 482 aliquid
1655 408 1844 464 horum
1871 422 2070 480 appro-

481 517 656 581 babo,
707 527 828 570 cum
875 508 1174 581 improbem
1214 515 1520 576 utrumque.
1569 501 1676 559 Sed
1721 501 1767 557 si
1812 501 2071 573 quaeritur

485 607 630 681 quod
658 605 848 662 horum
876 602 1052 674 potius
1073 599 1259 657 debuit
1283 599 1504 664 evitare,
1531 596 1622 667 qui
1648 603 1932 665 utrumque
1963 608 2072 649 non

485 700 693 774 pomit,
737 696 832 754 sed
875 696 1190 771 alterutrum
1234 693 1449 762 potuit:
1494 687 1865 759 respondebo,
1915 702 2070 743 suum

485 800 764 864 peccatum
794 790 971 861 potius
992 802 1149 859 quam
1169 786 1430 847 alienum;
1465 792 1519 838 et
1539 781 1708 837 levius
1731 781 1905 850 potius
1931 778 2072 850 quod

486 903 666 953 suum,
699 901 856 955 quam
886 883 1098 953 gravius
1124 877 1262 950 quod
1290 877 1537 931 alienum.
1559 873 1630 931 Ut
1651 873 1790 928 enim
1824 873 1966 926 salva
1994 870 2074 925 di-

486 979 766 1051 ligentiore
798 975 1139 1045 inquisitione
1164 969 1373 1024 interim
1406 965 1692 1020 concedam
1716 963 1930 1066 gravius
1953 976 2070 1016 esse

486 1080 729 1140 stuprum
750 1082 907 1139 quam
931 1062 1376 1119 thurificationem
1402 1077 1414 1112 :
1439 1058 1525 1112 illa
1550 1065 1724 1110 tamen
1747 1055 1911 1122 ipsius
1934 1059 2068 1117 erat,

489 1165 615 1221 illud
647 1163 874 1218 alienum
903 1158 1096 1213 factum
1119 1197 1133 1221 ,
1163 1153 1401 1226 quamvis
1432 1151 1483 1205 id
1529 1151 1639 1218 ipse
1670 1154 2066 1218 perpeteretur;

486 1259 636 1327 cujus
660 1264 835 1310 autem
865 1254 1078 1314 factum,
1113 1249 1227 1317 ejus
1253 1255 1304 1300 et
1327 1252 1620 1315 peccatum.
1651 1241 1901 1309 Quamvis
1929 1238 2068 1292 enim

485 1350 700 1420 gravius
726 1347 790 1399 sit
813 1341 1154 1398 homicidium
1179 1355 1334 1410 quam
1361 1337 1585 1398 furtum;
1617 1333 1764 1403 pejus
1791 1342 1869 1385 est
1893 1339 2068 1432 tamen

487 1440 664 1495 iacere
695 1437 890 1490 furtum
911 1474 925 1499 ,
959 1447 1114 1500 quam
1144 1431 1246 1499 pati
1275 1427 1638 1482 homicidium.
1673 1424 1852 1493 Itaque
1880 1424 1923 1474 si
1953 1424 2069 1474 cui-

496 1545 644 1613 qvam
676 1531 1082 1598 proponeretur,
1115 1529 1173 1575 ut
1198 1521 1242 1574 si
1269 1522 1463 1573 furtum
1492 1516 1664 1571 facere
1691 1514 1884 1613 nollet,
1906 1511 2072 1613 inter-

485 1601 756 1684 liceretur,
784 1616 886 1670 hoc
907 1623 1008 1679 ρει,
1031 1611 1452 1670 committeretur
1473 1608 1524 1660 in
1551 1619 1671 1660 eum
1694 1601 2066 1702 homicidium;

486 1711 608 1781 quia
637 1717 920 1776 utrumque
945 1704 1146 1758 evitare
1175 1714 1280 1754 non
1309 1703 1522 1768 posset,
1555 1695 1608 1748 id
1637 1693 1856 1748 evitarei
1897 1693 2071 1760 potius

485 1803 623 1876 quod
653 1815 806 1853 suum
831 1804 1107 1869 peccatum
1134 1802 1296 1856 esset,
1324 1805 1480 1859 quam
1514 1786 1652 1858 quod
1680 1787 1932 1840 alienum.
1961 1782 2070 1836 Nec

485 1896 606 1948 ideo
635 1901 688 1948 et
713 1892 840 1946 illud
871 1891 985 1957 ejus
1023 1889 1204 1954 fieret,
1237 1885 1357 1955 quia
1389 1885 1438 1936 in
1472 1897 1592 1935 eum
1623 1879 2067 1942 committeretur,

485 1999 538 2044 et
562 1990 681 2058 quia
716 1987 765 2040 id
794 1993 976 2056 posset
1000 1983 1220 2045 evitare,
1254 1979 1298 2032 si
1323 1991 1478 2030 suum
1510 1975 1666 2029 vellet
1695 1972 1996 2026 admittere.

558 2079 646 2134 15.
688 2077 860 2132 Totus
900 2075 1076 2142 itaque
1124 2070 1280 2138 hujus
1318 2065 1627 2138 quu'stionis
1657 2064 1828 2118 nodus
1858 2062 1924 2116 ad
1973 2063 2072 2116 hoc

486 2171 730 2235 adducit,
773 2178 827 2222 ut
864 2173 1132 2238 quzeratnr
1159 2171 1336 2216 utrum
1363 2159 1595 2214 alienum
1638 2157 1838 2211 nullum
1881 2169 2070 2257 pecca-

486 2275 616 2328 tum,
648 2260 889 2333 quamvis
915 2259 966 2312 in
997 2265 1046 2310 te
1072 2254 1435 2314 commissum,
1469 2250 1558 2303 tibi
1581 2249 1888 2317 imputetur,
1921 2245 1964 2299 si
1992 2244 2069 2299 le-

484 2357 634 2409 viore
661 2364 750 2406 tuo
789 2359 1007 2420 peccato
1051 2347 1101 2400 id
1144 2345 1312 2414 possis
1351 2341 1582 2406 evitare,
1618 2354 1713 2393 nec
1759 2336 1886 2390 facis
1918 2336 1970 2401 ¹;
2004 2349 2068 2388 an

486 2455 704 2514 excepta
737 2453 814 2497 est
840 2440 1014 2494 omnis
1039 2435 1370 2491 immunditia
1397 2431 1706 2501 corporalis.
1731 2429 1900 2483 Nemo
1927 2429 2070 2532 enim

484 2538 715 2606 aliquem
745 2530 1074 2588 immundum
1107 2527 1220 2581 fieri
1250 2524 1409 2588 dicit,
1441 2524 1484 2576 si
1513 2520 1799 2583 occidatur,
1831 2527 1921 2573 aut
1952 2520 2072 2572 mit-

487 2638 628 2683 tatur
655 2627 707 2679 in
735 2637 1002 2679 carcerem
1021 2625 1038 2685 ‘,
1070 2627 1160 2673 aut
1200 2619 1252 2671 in
1296 2614 1519 2669 vinculis
1547 2614 1823 2674 habeatur,
1853 2621 1940 2666 aut
1972 2611 2071 2666 fla-

485 2721 732 2792 geiietur,
764 2716 1077 2783 exterisque
1107 2710 1384 2766 tormentis
1412 2716 1465 2762 et
1502 2706 1824 2762 cruciatibus
1864 2703 2074 2775 afﬂiga-

489 2824 594 2877 tu'r,
626 2821 718 2866 aut
748 2808 1106 2879 proscribatur
1130 2803 1444 2870 damnisque
1463 2799 1725 2853 afﬁciatur
1744 2796 2071 2867 gravissimis

485 2919 659 2975 usque
687 2903 751 2958 ad
778 2903 1014 2956 ultimam
1042 2897 1354 2959 nuditatem,
1384 2901 1474 2947 aut
1500 2893 1821 2962 ex5polietur
1851 2889 2071 2944 honori-

486 2997 588 3052 bus
614 3003 772 3064 atque
801 2994 1038 3062 ingentes
1062 2989 1286 3057 accipiat
1310 2985 1660 3040 contumelias
1690 2999 1784 3052 per
1805 2997 2075 3053 quaecum-

487 3099 591 3158 que
619 3085 854 3141 convicia
880 3100 893 3136 :
921 3079 1173 3153 quidquid
1202 3077 1392 3132 lterum
1420 3077 1642 3146 quisque
1668 3076 1860 3142 injuste
1886 3089 2073 3144 passus

488 3179 676 3240 fuerit,
726 3189 884 3229 nemo
929 3181 1012 3228 est
1050 3180 1156 3225 tam
1197 3169 1416 3223 demens
1459 3169 1546 3238 qui
1589 3183 1708 3222 eum
1739 3167 2071 3222 immundum

489 3271 604 3324 fieri
628 3269 786 3323 dicat.
817 3267 880 3320 At
903 3266 946 3318 si
975 3264 1100 3317 fimo
1127 3261 1469 3332 perfundatur
1491 3261 1532 3325 ³,
1565 3267 1652 3312 aut
1679 3260 1853 3312 sitale
1876 3259 2071 3328 aliquid

490 3365 540 3420 ei
583 3379 681 3433 per
719 3377 779 3415 os
817 3358 1122 3413 infundatur
1146 3355 1226 3410 vel
1265 3355 1583 3417 inculcetur,
1621 3354 1913 3422 patiaturve
1951 3369 2072 3406 tnu—

490 3455 675 3510 liebria
698 3470 710 3517 ;
743 3452 978 3505 omnium
1007 3448 1118 3503 fere
1142 3459 1328 3500 sensus
1355 3446 1635 3508 abhorret,
1664 3453 1716 3497 et
1744 3458 2070 3510 conspurca-

496 3555 608 3600 tom
635 3543 654 3574 ³
680 3553 838 3612 atque
861 3539 1186 3594 immundum
1212 3547 1421 3590 vocant.
1459 3537 1530 3589 lta
1565 3535 1722 3604 igitur
1747 3535 2071 3588 concluden-

495 3638 618 3690 dum
649 3644 758 3700 est,
806 3643 861 3686 ut
886 3646 1232 3700 (intectumque
1259 3629 1426 3682 aliena
1459 3635 1706 3696 peccata,
1744 3626 1980 3694 exceptis
2010 3625 2072 3678 iis

492 3744 610 3797 qum
642 3726 972 3780 immundum
1001 3724 1196 3777 faciunt
1237 3722 1288 3774 in
1319 3735 1474 3788 quem
1503 3718 1934 3784 committuntur,
1966 3731 2070 3770 non

493 3822 654 3875 evitet
681 3821 904 3890 quisque
935 3815 1166 3886 peccatis
1193 3814 1326 3877 suis,
1356 3826 1529 3880 neque
1559 3825 1653 3878 pro
1680 3825 1756 3873 se,
1783 3823 1954 3878 neque
1978 3821 2074 3875 pro

491 3925 777 3982 quoquam,
811 3908 902 3963 sed
933 3921 995 3962 ea
1022 3905 1238 3960 sufferat
1269 3903 1442 3971 potius
1469 3900 1782 3969 fortiterque
1811 3900 2068 3969 patiatur;

493 4013 545 4057 et
571 4004 616 4057 si
643 4002 801 4056 nullis
829 3998 1058 4069 peccatis
1089 3995 1199 4050 suis
1223 4009 1284 4048 ea
1308 3993 1467 4047 debet
1489 3991 1708 4055 evitare,
1733 4005 1904 4060 neque
1926 4005 2075 4044 men-

493 4097 686 4149 dacio:
723 4094 809 4146 illa
842 4106 966 4144 vero
1003 4103 1122 4157 quae
1149 4089 1217 4140 ita
1248 4085 1651 4140 committuntur
1681 4084 1732 4136 in
1766 4083 2034 4136 hominem
2057 4124 2069 4145 ,

494 4197 550 4238 ut
593 4199 712 4238 eum
761 4184 952 4235 faciant
983 4176 1346 4238 immundum,
1397 4175 1557 4228 etiam
1601 4173 1834 4242 peccatis
1877 4172 2073 4226 nostris

497 4277 699 4331 evitare
726 4269 1050 4332 debeamus;
1093 4283 1154 4321 ac
1183 4279 1278 4335 per
1306 4264 1408 4319 hoc
1448 4277 1548 4317 nec
1591 4274 1806 4332 peccata
1851 4262 2072 4317 dicenda

493 4371 617 4426 sint,
645 4381 761 4433 (puta
793 4368 1069 4431 propterea
1095 4359 1224 4411 fiunt
1247 4365 1302 4409 ut
1323 4355 1409 4410 illa
1435 4353 1768 4408 immunditia
1790 4353 2071 4408 devitetur.

499 4457 765 4527 quidquid
793 4454 931 4507 enim
959 4452 1026 4505 ita
1059 4451 1146 4510 fit,
1187 4458 1238 4501 ut
1271 4447 1369 4502 nisi
1402 4446 1580 4510 fieret,
1609 4445 1753 4513 juste
1783 4444 2068 4513 reprehen-

497 4552 729 4610 deretur,
765 4559 866 4597 non
898 4551 982 4598 est
1017 4549 1303 4611 peccatum.
1341 4537 1420 4590 Ex
1442 4551 1552 4606 quo
1572 4533 1851 4590 conficitur
1888 4545 1942 4588 ut
1980 4549 2079 4589 nec

501 4642 582 4692 ina
632 4636 961 4692 innnuuditia
1008 4631 1240 4685 vocanda
1281 4630 1386 4695 sit,
1431 4627 1640 4697 quando
1683 4626 1914 4682 evitandi
1958 4640 2076 4681 eam

520 4734 639 4785 ‘u'ia
669 4731 882 4784 facultas
913 4737 1029 4781 est:
1063 4726 1222 4778 habet
1247 4723 1388 4777 enim
1421 4722 1578 4775 etiam
1608 4731 1733 4774 tunc
1760 4719 1900 4790 quod
1931 4728 2079 4774 recte

500 4834 616 4892 agat
643 4824 729 4890 qui
773 4836 833 4873 ea
882 4821 1093 4888 patitur,
1127 4825 1184 4869 ut
1211 4815 1471 4885 patienter
1501 4811 1637 4866 ferat
1673 4810 1925 4882 quidquid
1971 4825 2080 4865 non

501 4922 676 4982 potest
707 4913 924 4965 evitare.
959 4909 1142 4963 Nullus
1172 4917 1348 4960 autem
1388 4914 1530 4958 recte
1570 4917 1732 4972 agens
1776 4902 2080 4957 immundus

501 5004 616 5057 fieri
644 5011 816 5072 potest
837 5001 1070 5070 quolibet
1093 4995 1336 5067 contagio
1359 4992 1641 5063 corporali.
1668 4992 1974 5046 lmmundus
1997 5001 2080 5048 est

500 5096 640 5148 enim
682 5101 810 5148 ante
839 5093 1004 5146 Deum
1051 5090 1226 5143 omnis
1269 5087 1498 5156 iniquus.
1550 5084 1778 5139 Mundus
1826 5097 1953 5154 ergo
1999 5094 2081 5139 est

501 5185 675 5239 omnis
710 5185 913 5252 justus;
960 5181 1058 5234 etsi
1102 5196 1206 5234 non
1249 5189 1374 5232 ante
1423 5176 1698 5239 homines,
1748 5183 1921 5229 tamen
1956 5184 2081 5230 ante

505 5277 671 5331 Deum
691 5317 708 5342 ,
751 5275 837 5341 qui
867 5275 980 5327 sine
1010 5288 1196 5326 errore
1231 5270 1454 5339 judicat.
1487 5267 1716 5322 Proinde
1747 5281 1846 5320 nec
1869 5282 1988 5322 cum
2018 5282 2080 5322 ea

503 5368 717 5436 patitur,
743 5365 866 5420 data
887 5363 1119 5418 evitandi
1147 5369 1426 5430 potestate,
1448 5366 1697 5414 mntactu
1719 5358 1834 5428 ipso
1855 5359 2080 5413 immun-

567 5525 582 5553 ι
621 5517 1136 5586 SicMss.At_editi,ite
1158 5515 1402 5586 [αειαῖςιη
1464 5571 1477 5586 ,
1620 5579 1633 5586 ,
1737 5578 1751 5586 Α
1803 5573 1814 5586 .

565 5585 584 5613 ²
617 5589 822 5641 Quatuor
838 5571 1058 5628 Gallicani
1081 5571 1208 5646 tisi,
1257 5581 1289 5624 .t
1367 5571 1651 5646 ﬁerildicat,
1667 5578 1752 5646 aut
1771 5573 1814 5646 si
1836 5572 2078 5646 tale,_e_tc.

503 5635 772 5704 Pauloipost
794 5655 920 5704 unus
942 5654 972 5689 e
999 5635 1232 5704 taticanis
1246 5675 1258 5696 ,
1280 5636 1350 5688 uel
1367 5635 1650 5704 ῑηειιιςςιυν.
1689 5636 1780 5704 sed
1805 5636 1854 5688 si
1874 5639 2084 5694 patiatur

502 5695 767 5763 muliebria,
792 5701 916 5766 quod
940 5700 1149 5751 omnium
1169 5695 1444 5762 ferescnsus
1477 5695 1712 5746 abhorret.

567 5769 587 5799 ³
618 5771 669 5818 tu
689 5771 818 5828 uss,
842 5766 1211 5825 constupratum.

1613 293 1699 349 DE
1739 283 2107 361 MENDACIO,
2149 291 2209 350 S.
2252 289 2618 354 AUGUSTINI

2181 407 2280 466 dus
2310 407 2402 476 ﬁt;
2433 406 2526 462 sed
2552 417 2791 479 peccato,
2821 424 2928 482 quo
2954 425 3020 469 ea
3051 425 3174 474 cum
3201 424 3384 490 posset
3413 419 3433 453 ¹
3456 420 3634 484 noluit
3660 425 3776 483 eri-

2180 505 2312 556 tare.
2338 496 2550 554 Nullum
2576 501 2718 556 enim
2743 510 3019 572 peccatum
3064 515 3239 576 esset,
3270 508 3528 581 quidquid
3559 525 3779 586 pr0pter

2180 589 2267 646 illa
2294 592 2536 669 evitanda
2557 591 2750 648 factum
2773 605 2937 650 esset.
2966 595 3191 668 Propter
3215 599 3330 658 haec
3350 602 3510 674 igitur
3530 607 3775 674 evitanda

2181 665 2420 751 quisquis
2449 684 2702 738 mentitus
2729 683 2908 752 fuerit,
2946 702 3050 742 non
3085 700 3289 760 peccat.

2254 772 2339 827 l6.
2382 774 2461 826 An
2493 776 2663 846 aliqua
2695 778 2852 831 etiam
2881 780 3153 835 mendacia
3186 784 3499 854 excipienda
3527 799 3674 858 sunt,
3706 801 3766 852 ut

2181 866 2346 918 satius
2375 867 2442 921 sit
2473 866 2608 921 hanc
2636 870 2741 938 pati
2765 913 2778 937 ,
2812 887 2969 941 quam
3014 873 3104 929 illa
3139 879 3514 936 committere?
3543 883 3697 950 Quod
3727 887 3770 941 si

2181 953 2252 1008 ita
2285 964 2397 1018 est,
2430 973 2535 1010 non
2566 960 2820 1030 quidquid
2862 961 3057 1016 factum
3090 963 3248 1020 fuerit
3278 977 3336 1022 ut
3364 971 3450 1025 illa
3490 973 3777 1031 immundi-

2183 1046 2252 1100 tia
2281 1049 2527 1116 evitetur,
2560 1068 2662 1105 non
2703 1061 2784 1106 est
2827 1065 3142 1123 peceatum:
3180 1061 3610 1133 quandoquidem
3653 1077 3779 1125 sunt

2182 1137 2426 1207 qumdam
2470 1142 2743 1197 mendacia
2787 1161 2902 1214 qua)
2931 1148 3143 1216 gravius
3173 1150 3242 1205 sit
3271 1152 3582 1228 admittere,
3614 1175 3774 1229 quam

2181 1229 2263 1282 illa
2285 1230 2410 1298 pati.
2437 1231 2567 1285 Nam
2596 1234 2637 1285 si
2663 1234 2851 1302 aliquis
2873 1235 2937 1290 ad
2962 1245 3202 1310 stuprum
3230 1256 3517 1315 quairatur,
3541 1250 3631 1318 qui
3654 1268 3778 1319 pos-

2180 1321 2246 1373 sit
2271 1322 2518 1375 occaltari
2551 1324 2846 1391 mendacio,
2872 1327 2989 1396 quis
3010 1331 3167 1386 audet
3187 1331 3366 1390 dicere
3387 1353 3485 1392 nec
3507 1349 3632 1396 tunc
3654 1356 3774 1399 esse

2178 1414 2584 1467 mentiendum?
2616 1417 2684 1469 At
2713 1417 2753 1469 si
2786 1418 2871 1470 tali
2904 1421 3181 1476 mendacio
3225 1427 3393 1495 possit
3418 1427 3602 1498 latere,
3629 1432 3772 1502 qUod

2178 1503 2395 1558 alterius
2428 1505 2618 1560 famam
2653 1508 2827 1574 lzcdat,
2874 1512 2990 1578 ejus
3017 1513 3364 1572 immunditize
3393 1518 3524 1575 falso
3549 1523 3771 1580 crimine

2179 1595 2243 1650 ad
2275 1613 2431 1668 quam
2461 1600 2758 1668 patiendam
2794 1602 2880 1656 ille
2908 1607 3190 1674 quaeritur;
3222 1618 3467 1681 tanquam
3499 1613 3542 1668 si
3568 1613 3772 1673 dicatur

2179 1690 2454 1756 quaerenti,
2491 1691 2761 1745 nominato
2787 1693 2963 1764 aliquo
2989 1705 3137 1752 casto
3176 1699 3288 1754 viro
3313 1711 3469 1772 atque
3493 1704 3561 1760 ab
3588 1704 3774 1776 hujus-

2179 1779 2321 1832 modi
2349 1778 2558 1850 flagitiis
2598 1781 2790 1848 alieno,
2837 1783 2983 1840 Vade
3012 1787 3076 1841 ad
3107 1788 3273 1857 illum,
3300 1801 3353 1846 et
3383 1793 3494 1863 ipse
3519 1795 3611 1850 tibi
3643 1812 3769 1868 pro-

2178 1871 2383 1924 curabit
2417 1887 2520 1941 quo
2551 1873 2800 1928 libentius
2831 1879 2996 1931 utaris
3018 1921 3031 1946 ,
3061 1881 3205 1934 novit
3234 1883 3375 1937 enim
3418 1886 3549 1942 tales
3575 1896 3629 1942 et
3653 1888 3772 1946 dili-

2179 1964 2278 2034 git;
2311 1973 2468 2034 atque
2499 1965 2570 2019 ita
2601 1965 2701 2022 iste
2729 1967 2796 2022 ab
2821 1984 2886 2023 eo
2907 1986 3065 2040 quem
3093 1975 3382 2056 qurerebat,
3411 1988 3590 2047 posset
3615 1995 3772 2038 aver-

2181 2054 2218 2108 ti
2249 2073 2259 2107 :
2295 2056 2472 2110 nescio
2495 2065 2669 2111 utrum
2697 2058 2912 2115 alterius
2940 2060 3078 2117 fama
3109 2054 3388 2120 mendacio
3412 2068 3652 2125 violanda
3677 2072 3766 2141 sit,

2179 2158 2246 2199 ne
2274 2145 2492 2201 alterius
2518 2162 2711 2218 corpus
2741 2150 2913 2205 aliena
2940 2153 3160 2208 libidine
3189 2155 3432 2212 violetur.
3462 2159 3527 2214 Et
3551 2163 3769 2218 omnino

2179 2251 2446 2305 nunquam
2489 2254 2585 2309 pro
2615 2241 2790 2310 aliquo
2834 2244 3194 2300 mentiendum
3244 2257 3354 2315 est,
3397 2265 3461 2304 eo
3492 2252 3769 2310 mendacio

2179 2329 2318 2398 quod
2346 2331 2568 2386 alterum
2615 2333 2802 2398 laedat;
2851 2336 2952 2390 etsi
2997 2337 3164 2394 levius
3195 2340 3420 2408 ireditur,
3453 2359 3609 2414 quam
3657 2347 3762 2414 ille,

2179 2421 2280 2475 nisi
2307 2421 2378 2476 ita
2418 2425 2738 2492 mentireris,
2771 2427 3069 2484 laederetur.
3098 2431 3227 2506 Quia
3265 2448 3362 2487 nec
3391 2435 3539 2504 panis
3565 2437 3767 2494 alienus

2179 2512 2364 2579 invito,
2394 2519 2635 2583 quamvis
2665 2518 2977 2587 valentiori,
3007 2521 3328 2579 auferendus
3357 2535 3438 2580 est
3457 2567 3472 2592 ,
3513 2538 3567 2582 ut
3598 2530 3767 2587 alatur

2179 2602 2467 2669 infirmior;
2498 2621 2596 2662 nec
2640 2611 2892 2664 innocens
2923 2613 3117 2668 invitus
3155 2614 3315 2684 virgis
3342 2617 3623 2674 cmdendus
3649 2631 3762 2689 est,

2179 2709 2248 2749 ne
2283 2696 2418 2750 alius
2443 2689 2732 2753 occidatur.
2768 2702 2930 2758 Plane
2971 2705 3014 2758 si
3059 2705 3221 2760 velint
3250 2705 3374 2774 fiat;
3406 2709 3524 2779 quia
3551 2725 3648 2766 nec
3675 2711 3764 2768 lac-

2178 2784 2391 2852 duntur,
2419 2805 2540 2843 cum
2577 2791 2644 2844 ita
2677 2794 2878 2847 volunt.

2250 2877 2475 2935 CAPUT
2515 2881 2582 2936 Χ.
2602 2912 2672 2924 --
2691 2883 3013 2940 Mendacium
3034 2887 3086 2941 in
3107 2888 3335 2945 doctrina
3355 2892 3610 2964 religionis
3629 2912 3763 2950 nun-

2179 2987 2328 3040 quam
2359 2973 2715 3029 adhibendum.
2747 2977 2851 3032 Sed
2874 2987 3047 3032 utrum
3069 2980 3226 3035 etiam
3255 2985 3477 3038 volentis
3501 2985 3633 3040 fama
3663 2986 3766 3043 fal-

2179 3077 2242 3120 so
2265 3067 2430 3135 stupri
2461 3069 2684 3126 crimine
2707 3070 2944 3126 lzcdenda
2989 3075 3089 3142 sit,
3117 3085 3171 3128 ut
3201 3077 3267 3131 ab
3296 3078 3765 3152 alterius-corpore

2180 3166 2422 3227 stuprum
2464 3171 2752 3228 avertatur,
2799 3179 2987 3233 magna
3037 3169 3261 3236 quaestio
3313 3180 3411 3224 est.
3467 3171 3535 3226 Et
3585 3175 3766 3231 nescio

2180 3257 2357 3303 utrum
2400 3251 2553 3306 facile
2580 3254 2872 3323 reperiatur
2899 3257 3166 3324 quomodo
3202 3261 3399 3328 justum
3440 3261 3508 3317 sit
3538 3265 3768 3323 volentis

2181 3339 2374 3394 famam
2415 3341 2548 3398 falso
2574 3345 2737 3414 stupri
2765 3346 2988 3403 crimine
3019 3350 3290 3418 maculari,
3319 3368 3474 3424 quam
3507 3357 3621 3434 ipso
3648 3368 3762 3414 stu-

2180 3448 2278 3502 pro
2302 3447 2495 3503 cerpus
2526 3437 2693 3490 inviti.

2251 3526 2337 3580 l7.
2379 3525 2482 3580 Sed
2516 3538 2691 3583 tamen
2732 3529 2774 3583 si
2822 3530 2939 3586 talis
2969 3534 3113 3602 optio
3155 3547 3539 3607 proponeretur
3580 3540 3627 3596 ei
3675 3541 3764 3613 qui

2182 3617 2486 3676 tburificare
2514 3621 2686 3687 idolis,
2720 3639 2876 3693 quam
2923 3625 3197 3680 muliebria
3243 3631 3442 3700 perpeti
3474 3632 3672 3698 maluit,
3708 3643 3765 3689 ut

2180 3715 2224 3765 si
2252 3713 2376 3766 illud
2407 3715 2564 3769 vellet
2594 3715 2812 3782 evitare,
2843 3716 3032 3771 famam
3059 3717 3255 3774 Christi
3284 3723 3462 3792 aliquo
3489 3725 3764 3782 mendacio

2179 3802 2429 3867 violaret;
2482 3805 2849 3860 insanissimrts
2894 3817 3067 3874 esset,
3101 3810 3146 3863 si
3190 3810 3404 3868 faceret.
3451 3813 3573 3869 Plus
3604 3817 3763 3873 etiam

2180 3893 2319 3956 dico,
2349 3896 2476 3964 quia
2512 3896 2728 3953 insanus
2759 3909 2919 3966 esset,
2948 3901 2992 3954 si
3018 3901 3204 3956 alienas
3244 3903 3475 3960 libidinis
3503 3909 3764 3966 evitanda:

2181 4002 2360 4054 causa,
2389 4003 2455 4044 ne
2483 3988 2536 4044 id
2563 3991 2616 4044 in
2645 4004 2710 4045 eo
2731 3989 2879 4046 fleret
2904 3992 3044 4062 quod
3072 3995 3213 4048 nulla
3245 4009 3337 4049 sua
3364 3998 3584 4054 libidine
3615 4011 3763 4070 pate-

2181 4089 2354 4147 retur,
2382 4079 2576 4136 Christi
2619 4082 2964 4152 Evangelium
3007 4083 3152 4140 falsis
3181 4084 3378 4142 Christi
3409 4089 3648 4146 laudibus
3681 4093 3764 4148 in-

2181 4172 2424 4239 falsaret;
2454 4175 2621 4245 magis
2650 4175 2854 4231 evitans
2880 4176 3103 4232 alienam
3131 4182 3524 4250 corruptionem
3562 4184 3615 4238 in
3642 4199 3764 4239 cor-

2180 4280 2311 4334 pore
2339 4279 2456 4332 suo,
2486 4281 2641 4336 quam
2671 4268 2721 4320 in
2752 4266 2990 4323 doctrina
3013 4268 3443 4329 sanctificationis
3468 4275 3764 4333 animarum

2182 4362 2338 4425 atque
2379 4370 2662 4424 corporum
2705 4360 3096 4428 corruptionem
3141 4376 3306 4418 suam.
3337 4364 3692 4431 Quamobrem
3735 4383 3765 4425 a

2182 4446 2422 4503 doctrina
2440 4448 2732 4518 religionis,
2757 4461 2916 4521 atque
2944 4454 3010 4508 ab
3040 4458 3118 4507 eis
3142 4457 3360 4510 omnino
3384 4459 3768 4518 enuntiationi-

2183 4541 2316 4607 bus,
2360 4555 2478 4610 qua:
2505 4551 2722 4612 propter
2763 4543 3055 4600 doctrinam
3100 4547 3370 4617 religionis
3399 4553 3764 4621 enuntiantur,

2183 4648 2305 4688 cum
2328 4633 2414 4686 illa
2439 4633 2660 4688 docetur
2685 4643 2737 4688 et
2773 4635 3011 4700 discitur,
3043 4633 3217 4692 omnia
3253 4641 3465 4709 penitus
3491 4645 3765 4703 mendacia

2183 4723 2503 4780 removenda
2531 4733 2677 4779 sunt.
2697 4723 2803 4779 Nec
2832 4725 2935 4780 ulla
2959 4727 3178 4782 omnino
3204 4742 3361 4784 causa
3393 4733 3619 4790 inveniri
3645 4751 3770 4806 pos-

2185 4828 2244 4868 se
2281 4813 2564 4880 credatur,
2594 4829 2690 4870 cur
2731 4815 2788 4869 in
2823 4817 2984 4871 rebus
3023 4817 3218 4874 talibus
3249 4823 3610 4880 mentiendum
3649 4827 3718 4883 sit
3752 4847 3764 4882 :

2185 4905 2396 4974 (ptanda
2423 4919 2521 4959 nec
2549 4905 2668 4960 ideo
2690 4906 2741 4960 in
2767 4920 2830 4961 ea
2855 4906 3096 4963 doctrina
3119 4913 3482 4969 mentiendum
3502 4925 3604 4983 est,
3630 4926 3686 4972 ut
3703 4919 3768 4974 ad

2186 5012 2304 5052 eam
2339 4998 2508 5066 ipsam
2536 4999 2760 5069 quisque
2791 4999 3000 5057 facilius
3027 5003 3366 5072 perducatur.
3409 5007 3596 5064 Fracta
3625 5013 3767 5067 enim

2185 5088 2268 5144 vel
2301 5089 2486 5143 leviter
2509 5088 2768 5146 diminuta
2788 5092 2807 5122 ’
2833 5095 3152 5150 auctoritate
3177 5097 3431 5162 veritatis,
3460 5101 3635 5156 omnia
3668 5103 3769 5158 du-

2187 5178 2273 5234 bia
2313 5181 2659 5236 remanebunt
2711 5201 2724 5237 :
2773 5198 2893 5252 qua:
2946 5186 3047 5240 nisi
3096 5201 3220 5242 vera
3263 5189 3569 5259 credantur,
3601 5196 3766 5250 teneri

2187 5282 2332 5328 certa
2365 5287 2470 5328 non
2514 5275 2926 5344 possunt.Lieet
2951 5277 3111 5348 igitur
3138 5279 3226 5335 vel
3248 5279 3525 5338 dissertori
3564 5299 3628 5342 ae
3657 5285 3770 5340 dis-

2187 5366 2415 5433 putatori
2475 5375 2632 5435 atque
2679 5367 3011 5436 praedicatori
3059 5386 3237 5426 rerum
3287 5383 3640 5445 aeternorum,
3685 5380 3767 5433 vel

2187 5455 2448 5510 narraturi
2492 5455 2576 5510 vel
2623 5459 3009 5524 pronuntiatori
3055 5473 3239 5516 rerum
3286 5466 3656 5535 temporalium
3702 5469 3769 5525 ad

2188 5544 2549 5602 aedificandam
2571 5549 2882 5619 religionem
2909 5560 3068 5621 atque
3091 5555 3338 5622 pietatem
3367 5559 3766 5634 pertinentium,

2253 5701 2272 5773 ξ
2307 5701 2587 5773 t_n..\tss._,sed
2606 5709 2800 5773 peccato
2823 5703 3012 5773 (trunca
3036 5719 3154 5773 cum
3171 5719 3342 5773 posset.

2253 5762 2273 5794 ³
2307 5761 2491 5828 Aliquot
2517 5761 2637 5827 Mss},
2662 5763 2864 5818 demota.
2894 5767 2997 5831 alii,
3025 5761 3283 5826 amusium.
