4122 6212
341 363 456 422 5M-

346 569 566 630 meutiri
609 577 792 626 autem
837 582 1110 640 nunquam
1155 566 1313 632 licet;
1362 580 1490 638 ergo
1527 579 1627 622 nec
1671 567 1942 624 occultam

345 661 676 722 mentiendo.

415 752 647 816 CAPUT
686 750 780 806 XI.
807 780 882 796 -ι
909 749 997 807 18.
1031 749 1303 805 Mcndacia
1331 748 1481 804 etiam
1504 747 1804 803 remouenda
1828 764 1942 819 qua

345 859 436 904 aut
471 846 622 904 alteri
647 845 856 910 obsunt,
885 853 974 899 aut
995 843 1100 914 ipsi
1127 842 1404 898 mentienti.
1435 840 1686 898 Mentiens
1723 850 1770 895 et
1802 857 1943 895 men-

346 943 453 996 dax
479 939 743 1008 digerunt.
786 937 898 993 Hoc
931 937 1172 1006 primitus
1199 943 1255 990 et
1283 933 1586 990 firmissime
1613 932 1902 988 constituto
1920 974 1936 998 ,

344 1032 409 1086 de
445 1031 658 1086 ca-teris
696 1028 986 1085 mendaciis
1024 1027 1267 1084 securius
1303 1025 1579 1096 quaeritur.
1613 1023 1720 1080 Sed
1747 1037 1937 1080 conse-

346 1134 576 1195 quenter
601 1125 759 1179 etiam
789 1121 1075 1176 videndum
1119 1128 1231 1184 est,
1273 1117 1592 1175 removenda
1631 1131 1752 1173 esse
1780 1117 1941 1172 etiam

346 1219 532 1272 omnia
558 1215 832 1271 mendacia
877 1230 996 1283 qua:
1040 1214 1270 1282 aliquem
1304 1211 1507 1267 laedunt
1549 1210 1785 1281 injuste:
1817 1210 1938 1280 quia

348 1307 482 1364 nulli
511 1315 596 1362 est
630 1306 821 1376 injuria
851 1305 934 1360 vel
972 1304 1140 1359 levior
1166 1302 1441 1358 inferenda
1461 1343 1477 1365 ,
1509 1310 1565 1357 ut
1591 1303 1660 1356 ab
1687 1302 1794 1356 alio
1815 1317 1939 1370 gra-

347 1400 466 1454 vior
493 1398 803 1468 repellatur.
834 1396 944 1452 Nec
989 1396 1078 1452 illa
1110 1404 1234 1450 sunt
1270 1395 1596 1450 admittenda
1639 1394 1936 1458 mendacia,

348 1506 472 1562 qua:
493 1490 738 1561 quamvis
767 1504 872 1544 non
915 1488 1098 1544 obsint
1120 1487 1296 1552 alteri,
1328 1487 1460 1542 nulli
1489 1494 1663 1542 tamen
1692 1497 1934 1556 prosunt,

348 1591 404 1638 et
433 1581 633 1636 obsunt
669 1580 746 1636 eis
786 1580 916 1649 ipsis
943 1579 1032 1650 qui
1072 1578 1240 1649 gratis
1280 1578 1630 1633 mentiuntur.
1662 1577 1768 1646 Ipsi
1797 1577 1940 1631 enim

349 1673 571 1744 proprie
600 1671 885 1728 mendaces
923 1669 1134 1726 dicendi
1173 1676 1316 1725 sunt.
1358 1669 1586 1724 interest
1621 1668 1763 1723 enim
1802 1668 1941 1724 inter

319 1810 326 1818 .
353 1765 702 1820 mentientem
719 1774 880 1834 atque
905 1763 1236 1818 mendacem.
1256 1761 1388 1819 Nam
1406 1761 1668 1815 mentiens
1683 1769 1766 1816 est
1781 1760 1939 1816 etiam

352 1857 444 1929 qui
471 1858 727 1914 mentitur
753 1860 948 1916 invitus
978 1875 992 1914 :
1027 1859 1255 1916 mendax
1283 1873 1410 1914 vero
1428 1866 1573 1913 amat
1599 1856 1834 1922 mentiri,
1863 1865 1942 1910 at-

351 1964 459 2022 que
486 1948 690 2007 habitat
723 1951 903 2007 animo
932 1951 984 2008 in
1015 1951 1370 2008 delectatione
1407 1949 1754 2006 mentiendi‘.
1782 1947 1938 2004 Juxta

355 2039 588 2114 ponendi
617 2048 744 2098 sunt
766 2051 824 2098 et
861 2043 951 2113 qui
981 2041 1049 2098 de
1074 2042 1352 2098 mendacio
1389 2041 1572 2096 volunt
1603 2041 1812 2110 placere
1839 2038 1940 2094 ho-

356 2136 616 2199 rninibus,
643 2150 750 2194 non
779 2146 838 2192 ut
879 2137 1032 2192 alicui
1079 2135 1275 2192 faciant
1309 2135 1554 2204 injuriam
1596 2133 1680 2188 vel
1710 2132 1942 2188 inferant

353 2227 730 2284 contumeliam
752 2227 896 2298 ;jam
915 2227 1058 2284 enim
1086 2241 1246 2299 supra
1274 2225 1375 2281 hoc
1399 2241 1566 2296 genus
1594 2224 1938 2288 removimus;

354 2321 450 2379 sed
471 2329 530 2379 ut
557 2334 748 2378 suaves
778 2320 887 2378 sint
915 2322 967 2376 in
995 2320 1333 2377 sermonibus
1353 2319 1485 2374 suis.
1515 2317 1603 2372 Isti
1634 2315 1816 2371 abillo
1843 2328 1939 2386 ge-

355 2429 486 2472 nere
510 2415 564 2470 in
589 2429 697 2486 quo
733 2413 1020 2471 mendaces
1049 2413 1348 2485 posuimus,
1379 2411 1482 2468 hoc
1501 2410 1774 2475 differunt,
1800 2408 1942 2478 quod

355 2505 475 2564 illos
503 2506 720 2566 mentiri
739 2505 989 2574 delectat,
1015 2505 1313 2578 gaudentes
1337 2503 1406 2560 de
1423 2503 1538 2573 ipsa
1561 2501 1766 2558 fallacia
1792 2518 1804 2555 :
1829 2499 1942 2559 istis

353 2606 534 2656 autem
564 2598 772 2669 placere
801 2597 933 2654 libet
956 2597 1024 2654 de
1062 2596 1402 2668 suaviloquio
1423 2635 1438 2660 ,
1465 2595 1554 2666 qui
1591 2603 1769 2650 tamen
1799 2591 1946 2648 veris

355 2690 578 2748 mallent
609 2689 850 2761 placere;
880 2689 976 2746 sed
1003 2690 1214 2760 quando
1240 2703 1347 2744 non
1378 2688 1528 2746 facile
1557 2687 1831 2743 inveniunt
1853 2700 1946 2740 ve-

355 2799 413 2840 ra
440 2799 564 2856 quae
591 2792 740 2855 grata
764 2784 872 2840 sint
895 2782 1258 2852 audientibus,
1287 2783 1501 2838 mentiri
1539 2781 1740 2852 eligunt
1768 2779 1942 2850 potius

356 2890 518 2947 quam
546 2882 744 2931 tacere.
789 2874 1013 2930 Difficile
1037 2883 1121 2930 est
1147 2881 1322 2930 tamen
1353 2881 1412 2929 ut
1446 2873 1530 2928 isti
1569 2880 1732 2928 totam
1761 2884 1944 2925 narra-

358 2968 560 3048 tionem
591 2966 777 3024 falsam
805 2966 1095 3038 aliquando
1135 2966 1459 3035 suscipiant;
1489 2963 1583 3022 sed
1630 2964 1942 3034 plerumque

352 3061 500 3119 veris
526 3060 655 3117 falsa
693 3068 1002 3128 contexunt,
1035 3058 1129 3116 ubi
1169 3058 1406 3115 suavitas
1431 3071 1524 3114 eos
1551 3056 1770 3112 deserit.
1817 3055 1944 3112 Haec

358 3161 535 3210 autem
562 3151 671 3209 duo
687 3167 882 3224 genera
907 3149 1304 3210 mendaciorum
1332 3167 1438 3206 non
1464 3149 1658 3205 obsunt
1677 3147 1944 3204 credenti-

361 3244 482 3313 bus,
504 3245 628 3315 quia
656 3244 787 3307 nihil
813 3243 881 3300 de
909 3243 1152 3300 doctrina
1180 3241 1452 3312 religionis
1477 3241 1817 3309 veritatisque
1845 3238 1945 3294 fal-

357 3335 562 3403 luntur,
589 3345 678 3394 aut
704 3335 773 3394 de
794 3337 899 3394 ulle
919 3334 1203 3393 commodo
1233 3335 1315 3390 vel
1345 3333 1569 3390 utilitate
1587 3346 1702 3388 sua.
1734 3329 1944 3387 Sufﬁcit

358 3429 504 3490 enim
531 3431 611 3486 eis
640 3437 700 3488 ut
719 3429 956 3500 judicent
981 3427 1099 3486 ﬁeri
1129 3427 1366 3498 potuisse
1392 3424 1533 3498 quod
1554 3424 1766 3490 dicitur,
1797 3433 1850 3480 et
1876 3423 1942 3478 ﬁ-

359 3521 480 3579 dem
510 3520 742 3578 habeant
764 3521 963 3579 homini
988 3533 1146 3591 quem
1169 3534 1276 3574 non
1307 3517 1502 3576 debent
1527 3525 1729 3572 temere
1753 3514 1939 3572 existi-

359 3629 508 3674 mare
535 3615 904 3670 mentientem.
928 3613 1067 3683 Quid
1091 3613 1234 3670 enim
1260 3613 1432 3679 obest,
1456 3612 1500 3667 si
1520 3611 1704 3668 credat
1733 3619 1938 3681 patrem

361 3715 454 3761 aut
480 3721 637 3762 avum
668 3705 891 3776 alicujus
934 3705 1105 3761 virum
1133 3703 1332 3761 bonum
1359 3704 1554 3768 fuisse,
1596 3704 1805 3760 etiamsi
1837 3717 1941 3760 non

359 3797 491 3867 fuit;
513 3808 604 3854 aut
619 3813 786 3870 usque
805 3797 871 3854 ad
894 3798 1090 3855 Persas
1111 3795 1385 3854 militando
1408 3797 1732 3866 pervenisse,
1756 3795 1944 3852 etiam-

359 3891 402 3948 si
431 3906 463 3948 a
494 3891 662 3946 Roma
691 3902 963 3960 nunquam
998 3888 1256 3945 recessit?
1285 3885 1420 3958 ipsis
1457 3896 1634 3944 autem
1673 3886 1943 3942 mentien-

359 3983 500 4040 tibus
533 3982 688 4039 valde
725 3984 918 4040 obsunt
947 4000 961 4036 :
995 3981 1100 4036 illis
1133 3980 1376 4050 quidem,
1418 3979 1540 4049 quia
1585 3978 1664 4034 sic
1691 3977 1942 4034 deserunt

360 4075 665 4139 veritatem,
695 4081 752 4129 ut
777 4072 981 4129 fallacia
1006 4072 1280 4137 laetentur;
1312 4069 1428 4124 istis
1447 4107 1463 4136 ,
1504 4068 1625 4140 quia
1650 4083 1707 4124 se
1737 4067 1944 4122 malunt

359 4167 593 4236 placere,
623 4181 783 4236 quam
813 4166 1058 4222 verum'.

426 4257 656 4315 CAPUT
695 4256 810 4314 ΧΠ.
847 4286 920 4299 --
953 4257 1042 4314 19.
1078 4254 1402 4311 Mendacium
1429 4253 1562 4323 quod
1585 4261 1633 4307 et
1659 4253 1785 4309 nulli
1809 4253 1943 4310 obeat

357 4363 400 4405 et
421 4353 580 4406 alicui
609 4351 809 4423 prodest
827 4369 892 4405 an
922 4349 1282 4406 adhibendum.
1321 4348 1400 4402 An
1425 4345 1683 4402 mendacia
1711 4347 1943 4417 quaedam

358 4444 598 4506 honesta,
627 4459 738 4512 qua:
766 4443 997 4502 nonnulli
1039 4450 1246 4512 prosunt
1269 4450 1315 4494 et
1350 4441 1478 4495 nulli
1505 4440 1701 4494 obsunt.
1736 4440 1942 4496 Meutiri

357 4549 733 4601 anrtOnaempcr
745 4534 808 4588 sit
823 4532 1004 4602 jblsum
1023 4532 1355 4586 testimonium
1383 4529 1566 4586 dicere.
1590 4529 1708 4584 Istis
1735 4531 1943 4600 generi-

357 4626 453 4679 bus
483 4626 603 4680 sine
648 4625 752 4678 ulla
789 4623 1122 4678 dubitatione
1160 4622 1454 4683 damnatis,
1497 4623 1735 4692 sequitur
1776 4636 1945 4692 genus

358 4717 622 4773 mendacii
646 4724 898 4786 tanquam
923 4714 1181 4785 gradatim
1209 4712 1274 4770 ad
1311 4713 1530 4768 meliora
1570 4713 1941 4783 surgentibus,

355 4809 494 4877 quod
526 4807 801 4862 benevolis
829 4816 883 4860 ct
913 4806 1068 4860 bouis
1109 4805 1264 4876 vulgo
1309 4804 1466 4860 tribui
1506 4804 1670 4869 solet,
1702 4819 1824 4860 cum
1854 4804 1944 4860 ille

356 4901 441 4970 qui
471 4899 754 4966 mentitur,
787 4913 893 4952 non
921 4898 1094 4954 solum
1134 4898 1290 4953 alteri
1321 4911 1426 4952 nou
1452 4895 1640 4962 obest,
1663 4896 1757 4952 sed
1783 4897 1944 4952 etiam

359 4991 577 5059 prodest
625 4991 803 5045 alicui.
860 4990 937 5047 Dc
984 4988 1086 5043 isto
1127 5004 1323 5059 genere
1363 4997 1445 5043 est
1487 4996 1596 5042 tota
1641 4988 1944 5054 contentio,

362 5093 607 5138 utrumne
643 5083 740 5138 sibi
768 5081 940 5148 obsit,
970 5082 1062 5151 qui
1107 5081 1186 5136 sic
1215 5079 1429 5148 prodest
1458 5077 1650 5144 alteri,
1691 5086 1750 5132 ut
1789 5077 1947 5134 faciat

361 5183 535 5226 εοηιτει
566 5172 868 5238 veritatem.
909 5173 1016 5226 Aut
1043 5171 1085 5225 si
1113 5169 1310 5224 veritas
1338 5169 1424 5222 illa
1452 5167 1563 5224 sola
1590 5167 1812 5223 dicenda
1839 5176 1944 5235 est,

357 5280 472 5330 quae
497 5265 644 5334 ipsas
667 5274 872 5318 mentes
899 5263 1087 5318 intimo
1106 5271 1268 5332 atque
1296 5259 1712 5315 incommutabili
1744 5260 1946 5315 lumine

356 5355 615 5420 illustrat;
651 5355 776 5410 facit
800 5364 946 5412 certe
987 5362 1175 5411 contra
1201 5351 1416 5423 aliquod
1448 5367 1655 5418 verum,
1688 5351 1810 5421 quia
1842 5354 1944 5408 etsi

358 5444 610 5502 falluntur
633 5448 874 5516 corporis
903 5460 1112 5512 sensus,
1139 5453 1321 5502 contra
1355 5458 1542 5502 verum
1570 5451 1748 5498 tamen
1779 5441 1942 5510 facit,

356 5539 445 5610 qni
474 5538 604 5596 dicit
631 5539 834 5611 aliquid
863 5540 934 5594 ita
963 5554 1116 5608 esse,
1154 5538 1240 5595 vel
1269 5551 1375 5596 non
1421 5536 1525 5604 ita,
1565 5534 1707 5606 quod
1750 5534 1800 5590 ei
1844 5549 1948 5592 nec

417 5691 435 5757 ἕ
470 5692 666 5757 Aliquot
684 5701 814 5757 3153.,
835 5692 884 5744 in
906 5689 1161 5757 dilectione
1176 5687 1453 5757 mentiendi.

609 5756 761 5828 editio
795 5745 928 5816 ima,
956 5753 1149 5820 placere
1183 5752 1476 5828 uolneribus,
1501 5761 1648 5820 quam
1679 5760 1846 5804 aerum
1865 5745 1945 5804 αδ.

350 5822 464 5892 φας

1711 349 1718 440 ξ
1765 357 1970 415 Lmen
2006 356 2209 418 unus.
2259 403 2289 411 ._

342 477 618 536 occultare
642 476 698 534 in
723 485 965 548 tempore
990 470 1246 546 quidquid
1270 470 1646 530 occultandam
1673 471 1886 529 videtur
1918 486 1937 528 :
1967 515 1974 524 .

3523 367 3639 428 50!.

2051 485 2204 528 meus
2239 476 2341 529 nec
2364 483 2556 530 sensus
2582 486 2684 530 nec
2719 474 2960 546 opinatio
2984 490 3081 533 sua
3109 477 3314 538 ﬁdesve
3339 484 3631 542 renuntiat.

2050 564 2240 624 Utrum
2263 570 2393 638 ergo
2412 579 2519 624 non
2545 567 2645 623 sibi
2675 567 2839 638 obsit,
2867 571 2956 642 qui
2985 569 3087 627 hoc
3125 573 3288 630 modo
3313 575 3468 631 alteri
3505 589 3640 647 pro-

2049 657 2168 714 dest
2195 676 2214 725 ;
2238 673 2304 713 an
2334 657 2420 712 illa
2449 661 2885 731 compensatione
2921 676 3028 718 non
3058 663 3202 718 obsit
3225 663 3348 731 sibi,
3377 679 3478 738 qua
3504 681 3640 738 proa-

2049 747 2172 804 dest
2195 750 2368 814 alteri,
2396 766 2583 823 magna
2613 753 2838 823 quaestio
2859 760 2963 811 est.
2992 753 3053 810 Si
3069 754 3142 810 ita
3166 761 3268 822 est,
3293 770 3601 832 consequen
3616 783 3638 807 ι

2051 851 2133 900 ter
2155 845 2314 899 etiam
2361 845 2465 900 sibi
2508 845 2762 917 prodesse
2790 847 2948 904 debet
2987 862 3088 922 per
3113 850 3450 907 mendacium
3490 854 3634 924 quod

2048 936 2176 990 nulli
2202 938 2373 991 obest.
2396 936 2500 993 Sed
2524 951 2586 992 ea
2607 953 2844 994 connexa
2871 947 3015 1008 sunt,
3039 948 3095 997 et
3112 941 3228 997 istis
3248 944 3516 1000 concessis
3536 960 3636 1002 ne-

2047 1031 2278 1084 cessario
2309 1030 2591 1085 imbuatur
2617 1048 2737 1103 quae
2780 1034 3006 1089 multum
3030 1035 3367 1092 conturbant.
3401 1036 3458 1092 Si
3488 1039 3635 1095 enim

2048 1130 2315 1192 quaeratur
2357 1122 2482 1192 quid
2509 1123 2648 1178 obsit
2676 1124 2875 1179 homini
2915 1126 3084 1196 copiis
3124 1128 3405 1198 superﬂuis
3430 1129 3634 1185 rcdun-
3675 1161 3678 1165 -

2047 1213 2212 1277 danti,
2243 1215 2286 1269 si
2312 1214 2380 1270 de
2413 1215 2708 1273 innumeris
2737 1218 2970 1275 millibus
2998 1218 3383 1276 frumentorum
3424 1225 3636 1280 amittat

2048 1320 2210 1360 unum
2237 1307 2494 1371 modium,
2521 1308 2610 1378 qui
2644 1318 2822 1365 tamen
2847 1312 3055 1367 modius
3091 1315 3264 1384 possit
3287 1313 3352 1370 ad
3381 1329 3633 1373 necessa-
3701 1311 3710 1373 ἱ

2047 1395 2184 1451 rium
2213 1397 2409 1453 victum
2447 1399 2704 1470 prodesse
2733 1399 2962 1468 furanti;
2994 1418 3326 1474 consequens
3357 1411 3459 1462 erit
3489 1417 3545 1463 ut
3580 1418 3635 1466 et

2047 1488 2245 1544 furtum
2275 1490 2388 1546 sine
2418 1491 2833 1562 reprehensione
2859 1496 2974 1552 fieri
3006 1499 3194 1568 possit,
3227 1509 3279 1555 et
3308 1500 3499 1558 falsum
3555 1514 3635 1561 te-

2048 1581 2354 1637 stimonium
2381 1582 2497 1638 sine
2515 1595 2736 1653 peccato
2752 1585 2874 1642 dici.
2894 1587 3011 1656 Quo
3029 1590 3153 1659 quid
3176 1591 3280 1646 diei
3307 1599 3482 1662 potest
3506 1609 3632 1666 pcr-

2047 1674 2289 1730 versius?
2315 1676 2397 1729 An
2420 1690 2548 1731 vero
2573 1678 2615 1732 si
2637 1677 2771 1733 alius
2801 1677 3004 1736 furatus
3023 1689 3167 1738 esset
3195 1683 3344 1739 illum
3367 1685 3632 1755 modium,

2047 1774 2102 1822 et
2127 1774 2185 1820 tu
2209 1766 2419 1822 videres
2435 1809 2450 1834 ,
2493 1769 2954 1842 interrogatusque
2976 1785 3124 1828 esses
3147 1813 3163 1840 ,
3201 1776 3503 1834 mentireris
3531 1778 3633 1833 ho-

2046 1866 2197 1915 neste
2221 1876 2317 1930 pro
2346 1875 2598 1931 paupere,
2630 1871 2685 1916 et
2722 1865 2765 1917 si
2793 1863 2844 1918 id
2875 1879 2973 1934 pro
3000 1875 3086 1920 tua
3113 1877 3420 1937 paupertate
3447 1870 3631 1938 facias,

2047 1948 2384 2019 culpaberis?
2408 1953 2562 2022 quasi
2589 1953 2816 2022 amplius
2841 1955 3004 2010 alium
3030 1972 3186 2027 quam
3220 1967 3272 2016 te
3301 1960 3522 2033 diligere
3548 1962 3637 2021 de-

2047 2041 2194 2099 beas.
2216 2043 2511 2115 Utrumque
2531 2061 2659 2116 ergo
2687 2045 2840 2116 turpe
2859 2056 3019 2118 atque
3045 2050 3316 2106 vitandum
3349 2055 3450 2109 est.

2118 2134 2207 2190 20.
2251 2135 2360 2190 Sed
2385 2135 2627 2192 fortassis
2649 2140 3019 2208 exceptionem
3055 2140 3352 2198 addendam
3393 2145 3511 2215 quis
3536 2161 3641 2218 pu-

2049 2235 2143 2294 tet,
2173 2235 2229 2281 ut
2253 2228 2360 2282 sint
2383 2227 2628 2298 quaedam
2658 2229 2881 2285 honesta
2914 2232 3211 2297 mendacia,
3255 2251 3372 2306 qua:
3409 2253 3514 2292 non
3548 2254 3638 2295 so-

2047 2319 2157 2374 lum
2194 2320 2327 2373 nulli
2357 2320 2573 2387 obsunt,
2605 2321 2696 2376 sed
2725 2324 2884 2377 etiam
2914 2325 3155 2380 nonnulli
3196 2336 3439 2396 prosunt,
3473 2343 3636 2385 cxce-

2049 2412 2152 2482 ptis
2183 2411 2266 2466 his
2309 2412 2500 2480 quibus
2527 2414 2749 2468 crimina
2783 2412 3121 2472 occultantur
3148 2426 3202 2472 et
3228 2419 3588 2476 defenduntur
3617 2440 3634 2480 :

2050 2514 2104 2558 ut
2126 2503 2246 2558 ideo
2271 2504 2340 2558 sit
2364 2503 2495 2558 illud
2519 2514 2674 2575 turpe
2697 2506 3053 2576 mendacium,
3076 2508 3215 2579 quod
3238 2511 3478 2580 quamvis
3502 2513 3638 2569 nulli

2047 2594 2207 2661 obsit,
2225 2602 2281 2650 et
2303 2595 2470 2664 prosit
2493 2597 2734 2666 pauperi,
2759 2595 2960 2653 furtum
2981 2607 3156 2654 tamen
3178 2601 3442 2669 occultat;
3471 2605 3514 2659 si
3539 2619 3636 2660 au-

2049 2695 2156 2743 tem
2181 2687 2252 2742 ita
2282 2687 2413 2744 nulli
2433 2689 2647 2744 obesset
2669 2698 2724 2745 et
2744 2690 3022 2762 prodesset
3043 2693 3222 2760 alicui,
3250 2702 3306 2750 ut
3331 2695 3490 2751 etiam
3512 2697 3638 2752 nuis

2047 2779 2159 2836 lum
2207 2787 2482 2850 peccatum
2533 2781 2826 2838 occultaret
2870 2792 3028 2854 atque
3075 2784 3386 2842 defenderet
3403 2817 3420 2852 -,
3478 2795 3636 2861 turpe

2047 2888 2156 2929 non
2183 2882 2350 2930 esset.
2383 2873 2538 2930 Velut
2581 2876 2626 2930 si
2667 2875 2931 2948 quispiam
2970 2881 3250 2948 pecuniam
3291 2895 3440 2938 suam
3479 2891 3529 2939 te
3558 2884 3638 2940 vi-

2047 2963 2210 3022 dente
2233 2965 2616 3036 absconderet,
2645 2983 2713 3024 ne
2737 2985 2835 3040 per
2861 2969 3058 3026 furtum
3091 2981 3183 3028 aut
3209 2973 3314 3029 vim
3342 2977 3631 3045 amitteret,

2047 3064 2207 3126 atque
2245 3056 2372 3114 inde
2419 3058 2774 3130 interrogatus
2814 3062 3147 3131 mentireris;
3197 3081 3370 3136 neque
3411 3068 3636 3124 obesscs

2046 3147 2294 3219 cuiquam
2317 3185 2334 3217 ,-
2365 3158 2420 3206 et
2447 3148 2499 3207 ei
2535 3151 2821 3221 prodesses
2848 3153 2931 3208 cui
2975 3170 3109 3226 opus
3148 3166 3262 3213 erat
3292 3159 3417 3215 illud
3455 3161 3636 3216 occul-

2047 3247 2160 3295 tum
2179 3240 2197 3271 ³
2217 3281 2235 3308 ,
2262 3246 2316 3298 et
2347 3241 2545 3296 nullum
2581 3253 2858 3313 peccatum
2883 3247 3193 3304 mentiendo
3223 3251 3465 3306 rexisses.
3514 3251 3633 3311 Non

2047 3333 2192 3389 enim
2215 3333 2499 3405 quisquam
2526 3344 2714 3406 peccat
2741 3338 3122 3395 abscondendo
3141 3349 3254 3396 rem
3283 3357 3454 3409 suam,
3473 3360 3632 3415 quam

2046 3425 2201 3482 timet
2224 3425 2496 3482 amittere.
2519 3424 2624 3483 Sed
2651 3429 2700 3484 si
2725 3436 3003 3500 propterea
3039 3445 3147 3486 non
3173 3447 3456 3502 peccamus
3487 3451 3637 3490 meno

2048 3515 2252 3585 tiendo,
2276 3517 2398 3588 quia
2424 3518 2626 3574 nullius
2647 3527 2922 3590 peccatum
2954 3530 3214 3594 tegentes,
3236 3533 3290 3580 et
3319 3526 3450 3583 nulli
3476 3528 3640 3584 obsu-

2047 3621 2186 3672 mus,
2220 3615 2274 3663 et
2297 3608 2452 3664 alicui
2473 3615 2777 3680 prosumus,
2799 3611 2925 3682 quid
2951 3614 3157 3685 agimus
3183 3615 3251 3672 de
3276 3617 3392 3687 ipso
3419 3627 3638 3688 peccatu

2047 3700 2352 3757 mendacii?
2382 3701 2484 3758 Ubi
2509 3704 2652 3760 enim
2691 3705 2921 3774 positum
2949 3715 3051 3772 est,
3086 3707 3170 3761 Ne
3197 3713 3388 3780 fllmlm
3419 3715 3639 3782 feceris;

2048 3792 2119 3848 ibi
2145 3793 2376 3863 positum
2405 3803 2508 3858 est,
2542 3793 2628 3848 Ne
2659 3795 2847 3866 falsum
2875 3797 3193 3851 tealimonum
3215 3800 3404 3854 dixeris
3427 3802 3446 3872 (
3466 3801 3635 3858 Exod.

2046 3900 2144 3951 xx,
2178 3884 2267 3948 15.
2297 3882 2412 3954 16).
2441 3881 2578 3939 Cum
2603 3897 2732 3954 ergo
2759 3885 2963 3954 singula
2990 3886 3394 3957 prohibeantur,
3416 3905 3512 3947 cur
3539 3893 3641 3949 fal-

2047 3989 2165 4030 sum
2190 3973 2554 4030 testimonium
2579 3982 2704 4030 tunc
2734 3983 2817 4031 est
2845 3978 3129 4049 culpabile,
3159 3981 3208 4036 si
3234 3981 3432 4038 furtum
3457 3994 3594 4056 tegat
3619 4030 3636 4056 ,

2047 4065 2132 4124 vel
2152 4065 2366 4136 aliquod
2385 4064 2531 4121 aliud
2558 4077 2862 4136 peccatum;
2892 4070 2936 4124 si
2963 4080 3138 4128 autem
3163 4075 3301 4128 nulla
3326 4077 3638 4138 defensione

2048 4157 2255 4229 peccati
2303 4172 2399 4228 per
2441 4172 2500 4213 se
2545 4159 2720 4230 ipsum
2771 4162 2890 4229 ilat,
2925 4178 3030 4218 non
3060 4157 3466 4238 estetilpabilc,
3516 4187 3638 4236 cum

2049 4248 2221 4319 ipsum
2249 4247 2447 4305 furtum
2475 4264 2572 4320 per
2600 4265 2660 4308 se
2685 4251 2950 4323 culpabile
2971 4255 3058 4322 sit,
3089 4265 3144 4312 et
3162 4267 3352 4315 caetera
3386 4263 3642 4331 peccata?

2049 4341 2130 4396 An
2157 4341 2426 4397 occultare
2450 4352 2726 4411 peccatum
2745 4345 2767 4376 ³
2793 4357 2902 4401 non
2927 4346 3070 4414 licet,
3102 4347 3279 4407 facere.
3304 4352 3463 4408 licet?

2118 4431 2207 4487 21.
2237 4431 2388 4503 Quod
2413 4433 2458 4488 si
2483 4434 2774 4490 absurdum
2804 4446 2921 4504 est,
2959 4440 3082 4508 quid
3112 4441 3387 4498 dicemus?
3426 4446 3506 4498 An
3538 4447 3638 4500 fal-

2049 4538 2166 4580 sum
2198 4527 2564 4581 testimonium
2588 4543 2692 4582 non
2719 4536 2835 4593 est,
2865 4529 2967 4582 nisi
2993 4545 3114 4584 cum
3141 4535 3362 4603 quisque
3395 4536 3461 4589 ita
3493 4553 3642 4591 meu-

2053 4617 2209 4681 titur,
2260 4627 2318 4671 ut
2360 4625 2450 4671 aut
2489 4618 2693 4671 crimen
2737 4619 3006 4687 conlingat
3041 4621 3095 4674 in
3129 4623 3390 4692 aliquem,
3431 4627 3642 4680 autali-

2050 4709 2202 4779 cujus
2241 4709 2446 4763 crimen
2477 4710 2742 4773 occultet,
2773 4718 2866 4762 aut
2893 4725 3110 4782 quoquo
3137 4715 3295 4768 modo
3320 4729 3638 4788 quemquam

2052 4800 2104 4855 in
2131 4799 2334 4869 judicio
2360 4800 2606 4870 premat?
2655 4800 2878 4856 Videtur
2904 4802 3047 4858 enim
3079 4806 3230 4860 testis
3254 4807 3418 4876 judiei
3449 4826 3638 4866 ncces-

2051 4891 2228 4946 sarius
2253 4891 2320 4946 ad
2340 4905 2517 4946 causae
2544 4892 2926 4962 cegnitionem.
2953 4893 3058 4949 Sed
3092 4897 3134 4950 si
3164 4893 3420 4953 hactenus
3449 4907 3638 4957 testem

2053 4985 2327 5056 Scriptura
2353 4985 2690 5053 nominaret,
2723 5000 2828 5040 non
2856 4985 3060 5042 diceret
3084 4989 3371 5058 Apostolus
3394 5034 3409 5059 ,
3434 4993 3639 5050 Inveni-

2052 5093 2166 5132 mur
2186 5087 2233 5132 et
2265 5077 2383 5148 falsi
2421 5085 2565 5131 leues
2589 5075 2704 5143 Dei,
2729 5077 2774 5130 si
2802 5078 3139 5133 testimonium
3161 5081 3382 5136 diximus
3401 5084 3640 5143 adversus

2052 5169 2250 5236 Deam,
2295 5169 2416 5238 quia
2449 5169 2737 5223 excitauerit
2771 5167 3056 5239 Christum,
3097 5187 3242 5243 quem
3282 5191 3380 5230 non
3409 5177 3641 5233 excitavit

2054 5263 2098 5334 (Ι
2120 5261 2238 5318 Car.
2269 5278 2360 5328 xv,
2395 5261 2508 5332 15).
2538 5259 2613 5317 Ita
2630 5261 2776 5318 enim
2799 5264 3033 5319 ostendit
3060 5264 3250 5322 falsum
3277 5270 3638 5327 testimonium

2052 5367 2172 5411 esse
2209 5353 2585 5423 mendacium,
2627 5353 2836 5410 etiamsi
2880 5356 2932 5410 in
2962 5357 3270 5432 cujusquam
3318 5360 3447 5416 falsa
3483 5363 3640 5420 laude

2053 5447 2280 5505 dicatur.

2125 5540 2352 5599 CAPUT
2390 5541 2528 5598 Xlli.
2573 5572 2644 5584 --
2692 5542 2771 5598 An
2808 5544 3145 5600 mentiendum
3183 5559 3247 5602 ne
3283 5545 3526 5619 prodatur
3563 5547 3641 5604 vel

2055 5633 2310 5691 hontitida
2329 5677 2344 5703 ,
2387 5636 2465 5691 vel
2500 5635 2739 5692 innocens
2777 5637 3017 5709 qutesitua
3055 5637 3122 5692 ad
3157 5649 3383 5697 mortem.
3431 5639 3638 5701 Firmus

2115 5749 2142 5814 ξ
2170 5751 2366 5810 Quidam
2389 5757 2518 5814 Mss,
2535 5751 2784 5806 occultari.

2126 5811 2148 5860 ι
2173 5814 2257 5876 uie
2277 5814 2397 5868 editi
2418 5819 2471 5868 et
2484 5811 2680 5882 (audam
2695 5824 2804 5871 us.
2828 5815 3027 5884 εωωιε,
3049 5818 3336 5878 me.
