4142 6212
473 351 579 411 505

469 463 737 534 episcOpus
760 462 1128 533 ’I'Imgasteusis,
1156 473 1246 512 nec
1272 458 1372 512 vult
1388 457 1606 522 mentiri,
1630 472 1719 509 nec
1743 464 1793 508 ut
1813 455 2064 508 hominem

477 558 743 626 quaesitum
769 556 949 626 prodat
987 552 1245 605 tormentis
1274 551 1412 622 adigi
1443 559 1625 621 potest.
1673 549 1809 616 Quid
1845 564 2060 617 respon-

473 651 588 705 deat
626 652 962 718 interrogatus
1000 654 1046 699 et
1080 645 1240 699 sciens
1280 645 1366 698 ubi
1394 645 1456 699 sit
1494 643 1581 697 ille
1611 642 1697 712 qui
1738 642 1805 694 ad
1854 650 2066 695 mortem

471 741 735 811 quaeritur.
782 739 863 793 An
893 734 1032 791 forte
1056 745 1179 790 tunc
1208 733 1338 789 dicit
1368 734 1559 788 falsum
1586 731 1948 788 testimonium
1977 732 2063 801 qui

469 831 764 894 mentitur,
811 843 933 884 cum
963 837 1054 883 aut
1093 836 1368 899 peccatum
1409 826 1636 896 alicujus
1676 826 1761 881 vel
1801 825 1952 895 ﬁngit
1979 824 2065 879 vel

472 924 637 993 tegit,
687 930 780 977 aut
818 921 976 976 alicui
1005 920 1160 976 obest
1187 934 1398 991 quoquo
1434 918 1634 974 modo?
1658 918 1718 973 Si
1744 919 1885 973 enim
1911 933 2064 971 men-

474 1014 685 1069 dacium
717 1012 859 1084 quod
898 1013 1153 1069 adversus
1176 1012 1336 1068 vitam
1381 1012 1693 1083 cujusquam
1720 1011 2066 1080 temporalem

472 1105 670 1161 dicitur
702 1104 1020 1162 detestabile
1053 1113 1174 1171 est;
1221 1112 1420 1173 quanto
1451 1104 1616 1174 magis
1637 1101 1780 1172 quod
1809 1100 2066 1157 adversus

473 1197 636 1251 vitam
680 1195 977 1251 zeternam?
1024 1194 1181 1249 sicuti
1217 1204 1299 1249 est
1323 1209 1481 1249 omne
1526 1192 1895 1256 mendacium,
1938 1191 1983 1247 si
2014 1191 2086 1245 in-

474 1289 715 1344 doctrina
748 1288 1021 1357 religionis
1059 1288 1169 1343 fiat.
1213 1287 1281 1343 Et
1316 1286 1438 1343 ideo
1463 1286 1654 1342 falsum
1702 1285 2065 1341 testimonium

474 1388 630 1434 vocat
668 1379 988 1448 Apostolus,
1032 1378 1079 1432 si
1110 1379 1225 1448 quis
1250 1377 1317 1433 de
1344 1377 1559 1433 Christo
1581 1419 1597 1445 ,
1634 1377 1794 1432 etiam
1823 1375 1967 1446 quod
1999 1375 2066 1431 ad

477 1475 596 1540 ejus
618 1470 831 1531 laudem
862 1469 1069 1525 videtur
1095 1471 1365 1541 pertinere
1392 1510 1406 1534 ,
1435 1470 1742 1525 mentiatur.
1788 1468 1844 1525 Si
1889 1480 2066 1524 autem

477 1562 816 1631 mendacium
871 1562 978 1629 sit,
1028 1561 1168 1632 quod
1215 1577 1389 1633 neque
1431 1561 1743 1632 cujusquam
1789 1571 2067 1631 peccatum

477 1666 569 1709 aut
594 1655 861 1725 contingat
878 1664 970 1709 aut
993 1662 1155 1725 tegat,
1184 1670 1282 1710 nec
1306 1669 1335 1708 a
1362 1654 1534 1723 judice
1548 1662 1843 1723 quaeratur,
1868 1664 1922 1710 et
1937 1655 2069 1712 nulli

476 1745 621 1802 obsit
647 1754 700 1802 et
729 1746 897 1816 prosit
924 1745 1083 1800 alieni
1107 1761 1123 1811 ;
1173 1760 1271 1801 nec
1297 1744 1491 1800 falsum
1535 1746 1899 1803 testimonium
1926 1760 2069 1815 esse,

479 1853 582 1896 nec
609 1838 1032 1911 reprehensibile
1060 1840 1439 1896 mendacium?

553 1934 645 1988 22.
675 1934 813 2003 Quid
854 1950 1014 2006 ergo,
1055 1935 1100 1990 si
1146 1933 1212 1989 ad
1259 1933 1609 1989 christianum
1647 1934 1915 1990 homicida
1942 1949 2073 1991 con-

477 2024 669 2096 fugiat,
702 2035 792 2081 aut
821 2026 1000 2082 videat
1040 2041 1147 2097 quo
1172 2025 1447 2096 confugit;
1498 2034 1553 2081 ct
1577 2025 1646 2082 de
1671 2025 1773 2081 hac
1817 2041 1877 2082 re
1903 2027 2071 2083 inter-

480 2126 700 2188 rogetur
728 2116 794 2172 ab
815 2132 878 2173 eo
899 2118 988 2188 qui
1013 2116 1079 2171 ad
1108 2116 1428 2187 supplicium
1452 2118 1643 2188 quaerit
1667 2116 1937 2174 hominem
1968 2118 2071 2175 ho-

480 2208 642 2264 minis
658 2208 1087 2264 interfectorem?
1109 2208 1472 2265 mentiendum
1490 2208 1611 2264 est?
1632 2209 1911 2277 Quomodo
1931 2211 2071 2266 enim

482 2315 592 2358 non
642 2301 772 2377 tegit
817 2311 1091 2371 peccatum
1140 2301 1478 2366 mentiendo,
1529 2317 1651 2357 cum
1698 2303 1785 2358 ille
1826 2319 1924 2373 pro
1966 2318 2075 2374 quo

480 2395 743 2450 mentitur
766 2437 782 2461 ,
833 2404 1107 2465 peccatum
1135 2396 1459 2452 sceleratum
1485 2394 1799 2451 admiserit?
1839 2396 1923 2451 An
1948 2397 2073 2467 quia

482 2502 591 2543 non
612 2487 680 2543 de
707 2495 927 2558 peccato
956 2488 1074 2559 ejus
1096 2488 1454 2560 interrogatur
1474 2530 1489 2554 ,
1517 2488 1612 2544 sed
1637 2488 1705 2543 de
1735 2489 1853 2543 loco
1874 2488 1965 2544 ubi
1997 2489 2074 2543 la-

482 2580 637 2637 teat?
680 2580 822 2652 Ergo
850 2582 1065 2637 mentiri
1094 2582 1161 2637 ad
1206 2582 1488 2653 tegendum
1538 2581 1854 2653 cujusquam
1884 2596 2074 2652 pecca-

487 2680 642 2740 tum,
690 2672 887 2730 malum
916 2680 1038 2740 est;
1082 2673 1296 2729 mentiri
1322 2682 1500 2729 autem
1527 2672 1594 2728 ad
1627 2673 1909 2743 tegendum
1947 2687 2076 2744 pec-

484 2772 722 2821 catorem
750 2805 764 2830 ,
815 2780 921 2820 non
949 2774 1033 2822 est
1061 2766 1302 2822 malum?
1344 2765 1418 2821 Ita
1456 2781 1586 2821 sane
1610 2808 1625 2833 ,
1664 2766 1742 2821 ait
1768 2767 2073 2838 quispiam:

486 2871 595 2915 non
626 2857 767 2913 enim
805 2866 930 2913 tunc
958 2867 1145 2929 peccat
1172 2859 1452 2929 quisquam
1476 2900 1492 2927 ,
1536 2873 1656 2913 cum
1682 2858 1845 2914 evitat
1870 2859 2076 2929 suppli-

484 2950 664 3016 cium;
702 2950 795 3007 sed
821 2966 942 3006 cum
971 2950 1099 3007 facit
1126 2951 1326 3022 aliquid
1367 2951 1587 3022 dignum
1616 2952 1898 3024 supplicio.
1942 2952 2077 3009 Per-

485 3042 625 3099 tinet
658 3043 940 3101 autemad
969 3042 1305 3115 disciplinam
1334 3044 1703 3112 cbristianam,
1731 3053 1790 3101 ut
1817 3059 1991 3117 neque
2011 3044 2080 3103 de
2112 3084 2113 3087 η

485 3134 799 3205 cujusquam
841 3136 1173 3192 correctione
1218 3135 1533 3206 desperetur
1554 3176 1569 3202 ,
1618 3151 1794 3208 neque
1831 3137 2081 3209 cuiquam

484 3227 781 3299 ptenitendi
806 3227 980 3283 aditus
1019 3227 1425 3284 intercludatur.
1471 3226 1644 3295 Quid,
1676 3228 1720 3284 si
1747 3228 1813 3284 ad
1843 3228 2080 3300 judiccm

486 3320 682 3377 ductus
722 3320 791 3376 de
819 3321 934 3391 ipso
962 3321 1080 3378 loco
1108 3320 1197 3376 ubi
1219 3334 1280 3377 se
1315 3320 1404 3377 ille
1428 3320 1660 3376 occultet
1697 3319 2080 3392 interrogeris?

488 3413 731 3470 dicturus
761 3428 841 3478 es,
870 3422 986 3479 aut,
1014 3412 1128 3469 Non
1157 3412 1229 3469 ibi
1259 3421 1361 3481 est,
1386 3413 1477 3470 ubi
1505 3428 1629 3469 eum
1655 3414 1760 3470 scis
1781 3427 1939 3481 esse;
1967 3423 2077 3482 aut,

486 3504 607 3563 Non
634 3505 755 3560 novi
783 3514 838 3560 et
858 3519 963 3560 non
988 3503 1116 3571 vidi,
1148 3504 1291 3575 quod
1329 3505 1470 3561 nosti
1501 3515 1555 3561 et
1578 3506 1798 3561 vidisti?
1833 3506 2081 3563 Dicturus

487 3612 620 3669 ergo
660 3611 719 3653 es
758 3595 949 3651 falsum
990 3597 1351 3654 testimonium
1374 3639 1389 3666 ,
1439 3605 1496 3653 et
1534 3598 1811 3653 occisurus
1846 3598 2080 3654 animam

490 3699 639 3746 tuam
662 3730 678 3758 ,
707 3704 775 3745 ne
799 3688 1070 3745 occidatur
1099 3688 1409 3746 homicida?
1454 3692 1537 3746 An
1560 3706 1727 3762 usque
1753 3690 1820 3746 ad
1851 3706 2081 3762 conspe-

489 3792 639 3842 ctum
664 3782 858 3853 judicis
885 3784 1158 3841 mentieris
1181 3827 1196 3853 ,
1237 3784 1417 3855 judice
1456 3794 1634 3842 autem
1671 3796 1947 3857 quaerente
1969 3787 2081 3859 jam

488 3891 680 3934 verum
709 3876 855 3934 dices
874 3917 891 3944 ,
932 3892 1001 3932 ne
1040 3877 1115 3933 sis
1145 3877 1309 3935 falsus
1338 3879 1527 3935 testis?
1571 3880 1687 3950 Ipse
1716 3880 1877 3951 igitur
1904 3881 2081 3936 homi-

488 3986 616 4027 nem
631 3970 937 4044 proditione
957 3972 1231 4029 occisurus
1252 3987 1330 4027 es.
1358 3972 1529 4028 Etiam
1544 3971 1869 4043 proditorem
1886 3974 2083 4045 quippe

492 4061 671 4119 divina
715 4062 988 4131 Scriptura
1034 4062 1346 4117 detestatur.
1376 4062 1462 4118 An
1502 4064 1638 4117 forte
1685 4063 1927 4132 proditor
1975 4079 2080 4118 non

492 4160 610 4220 est,
641 4152 729 4222 qui
765 4151 933 4221 judici
978 4152 1321 4222 interroganti
1347 4167 1534 4208 verum
1564 4152 1800 4217 indicat;
1824 4161 1966 4209 esset
1992 4168 2086 4208 au-

492 4251 605 4298 tem
634 4242 876 4312 proditor
898 4282 912 4306 ,
963 4242 1008 4296 si
1050 4258 1367 4313 quemquam
1392 4242 1459 4298 ad
1485 4243 1704 4299 exitium
1734 4245 1877 4299 ultro
1902 4244 2083 4300 defer-

494 4332 621 4388 ret?
666 4332 833 4400 Quid,
885 4331 1035 4386 side
1070 4332 1215 4401 justo
1256 4340 1415 4403 atque
1462 4335 1745 4391 innocente
1792 4336 1881 4391 ubi
1928 4337 2087 4390 lateat

494 4420 677 4476 sciens
706 4436 736 4477 a
758 4420 941 4491 judice
970 4420 1314 4492 interrogeris
1333 4463 1349 4489 ,
1378 4424 1468 4493 qui
1499 4431 1676 4479 tamen
1703 4425 1769 4480 ad
1797 4433 2023 4480 mortem
2053 4440 2085 4479 a

492 4514 699 4585 majore
746 4523 1007 4584 potestate
1043 4515 1224 4585 jussus
1252 4524 1335 4571 est
1364 4517 1515 4587 rapi,
1565 4525 1624 4572 ut
1670 4518 1758 4573 ille
1803 4518 1892 4588 qui
1925 4518 2088 4572 inter-

492 4616 649 4677 rogat
672 4615 954 4662 exsecutor
980 4607 1049 4661 sit
1079 4606 1236 4676 legis,
1284 4624 1393 4662 non
1422 4607 1709 4663 conditor?
1734 4623 1800 4663 an
1833 4608 1953 4664 ideo
1981 4623 2087 4663 non

495 4697 601 4753 erit
616 4698 801 4753 falsum
825 4697 1186 4753 testimonium
1208 4699 1345 4767 quod
1373 4714 1469 4767 pro
1493 4700 1775 4755 innocente
1791 4700 2086 4766 mentieris,

495 4790 621 4860 quia
651 4806 750 4846 nec
779 4790 872 4846 ille
893 4790 1055 4859 judex
1083 4831 1097 4857 ,
1128 4790 1222 4845 sed
1249 4801 1532 4846 exsecutor
1559 4792 1886 4864 interrogat?
1925 4793 2084 4859 Quid,

494 4881 543 4937 si
572 4882 687 4953 ipse
715 4882 958 4939 conditor
998 4882 1129 4952 legis
1178 4881 1505 4954 interroget,
1550 4891 1641 4937 aut
1678 4883 1901 4953 quilibet
1922 4883 2086 4953 judex

497 4971 712 5043 iniquus
760 4973 825 5026 ad
871 4971 1189 5041 supplicium
1232 4988 1479 5042 quaerens
1523 4974 1905 5030 innocentem?
1960 4974 2087 5043 quid

495 5060 705 5117 facies?
747 5062 913 5117 falsus
951 5063 1100 5117 testis
1125 5103 1140 5128 ,
1184 5078 1251 5117 an
1296 5062 1535 5133 proditor
1565 5064 1715 5118 eris?
1760 5066 1842 5118 An
1870 5064 1958 5118 ille
1986 5065 2090 5119 erit

498 5154 773 5225 proditor,
824 5155 911 5223 qui
938 5154 1085 5222 justo
1122 5153 1288 5224 judici
1315 5155 1567 5211 latentem
1597 5153 1919 5209 homicidam
1950 5155 2090 5210 ultro

499 5246 791 5309 detulerit;
841 5254 896 5299 et
924 5245 1013 5299 ille
1057 5261 1163 5315 non
1191 5247 1312 5311 erit,
1358 5247 1448 5318 qui
1474 5246 1865 5317 judiciinjusto
1891 5247 1981 5303 ubi
2007 5249 2088 5303 la-

499 5348 613 5396 teat
656 5341 913 5391 innocens
958 5352 1115 5406 quem
1162 5340 1353 5408 quzerit
1404 5340 1650 5397 occidere
1675 5368 1703 5405 ,ν
1738 5339 2091 5410 interroganti

500 5427 822 5487 indicaverit
869 5442 991 5481 eum
1038 5428 1126 5498 qui
1175 5444 1235 5482 se
1278 5428 1401 5486 fidei
1428 5430 1543 5501 ejus
1580 5431 1962 5487 commiserat?
2007 5431 2090 5486 An

502 5522 648 5578 inter
672 5520 875 5579 crimen
904 5518 1020 5575 falsi
1046 5519 1340 5576 testimonii
1366 5532 1418 5576 et
1444 5522 1761 5593 proditionis
1784 5522 1977 5578 dubius
2003 5521 2089 5576 in-

503 5624 786 5685 certusque
811 5613 1151 5669 remanebis?
1193 5616 1275 5668 An
1308 5616 1529 5671 tacendo
1552 5656 1566 5684 ,
1597 5617 1680 5672 vel
1717 5616 2018 5685 profitendo
2040 5626 2091 5669 te

503 5722 613 5764 non
659 5724 779 5764 csse
818 5709 1080 5763 dicturum
1107 5750 1121 5776 ,
1169 5716 1349 5763 certus
1392 5716 1673 5780 utrumque
1712 5709 1938 5764 vitabis?
1985 5709 2092 5765 Cur

501 5814 634 5872 ergo
658 5814 765 5860 non
790 5800 892 5857 hoc
918 5799 1123 5873 facias,
1166 5800 1480 5870 priusquam
1512 5799 1579 5860 ad
1616 5799 1852 5872 iudicem
1880 5802 2089 5876 venias,

1633 345 1719 399 DE
1760 337 2130 409 MENDACIO,
2157 339 2213 395 S‘.
2257 340 2623 424 AUGUSTINI

3651 342 3756 404 504

2176 463 2235 510 ιιι
2256 470 2444 512 caveas
2464 457 2621 511 etiam
2641 455 2976 511 mendacium
2994 455 3254 513 ?‘Evitato
3282 454 3424 512 enim
3452 458 3755 532 mendacio,

2172 561 2331 603 omne
2358 548 2715 603 testimonium
2746 548 2932 602 falsum
2960 547 3212 619 ell‘ugies;
3257 550 3371 606 sive
3402 565 3564 609 omne
3604 568 3761 611 men-

2173 638 2381 694 dacium
2407 643 2474 696 sit
2499 641 2690 697 falsum
2718 642 3099 709 testimonium,
3133 644 3245 700 sive
3272 658 3379 699 non
3405 660 3566 702 omne
3597 662 3612 701 :
3642 649 3758 705 evi-

2176 742 2285 788 tato
2331 742 2509 787 autem
2555 734 2689 789 falso
2730 734 3035 790 testimonio
3070 734 3210 807 quod
3248 746 3301 791 tu
3327 751 3448 793 esse
3487 738 3758 812 intelligis,

2176 842 2282 881 non
2311 826 2533 897 effugies
2562 842 2721 883 omne
2761 828 3118 885 mendacium.
3150 830 3362 899 Quanto
3392 847 3519 904 ergo
3544 832 3761 904 fortius,

2175 928 2373 990 quanto
2400 922 2746 979 excellentius
2768 922 2915 981 dices
2943 942 2956 978 :
2984 924 3092 979 Nec
3108 925 3348 995 prodam,
3372 941 3471 983 nec
3494 929 3761 986 mentiar?

2246 1013 2334 1068 25.
2388 1013 2538 1069 Fecit
2586 1015 2687 1071 hoc
2713 1016 2995 1087 episcopus
3020 1016 3287 1087 quondam
3340 1016 3717 1090 Thagastensis
3741 1022 3761 1055 ⁸

2176 1105 2461 1172 Εοειθεὶω,
2501 1105 2709 1161 Firmus
2762 1107 3005 1172 nomine,
3045 1109 3247 1163 firmior
3299 1108 3593 1166 voluntate.
3621 1110 3758 1169 Nam

2175 1210 2296 1250 cum
2324 1194 2390 1249 ab
2420 1211 2485 1250 eo
2524 1205 2856 1266 quiereretur
2902 1196 3063 1252 homo
3094 1197 3246 1268 jussu
3287 1198 3627 1268 Imperatoris
3664 1216 3763 1272 per

2176 1290 2511 1359 apparitores
2535 1289 2603 1344 ab
2640 1305 2706 1345 eo
2732 1291 2925 1346 missos
2945 1332 2959 1357 ,
3002 1280 3159 1361 quem
3184 1290 3249 1345 ad
3278 1306 3336 1346 se
3365 1292 3762 1364 eonfugientem

2177 1380 2451 1450 diligentia
2470 1390 2665 1451 quanta
2697 1392 2906 1451 poterat
2933 1383 3274 1449 occultabat;
3312 1385 3591 1455 respondit
3613 1401 3762 1456 quat-

2177 1470 2418 1526 rentibus
2458 1486 2558 1527 nec
2585 1472 2796 1527 mentiri
2841 1488 2900 1527 se
2937 1487 3097 1545 posse
3122 1514 3136 1537 ,
3177 1488 3276 1528 nec
3320 1473 3589 1530 hominem
3638 1490 3763 1546 pro-

2177 1564 2334 1629 dere,
2378 1579 2671 1635 passusque
2708 1577 2816 1619 tam
2852 1566 3019 1621 multa
3047 1574 3309 1621 tormenta
3335 1568 3577 1637 corporis
3606 1568 3761 1641 (non-

2178 1656 2303 1712 dum
2326 1658 2468 1712 enim
2505 1666 2657 1712 erant
2698 1656 3052 1729 Imperatores
3089 1657 3388 1729 christiani)
3413 1700 3427 1724 ,
3474 1661 3764 1729 permansit

2179 1751 2232 1808 in
2262 1754 2543 1809 sententia.
2594 1753 2794 1809 Deinde
2823 1752 2889 1809 ad
2930 1753 3313 1825 Imperatorem
3339 1753 3529 1809 ductus
3550 1796 3564 1819 ,
3594 1769 3765 1824 usque

2179 1846 2598 1903 adeo'mirabilis
2636 1847 2901 1920 apparuit,
2931 1855 2992 1902 ut
3026 1847 3142 1918 ipse
3169 1847 3368 1901 homini
3396 1861 3554 1918 quem
3579 1858 3767 1903 serva-

2178 1938 2306 2006 bat,
2357 1938 2740 2008 indulgentiam
2779 1938 2897 1993 sine
2944 1938 3050 1993 ulla
3092 1935 3404 1994 difficultate
3430 1939 3760 2008 impetraret.

2179 2031 2315 2100 Quid
2346 2033 2447 2087 hoc
2472 2031 2587 2087 fieri
2619 2041 2800 2103 potest
2848 2030 3034 2087 fortius
3072 2040 3231 2103 atque
3259 2032 3630 2088 constantius?
3657 2030 3766 2089 Sed

2180 2124 2255 2179 ait
2284 2126 2562 2195 quisquam
2586 2125 2820 2180 timidior
2851 2143 2865 2179 :
2898 2125 3118 2180 Paratus
3140 2140 3259 2182 esse
3283 2140 3495 2195 possum
3524 2126 3591 2181 ad
3617 2142 3767 2198 quaa-

2180 2214 2310 2271 libet
2339 2215 2554 2271 ferenda
2579 2225 2860 2282 tormenta,
2891 2216 2973 2272 vel
2994 2217 3149 2271 etiam
3179 2225 3406 2272 mortem
3431 2216 3760 2287 obeundam,

2181 2323 2250 2363 ne
2292 2323 2509 2379 peccem
2541 2327 2554 2363 :
2585 2324 2707 2364 cum
2751 2317 2928 2364 autem
2957 2316 3369 2379 peccatum'non
3404 2308 3472 2363 sit
3502 2309 3572 2362 ita
3610 2324 3769 2365 men-

2183 2400 2304 2467 tiri,
2340 2408 2399 2456 ut
2421 2416 2594 2472 neque
2622 2402 2867 2472 cuiquam
2893 2399 3037 2455 obsis
3061 2441 3078 2467 ,
3120 2413 3293 2469 neque
3314 2400 3499 2454 I'alsum
3524 2401 3771 2457 testimo-

2182 2491 2333 2547 nium
2358 2491 2524 2559 dicas,
2556 2501 2613 2548 et
2657 2493 2829 2563 prosis
2869 2491 3069 2555 alicui;
3120 2490 3340 2546 stultum
3389 2501 3472 2546 est
3509 2500 3563 2546 et
3604 2506 3770 2562 grave

2183 2592 2494 2655 peccatum,
2538 2583 2832 2640 voluntaria
2874 2582 3070 2638 frustra
3102 2584 3366 2638 sustinere
3391 2590 3674 2649 tormenta,
3715 2593 3769 2641 et

2184 2678 2422 2735 fortassis
2451 2679 2638 2735 utilem
2665 2680 2889 2735 salutem
2920 2694 2983 2734 ac
3012 2679 3173 2733 vitam
3211 2679 3476 2734 incassum
3507 2679 3771 2735 saevienti-

2184 2772 2282 2828 bus
2302 2772 2579 2843 projicere.
2611 2777 2655 2826 Α
2679 2787 2785 2842 quo
2809 2787 2992 2843 quaero
3009 2786 3104 2827 cur
3130 2773 3312 2827 timeat
3340 2771 3482 2842 quod
3511 2774 3765 2843 scriptum
3792 2780 3795 2787 '

2184 2873 2289 2931 est,
2309 2862 2525 2917 Falsum
2559 2864 2895 2919 testimonium
2940 2878 3041 2917 non
3081 2864 3215 2918 dices
3251 2860 3447 2933 (Exod.
3486 2877 3559 2916 xx
3584 2904 3599 2929 ,
3634 2862 3763 2935 16);

2184 2965 2369 3015 etnon
2392 2956 2576 3011 timeat
2598 2956 2740 3026 quod
2764 2956 2873 3011 Deo
2898 2954 3101 3010 dictum
3126 2963 3209 3010 ρει
3232 2995 3246 3019 ,
3281 2952 3473 3008 Perdes
3492 2968 3660 3010 omnes
3686 2955 3770 3025 qui

2186 3048 2463 3118 loquuntur
2486 3047 2802 3102 mendacium
2828 3046 3001 3119 (Psal.
3032 3063 3065 3101 ν
3085 3088 3099 3112 ,
3128 3045 3220 3119 7)?
3261 3044 3376 3100 Non
3396 3087 3411 3111 ,
3445 3044 3615 3115 inquit
3639 3046 3766 3101 scri-

2186 3150 2337 3212 ptum
2366 3147 2482 3205 est,
2515 3138 2688 3195 Omne
2713 3140 3047 3196 mendacium
3076 3155 3089 3193 :
3122 3138 3217 3193 sed
3248 3138 3319 3194 ita
3348 3137 3607 3209 intelligo,
3632 3153 3695 3194 ac
3722 3138 3767 3196 εἰ

2186 3234 2258 3290 sit
2282 3233 2541 3303 scriptum
2571 3275 2588 3301 ,
2618 3232 2816 3289 Perdes
2841 3246 3028 3287 omnes
3050 3231 3138 3301 qui
3169 3232 3458 3302 loquuntur
3481 3230 3670 3286 falsum
3697 3239 3775 3287 te-

2186 3327 2518 3382 stimonium.
2544 3326 2615 3381 At
2643 3338 2741 3380 nec
2779 3323 2848 3378 ibi
2886 3322 3086 3378 dictum
3112 3330 3229 3389 est,
3274 3321 3444 3378 Omne
3468 3321 3661 3378 falsum
3688 3329 3773 3378 te-

2188 3418 2520 3474 stimonium.
2570 3415 2675 3472 Sed
2707 3415 2777 3471 ibi
2803 3415 3030 3485 positum
3058 3423 3139 3469 est
3163 3454 3177 3481 ,
3220 3413 3422 3485 inquit,
3464 3414 3553 3469 ubi
3583 3423 3772 3470 caetera

2186 3524 2306 3581 qua:
2334 3508 2480 3563 omni
2524 3507 2684 3563 modo
2711 3506 2850 3562 mala
2888 3516 3031 3561 sunt.
3081 3505 3349 3576 Numquid
3380 3515 3435 3560 et
3474 3506 3602 3563 illud
3632 3506 3772 3576 quod

2187 3603 2260 3660 ibi
2285 3611 2397 3669 est,
2428 3600 2551 3656 Non
2592 3601 2788 3655 occides
2817 3598 3010 3671 (Exod.
3041 3614 3141 3665 xx,
3175 3598 3308 3668 l3)!
3355 3598 3507 3667 Quod
3545 3600 3591 3655 si
3628 3599 3775 3654 omni

2189 3694 2349 3752 modo
2376 3693 2573 3748 malum
2600 3700 2720 3757 est,
2763 3690 3031 3761 quomodo
3073 3690 3140 3744 ab
3172 3690 3273 3746 hoc
3300 3691 3523 3746 crimine
3555 3705 3778 3746 excusa-

2188 3788 2386 3844 buntur
2422 3785 2587 3855 justi,
2637 3783 2726 3853 qui
2765 3791 2883 3852 post
2925 3782 3094 3851 legem
3128 3780 3307 3836 datam
3349 3782 3543 3836 multos
3569 3783 3778 3837 occide-

2188 3878 2356 3937 runt?
2399 3876 2507 3933 Sed
2552 3873 2902 3944 respondetur
2943 3871 3083 3942 quod
3127 3887 3231 3926 non
3272 3872 3387 3942 ipse
3420 3872 3656 3939 occidat,
3686 3872 3779 3943 qui

2184 3971 2316 4045 justi
2357 3968 2580 4038 alicujus
2611 3966 2861 4036 praecepti
2902 3963 3147 4019 minister
3172 3972 3275 4018 est.
3330 3962 3528 4017 Horum
3558 3976 3687 4033 ergo
3711 3964 3778 4018 ti-

2190 4078 2398 4121 morem
2419 4063 2496 4118 sic
2522 4060 2742 4128 accipio,
2769 4066 2829 4112 ut
2856 4066 3031 4112 tamen
3055 4056 3199 4111 illuni
3228 4053 3545 4110 laudabilem
3577 4054 3773 4123 virum,

2190 4156 2280 4226 qui
2328 4168 2427 4209 nec
2467 4150 2679 4208 mentiri
2722 4150 2887 4205 voluit
2911 4189 2924 4212 ,
2970 4162 3070 4204 nec
3108 4147 3377 4203 hominem
3404 4145 3670 4215 prodere,
3718 4156 3775 4216 et

2192 4248 2383 4305 melius
2417 4246 2648 4302 arbitrer
2681 4242 3008 4298 intellexisse
3030 4239 3172 4311 quod
3198 4240 3451 4311 scriptum
3478 4248 3590 4309 est,
3620 4248 3675 4295 et
3701 4240 3781 4295 in-

2193 4339 2465 4393 tellectum
2491 4335 2697 4390 fortiter
2728 4334 3053 4403 implevisse.

2264 4428 2351 4484 24.
2382 4427 2487 4484 Sed
2513 4426 2720 4481 venitur
2741 4422 3029 4494 aliquando
3052 4422 3117 4478 ad
3150 4421 3446 4493 hujusmodi
3467 4421 3774 4491 articulum,

2193 4529 2386 4576 utnon
2416 4519 2809 4588 interrogemur
2838 4515 2926 4570 ubi
2956 4515 3025 4569 sit
3052 4514 3142 4570 ille
3179 4513 3269 4584 qui
3294 4512 3580 4583 quaeritur,
3610 4529 3783 4584 neque

2194 4625 2447 4681 cogamur
2475 4616 2535 4663 ut
2557 4623 2679 4664 eum
2716 4606 3001 4678 prodamus
3024 4646 3039 4672 ,
3085 4605 3129 4659 si
3160 4604 3237 4660 sic
3256 4604 3549 4659 occultatus
3576 4615 3658 4659 est
3681 4645 3696 4671 ,
3730 4614 3785 4660 ut

2195 4701 2428 4758 inveniri
2467 4700 2621 4755 facile
2664 4699 2766 4754 nisi
2818 4697 3058 4768 proditus
3096 4706 3329 4768 nequeat
3362 4715 3375 4751 :
3408 4697 3502 4753 sed
3529 4700 3783 4768 qumritur

2194 4808 2225 4846 a
2250 4791 2405 4846 nobis
2434 4799 2611 4845 utrum
2656 4788 2747 4844 illo
2792 4788 2912 4844 loco
2944 4787 3041 4855 sit,
3089 4802 3156 4841 an
3195 4801 3301 4842 non
3328 4787 3418 4843 sit.
3462 4787 3562 4843 Ubi
3591 4788 3635 4842 si
3662 4802 3782 4842 eum

2195 4900 2317 4943 esse
2354 4885 2553 4939 scimus
2576 4923 2590 4948 ,
2637 4882 2864 4939 tacendo
2892 4897 3013 4937 eum
3060 4880 3369 4951 prodimus;
3411 4882 3494 4937 vel
3520 4882 3677 4937 etiam
3705 4881 3785 4936 di-

2196 4976 2368 5032 cendo
2419 4991 2750 5047 nequaquam
2789 4990 2887 5030 nos
2913 4989 3034 5030 esse
3061 4973 3301 5030 dicturos
3328 5015 3344 5040 ,
3388 4984 3563 5029 utrum
3596 4974 3665 5029 ibi
3695 4976 3781 5041 sit,

2196 5083 2263 5122 an
2291 5082 2396 5122 non
2425 5067 2493 5121 sit
2526 5085 2539 5120 :
2573 5082 2638 5121 ex
2668 5067 2768 5121 hoc
2791 5066 2936 5121 enim
2968 5065 3168 5137 colligit
3202 5066 3291 5121 ille
3320 5065 3409 5134 qui
3449 5066 3672 5134 quaerit,
3714 5065 3784 5119 ibi

2196 5175 2317 5214 eum
2358 5173 2476 5214 esse
2501 5200 2515 5223 ,
2562 5157 2649 5212 ubi
2690 5158 2735 5211 si
2782 5172 2888 5213 non
2930 5166 3113 5225 esset,
3164 5157 3294 5211 nihil
3331 5155 3471 5211 aliud
3508 5157 3576 5211 ab
3605 5171 3669 5211 eo
3694 5158 3785 5227 qui

2196 5249 2409 5306 mentiri
2436 5250 2601 5305 nollet
2623 5292 2636 5316 ,
2671 5263 2770 5304 nec
2799 5248 3069 5305 hominem
3097 5248 3323 5319 prodere
3346 5291 3361 5316 ,
3401 5248 3503 5302 nisi
3533 5264 3654 5303 eum
3677 5262 3785 5303 non

2199 5343 2269 5396 ibi
2292 5357 2410 5397 esse
2435 5340 2872 5413 responderetur.
2920 5340 2994 5396 Ita
3022 5356 3119 5412 per
3141 5350 3377 5396 nostram
3404 5340 3488 5396 vel
3515 5339 3785 5394 taciturni-

2200 5441 2360 5489 tatem
2398 5434 2483 5488 vel
2533 5433 2655 5487 talia
2700 5432 2861 5487 verba
2911 5432 3071 5486 homo
3100 5432 3379 5501 proditur,
3411 5440 3469 5485 nt
3509 5431 3669 5485 intret
3698 5431 3785 5499 qui

2198 5526 2409 5596 quaerit,
2431 5525 2475 5579 si
2524 5532 2842 5594 potestatem
2890 5522 3083 5590 habet,
3131 5532 3183 5577 et
3225 5523 3461 5577 inveniat
3500 5536 3623 5576 eum
3658 5519 3787 5589 :qui

2202 5626 2374 5671 tamen
2420 5615 2487 5670 ab
2534 5614 2650 5685 ejus
2700 5614 3005 5669 inventione
3051 5611 3333 5670 mendacio
3378 5623 3560 5668 nostro
3606 5618 3785 5683 posset

2263 5754 2281 5784 ί
2316 5759 2366 5801 ιιι
2390 5752 2547 5800 veteri
2567 5750 2878 5820 gerulancnsi
2902 5749 3099 5810 codice,
3129 5748 3455 5812 Tltagasmsis.
3499 5758 3546 5804 ιιι
3591 5749 3787 5801 Colber-

2204 5816 2320 5878 tino,
2344 5816 2629 5877 Tegasensts.
