4122 6212
295 292 396 367 505

294 411 486 471 averti.
535 410 874 482 Quapropter
898 409 945 466 si
969 408 1147 468 nescis
1184 409 1272 468 ubi
1299 408 1369 468 sit
1387 450 1404 477 ,
1435 408 1584 466 nulla
1607 416 1694 465 est
1721 419 1882 463 causa

293 504 630 567 occultanda:
675 504 916 572 veritatis
936 544 954 572 ,
990 503 1088 560 sed
1136 512 1190 560 te
1220 503 1429 559 nescire
1470 500 1740 557 fatendum
1779 506 1883 555 est.

295 603 349 662 Si
373 609 558 661 autem
588 598 696 656 scis
724 593 814 654 ubi
839 597 946 665 sit,
989 599 1105 655 sive
1141 596 1214 653 ibi
1243 596 1313 653 sit
1346 596 1434 651 ubi
1461 594 1746 666 quaeritur,
1773 591 1888 647 sive

296 692 420 750 alibi
444 710 463 760 ;
485 707 596 747 non
625 698 710 746 est
731 688 1041 756 dicendum,
1067 703 1190 744 cum
1214 688 1497 758 quaesitum
1521 685 1680 741 fuerit
1710 692 1887 739 utrum

296 785 363 842 ibi
405 784 481 841 sit
500 824 514 848 ,
557 798 628 839 an
652 796 763 839 non
790 781 899 849 sit,
923 779 1045 838 Non
1079 780 1200 837 dico
1224 778 1366 850 quod
1408 778 1605 850 qumris
1637 795 1651 833 :
1682 775 1778 832 sed
1802 775 1887 832 di-

294 875 561 942 cendum,
588 872 713 930 Scio
739 872 942 947 ubisit,
969 871 1065 927 sed
1100 885 1372 942 nunquam
1400 867 1728 927 monstrabo.
1756 864 1891 923 Nam

295 966 336 1023 si
361 966 432 1023 de
456 980 564 1021 uno
606 964 727 1022 loco
767 978 873 1025 non
911 962 1239 1033 respondeas
1261 1002 1277 1027 ,
1307 970 1362 1019 et
1390 970 1444 1016 te
1486 974 1592 1015 non
1623 974 1744 1016 esse
1770 974 1893 1030 pro-

295 1059 528 1117 diturum
560 1056 807 1122 fatearis;
853 1055 957 1111 tale
984 1063 1071 1111 est
1095 1069 1160 1109 ac
1183 1056 1226 1109 si
1254 1052 1501 1110 eumdem
1528 1053 1701 1123 locum
1726 1050 1893 1121 digito

296 1149 591 1211 ostendas:
622 1156 868 1207 movetur
909 1145 1055 1202 enim
1105 1154 1250 1202 certa
1303 1143 1554 1215 suspicio.
1612 1142 1668 1197 Si
1712 1149 1890 1197 autem

298 1244 475 1316 primo
498 1242 721 1300 fatearis
749 1247 803 1296 te
827 1240 967 1296 scire
987 1239 1075 1295 ubi
1104 1239 1195 1303 sit,
1218 1237 1313 1294 sed
1341 1252 1445 1292 non
1477 1236 1691 1301 dicere;
1722 1242 1895 1304 potest

299 1335 529 1392 fortasse
547 1335 617 1393 ab
642 1334 743 1390 illo
772 1333 892 1389 loco
919 1330 1203 1402 inquisitor
1227 1329 1397 1384 averti
1422 1369 1439 1397 ,
1470 1338 1525 1384 et
1554 1328 1644 1383 tibi
1669 1327 1779 1397 jam
1810 1327 1893 1381 in-

297 1429 574 1495 cumhere,
604 1426 771 1486 utubi
793 1432 877 1481 est
904 1438 935 1479 a
964 1432 1017 1478 te
1046 1421 1322 1493 prodatur.
1351 1420 1457 1477 Pro
1477 1435 1581 1490 qua
1606 1419 1709 1475 lide
1735 1426 1893 1487 atque

300 1520 630 1579 humanitate
650 1514 913 1589 quidquid
942 1513 1153 1569 fortiter
1184 1511 1371 1567 tuleris
1396 1553 1410 1577 ,
1444 1525 1551 1564 non
1578 1509 1754 1563 solum
1785 1521 1892 1562 non

298 1610 562 1681 culpabile
586 1648 602 1675 ,
650 1606 958 1664 sedetiam
1000 1602 1266 1659 laudabile
1299 1601 1568 1673 judicatur
1607 1619 1621 1655 :
1656 1598 1894 1669 exceptis

301 1703 555 1761 duntaxat
604 1700 689 1775 his
714 1713 834 1771 quae
866 1698 913 1754 si
956 1711 1146 1769 passus
1170 1696 1327 1752 fuerit
1358 1694 1521 1750 homo
1544 1734 1559 1757 ,
1606 1704 1713 1748 non
1741 1691 1893 1747 forti-

304 1805 382 1850 ter
405 1836 421 1861 ,
463 1793 560 1849 sed
607 1790 876 1862 impudice
903 1788 1231 1859 aciturpiter
1257 1787 1365 1858 pati
1407 1786 1620 1841 dicitur.
1673 1783 1785 1839 Hoc
1811 1791 1896 1839 est

302 1888 444 1943 enim
474 1887 724 1945 ultimum
762 1881 1138 1948 mendacium,
1189 1879 1258 1936 de
1295 1893 1401 1950 quo
1443 1876 1750 1949 diligentius
1790 1883 1898 1931 tra-

305 1978 557 2033 ctandum
583 1986 688 2034 est.
1024 2012 1027 2017 -
1316 2010 1319 2011 ν
1543 2032 1549 2038 .

369 2066 600 2127 CAPUT
622 2068 762 2125 XIV.
781 2097 857 2111 —
873 2067 966 2124 25.
982 2066 1368 2123 Hendaciorttm
1394 2073 1507 2121 octo
1522 2079 1729 2137 genera.
1760 2062 1895 2118 Nam

306 2162 535 2232 primum
548 2168 645 2217 rest
662 2160 737 2219 ad
765 2160 1073 2217 evitandum
1102 2159 1328 2230 capitale
1357 2157 1692 2213 mendacium
1715 2156 1897 2226 longe-

306 2269 421 2324 que!
448 2252 793 2324 fugiendum,
837 2251 981 2323 quod
1020 2252 1078 2307 lit
1117 2253 1171 2307 in
1209 2251 1451 2307 doctrina
1491 2249 1762 2320 religionis
1792 2247 1896 2303 :ad

306 2345 445 2415 quod
487 2339 828 2403 mendacium
866 2344 1011 2400 nulla
1049 2343 1361 2399 conditione
1405 2343 1689 2414 quisquam
1739 2338 1898 2395 debet

307 2436 518 2499 adduci.
557 2436 864 2497 Secundum
898 2443 1113 2503 autem,
1141 2445 1203 2492 ut
1222 2435 1454 2506 aliquem
1484 2433 1640 2489 laedat
1662 2431 1893 2503 injuste:

308 2531 447 2602 quod
475 2531 585 2588 tale
609 2538 712 2597 est,
743 2538 801 2585 ut
823 2538 880 2588 et
900 2529 1029 2585 nulli
1059 2529 1265 2599 prosit,
1304 2534 1362 2584 et
1387 2527 1529 2582 obsit
1547 2525 1727 2581 alicui.
1760 2523 1898 2580 Ter-

307 2626 437 2681 tium
449 2652 475 2693 ,ι
512 2624 658 2696 quod
684 2624 756 2679 ita
786 2623 1005 2695 prodest
1024 2620 1178 2677 alteri
1198 2663 1212 2686 ,
1242 2627 1302 2675 ut
1323 2620 1469 2674 obsit
1489 2617 1645 2674 alteri
1670 2658 1686 2683 ,
1713 2630 1902 2687 quam-

307 2719 386 2774 vis
410 2718 611 2775 nonad
642 2716 1029 2791 immunditiam
1058 2715 1201 2771 obsit
1222 2711 1579 2783 corporalem.
1617 2710 1897 2779 Quartum,

307 2810 445 2882 quod
473 2812 535 2865 lit
574 2811 687 2867 sola
735 2808 1029 2869 mentiendi
1074 2804 1399 2876 fallendique
1442 2804 1661 2859 libidine
1690 2843 1706 2870 ,
1757 2800 1900 2873 quod

309 2918 514 2961 merum
545 2902 880 2959 mendacium
920 2909 1035 2958 est.
1068 2886 1325 2969 Quintum
1349 2940 1363 2963 ,
1396 2897 1537 2968 quod
1566 2895 1624 2952 lit
1656 2893 1900 2966 placendi

308 2995 601 3067 cupiditati
636 2994 706 3050 de
738 2994 1099 3063 auaviloquio.
1145 2991 1240 3046 His
1267 2988 1518 3046 omnibus
1542 2987 1755 3060 penitus
1782 2985 1900 3041 evi-

311 3089 431 3145 tatis
454 3096 617 3157 atque
651 3085 865 3157 rejectis
887 3124 903 3152 ,
947 3083 1189 3154 sequitur
1214 3090 1423 3138 sextum
1446 3092 1617 3149 genus
1639 3120 1654 3146 ,
1681 3075 1821 3148 quod
1848 3084 1904 3131 et

310 3180 443 3237 nulli
464 3180 657 3243 obest,
696 3187 752 3233 et
775 3175 993 3247 prodest
1026 3173 1187 3232 alicui
1216 3191 1232 3228 :
1265 3173 1412 3228 velut
1436 3170 1483 3225 si
1509 3167 1771 3240 quispiam
1801 3181 1900 3238 pe-

310 3273 520 3327 cuniam
561 3268 795 3339 alicujus
834 3266 1032 3337 injuste
1076 3264 1366 3322 tollendam
1393 3304 1409 3331 ,
1461 3262 1640 3318 sciens
1683 3260 1771 3315 ubi
1808 3258 1898 3327 sit,

312 3363 524 3423 nescire
544 3376 610 3419 se
635 3361 927 3417 mentiatur
946 3372 1285 3428 quocumque
1312 3357 1692 3426 interrogante.
1721 3351 1901 3424 Septi-

311 3468 480 3522 mum,
519 3452 740 3525 quod-et
766 3450 907 3511 nulli‘
919 3450 1071 3507 obest
1087 3490 1102 3516 ,
1126 3457 1182 3505 et
1205 3448 1423 3519 prodest
1446 3447 1602 3504 alicui
1633 3463 1648 3501 :
1675 3453 1929 3515 excepto

310 3547 355 3603 si
395 3545 568 3617 judex
631 3544 969 3613 interrogat:
1001 3541 1153 3597 velut
1191 3540 1236 3594 si
1285 3540 1472 3594 nolens
1516 3537 1788 3593 hominem
1833 3534 1898 3590 ad

309 3645 539 3693 mortem
561 3633 845 3705 quaesitam)
880 3630 1148 3703 prodere,
1196 3628 1528 3693 mentiatur;
1574 3626 1899 3682 non-solum

305 3726 506 3798 justum
550 3734 712 3795 atque
738 3723 1076 3779 innocentem
1101 3763 1116 3790 ,
1148 3720 1243 3776 sed
1280 3728 1335 3776 et
1378 3734 1528 3776 reum
1554 3736 1571 3785 ;
1603 3719 1728 3790 quia
1755 3717 1894 3773 chri-

310 3820 498 3875 stiana:
523 3817 821 3888 disciplina:
847 3816 950 3883 sit,
998 3824 1061 3871 ut
1105 3826 1278 3886 neque
1311 3813 1381 3870 de
1421 3815 1734 3884 cujusquam
1774 3825 1899 3868 cor-

311 3911 549 3968 rectione
572 3908 921 3979 desperetur,
966 3918 1142 3977 neque
1175 3908 1424 3976 cuiquam
1464 3903 1756 3975 paenitendi
1802 3901 1895 3957 ad-

311 4002 417 4058 itus
438 3998 871 4057 intercludatur‘.
899 3996 979 4053 De
998 3997 1192 4068 quibus
1218 3995 1426 4050 duobus
1447 3994 1897 4066 generibus,-quas

310 4093 487 4150 saltant
508 4092 710 4149 habere
732 4104 978 4161 magnam
1022 4084 1440 4144 controversiam
1462 4127 1478 4151 ,
1524 4086 1656 4142 satis
1700 4092 1899 4141 tracta-

309 4184 515 4251 vimus,
555 4192 611 4240 et
636 4181 762 4254 quid
788 4180 944 4237 nobis
966 4180 1206 4250 placeret
1243 4177 1576 4233 ostendimus
1602 4195 1616 4233 :
1646 4184 1703 4232 ut
1732 4177 1899 4232 susci-

312 4273 525 4347 piendis
573 4270 1100 4329 incommoditatibus
1122 4311 1138 4336 ,
1177 4283 1298 4339 quae
1339 4267 1564 4323 honeste
1591 4281 1656 4323 ac
1690 4267 1901 4323 fortiter

314 4367 613 4424 tolerantur
631 4405 646 4431 ,
674 4363 793 4420 hate
810 4378 1031 4434 quoque
1052 4374 1252 4433 genera
1276 4359 1584 4416 devitentur
1610 4373 1641 4414 a
1672 4360 1898 4415 fortibus

311 4468 364 4516 et
404 4457 656 4517 fidelibus
700 4466 756 4513 et
793 4455 1072 4512 veracibus
1099 4453 1231 4509 viris
1256 4467 1321 4508 ac
1360 4450 1590 4507 feminis.
1636 4449 1897 4506 Octavum

311 4559 393 4606 est
412 4564 588 4623 genus
616 4546 914 4615 mendacii,
944 4545 1086 4618 quod
1127 4554 1182 4600 et
1223 4543 1355 4600 nulli
1388 4543 1584 4609 obest,
1615 4550 1670 4599 et
1702 4541 1769 4598 ad
1799 4542 1901 4599 hoc

314 4641 551 4713 prodest,
582 4648 640 4697 ut
661 4639 739 4695 ab
756 4637 1091 4695 inmunditia
1115 4636 1383 4708 corporali
1404 4635 1634 4706 aliquem
1667 4642 1897 4702 tueatur,

312 4734 568 4790 duntaxat
595 4746 658 4788 ea
683 4745 844 4802 quam
887 4730 1133 4801 superius
1166 4729 1722 4785 commemoravimus.
1767 4726 1898 4781 Nam

314 4826 471 4881 etiam
508 4839 627 4881 non
663 4823 790 4878 lotis
818 4822 1061 4879 manibus
1092 4819 1423 4876 manducare
1445 4862 1460 4886 ,
1512 4816 1898 4874 immunditiam

313 4919 566 4987 putabant
604 4914 781 4971 Judmi
816 4913 1026 4985 (Matth.
1054 4926 1127 4967 xv
1152 4952 1167 4978 ,
1194 4911 1267 4978 2,
1294 4911 1409 4981 20).
1454 4911 1561 4966 Aut
1597 4911 1642 4965 si
1672 4916 1728 4965 et
1763 4908 1902 4964 hanc

314 5008 587 5078 quisquam
615 5004 1000 5061 immunditiam
1029 5009 1212 5066 vocat;
1250 5015 1355 5055 non
1379 5008 1553 5055 tamen
1579 5001 1738 5056 talem
1760 5043 1774 5065 ,
1801 5014 1900 5070 pro
1922 4995 1928 5001 ’

313 5116 412 5173 qua
435 5100 681 5158 evitanda
706 5096 1074 5156 mentiendum
1115 5093 1203 5149 sit.
1253 5092 1310 5150 Si
1343 5103 1520 5149 autem
1564 5088 1897 5163 mendacium

316 5192 419 5248 tale
442 5200 557 5259 est,
592 5190 742 5262 quod
768 5190 927 5246 alicui
959 5187 1119 5243 faciat
1155 5185 1678 5255 injuriam‘;'etiamsi
1704 5183 1772 5239 ab
1802 5185 1899 5239 hac

314 5282 644 5340 immunditia
667 5325 685 5351 ,
728 5298 888 5354 qnam
912 5294 1107 5338 omnes
1128 5278 1370 5335 homines
1398 5277 1683 5333 abhorrent
1713 5292 1774 5333 ac
1800 5278 1898 5334 de-

314 5382 609 5439 testantur,
654 5373 859 5429 muniat
904 5371 1176 5428 hominem
1192 5380 1214 5434 ';
1259 5377 1435 5424 utrum
1467 5376 1522 5424 et
1566 5364 1667 5424 hoc
1699 5384 1899 5439 genere

311 5464 677 5523 mentiendum
702 5465 779 5520 sit
802 5506 820 5532 ,
860 5464 908 5520 si
937 5463 1059 5520 talis
1087 5452 1178 5518 ﬂat
1199 5456 1391 5532 injuria
1420 5474 1514 5530 per
1541 5461 1895 5526 mendacium,

374 5580 393 5613 ⁸
427 5578 572 5642 Lugd.
608 5577 814 5642 omittit,
850 5582 1060 5642 Excepto
1088 5575 1134 5629 si
1156 5574 1319 5639 judea:
1360 5572 1654 5642 interrogat,
1682 5583 1734 5626 et
1763 5578 1902 5642 uncis

510 5638 718 5704 λίνω»
735 5638 1022 5704 sequentia.
1046 5638 1165 5704 quas
1426 5638 1645 5704 praeterit
1665 5639 1896 5704 omnino:

299 5703 451 5816 ἔξω
466 5702 695 5815 gnatm:
727 5698 1082 5777 honﬁncm.....'
1105 5698 1366 5768 pam‘tmdt'
1410 5698 1570 5752 dditur
1599 5698 1899 5752 intercluda-

1717 283 1921 347 LlBER
1962 283 2159 351 UNUS.

1991 423 2114 478 quae
2151 424 2256 468 non
2285 410 2356 468 sit
2382 410 2435 468 in
2462 426 2530 469 eo
2555 425 2753 485 genere
2781 410 3130 473 immunditiaa
3150 458 3168 487 ,
3197 412 3269 490 de
3306 432 3414 492 quo
3438 432 3584 475 nunc

1993 501 2218 572 agimus,
2246 503 2346 559 alia
2375 506 2599 575 quzestio
2623 515 2708 563 est
2733 524 2747 561 :
2775 523 2880 564 non
2910 510 3052 564 enim
3077 510 3189 580 jam
3218 508 3286 567 de
3306 511 3586 568 mendacio

1993 588 2283 663 quaeritur;
2315 595 2409 651 sed
2437 599 2694 667 quaeritur
2719 609 2894 654 utrum
2938 600 3095 656 alicui
3131 600 3367 657 facienda
3394 603 3464 659 sit
3498 602 3588 659 in-

1991 682 2131 754 juria
2154 687 2316 741 etiam
2346 703 2452 742 non
2478 703 2572 758 per
2595 690 2930 746 mendacium
2952 734 2966 757 ,
2994 701 3054 746 ut
3077 692 3163 746 illa
3190 694 3256 748 ab
3276 695 3446 748 altero
3477 693 3587 751 im-

1997 777 2253 834 munditia
2294 779 2610 850 depellatur.
2665 783 2817 852 Quod
2863 785 3008 839 nullo
3051 787 3209 840 modo
3253 788 3584 857 putaverim:

1996 886 2296 943 quanquam
2324 884 2688 945 proponantur
2720 876 3004 933 levissimae
3044 878 3250 947 injuria:
3274 921 3288 943 ,
3321 880 3480 935 veluti
3507 888 3591 937 est

1996 964 2086 1019 illa
2114 981 2272 1037 quam
2298 968 2366 1023 de
2392 984 2498 1024 uno
2518 970 2699 1026 modio
2722 972 2919 1026 amisso
2947 986 3106 1042 supra
3137 972 3586 1040 commemoravi;

1998 1064 2054 1112 et
2093 1058 2315 1113 multum
2358 1061 2703 1130 perturbent,
2750 1072 2923 1117 utrum
2962 1077 3066 1117 non
3095 1063 3382 1119 debeamus
3419 1064 3590 1119 facere

1998 1148 2243 1219 cuiquam
2270 1152 2353 1207 vel
2393 1152 2555 1208 talem
2600 1152 2847 1224 injuriam
2876 1196 2889 1221 ,
2928 1156 2973 1210 si
3017 1170 3079 1211 ea
3110 1164 3281 1225 potest
3321 1156 3455 1213 alius
3477 1199 3491 1221 ,
3523 1172 3590 1213 ne

1998 1247 2239 1309 stuprum
2281 1242 2544 1311 patiatur,
2575 1243 2792 1302 defendi
2821 1253 2912 1301 aut
2940 1245 3157 1301 muniri.
3198 1247 3305 1302 Sed
3331 1290 3345 1314 ,
3376 1258 3432 1304 ut
3458 1247 3586 1316 dixi,

1997 1330 2099 1385 alia
2129 1334 2352 1402 quaestio
2371 1343 2473 1391 est.

2068 1418 2297 1477 CAPUT
2320 1422 2437 1479 XV.
2468 1455 2540 1466 —
2561 1425 2896 1484 Auctoritales
2924 1429 3127 1498 divine,
3168 1431 3346 1502 quibus
3384 1431 3593 1486 menda-

1999 1511 2133 1565 cium
2176 1514 2491 1584 prohibetur,
2523 1518 2725 1587 aliaque
2751 1530 3004 1591 praecepta
3032 1538 3096 1575 ex
3125 1524 3274 1594 factis
3300 1532 3591 1577 sanctorum

2000 1602 2350 1675 intelligenda.
2381 1604 2701 1679 Pra’ceptum
2756 1610 3015 1681 prwbendi
3060 1609 3271 1667 altei'am
3326 1613 3590 1668 maxillam

2000 1695 2316 1762 percutienti.
2342 1695 2664 1770 Pratceptum
2690 1716 2794 1756 non
2840 1703 3057 1773 jurandi
3103 1705 3328 1758 omnino.
3384 1702 3587 1758 Prwce-

2000 1795 2141 1858 ptum
2170 1806 2271 1845 non
2290 1792 2548 1863 cogitandi
2572 1793 2636 1848 de
2663 1795 2903 1849 crastino.
2925 1796 3245 1867 Prwceptum
3270 1814 3332 1850 ne
3352 1795 3581 1865 Apostoli

1998 1897 2166 1936 secum
2188 1884 2383 1953 aliquid
2409 1895 2608 1955 portent
2636 1887 2687 1942 in
2714 1887 2812 1942 via.
2853 1888 3006 1944 Nunc
3026 1889 3155 1944 illud
3186 1889 3327 1961 quod
3356 1891 3593 1951 institui-

2000 1991 2144 2043 mus,
2173 1992 2490 2049 peragamus
2520 1998 2533 2034 :
2563 1991 2740 2035 utrum
2790 1981 3152 2037 mentiendum
3195 1983 3283 2050 sit,
3337 1983 3381 2038 si
3428 1982 3592 2055 etiam

2000 2067 2325 2125 inevitabilis
2346 2072 2580 2127 conditio
2609 2084 2958 2145 proponatur,
2978 2084 3035 2130 ut
3060 2083 3154 2130 aut
3183 2077 3283 2131 hoc
3307 2075 3584 2145 faciamus,

1998 2169 2094 2215 aut
2121 2169 2365 2232 stuprum
2397 2163 2683 2232 patiamur,
2726 2164 2811 2221 vel
2838 2166 3068 2236 aliquam
3091 2166 3477 2222 exsecrabilem
3507 2167 3591 2222 in-

1999 2254 2398 2322 quinationcm;
2431 2255 2640 2312 etiamsi
2684 2256 2995 2313 mentiendo
3026 2258 3161 2314 nulli
3203 2257 3464 2316 faciamus
3505 2259 3590 2315 in-

1995 2358 2211 2415 jurtam.

2070 2435 2162 2492 26.
2192 2438 2266 2493 De
2292 2452 2396 2509 qua
2416 2453 2477 2495 re
2502 2438 2706 2512 patebit
2743 2440 2936 2513 aliquis
2958 2441 3371 2497 eonsideratioui
3419 2441 3590 2512 locus,

2000 2529 2046 2584 si
2078 2530 2224 2600 prius
2250 2529 2460 2586 divinas
2485 2533 2856 2600 auctoritates,
2889 2549 3006 2605 quae
3038 2533 3375 2590 mendacium
3407 2534 3590 2605 prohi-

2001 2622 2149 2691 bent,
2180 2623 2467 2695 diligenter
2512 2624 2861 2681 discutiamus
2891 2642 2905 2679 :
2931 2626 2974 2681 si
3016 2628 3159 2682 enim
3199 2628 3329 2697 ipsae
3381 2628 3589 2684 nullum

2002 2714 2131 2772 dant
2156 2716 2354 2784 loeum,
2388 2717 2582 2772 frustra
2601 2718 2890 2789 quaerimus
2916 2734 3018 2788 qua
3060 2734 3357 2786 exeamus;
3401 2730 3591 2777 tenen-

2002 2807 2129 2864 dum
2158 2818 2243 2864 est
2280 2809 2424 2865 enim
2456 2810 2600 2865 omni
2634 2810 2795 2865 modo
2821 2818 3149 2882 pra-ceptum
3173 2812 3288 2878 Dei,
3325 2812 3591 2869 etvolun-

2005 2908 2088 2955 tas
2135 2899 2247 2959 Dei,
2274 2901 2325 2955 in
2382 2900 2449 2956 iis
2477 2916 2596 2971 quae
2637 2902 2867 2957 tenendo
2908 2912 3232 2974 prmceptum
3283 2903 3403 2973 ejus
3448 2904 3593 2975 passi

2005 2990 2284 3058 fuerimus,
2326 3008 2480 3063 aequo
2508 2994 2689 3049 animo
2714 2993 2986 3065 sequenda
3029 2993 3117 3049 :si
3158 3002 3337 3049 autem
3383 2995 3594 3050 relaxa-

2008 3094 2091 3140 tur
2110 3083 2303 3154 aliquis
2328 3086 2530 3152 exitus,
2562 3100 2667 3141 non
2706 3096 2789 3141 est
2829 3088 2881 3141 in
2909 3086 2999 3141 tali
3025 3100 3185 3141 causa
3229 3087 3590 3143 recusandum

2004 3176 2362 3232 mendacium.
2393 3176 2684 3246 Propterea
2722 3175 2914 3232 divina:
2942 3176 3236 3247 Scriptura:
3277 3191 3383 3232 non
3415 3178 3589 3233 solum

2004 3279 2270 3341 praecepta
2300 3269 2390 3326 Dei
2429 3271 2720 3334 continent,
2750 3268 2845 3325 sed
2891 3270 3049 3326 etiam
3090 3269 3256 3325 vitam
3303 3284 3593 3341 moresque

1998 3362 2302 3433 justorum;
2331 3370 2390 3417 ut
2432 3362 2477 3417 si
2504 3361 2641 3418 forte
2689 3361 2958 3417 occultum
2980 3369 3084 3425 est,
3140 3360 3590 3432 quemadmodum

2003 3457 2371 3528 accipiendum
2394 3457 2464 3512 sit
2488 3456 2631 3528 quod
2661 3456 2985 3529 praccipitur,
3029 3457 3081 3511 in
3131 3454 3285 3511 factis
3322 3455 3589 3526 justorum

2005 3550 2345 3620 intelligatur.
2392 3548 2644 3619 Exceptis
2698 3548 2875 3621 itaque
2915 3548 2998 3602 his
3043 3545 3196 3602 factis
3251 3563 3370 3619 quae
3417 3555 3596 3618 potest

2002 3640 2228 3712 quisque
2244 3640 2310 3695 ad
2327 3640 2669 3711 allegoricam
2689 3640 3130 3710 significationem
3158 3639 3382 3707 referre,
3404 3654 3594 3709 quam-

2003 3734 2083 3788 vis
2111 3743 2256 3803 gesta
2280 3748 2400 3789 esse
2438 3748 2597 3787 nemo
2626 3733 2882 3802 ambigat,
2913 3732 3068 3788 sicuti
3096 3740 3222 3787 sunt
3262 3732 3373 3787 fere
3411 3731 3589 3785 omnia

2003 3826 2056 3881 in
2076 3825 2223 3882 libris
2255 3824 2462 3880 Veteris
2501 3824 2828 3880 Testamenli
2855 3824 3004 3895 :quis
3019 3824 3162 3878 enim
3186 3824 3255 3878 ibi
3278 3824 3476 3894 aliquid
3496 3837 3590 3876 au-

2002 3916 2131 3971 deat
2156 3915 2426 3970 allirmare
2450 3930 2556 3970 non
2597 3915 2866 3985 pertinere
2904 3914 2972 3970 ad
3000 3916 3276 3985 liguratam
3335 3930 3588 3984 praenun-

2003 4007 2322 4063 tiationem?
2349 4006 2555 4077 Quippe
2575 4022 2697 4061 cum
2725 4006 3013 4075 Apostolus
3042 4004 3205 4061 etiam
3235 4004 3372 4062 filios
3421 4006 3593 4061 Abra-

2003 4099 2110 4167 hte,
2140 4114 2275 4171 quos
2325 4098 2508 4171 utique
2541 4082 2767 4166 naturali
2794 4097 2987 4154 ordine
3040 4100 3365 4173 prepagandi
3409 4100 3591 4170 populi

2003 4192 2179 4250 editos
2206 4207 2324 4247 esse
2353 4204 2513 4262 atque
2537 4192 2732 4248 vixisse
2758 4190 3013 4246 facillime
3039 4191 3234 4247 dicitur
3287 4192 3414 4254 (non
3444 4194 3586 4247 enim

2002 4293 2242 4342 monstra
2272 4295 2327 4340 ct
2352 4276 2590 4355 prodigia
2619 4293 2741 4339 nata
2763 4270 2906 4351 sunt,
2949 4293 3006 4339 ut
3035 4283 3101 4338 ad
3142 4283 3584 4354 significationem

2003 4378 2235 4448 aliquam
2289 4376 2486 4432 ducant
2521 4378 2809 4447 animum),
2854 4376 2965 4432 duo
3018 4387 3193 4432 tamen
3239 4375 3585 4433 Testamenta

2003 4470 2303 4541 significare
2331 4480 2533 4525 asserat
2564 4448 2759 4539 (σαιαί.
2789 4484 2861 4533 tv,
2904 4467 3126 4539 22-24);
3180 4479 3234 4523 et
3274 4469 3588 4525 beuelicium
3642 4522 3645 4529 .

2004 4563 2131 4617 illud
2171 4563 2433 4643 mirabile,
2476 4560 2619 4643 quod
2650 4561 2790 4639 [gens
2815 4560 3009 4629 populo
3034 4560 3191 4614 lsracl
3232 4561 3480 4629 praestitit
3517 4562 3582 4616 ad

2005 4656 2268 4710 eruendos
2298 4670 2397 4733 eos,
2419 4653 2485 4708 de
2514 4653 2801 4733 servitute,
2839 4651 3036 4721 quain
3086 4649 3323 4721 [Egypto
3366 4668 3579 4722 preme-

2004 4748 2224 4811 bantur,
2248 4730 2570 4814 poenamque
2593 4742 2863 4819 vindictae,
2902 4757 3022 4796 cum
3058 4743 3108 4796 iu
3149 4743 3339 4801 itinere
3364 4759 3587 4812 peccas-

2004 4844 2143 4902 sent,
2210 4832 2271 4911 in_
2328 4828 2494 4902 lig'ura
2546 4817 2832 4911 contigisse
2876 4832 3019 4886 dicat
3066 4830 3246 4900 (lCor.
3280 4849 3334 4897 κ,
3374 4834 3531 4904 i-li)
3568 4852 3583 4891 :

2004 4906 2295 5001 (maritima
2335 4914 2592 4988 invenies,
2619 4906 2811 4994 quibus
2848 4922 3003 4977 istam
3055 4923 3291 4992 regulam
3335 4924 3583 4992 deroges,

2003 5031 2057 5077 et
2083 5014 2352 5078 affirmare
2375 5002 2666 5090 pt'rcsumas
2694 5016 2759 5091 ad
2788 5016 3010 5091 figuram
3033 5015 3266 5085 aliquam
3317 5032 3419 5070 non
3462 5032 3584 5073 esse

2006 5114 2330 5187 redigenda?
2358 5113 2452 5169 llis
2468 5109 2875 5181 ergocxceptis,
2899 5123 2961 5161 ea
2990 5123 3108 5177 qute
3131 5107 3181 5161 in
3216 5107 3364 5163 Novo
3400 5108 3588 5165 Testa-

2004 5215 2187 5261 mento
2224 5220 2252 5259 a
2293 5205 2489 5258 sanctis
2537 5200 2669 5256 facta
2710 5205 2865 5269 sunt,
2923 5198 3010 5253 ubi
3050 5212 3258 5253 morum
3308 5198 3587 5253 imitando-

2003 5299 2161 5355 rum‘
2213 5296 2633 5368 evidentissima.
2671 5291 3065 5349 commendatio
3111 5300 3217 5358 est,
3251 5292 3460 5347 valeant
3514 5292 3582 5347 ad

2004 5391 2245 5460 exempla
2278 5386 2740 5459 intelligendarutn
2765 5386 3183 5457 ﬁcripturarum,
3216 5398 3335 5456 quae
3362 5385 3413 5439 in
3443 5399 3582 5456 prte-

2004 5484 2172 5554 ceptis
2201 5483 2402 5551 digesta
2443 5489 2585 5535 sunt.
2950 5536 2959 5545 ι

2072 5575 2162 5631 27.
2197 5574 2355 5632 Velut
2382 5589 2502 5629 cum
2526 5572 2823 5648 legimusin
2862 5570 3179 5643 Evangelio,
3202 5570 3453 5641 Accepisti
3474 5571 3584 5626 ala-

2004 5686 2144 5743 pam,
2174 5687 2296 5753 para
2336 5668 2547 5722 alteram
2586 5667 2848 5721 maxillam
2889 5664 3098 5736 (Matth.
3128 5682 3181 5735 ν,
3208 5664 3324 5739 59).
3385 5665 3589 5725 Exem-

2074 5762 2090 5793 ι
2127 5758 2292 5810 ι-ιυτθδ
2315 5766 2440 5821 Mss,
2465 5754 2842 5810 enteudatortmt.
