4122 6212
488 291 591 355 δατ
1612 285 1699 341 ne
1738 283 2103 353 MENDACIO,
2143 283 2201 341 s.
2241 279 2612 341 AUGUSTINI
3635 280 3752 342 sos

487 409 632 483 plum
670 413 845 469 autem
884 403 1151 476 patientins
1188 401 1390 458 nullum
1424 414 1581 470 quam
1626 398 1794 468 ipsius
1844 397 2054 454 Domini

488 499 754 571 potentius
786 505 840 557 et
882 494 1224 551 excellentius
1266 491 1569 546 invenimus
1611 497 1707 543 :at
1756 488 1875 559 ipse
1927 502 2049 543 cum

484 588 635 660 alapa
657 601 941 659 percussus
966 593 1129 649 esset,
1160 600 1266 639 non
1306 582 1398 644 ait,
1434 582 1574 636 Ecce
1598 581 1767 635 altera
1806 579 2054 643 maxilla;

485 681 580 737 sed
606 682 699 746 ait,
741 679 801 736 Si
854 678 984 732 male
1010 677 1138 741 dixi,
1186 673 1432 744 exprobra
1479 675 1542 726 de
1591 671 1762 735 male;
1807 671 1851 725 si
1894 680 2058 724 autem

485 770 624 835 bene,
654 770 775 841 quid
801 784 878 821 me
904 768 1054 821 cwdis
1110 765 1283 838 (Joun.
1337 779 1461 818 svnt
1491 805 1506 828 ,
1544 761 1634 831 25)
1661 763 1683 814 i
1737 760 1834 817 Ubi
1872 768 2059 815 osten-

484 858 585 925 dit,
628 859 771 913 illam
813 857 1253 927 praeparationem
1299 853 1521 908 alterius
1566 852 1791 905 maxilla:
1819 851 1871 905 in
1899 849 2061 905 corde

485 948 802 1004 faciendam.
831 947 981 1016 Quod
1009 949 1168 1001 etiam
1205 946 1477 1016 apostolus
1519 943 1710 998 Paulus
1740 942 1922 1012 utique
1960 954 2059 994 no-

481 1051 674 1097 verat:
708 1057 828 1097 nam
862 1051 913 1096 et
937 1043 1049 1109 ipsc
1079 1056 1198 1094 cum
1239 1047 1383 1093 esset
1424 1039 1573 1107 alapa
1610 1050 1892 1106 percussus
1937 1044 2062 1089 ante

484 1136 817 1200 Pontilicem,
849 1153 955 1191 non
984 1136 1077 1199 ait,
1114 1135 1336 1188 l’creute
1365 1133 1635 1186 maxillam
1661 1130 1906 1192 alteram;
1935 1126 2054 1193 sed,

488 1227 737 1283 Percutiet
768 1238 814 1280 te
843 1226 1086 1280 Dominus
1141 1227 1329 1295 inquit,
1384 1226 1547 1293 paries
1602 1220 1831 1274 dealbute
1862 1236 1878 1272 :
1913 1229 1959 1271 et
2006 1230 2059 1271 tu

485 1320 627 1374 sedes
644 1320 881 1391 judicare
908 1334 985 1370 me
1004 1319 1279 1370 secundum
1306 1316 1485 1385 legem,
1512 1324 1556 1366 ct
1587 1321 1762 1365 contra
1792 1312 1950 1381 legem
1968 1309 2061 1378 ju-

487 1409 569 1464 bes
600 1426 677 1462 mc
709 1409 895 1478 percuti
945 1409 1080 1477 (Act.
1110 1423 1258 1471 χχιιι,
1307 1407 1362 1475 5)
1384 1404 1405 1457 ?
1427 1405 1682 1458 altissime
1717 1402 1930 1456 intuens
1981 1414 2062 1453 sa-

486 1501 778 1557 cerdotium
844 1497 1145 1554 Ιιιᾶίιεοιηιιιι
1219 1498 1328 1567 jam
1390 1496 1492 1549 tale
1532 1495 1726 1548 factum
1774 1492 1955 1553 fuisse,
2006 1497 2063 1545 ut

488 1593 701 1646 nomine
732 1589 1024 1645 forinsecus
1065 1590 1275 1651 niteret,
1319 1587 1633 1641 intrinsecus
1679 1592 1855 1636 autem
1904 1580 2062 1635 luteis

484 1679 925 1750 concupiscentiis
948 1679 1223 1742 sorderet;
1253 1678 1391 1745 quod
1422 1677 1767 1730 transiturum
1795 1688 1915 1728 esse
1943 1673 2061 1725 vitt-

484 1773 621 1830 dicta
652 1773 854 1825 Domini
888 1769 1098 1824 videbat
1137 1769 1187 1822 in
1220 1769 1438 1837 Spiritu,
1472 1782 1593 1823 eum
1639 1763 1768 1819 illud
1808 1765 2011 1819 diceret
2043 1780 2059 1816 :

484 1862 578 1918 sed
620 1870 793 1917 tamen
834 1877 925 1916 cor
958 1870 1197 1931 paratum
1223 1859 1471 1922 habebat,
1502 1874 1605 1911 non
1638 1857 1807 1910 solum
1837 1854 1902 1909 ad
1933 1856 2061 1907 alias

486 1954 667 2021 alapas
696 1951 1051 2022 accipiendas,
1085 1950 1177 2003 sed
1208 1952 1367 2002 etiam
1390 1948 1639 2019 qmelibet
1678 1956 1938 2000 turturem;
1968 1964 2061 2014 pr;

486 2047 711 2101 veritate
740 2043 1004 2114 patienda,
1048 2059 1168 2097 cum
1219 2056 1402 2097 eorum
1460 2040 1746 2095 dilectione
1794 2057 1821 2092 a
1871 2037 2063 2107 quibus

487 2138 574 2193 illa
616 2146 904 2209 pateretur.

556 2230 646 2287 28.
687 2229 955 2300 Scriptum
979 2239 1060 2283 est
1088 2228 1270 2295 etiam,
1304 2223 1414 2297 Ego
1443 2235 1611 2279 autent
1636 2225 1749 2278 dico
1775 2225 1928 2289 vobis,
1962 2237 2064 2277 non

477 2320 658 2393 iurare
687 2321 907 2375 omnino.
948 2318 1484 2388 Juravitautemipse
1528 2317 1812 2385 Apostolus
1850 2317 1901 2370 in
1943 2316 2067 2385 Epi—

484 2412 638 2467 stolis
658 2413 768 2468 suis
798 2411 972 2487 (Rom.
1016 2427 1091 2479 tx,
1126 2412 1178 2477 l;
1205 2409 1437 2481 Philipp.
1465 2425 1503 2473 ι,
1531 2410 1587 2473 8,
1620 2418 1665 2465 et
1686 2406 1855 2462 Galat.
1882 2422 1921 2472 ι,
1943 2406 2063 2477 20).

485 2500 552 2557 Ει
577 2504 654 2557 sic
679 2502 914 2558 ostendit
938 2499 1206 2572 quomodo
1235 2498 1600 2571 accipiendum
1637 2505 1780 2554 esset
1819 2498 1961 2569 quod
1995 2497 2068 2553 di-

485 2600 628 2649 ctum
652 2600 753 2657 est,
795 2590 924 2647 Dico
952 2592 1106 2658 vobis,
1153 2609 1253 2646 non
1263 2591 1449 2664 jurare
1483 2590 1685 2644 omnino
1715 2605 1733 2644 :
1764 2606 1830 2644 ne
1865 2590 2068 2645 scilicet

480 2686 713 2758 jurando
752 2686 817 2740 ad
858 2686 1161 2740 facilitatem
1180 2683 1393 2755 jurandi
1414 2683 1675 2748 veniatur,
1707 2698 1773 2737 ex
1817 2681 2067 2737 facilitate

486 2774 553 2830 ad
591 2775 1051 2843 consuetudinem,
1081 2784 1238 2845 atque
1261 2776 1331 2829 ita
1360 2790 1423 2829 ex
1452 2770 1840 2829 consuetudine
1878 2773 1929 2827 in
1956 2787 2068 2842 per-

481 2862 683 2939 iurium
734 2865 1026 2923 decidatur.
1082 2864 1150 2921 Et
1202 2865 1324 2922 ideo
1355 2882 1459 2920 non
1521 2865 1787 2921 invenitur
1833 2865 2065 2933 jurasse,

488 2958 591 3015 nisi
644 2958 907 3026 scribens,
963 2958 1051 3014 ubi
1098 2956 1457 3014 consideratio
1494 2957 1700 3012 cautior
1757 2971 1867 3012 non
1909 2957 2069 3013 habet

491 3050 724 3121 linguam
779 3049 1129 3120 praecipitem.
1176 3048 1243 3104 Et
1281 3047 1381 3103 hoc
1424 3047 1605 3117 utique
1649 3063 1679 3101 a
1718 3046 1880 3117 malo,
1930 3048 2069 3104 sicut

486 3140 686 3197 dictum
736 3146 836 3206 est,
902 3141 1052 3209 Quod
1099 3149 1263 3196 autem
1318 3140 1538 3209 amplius
1590 3150 1681 3206 est,
1728 3157 1760 3193 a
1808 3140 1941 3194 male
1993 3150 2065 3195 est

488 3232 699 3307 (Matth.
732 3248 784 3298 v,
816 3232 906 3298 54,
940 3233 1034 3304 37)
1070 3250 1084 3287 :
1115 3249 1220 3286 non
1262 3240 1438 3287 tamen
1471 3247 1591 3299 suo,
1635 3230 1730 3285 sed
1757 3246 1942 3285 eorum
1980 3230 2064 3283 in~

487 3323 772 3387 lirntiaiis,
803 3323 995 3393 quibus
1022 3324 1181 3377 etiam
1210 3325 1288 3378 sic
1329 3324 1485 3377 tidem
1534 3322 1713 3378 facere
1749 3321 2061 3375 conabatur.

487 3416 617 3471 Nam
672 3415 815 3485 quod
865 3416 1089 3484 loquens
1150 3416 1403 3486 jurasset,
1451 3416 1576 3469 dum
1630 3430 1736 3469 non
1780 3414 2061 3480 scriberet,

487 3508 668 3562 nescio
698 3517 870 3560 utrum
896 3507 1069 3575 aliqua
1109 3508 1174 3562 de
1202 3508 1297 3581 illo
1332 3507 1607 3575 Scriptura
1656 3507 1969 3561 narraverit.
2001 3505 2065 3560 Et

488 3607 663 3651 tamen
714 3597 969 3651 Dominus
1004 3599 1099 3663 ait,
1133 3598 1337 3652 omnino
1384 3614 1484 3651 non
1521 3597 1702 3667 jurare
1728 3613 1746 3651 :
1775 3613 1879 3651 non
1921 3597 2063 3651 enim

486 3694 748 3747 concessit
788 3701 842 3746 ut
871 3692 921 3748 id
963 3692 1146 3746 liceret
1184 3689 1561 3745 scribentibus.
1618 3689 1722 3744 Sed
1769 3691 1890 3759 quia
1920 3705 2063 3759 pra:-

486 3786 623 3857 cepti
652 3784 830 3841 violati
875 3801 1026 3841 reum
1076 3783 1317 3849 Paulum,
1368 3783 1663 3852 praesertim
1704 3783 1755 3837 in
1808 3781 2064 3852 Epistolis

484 3877 803 3947 conscriptis
850 3888 1008 3944 atque
1051 3874 1210 3929 editis
1238 3873 1302 3929 ad
1342 3874 1669 3944 spiritualcm
1710 3871 1872 3927 vitam
1918 3872 2062 3927 salu-

490 3976 701 4037 temque
756 3967 1071 4037 populorum
1109 3962 1257 4019 nefas
1298 3962 1617 4029 estdicere;
1664 3962 2062 4033 intelligendum

488 4070 570 4112 est
592 4061 718 4112 illud
748 4058 886 4128 quod
913 4059 1139 4127 positum
1181 4065 1281 4119 est,
1314 4056 1538 4122 omnino,
1580 4055 1645 4109 ad
1686 4056 1784 4109 hoc
1809 4057 2060 4126 positum,

488 4160 544 4203 ut
571 4161 822 4218 quantum
846 4151 897 4202 in
927 4156 979 4201 te
1025 4157 1125 4209 est,
1170 4162 1273 4200 non
1317 4146 1555 4213 affectes,
1595 4162 1698 4200 non
1739 4164 1905 4214 antes,
1959 4162 2063 4203 non

490 4240 639 4309 quasi
674 4255 769 4307 pro
808 4240 947 4291 bono
975 4253 1095 4292 cum
1124 4238 1299 4307 aliqua
1322 4238 1672 4291 delectatione
1694 4251 1914 4309 appetas
1945 4241 2063 4312 jus-

484 4328 791 4399 jurandum.

559 4420 650 4474 29.
683 4420 830 4475 Sicut
859 4419 1009 4483 illud,
1046 4418 1219 4474 Nolite
1236 4420 1456 4490 cogitare
1479 4419 1539 4475 de
1560 4422 1815 4485 crastina;
1841 4433 1911 4488 et,
1949 4422 2061 4478 No-

486 4515 576 4567 lite
605 4513 771 4582 itaque
807 4513 1028 4583 cogitarc
1055 4512 1176 4580 quid
1203 4513 1533 4577 manducetis,
1568 4521 1614 4565 et
1643 4513 1766 4582 quid
1792 4512 1990 4579 bibatis,
2016 4523 2060 4567 et

484 4602 608 4674 quid
630 4603 911 4657 induamini
939 4601 1150 4674 (Matth.
1186 4618 1257 4665 Vi,
1284 4603 1371 4666 34,
1400 4601 1516 4676 25).
1541 4602 1672 4658 Cum
1701 4610 1877 4659 autem
1907 4604 2053 4659 vide-

489 4708 609 4749 nms
632 4705 688 4749 et
742 4696 911 4764 ipsum
956 4694 1234 4749 Dominum
1282 4692 1529 4750 habuisse
1578 4694 1799 4760 loculos,
1840 4711 1945 4766 quo
1997 4710 2059 4750 ea

486 4802 605 4857 qua:
661 4786 943 4851 dabantur,
995 4786 1361 4850 mittebantur,
1403 4795 1458 4841 ut
1487 4787 1685 4842 servari
1736 4794 1956 4856 possent
1993 4787 2058 4840 ad

484 4892 613 4930 usus
645 4892 738 4945 pro
781 4887 1017 4946 tempore
1046 4872 1573 4945 necessariostan.
1602 4888 1700 4941 xu,
1718 4876 1795 4945 6);
1831 4885 1884 4931 et
1917 4877 2059 4946 ipsos

486 4969 771 5037 Apostolus
798 4982 1110 5037 procurasse
1134 4967 1297 5021 multa
1320 4966 1540 5022 fratrum
1580 4967 1901 5038 indigentim,
1951 4984 2056 5023 non

486 5058 660 5111 solum
690 5061 740 5112 in
780 5053 1092 5126 crastinum,
1149 5058 1242 5113 sed
1280 5059 1439 5113 etiam
1469 5061 1519 5112 in
1564 5061 1821 5129 prolixius
1849 5074 2057 5129 tempus

488 5151 842 5219 impendentis
872 5151 1045 5216 famis,
1088 5153 1223 5207 sicut
1255 5153 1304 5204 in
1335 5150 1555 5207 Actibus
1586 5152 1955 5223 Apostolorum
1978 5151 2055 5206 le-

488 5243 663 5311 gimus
707 5240 842 5311 (Act.
873 5256 947 5304 χι,
988 5241 1223 5312 28-30):
1258 5240 1385 5295 satis
1428 5242 1600 5296 elucet
1650 5242 1733 5297 illa
1793 5252 2053 5311 prmeepta

441 5368 463 5383 ι
489 5332 565 5385 sic
606 5330 965 5400 intelligenda,
996 5340 1056 5384 ut
1086 5330 1216 5384 nihil
1255 5331 1433 5397 operis
1465 5330 1630 5385 nostri
1685 5331 2053 5401 temporalium

483 5420 948 5491 adipiscendorum
974 5434 1157 5475 amore
1181 5420 1265 5475 vel
1298 5420 1488 5477 timore
1514 5423 1766 5492 egestatis
1807 5430 2054 5491 tanquam

482 5524 547 5565 es
588 5512 900 5567 necessitate
938 5511 1211 5569 faciamus.

554 5599 644 5657 30.
688 5602 815 5657 Item
844 5603 1041 5658 dictum
1064 5613 1146 5661 est
1171 5606 1463 5678 Apostolis,
1487 5612 1545 5661 ut
1568 5605 1696 5660 nihil
1720 5621 1899 5659 secum
1931 5620 2054 5675 por-

483 5697 658 5767 tantes
717 5693 900 5760 invia,
954 5711 1018 5752 ex
1064 5696 1353 5768 Evangelia
1400 5724 1423 5747 γ
1455 5706 1658 5755 vorent.
1698 5696 1765 5751 Et
1819 5696 2054 5766 quodam

2172 397 2294 454 loco
2316 396 2478 452 etiam
2517 395 2630 467 ipse
2654 392 2911 451 Damasus
2932 394 3249 467 significant
3266 406 3364 453 cur
3395 394 3500 455 hoc
3524 396 3751 472 dixerit,

2167 502 2289 544 cum
2318 487 2542 554 addidit,
2570 486 2769 559 Dignus
2809 495 2883 542 est
2927 488 3060 541 enim
3088 489 3354 558 operarius
3403 490 3630 547 mercule
3648 500 3751 551 sua

2168 578 2320 650 (Luc.
2374 596 2429 646 χ,
2454 580 2507 645 ι,
2536 581 2590 645 7,
2619 589 2664 633 et
2692 578 2880 632 Matth.
2919 593 2977 643 ι,
3012 579 3101 647 ιο)
3130 597 3145 632 :
3177 580 3266 635 ubi
3326 583 3457 638 satis
3500 582 3741 642 ostendit

2170 674 2484 741 permissum
2514 672 2617 728 hoc
2638 687 2778 736 esse,
2806 686 2911 726 non
2948 672 3187 741 iussum;
3233 689 3301 728 ne
3338 672 3479 732 forte
3513 680 3601 748 qui
3634 678 3740 737 hoc

2168 762 2386 830 faceret,
2419 775 2475 818 ut
2500 767 2550 818 in
2573 779 2737 834 opere
2762 765 3157 834 praedicationis
3179 767 3328 820 verbi
3352 770 3548 840 aliquid
3573 770 3642 825 ab
3660 771 3743 826 eis

2166 847 2360 918 quibus
2383 848 2722 919 praedicaret,
2752 849 2807 903 in
2845 864 2971 904 usus
3007 850 3133 904 vitae
3163 849 3319 921 hujus
3355 856 3613 920 attineret,
3639 854 3750 911 ιιιι-

2168 940 2330 993 citum
2374 939 2572 1009 aliquid
2621 955 2679 993 se
2725 939 2901 995 facere
2941 941 3309 997 arbitraretur.
3361 943 3526 1000 Posse
3562 952 3746 1002 tamen

2167 1029 2481 1084 laudabilius
2512 1045 2615 1085 non
2640 1030 2775 1093 ﬁeri,
2804 1031 2857 1084 in
2889 1032 3134 1099 aposmlo
3159 1032 3323 1089 Paulo
3357 1035 3487 1089 satis
3521 1035 3753 1091 deruun-

2167 1127 2390 1173 stratum
2439 1127 2521 1174 est
2561 1137 2573 1173 :
2609 1120 2700 1189 qui
2742 1135 2864 1175 cum
2916 1121 3144 1188 diceret,
3183 1120 3527 1180 Comminus
3568 1136 3744 1181 utens

2166 1211 2252 1279 qui
2272 1212 2607 1264 catechizatur
2632 1211 2800 1277 verbo,
2830 1213 2874 1265 ei
2895 1213 2984 1281 qui
3020 1230 3074 1267 ac
3109 1215 3405 1277 curaliis“.
3433 1216 3487 1269 in
3510 1218 3749 1272 erunibus

2169 1301 2307 1355 bonis
2337 1300 2530 1371 (Galat.
2563 1317 2635 1364 γι,
2662 1302 2744 1373 ϐ);
2777 1314 2829 1358 et
2868 1304 3049 1358 multis
3079 1305 3212 1360 locis
3234 1304 3285 1359 id
3307 1306 3597 1362 salubriter
3626 1308 3746 1363 fieri

2173 1392 2242 1447 ab
2263 1394 2343 1447 eis
2379 1392 2573 1463 quibus
2612 1394 2831 1448 verbum
2892 1394 3227 1463 pradicant,
3263 1396 3605 1454 ostenderet:
3637 1398 3749 1454 Sed

2169 1492 2335 1538 tamen
2358 1501 2468 1555 ego,
2500 1486 2688 1555 inquit,
2721 1500 2820 1539 non
2862 1502 2972 1540 sum
2997 1500 3118 1540 usus
3147 1486 3241 1540 hac
3260 1497 3501 1558 paululo
3546 1490 3591 1559 (Ι
3620 1487 3743 1545 Cor.

2168 1590 2248 1642 ta,
2273 1576 2385 1648 l2).
2415 1577 2734 1632 Potestatem
2785 1590 2912 1646 ergo
2930 1577 3075 1632 dedit
3096 1577 3371 1645 Dominus,
3394 1595 3516 1635 cum
3538 1580 3637 1636 ista
3662 1580 3747 1638 di-

2167 1677 2334 1733 ceret,
2358 1684 2461 1724 nou
2492 1669 2712 1737 imperio
2740 1668 3078 1724 constrinxit.
3108 1671 3179 1725 ita
3208 1672 3459 1744 pleraque
3482 1674 3534 1729 in
3563 1674 3744 1730 Verbis

2169 1757 2462 1828 intelligere
2490 1774 2596 1813 non
2626 1759 2882 1826 valentes,
2915 1760 2969 1814 in
2994 1760 3145 1815 factis
3186 1773 3492 1818 sanctorum
3537 1764 3745 1836 colligi-

2171 1866 2288 1905 mus
2330 1852 2774 1921 quemadmodum
2825 1860 3073 1922 oporteat
3120 1857 3309 1924 accipl,
3340 1857 3482 1927 quod
3512 1856 3667 1914 facile
3688 1859 3745 1915 in

2170 1941 2324 1995 aliam
2354 1957 2435 2011 pan
2453 1953 2554 1998 tem
2584 1943 2887 2010 duceretur,
2916 1943 3017 1999 nisi
3041 1946 3289 2015 exemplo
3313 1957 3671 2003 revocaretur.

2242 2034 2464 2091 CAPUT
2494 2036 2808 2094 XVl.—5l.
2841 2036 2913 2092 0s
2938 2038 3148 2107 duplex,
3174 2039 3309 2093 cocis
3351 2044 3397 2093 et
3441 2040 3608 2095 cordis
3639 2056 3659 2096 :
3681 2042 3748 2096 de

2170 2144 2265 2197 quo
2292 2145 2376 2182 ore
2418 2129 2605 2184 dictum
2641 2130 2725 2196 sit,
2769 2129 2843 2186 Os
2890 2130 3032 2200 quod
3055 2132 3327 2200 mentitur,
3357 2142 3448 2188 etc.
3485 2133 3556 2189 θα
3578 2135 3751 2193 cordis

2172 2222 2320 2274 etiam
2344 2221 2397 2274 in
2423 2220 2697 2293 Evangelia
2724 2231 3078 2277 monstratum.
3103 2221 3187 2277 An
3209 2224 3412 2281 uetitum
3458 2225 3515 2279 id
3550 2234 3752 2281 tantum

2172 2312 2509 2380 mendacium,
2554 2328 2652 2383 quo
2699 2312 2852 2367 alicui
2889 2312 3191 2369 detrahitur.
3228 2313 3421 2370 Sensus
3460 2315 3645 2387 nim
3691 2318 3752 2375 lu

2173 2402 2281 2458 loco
2309 2402 2647 2457 Ecclesiastici
2700 2399 2840 2475 (cap.
2861 2402 2917 2467 7,
2935 2402 2971 2474 ᾖ
2994 2441 3012 2457 .
3038 2404 3148 2474 id).
3173 2404 3267 2460 Sic
3288 2418 3418 2476 ago
3439 2406 3578 2478 quod
3616 2406 3755 2464 seria

2172 2502 2319 2563 ptum
2347 2503 2449 2559 est,
2478 2492 2549 2548 0s
2587 2502 2756 2549 atatem
2802 2493 2940 2565 quod
2963 2494 3221 2563 meum,
3265 2497 3447 2552 accidit
3488 2497 3755 2567 um,-

2171 2584 2239 2639 de
2263 2600 2368 2655 quo
2393 2600 2489 2641 ore
2512 2585 2728 2652 dixerit,
2753 2586 3028 2657 quaeritur.
3054 2587 3381 2660 Plerumque
3413 2590 3557 2647 enim
3601 2592 3751 2649 Seri-

2173 2684 2324 2745 ptura
2351 2691 2473 2732 cum
2502 2692 2565 2733 os
2602 2676 2751 2743 dicit,
2780 2680 3214 2749 conceptaculum
3244 2682 3417 2753 ipsum
3460 2683 3637 2741 cordis
3672 2686 3751 2741 sisb

2170 2766 2403 2837 gnificat,
2436 2767 2525 2824 ubi
2550 2768 2719 2839 placet
2746 2778 2801 2827 et
2841 2770 3147 2830 decernitur
3168 2771 3423 2845 quidquid
3461 2776 3621 2831 etiam
3648 2786 3749 2847 per

2171 2872 2377 2925 vocem,
2406 2874 2528 2917 cum
2552 2876 2736 2917 verum
2778 2862 3064 2932 loquimur,
3108 2866 3414 2921 enutitiatur
3444 2876 3542 2923 :ut
3582 2868 3749 2927 corde

2172 2951 2479 3017 mentiatur,
2500 2952 2584 3009 cui
2613 2953 2785 3023 placet
2814 2953 3190 3021 mendacium;
3220 2957 3388 3027 possit
3415 2964 3593 3015 autalt
3636 2975 3748 3018 non

2171 3040 2330 3097 corde
2353 3043 2597 3109 mentiri,
2624 3045 2714 3114 qui
2736 3059 2835 3115 per
2857 3059 3041 3102 vocem
3062 3046 3208 3109 aliud
3235 3062 3393 3119 qua.
3420 3058 3504 3105 est
3533 3050 3583 3105 in
3624 3051 3749 3108 ani-

2172 3148 2260 3189 mo
2296 3134 2368 3189 ita
2423 3136 2642 3207 profert,
2675 3146 2733 3197 ut
2774 3138 2995 3208 majoris
3019 3140 3145 3196 mali
3171 3140 3403 3198 evitandi
3437 3153 3593 3200 causa
3626 3160 3749 3201 rna-

2173 3228 2282 3284 lum
2306 3244 2366 3286 se
2390 3231 2669 3287 admittere
2694 3234 2920 3298 noverit,
2948 3234 3034 3289 cui
3056 3242 3233 3291 tamen
3258 3244 3537 3308 utrumque
3561 3237 3750 3310 displi-

2170 3330 2308 3376 ceat.
2344 3322 2408 3375 Et
2446 3323 2535 3392 qui
2593 3323 2695 3379 hoc
2746 3336 3011 3390 asserunt,
3055 3327 3127 3381 ita
3172 3327 3357 3383 dicunt
3405 3330 3563 3384 etiam
3615 3331 3748 3387 Illud

2171 3410 2564 3481 intelligendum
2593 3412 2732 3481 quod
2759 3414 3016 3484 scriptum
3052 3426 3151 3481 est,
3189 3416 3289 3484 Qui
3313 3418 3535 3490 loquitur
3559 3422 3748 3475 serita-

2171 3508 2267 3553 tem
2290 3501 2341 3554 in
2367 3502 2516 3556 corde
2541 3519 2631 3557 suo
2661 3502 2831 3573 (Psal.
2856 3520 2966 3572 ιιν,
2993 3506 3051 3577 5)
3081 3525 3097 3562 :
3123 3508 3243 3577 quia
3260 3522 3474 3580 semper
3506 3510 3558 3564 in
3587 3512 3750 3568 corde

2171 3591 2367 3646 veritas
2394 3591 2650 3662 loquenda
2679 3603 2793 3659 est;
2825 3610 2928 3649 non
2958 3606 3136 3653 autem
3161 3611 3375 3669 seraper
3402 3599 3456 3655 in
3483 3615 3581 3656 ore
3622 3614 3749 3657 cor-

2174 3681 2336 3750 poris,
2391 3682 2435 3737 si
2490 3684 2662 3754 aliqua
2701 3700 2859 3739 causa
2901 3688 3123 3745 cavendi
3170 3690 3387 3761 majoris
3435 3693 3557 3748 mali
3604 3694 3747 3749 aliud

2169 3789 2327 3843 quam
2360 3773 2411 3829 in
2441 3776 2617 3830 animo
2645 3787 2745 3841 est,
2769 3793 2901 3834 voce
2920 3780 3143 3850 proferri
3170 3784 3368 3853 exigat.
3400 3783 3467 3839 Et
3493 3798 3613 3841 esse
3627 3788 3750 3857 qui-

2169 3865 2290 3920 dem
2321 3882 2381 3923 es
2408 3866 2604 3936 cordis,
2635 3883 2700 3923 cx
2722 3868 2825 3925 hoc
2843 3870 2954 3939 jam
2979 3872 3196 3944 intelligi
3229 3884 3421 3943 potest,
3470 3874 3613 3947 quod
3656 3877 3745 3933 ubi

2172 3958 2368 4013 locutio
2395 3968 2499 4025 est,
2521 3959 2591 4014 ibi
2620 3974 2681 4015 os
2708 3978 2813 4016 non
2841 3962 3075 4020 absurde
3097 3965 3407 4036 intelligitur
3437 3984 3453 4020 :
3480 3982 3579 4022 nec
3594 3976 3743 4023 recte

2170 4050 2453 4115 diceretur,
2507 4052 2607 4120 Qui
2646 4055 2865 4122 loquitur
2911 4056 2966 4111 in
3014 4055 3165 4112 corde
3203 4057 3466 4123 auo;nisi
3492 4066 3548 4115 et
3578 4072 3641 4113 os
3692 4061 3745 4118 in

2171 4143 2334 4199 corde
2362 4154 2505 4198 recte
2526 4145 2931 4215 intelligeretur.
2955 4146 3269 4218 Quanquam
3285 4158 3338 4205 et
3358 4165 3424 4205 eo
3450 4151 3567 4222 ipso
3596 4153 3733 4216 loco.

2172 4235 2262 4289 ubi
2286 4236 2541 4306 scriptum
2563 4246 2679 4302 est,
2716 4235 2787 4292 0s
2814 4248 2979 4293 autem
2994 4243 3129 4309 quod
3152 4242 3401 4306 mentitur,
3426 4244 3606 4296 occidit
3626 4244 3743 4296 ani—

2171 4341 2340 4391 mam;
2387 4326 2432 4380 si
2472 4327 2864 4383 circumstantia
2907 4329 3151 4385 lectionis
3196 4331 3579 4397 consideretur,
3635 4342 3743 4387 non
3808 4366 3813 4373 ι

2170 4418 2457 4486 accipiatur
2482 4416 2705 4474 fortasse
2751 4419 2894 4474 aliud
2923 4432 3081 4489 quam
3116 4436 3177 4476 os
3220 4421 3415 4475 cordis.
3445 4421 3739 4478 Obscurum

2170 4507 2315 4563 enim
2367 4524 2676 4578 responsum
2725 4509 2793 4565 ibi
2834 4520 2933 4574 est,
2968 4512 3055 4566 ubi
3079 4511 3316 4566 homines
3352 4510 3499 4577 latet,
3542 4514 3634 4583 qni
3682 4528 3745 4571 os

2170 4597 2366 4661 cordis,
2401 4598 2499 4652 nisi
2525 4612 2587 4653 os
2606 4602 2847 4671 corporis
2874 4610 3148 4668 consonet,
3163 4601 3347 4657 audire
3362 4617 3471 4657 non
3498 4614 3741 4672 possunt.

2171 4688 2299 4744 illud
2327 4698 2501 4744 autem
2534 4705 2597 4746 os
2615 4691 2742 4747 dicit
2764 4693 2817 4748 in
2843 4709 2909 4749 eo
2933 4695 3048 4749 loco
3072 4694 3341 4763 Scriptura
3370 4698 3654 4766 pervenire
3679 4700 3743 4753 ad

2169 4780 2403 4835 auditum
2429 4779 2655 4851 Spiritus
2705 4782 2933 4849 Domini,
2959 4785 3047 4855 qui
3083 4786 3309 4855 replevit
3352 4788 3539 4842 urbem
3561 4796 3738 4844 terra-

2168 4885 2286 4924 rum
2312 4886 2325 4922 :
2353 4870 2423 4924 ita
2455 4879 2512 4925 ut
2546 4871 2705 4927 etiam
2737 4872 2873 4928 labia
2903 4884 2956 4931 et
2993 4886 3179 4931 vocem
3225 4882 3282 4931 et
3311 4875 3543 4947 linguam
3594 4892 3745 4933 eom-

2168 4974 2428 5019 memoret
2449 4965 2503 5019 in
2531 4980 2597 5021 eo
2625 4966 2766 5031 loco;
2797 4981 2896 5025 nee
2936 4976 3112 5024 tamen
3142 4970 3320 5024 omnia
3357 4969 3501 5025 sinat
3539 4971 3746 5027 interie-

2168 5064 2284 5110 ctus
2331 5055 2433 5110 nisi
2459 5056 2524 5111 de
2552 5055 2712 5111 corde
2739 5058 2929 5127 accipi,
2979 5058 3102 5127 quia
3143 5058 3433 5117 Dominum
3469 5060 3597 5116 dicit
3636 5077 3745 5116 non

2166 5146 2329 5203 latere
2358 5149 2495 5220 quod
2521 5147 2714 5204 dicitur
2735 5167 2753 5203 ι
2778 5150 2918 5220 quod
2961 5160 3139 5211 autem
3186 5167 3321 5208 sono
3352 5155 3456 5209 isto
3494 5154 3560 5210 ad
3589 5162 3747 5211 aures

2168 5250 2375 5292 nostras
2412 5239 2713 5308 pertinente
2775 5240 2984 5305 dicitur,
3038 5255 3139 5297 nec
3174 5240 3419 5299 homines
3468 5243 3617 5300 latet.
3668 5242 3745 5299 lui

2166 5329 2359 5398 quippe
2386 5331 2641 5401 scriptum
2662 5340 2746 5389 est
2779 5349 2793 5385 :
2826 5330 3096 5388 Humana
3123 5341 3196 5388 est
3221 5334 3355 5387 enim
3384 5332 3615 5405 Spiritus
3651 5350 3745 5389 aa-

2169 5421 2386 5488 pientiw,
2415 5430 2461 5475 et
2485 5438 2585 5476 non
2627 5421 2855 5477 liberabit
2881 5422 3182 5478 maledicunt
3203 5438 3235 5479 ιι
3263 5419 3413 5479 labiis
3432 5424 3546 5495 ejus
3570 5436 3592 5479 ι
3612 5438 3745 5494 qu-

2167 5514 2304 5567 niam
2325 5530 2499 5567 renum
2521 5514 2658 5568 illius
2694 5514 2829 5568 testis
2852 5523 2926 5570 est
2973 5514 3131 5579 Deus,
3154 5525 3200 5570 et
3250 5515 3418 5572 cordis
3444 5512 3580 5571 illius
3607 5531 3746 5571 scrip

2167 5612 2298 5657 tutor
2327 5608 2397 5658 est
2419 5616 2463 5658 et
2493 5618 2656 5665 rents,
2686 5603 2870 5674 lingua
2895 5603 3041 5659 illius
3054 5604 3548 5672 auditu.an
3572 5604 3749 5679 8W

2168 5706 2247 5752 tus
2291 5697 2492 5752 Domini
2535 5696 2743 5768 replevit
2801 5693 2969 5753 urbem
3035 5703 3306 5767 terrarum,
3370 5705 3419 5757 et
3465 5696 3560 5755 hoc
3607 5698 3748 5775 quod
