4142 6212
435 323 545 388 ωθ

433 437 648 500 continet
675 434 867 503 omnia,
1193 430 1341 488 habet
1368 431 1517 490 uocis.
1548 428 1765 502 PrOpter
1805 429 1900 484 hoc
1922 429 2008 500 qui

433 529 652 599 iactitat
678 526 874 597 ira‘qua,
899 540 1003 589 non
1027 531 1187 594 potest
1217 522 1393 589 latera,
1419 523 1508 578 uti
1532 538 1620 576 nec
1660 521 1907 591 prateriet
1949 520 2007 578 il-

434 623 538 686 lum
560 619 837 688 corripias
859 618 1126 685 iudicium.
1157 616 1223 671 In
1265 615 1648 688 cogitationibus
1697 615 1828 670 enim
1866 613 2014 684 impii

432 710 760 783 interrogatio
785 709 911 775 erit;
931 725 1220 770 sermonum
1250 719 1416 764 autent
1441 709 1578 762 illius
1621 706 1814 760 auditio
1843 722 1875 763 a
1921 704 2016 758 Do.

435 806 574 868 mitto
598 805 777 870 rem“,
809 802 878 856 ad
901 803 1267 873 emptionem
1294 802 1613 873 iniquitatum
1659 800 1818 856 illius.
1874 798 2015 864 Quo-

435 897 573 954 niam
594 895 734 952 atm'a
760 893 860 956 alii
898 894 1040 948 audit
1063 895 1251 957 omnia,
1284 903 1329 950 at
1366 895 1611 947 (uomitus
1656 891 2014 945 murmuratio-

437 1007 558 1046 num
583 1006 681 1043 non
709 987 1059 1042 abscondetur.
1090 986 1347 1040 Custodite
1371 1003 1488 1057 ergo
1517 1002 1597 1040 vos
1643 1003 1675 1038 a
1730 999 2012 1038 murmura-

435 1081 587 1148 tione,
601 1097 714 1153 quat
734 1080 865 1138 nihil
889 1079 1114 1150 prodeat,
1129 1087 1182 1137 et
1199 1095 1233 1132 tt
1251 1077 1558 1135 detractione
1577 1078 1766 1148 lingua:
1784 1076 1973 1146 parcite
1997 1091 2013 1128 :

436 1173 672 1244 quoniam
701 1187 998 1242 responsum
1025 1170 1293 1226 obscurum
1319 1171 1371 1224 in
1395 1185 1606 1224 uacuum
1651 1186 1752 1222 non
1795 1167 1910 1220 ibit.
1945 1166 2016 1221 Us

437 1276 601 1321 amem
624 1265 762 1333 quod
784 1265 1040 1329 mentitur,
1089 1263 1270 1318 occidit
1313 1264 1535 1316 animant
1583 1261 1734 1332 (δίῳ.
1761 1277 1799 1326 ι,
1831 1257 2010 1329 6-H).

437 1355 659 1414 Videtur
687 1371 813 1426 ergo
840 1356 922 1411 his
944 1355 1153 1418 minari,
1176 1356 1262 1423 qui
1289 1356 1572 1409 obscurum
1618 1361 1802 1422 putant
1837 1362 1889 1407 et
1931 1366 2018 1405 se-

436 1457 640 1506 cretum
664 1464 784 1504 esse
805 1447 946 1518 quod
973 1447 1134 1502 corde
1184 1447 1380 1514 agitant
1409 1455 1568 1514 atque
1597 1455 1832 1500 versant.
1884 1444 2014 1498 Tam

437 1557 566 1598 vero
595 1542 800 1598 clarum
827 1540 1109 1596 ostendere
1133 1540 1298 1595 voluit
1322 1540 1421 1593 hoc
1449 1553 1569 1594 esse
1619 1538 1840 1593 auribus
1896 1537 2009 1603 Dei,

437 1641 497 1692 ut
515 1633 673 1688 etiam
705 1631 985 1687 tumultum
1013 1645 1132 1688 eum
1160 1629 1528 1700 appellaverit.

508 1725 598 1780 52.
629 1724 901 1781 Mannil‘este
920 1724 1078 1778 etiam
1103 1725 1154 1778 in
1179 1721 1468 1790 Evangelio
1495 1721 1792 1776 invenimus
1813 1735 1873 1773 os
1894 1733 2016 1774 cor-

437 1813 549 1880 dis;
572 1823 628 1870 ut
647 1829 752 1870 uno
773 1815 890 1870 loco
908 1823 962 1870 et
980 1815 1220 1885 corporis
1239 1821 1292 1868 et
1310 1813 1490 1872 cordis
1510 1827 1569 1871 os
1595 1812 1848 1870 Dominus
1867 1825 2015 1866 com-

439 1919 766 1964 memorasse
797 1905 1124 1968 inveniatur,
1153 1904 1244 1958 ubi
1269 1908 1340 1959 ait
1371 1921 1385 1958 :
1425 1905 1601 1962 Adhuc
1625 1913 1668 1960 et
1689 1919 1774 1960 vos
1812 1903 2016 1957 siuei»-

438 1995 638 2068 telleettt
659 1997 818 2050 estis?
849 1993 966 2050 Non
1005 1995 1280 2065 intelligitis
1299 1996 1416 2065 quia
1455 2012 1599 2050 omne
1617 1996 1752 2065 quod
1772 1996 1823 2048 in
1853 2011 1908 2048 os
1929 1996 2012 2049 in-

439 2096 555 2151 trat,
586 2087 638 2140 in
667 2095 882 2140 ventrem
907 2085 1063 2151 vadit,
1091 2094 1137 2138 et
1155 2085 1209 2138 in
1227 2101 1472 2139 secessum
1492 2086 1764 2151 emittitur;
1787 2101 1900 2154 qua
1917 2102 2012 2139 au-

439 2187 536 2240 tem
549 2177 836 2253 __procedunt
857 2177 920 2231 de
931 2192 1047 2242 .ore,
1075 2175 1138 2230 de
1156 2177 1305 2230 corde
1324 2185 1522 2242 exeunt,
1554 2185 1599 2230 et
1619 2193 1675 2230 ea
1695 2177 2017 2246 coinquinant

441 2269 729 2328 hominem?
754 2267 829 2322 De
855 2268 1004 2322 corde
1025 2269 1155 2322 enim
1181 2276 1360 2322 exeunt
1380 2268 1706 2337 cogitationes
1722 2267 1869 2322 malm
1886 2308 1900 2331 ,
1926 2267 2015 2320 ha-

438 2362 640 2418 micidia
659 2402 676 2426 ,
702 2360 952 2414 adulteria
970 2400 985 2421 ,
1020 2359 1373 2430 fornicationes
1391 2399 1406 2422 ,
1431 2361 1567 2428 furta
1585 2399 1599 2424 ,
1641 2359 1770 2426 [also
1794 2359 2016 2412 testimo-

438 2455 524 2508 nia
545 2495 558 2517 ,
589 2452 908 2522 hiasphemiw
935 2467 954 2506 :
986 2454 1094 2513 htec
1123 2461 1375 2520 suntquae
1410 2451 1736 2521 coinquinant
1766 2451 2017 2504 hominem

443 2543 652 2613 (Matth.
677 2559 742 2595 xv
761 2584 776 2608 ,
807 2541 1018 2611 16-20).
1046 2541 1142 2600 Hic
1165 2542 1208 2596 si
1237 2557 1397 2598 unum
1423 2554 1518 2604 os,
1543 2541 1684 2610 quod
1721 2549 1803 2595 est
1826 2556 2016 2610 corpo-

439 2635 512 2688 ris
532 2675 546 2700 ,
577 2634 901 2689 intellexeris
919 2675 935 2700 ,
965 2633 1234 2710 quomodo
1256 2631 1623 2688 intellecturus
1648 2643 1739 2696 es,
1771 2631 1897 2696 Qui:
1918 2647 2014 2684 atc-

440 2735 537 2781 tam
563 2724 835 2793 procedunt
855 2725 918 2778 de
936 2740 1039 2788 ore,
1067 2724 1132 2777 de
1153 2723 1302 2778 corde
1321 2731 1539 2787 exeunt;
1566 2737 1685 2780 cum
1712 2730 1764 2776 et
1787 2731 1976 2791 sputus
1995 2723 2014 2756 ⁸

437 2824 491 2870 et
517 2815 744 2876 vomitus
770 2814 836 2870 de
865 2830 960 2872 ore
988 2814 1314 2884 procedant?
1340 2813 1450 2870 Nisi
1479 2814 1612 2870 forte
1641 2821 1764 2870 tunc
1791 2814 2015 2884 quisque

439 2922 544 2961 non
575 2908 1100 2976 coinquinatur,cum
1127 2906 1235 2961 edit
1260 2905 1456 2975 aliquid
1485 2906 1814 2964 humandum
1832 2923 1847 2970 ;
1867 2907 2016 2961 coin-

438 3000 686 3068 quinatur
710 3007 890 3053 autem
909 3039 926 3063 ,
956 3013 1076 3054 cum
1123 2995 1176 3052 id
1201 2996 1416 3052 evomit.
1449 2996 1599 3062 Quod
1629 2997 1674 3055 si
1698 2996 2018 3052 absurdissi-

440 3108 586 3150 mum
629 3101 708 3148 est
726 3133 740 3153 ,
769 3098 935 3146 restat
961 3100 1016 3146 ut
1045 3104 1107 3144 os
1129 3089 1308 3144 cordis
1351 3088 1704 3158 intelligamus
1729 3102 1760 3142 a
1791 3088 2016 3143 Domino

441 3184 766 3252 expositum,
799 3198 917 3237 cum
944 3182 1052 3244 ait,
1085 3180 1209 3248 Qua:
1247 3181 1524 3251 procedunt
1547 3180 1612 3234 de
1637 3197 1722 3235 ore
1740 3223 1756 3244 ,
1784 3181 1848 3234 de
1867 3181 2018 3234 corda

441 3285 639 3330 exeunt.
667 3274 797 3330 Nam
826 3285 879 3330 et
905 3274 1102 3332 furtum
1144 3289 1265 3328 cum
1297 3274 1492 3341 possit,
1525 3281 1580 3328 et
1601 3288 1741 3341 saepe
1785 3273 1855 3327 ita
1885 3274 2014 3339 ﬁat,

443 3368 495 3426 in
522 3368 730 3422 silentio
755 3367 1045 3436 corporalis
1069 3367 1218 3420 vocis
1241 3373 1399 3435 atque
1423 3365 1534 3422 oris
1571 3367 1892 3434 perpetrari;
1918 3366 2014 3422 de-

442 3459 828 3513 mentissimum
846 3458 1016 3513 estsic
1034 3457 1349 3526 intelligere,
1364 3464 1424 3512 ut
1440 3467 1564 3512 tunc
1582 3468 1824 3527 putemus
1841 3473 2017 3528 quem’

443 3565 597 3619 quam
627 3558 841 3626 peccato
886 3550 1004 3602 furti
1035 3549 1418 3612 contaminari,
1459 3563 1581 3602 cum
1623 3549 1674 3604 id
1712 3551 1903 3604 fatetur
1926 3559 2017 3604 aut

442 3641 670 3705 indicat;
698 3657 814 3696 cum
843 3649 1018 3695 autem
1046 3639 1098 3694 id
1127 3640 1283 3709 tacite
1309 3640 1592 3694 committit
1611 3683 1626 3700 .
1653 3639 2016 3709 iucoinquina-

448 3740 551 3787 tum
581 3732 843 3787 arbitrari.
870 3737 936 3784 At
962 3746 1088 3785 vero
1109 3731 1152 3784 si
1179 3730 1245 3784 ad
1266 3745 1327 3784 os
1351 3731 1528 3785 cordis
1550 3730 1690 3800 quod
1715 3731 1915 3786 dictum
1934 3739 2016 3785 est

444 3825 771 3886 referamus,
803 3823 934 3878 nihil
959 3822 1176 3878 omnino
1203 3821 1402 3891 peccati
1437 3822 1593 3876 tacite
1618 3821 1875 3878 committi
1919 3835 2014 3889 po-

444 3927 548 3973 test
578 3935 591 3970 :
624 3933 727 3971 non
755 3917 896 3972 enim
925 3916 1289 3980 committitur,
1320 3914 1422 3970 nisi
1447 3928 1514 3969 ex
1534 3929 1627 3969 ore
1648 3915 1740 3970 illo
1761 3914 2015 3969 interiore

443 4009 713 4079 procedat.

515 4102 602 4156 35.
637 4101 781 4155 Sicut
811 4098 1282 4169 autem‘quteritur
1310 4097 1375 4152 de
1403 4110 1509 4166 quo
1536 4110 1631 4150 ore
1677 4095 1899 4161 dixerit,
1948 4095 2024 4151 Os

443 4205 610 4247 autent
633 4193 762 4261 quod
783 4192 1040 4256 mentitur,
1064 4191 1244 4244 occidit
1268 4189 1522 4251 animum;
1544 4187 1613 4242 ita
1635 4187 1799 4256 quam
1823 4196 2014 4256 potest,

443 4285 510 4341 de
540 4298 646 4354 quo
675 4283 970 4338 mendacio.
1002 4281 1220 4338 Videtur
1265 4280 1405 4334 enim
1450 4279 1516 4332 de
1545 4279 1638 4334 illo
1681 4278 1894 4351 proprie
1938 4278 2021 4331 di-

443 4390 598 4435 cere,
641 4388 746 4444 quo
789 4372 1030 4442 cuiquam
1057 4371 1372 4425 detrahitur.
1418 4370 1506 4422 Ait
1547 4369 1687 4424 enim
1723 4387 1736 4422 :
1768 4369 2020 4424 Abstinete

445 4485 561 4538 ergo
583 4483 666 4522 vos
703 4483 735 4520 a
773 4467 1168 4520 murmuratione
1189 4506 1204 4528 ,
1235 4478 1347 4531 aute
1371 4463 1499 4516 nihil
1522 4463 1720 4531 prodest
1741 4504 1754 4526 ,
1781 4472 1829 4517 et
1863 4480 1896 4516 η
1927 4465 2017 4516 de-

448 4561 688 4614 tractione
728 4556 913 4628 lingua:
936 4556 1144 4626 parcite.
1185 4554 1267 4608 Fit
1301 4562 1476 4609 autem
1507 4555 1606 4610 ista
1631 4553 1890 4610 detractio
1929 4571 2021 4624 per

448 4648 892 4712 malevolentiam,
915 4663 1037 4702 cum
1059 4647 1336 4717 quisquam
1365 4661 1470 4700 non
1495 4645 1667 4701 solum
1693 4661 1788 4702 ore
1807 4661 1870 4701 ac
1893 4662 2021 4700 voce

448 4742 689 4812 corporis
713 4739 914 4812 profert
933 4739 1072 4810 quod
1093 4737 1346 4806 contingit
1371 4739 1422 4792 in
1446 4739 1674 4808 aliquem
1699 4782 1713 4802 ,
1741 4738 1833 4792 sed
1859 4740 2020 4794 etiam

449 4834 635 4893 tacitus
677 4834 832 4887 talem
861 4832 971 4886 vult
999 4830 1177 4896 credi;
1219 4830 1358 4899 quod
1381 4839 1463 4884 est
1505 4831 1686 4900 utique
1727 4844 1820 4884 ore
1845 4829 2022 4885 cordis

448 4923 729 4980 detrahere
753 4941 766 4976 :
791 4922 933 4994 quod
957 4921 1086 4976 dicit
1105 4922 1388 4976 obscurum
1414 4931 1468 4976 et
1487 4922 1750 4978 occultum
1774 4921 1884 4978 Deo
1904 4935 2026 4976 esse

450 5030 555 5070 non
587 5029 760 5088 posse.

521 5103 606 5160 34.
641 5105 768 5160 Nam
813 5102 955 5174 quod
1000 5101 1104 5156 alio
1149 5101 1269 5156 loco
1296 5101 1548 5168 scriptum
1593 5110 1710 5167 est,
1742 5102 1864 5156 Noti
1902 5102 2028 5158 velte

450 5197 645 5250 mentiri
669 5211 814 5252 enim
843 5193 1191 5255 mendacium;
1229 5206 1338 5246 non
1364 5191 1429 5244 ad
1457 5191 1562 5245 hoc
1584 5191 1769 5246 volunt
1804 5192 1985 5248 valere
2007 5235 2022 5258 ,

451 5297 505 5342 ut
547 5285 692 5340 nullo
738 5284 1012 5339 mendacio
1045 5284 1322 5356 quisquam
1365 5281 1668 5336 mentiatur.
1699 5280 1878 5353 Itaque
1904 5298 2026 5338 cum

451 5379 584 5432 alius
604 5377 816 5440 dixerit,
845 5392 908 5430 ex
937 5377 1038 5430 isto
1062 5375 1346 5446 Scriptum
1375 5373 1682 5432 testimonio
1701 5391 1872 5447 usque
1893 5375 2026 5430 adeo

449 5467 769 5538 generaliter
810 5481 968 5526 tuane
1011 5465 1344 5526 mendacium
1387 5478 1508 5523 esse
1535 5465 1936 5533 detestandum,
1971 5476 2026 5520 ut

448 5559 612 5620 etiam
647 5559 694 5612 si
717 5558 838 5627 quis
877 5559 1090 5614 mentiri
1121 5558 1282 5625 velit,
1329 5558 1536 5614 etiamsi
1564 5572 1671 5613 non
1699 5559 1984 5632 mentiatur
2009 5601 2024 5626 ,

445 5653 553 5720 jam
573 5652 814 5708 voluntas
836 5652 947 5722 ipsa
964 5652 1260 5708 damnanda
1277 5652 1366 5718 sit;
1385 5661 1544 5722 atque
1562 5652 1627 5707 ad
1651 5651 1751 5708 hoc
1769 5653 2032 5724 interpre-

513 5763 533 5804 ⁸
566 5768 698 5834 ιη,
720 5769 924 5833 optimm.
947 5770 1001 5820 At
1023 5770 1095 5816 vr.
1123 5770 1175 5822 et
1193 5771 1322 5830 Mss,
1346 5769 1525 5842 sputus.

1860 315 2056 376 LIBER
2096 315 2297 374 UNUS.

3593 321 3701 386 510

2121 437 2282 498 tatur,
2297 428 2439 500 quod
2466 445 2571 486 non
2588 431 2785 486 dictum
2813 441 2913 496 est,
2931 433 3045 488 Noli
3070 438 3282 493 mentiri
3296 453 3455 496 omne
3475 445 3697 501 menda-

2120 523 2294 586 cium;
2322 523 2436 588 sed,
2467 523 2592 578 Noli
2612 525 2736 578 velte
2757 528 2954 579 mentiri
2976 544 3120 582 omne
3139 531 3488 598 mendacium;
3516 547 3568 590 ιιι
3591 554 3698 595 non

2119 613 2291 667 solum
2321 615 2568 679 mentiri,
2600 617 2693 670 sed
2726 633 2823 672 nec
2849 619 2983 673 velle
3014 623 3222 675 mentiri
3251 625 3475 694 quisque
3504 628 3696 684 amicat

2121 708 2229 762 ullo
2261 709 2555 763 mendacio.

2189 801 2413 857 CAPUT
2447 804 2606 856 Χνιι.
2638 837 2708 845 ——
2740 807 2936 860 Psalmi
2983 811 3014 862 5
3055 812 3324 865 versiculus
3370 815 3400 866 7
3440 817 3698 885 tripliciter

2119 909 2316 964 quoque
2359 895 2654 951 intellectus.
2688 897 3004 967 Prteceptum
3044 911 3210 954 vetans
3253 905 3438 973 falsum
3469 910 3696 962 testimo-

2118 985 2257 1037 nium
2279 984 2398 1048 dici,
2419 989 2666 1054 quomoda
2683 991 3080 1060 intelligentiam.
3105 995 3232 1047 Ilicit
3257 995 3408 1060 alius,
3435 997 3541 1050 Imo
3559 1002 3698 1070 quod

2119 1077 2226 1142 ait,
2259 1075 2385 1130 Noli
2405 1078 2528 1131 velle
2552 1082 2746 1133 mentiri
2768 1099 2913 1135 onme
2934 1085 3246 1138 mendacium
3267 1102 3285 1148 ;
3312 1088 3376 1141 tle
3403 1105 3494 1142 ore
3521 1093 3700 1147 cordis

2119 1170 2577 1225 exterminandum
2595 1182 2751 1239 atque
2768 1175 3101 1228 alienandum
3121 1193 3237 1230 esse
3256 1179 3585 1235 mendacium
3605 1199 3699 1236 vo-

2121 1258 2217 1313 luit
2248 1278 2260 1313 :
2297 1269 2408 1316 uta
2438 1265 2750 1331 quibusdam
2800 1268 3087 1322 mendaciis
3127 1285 3219 1323 ore.
3264 1274 3506 1341 corporis
3536 1276 3698 1330 absti-

2120 1353 2352 1406 nendum
2382 1355 2470 1417 sit,
2502 1356 2639 1409 sicut
2667 1357 2753 1410 illa
2780 1368 2903 1412 sunt
2928 1362 3176 1426 maxime,
3205 1377 3322 1432 quae
3350 1367 3611 1432 pertinent
3632 1369 3698 1424 ad

2118 1445 2416 1500 doctrinam
2460 1449 2764 1518 religionis;
2798 1470 2826 1505 ιι
2857 1455 3168 1522 quibusdam
3205 1473 3326 1509 vero
3363 1475 3466 1512 non
3495 1461 3562 1513 sit
3607 1477 3698 1516 ore

2117 1537 2355 1605 corporis
2381 1539 2749 1595 abstinendum
2770 1583 2786 1609 ,
2813 1543 2858 1596 si
2891 1545 3105 1613 majoris
3132 1547 3252 1599 mali
3283 1550 3510 1603 evitandi
3539 1566 3694 1606 causa
3715 1545 3721 1556 ”

2120 1630 2280 1698 exigit
2306 1647 2318 1694 ;
2346 1645 2440 1684 ore
2482 1643 2658 1687 autem
2687 1635 2862 1688 cordis
2908 1636 2975 1689 ab
3001 1638 3143 1691 omni
3173 1639 3448 1693 mendacio
3492 1643 3697 1710 penitus

2117 1719 2386 1776 abstinere
2399 1721 2708 1778 debeamus.
2732 1725 2829 1780 Ubi
2855 1737 3064 1794 Oportet
3092 1729 3310 1798 intelligi
3331 1731 3470 1799 quod
3501 1734 3696 1785 dictum

2117 1820 2230 1879 est,
2265 1811 2392 1866 Noti
2419 1815 2542 1868 velle
2573 1831 2590 1868 :
2618 1817 2864 1871 voluntas
2892 1819 3088 1888 quippe
3121 1823 3228 1890 ipsa
3259 1824 3406 1890 quasi
3434 1838 3494 1875 os
3522 1824 3698 1877 cordis

2117 1904 2406 1974 accipitur,
2438 1917 2494 1961 ut
2537 1923 2640 1962 non
2671 1909 2928 1978 pertineat
2955 1911 3018 1964 ad
3050 1926 3108 1963 0s
3137 1913 3312 1964 cordis
3332 1953 3344 1974 ,
3377 1930 3495 1966 cum
3527 1914 3696 1983 majus

2117 1998 2313 2052 malum
2344 2007 2590 2053 caventes
2619 2002 2904 2055 mentimur
2931 2001 3102 2056 inviti.
3129 2003 3221 2056 Est
3247 2016 3296 2058 et
3331 2005 3516 2059 tertius
3545 2007 3698 2061 intel-

2119 2089 2318 2157 lectus,
2345 2108 2451 2162 quo
2475 2093 2553 2147 sic
2581 2094 2844 2163 accipias,
2879 2095 3002 2148 Noli
3040 2112 3186 2150 autne
3205 2139 3218 2161 ,
3253 2105 3307 2150 ut
3337 2099 3571 2167 exceptis
3599 2099 3694 2154 ali-

2118 2182 2308 2252 quibus
2338 2185 2625 2240 mendaciis
2655 2188 2864 2240 mentiri
2897 2196 2947 2242 te
2986 2188 3142 2241 sinat.
3173 2188 3442 2260 Tanquam
3474 2192 3515 2245 si
3546 2190 3696 2247 dice-

2121 2281 2236 2336 ret,
2267 2273 2384 2330 Noli
2417 2275 2552 2329 velle
2577 2276 2801 2331 credere
2828 2280 2969 2332 omni
3019 2278 3213 2332 homini
3249 2298 3262 2333 :
3297 2297 3398 2334 non
3434 2283 3610 2351 utique
3641 2293 3696 2336 ut

2121 2363 2252 2415 nulli
2277 2363 2584 2420 crederetur
2611 2377 2884 2429 moneret;
2929 2368 3024 2424 sed
3065 2378 3121 2420 ut
3152 2386 3253 2422 mm
3287 2372 3564 2435 omnibus,
3598 2371 3696 2424 ali-

2119 2451 2312 2522 quibus
2351 2464 2525 2512 antem
2552 2457 2874 2510 crederetur.
2908 2459 2971 2511 Et
3001 2458 3052 2511 id
3080 2460 3220 2525 quod
3247 2462 3516 2529 sequitur,
3553 2463 3697 2515 Assi-

2120 2542 2285 2602 duitas
2305 2545 2436 2600 enim
2455 2546 2564 2615 ejus
2583 2562 2685 2600 non
2710 2548 2936 2617 proﬁciet
2958 2549 3031 2600 ad
3051 2547 3234 2601 bonum
3258 2548 3438 2619 (Eccli.
3465 2567 3554 2615 vn,
3582 2553 3693 2622 M),

2121 2634 2192 2689 ita
2220 2644 2392 2694 sonat.
2415 2637 2562 2704 quasi
2588 2652 2696 2692 non
2722 2653 2754 2692 a
2785 2638 3076 2702 mendacio,
3102 2639 3196 2693 sed
3221 2640 3288 2693 ab
3311 2641 3523 2694 assiduo
3546 2657 3696 2694 men—

2119 2723 2290 2780 dacio.
2322 2724 2373 2780 id
2409 2734 2510 2791 est,
2542 2741 2574 2779 a
2602 2728 2983 2782 consuetudine
3009 2738 3167 2798 atque
3196 2745 3376 2782 anmre
3406 2731 3696 2786 mentiendi

2121 2815 2400 2884 prohibere
2425 2816 2684 2872 videatur.
2712 2817 2828 2884 Quo
2853 2817 3089 2887 profecto
3117 2820 3392 2875 delahetur
3409 2861 3424 2884 ,
3456 2823 3695 2890 quisquis

2119 2908 2204 2967 vel
2231 2907 2372 2963 onmi
2419 2909 2693 2966 mendacio
2746 2912 3003 2979 putaverit
3041 2913 3396 2980 abutendum,
3429 2914 3520 2984 (ita
3553 2915 3694 2970 enim

2119 3013 2219 3053 nec
2246 2999 2371 3052 illud
2401 2999 2620 3056 cavebit.
2653 3001 2788 3069 quod
2823 3003 2876 3054 ﬁt
2907 3003 2955 3053 in
2987 3002 3222 3055 doctrina
3253 3005 3462 3069 pietatis
3489 3014 3538 3059 et
3570 3006 3696 3060 reli-

2119 3089 2317 3159 gionis;
2340 3105 2444 3160 quo
2471 3092 2777 3146 sceleratius
2807 3093 2928 3160 quid
2958 3091 3112 3146 facile
3139 3095 3394 3158 invenias,
3425 3111 3528 3150 non
3559 3096 3697 3150 inter

2119 3181 2294 3234 omnia
2325 3180 2616 3242 mendacia,
2641 3181 2732 3234 sed
2765 3184 2896 3233 intvr
2925 3184 3102 3234 ooinia
3134 3183 3401 3254 peccata?)
3425 3188 3504 3238 vel
3535 3187 3693 3243 alicui

2121 3269 2430 3335 mendacio,
2459 3272 2698 3340 quamvis
2729 3271 2864 3326 facili
2887 3313 2900 3336 ,
2943 3273 3181 3341 quamvis
3215 3273 3464 3339 innoxio,
3509 3283 3696 3330 nutum

2118 3364 2408 3419 voluntatis
2446 3364 2957 3430 accommodaverit;
2997 3377 3048 3418 ιιι
3081 3381 3182 3418 non
3213 3366 3408 3419 invitus
3439 3367 3694 3422 evadendi

2120 3454 2337 3524 majoris
2353 3453 2472 3508 moli
2502 3468 2681 3516 causa,
2701 3454 2792 3508 sed
2813 3457 2992 3510 volens
3011 3456 3282 3524 libensque
3299 3457 3600 3510 mentiatur.
3620 3456 3698 3510 lta

2119 3559 2242 3598 cum
2271 3545 2367 3598 tria
2399 3545 2506 3600 sint
2539 3561 2656 3614 quae
2688 3545 2740 3598 in
2772 3545 2872 3599 bac
2899 3549 3157 3602 sententia
3202 3547 3419 3617 intelligi
3452 3550 3694 3616 possint:

2121 3646 2212 3692 aut
2232 3679 2245 3702 ,
2276 3637 2446 3692 Omne
2473 3637 2806 3694 mendacium
2843 3655 2946 3692 non
2976 3642 3147 3694 solum
3178 3641 3384 3696 mentiri
3427 3643 3569 3707 noli,
3603 3643 3695 3700 sed

2123 3744 2219 3784 nec
2236 3730 2373 3783 vello
2390 3730 2601 3783 mentiri
2619 3732 2656 3792 ¹;
2675 3738 2782 3788 aut,
2807 3732 2909 3784 noti
2936 3733 3090 3793 vello,
3113 3733 3204 3786 sed
3234 3732 3311 3783 vel
3342 3732 3532 3784 invitus
3549 3750 3699 3787 men-

2124 3821 2256 3884 tire,
2286 3835 2404 3874 cum
2448 3819 2750 3888 fugiendum
2791 3821 3096 3888 estaliquid
3143 3823 3388 3887 gravius;
3433 3831 3554 3883 aut,
3589 3823 3697 3875 noli

2123 3926 2300 3976 omne,
2331 3918 2387 3964 ut
2410 3913 2645 3979 exceptis
2665 3912 2840 3979 aliq::-,:
2870 3927 2928 3964 us
2954 3913 3241 3966 tumnlttriis
3264 3921 3457 3965 caetera
3486 3913 3701 3980 permit-

2125 4010 2332 4055 tantur:
2355 4017 2515 4056 unum
2546 3985 2628 4056 hic
2654 4018 2725 4070 pr!
2768 4003 3277 4071 'aisqnilmsmcntiri
3306 4018 3570 4072 nunquam
3593 4006 3701 4068 pla-

2123 4101 2239 4156 cet,
2273 4094 2376 4147 duo
2408 4109 2504 4163 pro
2531 4094 2633 4148 illis
2662 4094 2748 4163 qui
2780 4093 3060 4161 aliquando
3087 4103 3272 4162 putant
3295 4109 3412 4148 esse
3440 4096 3702 4149 mentien-

2124 4184 2272 4248 dum,
2305 4184 2656 4238 inveniuntur.
2689 4185 2789 4238 Sed
2825 4197 2997 4242 tat‘nen
3024 4185 3162 4252 quod
3191 4186 3447 4253 sequitur,
3473 4186 3703 4239 Assidtti-

2127 4283 2202 4326 tas
2222 4275 2350 4328 enim
2375 4276 2478 4343 ejus
2504 4292 2601 4328 non
2625 4277 2847 4344 pro/irict
2869 4276 3150 4338 adhortum,
3173 4277 3352 4330 nescio
3379 4288 3551 4332 utrum
3581 4294 3703 4347 pos—

2127 4366 2194 4420 sit
2221 4366 2402 4433 prinuc
2429 4366 2612 4420 horum
2635 4368 2788 4420 trium
2818 4368 3094 4420 sententia".
3124 4367 3396 4436 suffragari
3421 4388 3431 4422 :
3453 4369 3706 4423 uisil'orte

2128 4456 2197 4509 ita
2227 4465 2280 4508 ut
2313 4457 2664 4524 perfectorum
2697 4469 3016 4526 ρι·;,νι·θι›ιιιιιι
3048 4459 3148 4522 sit,
3193 4461 3408 4512 omnino
3436 4477 3703 4529 nunquam

2130 4564 2234 4603 non
2269 4550 2440 4602 solum
2473 4551 2680 4603 mentiri
2704 4591 2718 4612 ,
2750 4551 2840 4603 sed
2873 4550 2954 4602 vel
2987 4551 3118 4601 velle
3146 4553 3353 4604 mentiri
3380 4568 3392 4611 ;
3423 4552 3704 4605 assiduitas

2127 4657 2254 4694 vero
2279 4643 2565 4694 mentiendi
2612 4655 2708 4694 nec
2738 4641 3132 4708 proﬁcientibus
3161 4641 3511 4708 permittatur.
3560 4642 3702 4695 Tan-

2129 4749 2282 4802 quam
2310 4733 2351 4785 si
2384 4747 2502 4784 cum
2531 4733 2923 4800 prtrciperctur,
2955 4746 3218 4798 nunquam
3244 4747 3462 4800 prorsus
3490 4748 3590 4784 non
3618 4748 3706 4785 so-

2128 4824 2236 4877 lum
2267 4823 2641 4885 n'tentiendum,
2676 4822 2766 4876 sed
2795 4836 2890 4875 nec
2916 4822 3237 4874 voluntatem
3269 4821 3564 4876 habendam
3585 4838 3706 4878 esse

2131 4915 2439 4981 mentiendi,
2457 4915 2908 4971 contradiceretur
2933 4917 3208 4984 exentplis,
3229 4917 3370 4985 quod
3391 4918 3562 4986 aliqua
3586 4927 3706 4971 sunt

2131 5010 2287 5064 etiam
2319 5023 2504 5077 magna
2522 5009 2833 5062 auctoritate
2848 5008 3136 5076 approbata
3163 5008 3433 5063 mendacia
3457 5026 3468 5060 :
3489 5024 3707 5077 respon.

2131 5101 2346 5156 derctur
2375 5109 2586 5163 autem,
2628 5099 2710 5152 illa
2743 5099 2952 5169 quidem
2982 5113 3102 5153 esse
3131 5099 3516 5166 proﬁcientium
3536 5139 3549 5158 .
3590 5097 3706 5168 quae

2135 5192 2332 5246 habent
2376 5191 2664 5245 secundum
2699 5191 2833 5244 hanc
2865 5191 3022 5242 vitam
3051 5191 3432 5258 qualecumque
3474 5191 3704 5244 ofﬁcium

2133 5281 2540 5344 misericordize;
2572 5281 2664 5334 sed
2692 5295 2858 5350 usque
2883 5281 3016 5334 adeo
3040 5296 3160 5334 esse
3184 5295 3344 5336 omne
3368 5279 3704 5336 mendacium

2133 5374 2364 5438 malum,
2396 5380 2450 5427 et
2493 5372 2741 5441 perfectis
2765 5382 2920 5441 atque
2951 5372 3306 5440 Spiritualibus
3346 5371 3535 5424 animis
3562 5371 3708 5425 omni

2133 5465 2290 5520 modo
2317 5464 2616 5534 fugiendum
2638 5505 2652 5528 ,
2681 5472 2739 5518 ut
2767 5479 2862 5517 nec
2893 5464 3019 5534 ipsis
3057 5464 3448 5532 proﬁcientibus
3475 5462 3706 5517 assidui-

2135 5568 2214 5614 tas
2242 5558 2356 5627 ejus
2379 5557 2724 5626 permittenda
2750 5555 2836 5612 sit.
2863 5557 3066 5610 Dictum
3092 5561 3177 5614 est
3198 5556 3336 5610 enim
3358 5555 3466 5624 jam
3517 5554 3586 5609 de
3609 5553 3709 5608 ob-

2136 5653 2437 5706 stetricibus
2468 5651 2763 5720 Egyptiis,
2793 5649 2932 5718 quod
2957 5649 3023 5703 de
3050 5648 3225 5704 indole
3253 5647 3320 5704 ad
3360 5647 3552 5703 melius
3581 5661 3706 5716 pro?

2199 5764 2214 5797 ί
2251 5769 2374 5831 Mss,
2399 5762 2483 5817 sed
2507 5761 2579 5815 vel
2593 5760 2708 5819 velte
2730 5759 2937 5814 mentiri.
