4122 6212
380 272 476 339 5H

382 390 594 449 ﬁciendi
624 391 940 449 mentientes
977 390 1283 463 approbata:
1324 397 1448 447 sunt
1478 407 1492 444 :
1524 390 1647 460 quia
1676 389 1965 447 nonnullus

381 483 579 554 gradus
615 493 698 538 est
725 484 792 540 ad
816 483 1134 554 diligentiam
1160 497 1339 540 veram
1376 497 1440 538 ac
1467 482 1845 552 sempiternam
1874 497 1964 537 sa-

383 576 583 644 lutem,
632 590 751 630 cum
794 575 1017 646 quisque
1062 575 1476 631 misericorditer
1519 575 1679 630 etiam
1722 591 1819 645 pro
1863 574 1963 631 ali-

382 669 534 740 Cujus
563 669 803 740 quamvis
840 667 1050 724 mortali
1093 668 1264 726 salute
1291 669 1546 725 mentitur
1575 667 1804 741 (Supra,
1845 685 1960 740 cap.

382 761 450 828 5,
482 778 535 815 η.
569 761 706 830 5-7).

454 852 541 906 55.
575 851 704 906 Item
732 853 875 922 quod
911 853 1166 924 scriptum
1195 862 1310 923 est,
1343 853 1539 910 Perdes
1563 871 1735 910 omnes
1773 854 1861 925 qui
1887 854 1967 908 lo-

380 950 600 1011 quuntur
624 943 940 998 mendacium
967 961 987 999 :
1017 944 1151 1000 alius
1174 945 1304 1000 dicit
1330 945 1535 1000 nullum
1580 946 1664 1000 hic
1689 953 1968 1014 exceptum

381 1049 501 1089 esse
531 1034 863 1092 mendacium
884 1078 900 1104 ,
932 1037 1026 1093 sed
1067 1053 1227 1094 omne
1251 1038 1580 1094 damnatum.
1609 1039 1759 1093 Alius
1801 1037 1964 1093 dicit:

384 1127 456 1181 Ita
486 1143 634 1194 vero,
667 1128 758 1184 sed
788 1131 877 1200 qui
905 1131 1192 1201 loquuntur
1212 1147 1282 1187 ex
1312 1131 1473 1186 corde
1500 1131 1853 1198 mendacium,
1887 1146 1970 1186 se-

381 1219 609 1273 cundum
640 1222 967 1292 superiorem
998 1223 1429 1293 disputationem;
1450 1239 1571 1278 nam
1596 1224 1872 1278 veritatem
1894 1224 1973 1278 lo-

381 1313 562 1381 quitur
585 1313 637 1367 in
653 1313 835 1380 corde,
856 1315 942 1384 qui
970 1314 1081 1370 odit
1097 1315 1386 1370 mentiendi
1403 1315 1792 1382 necessitatem,
1812 1331 1968 1386 quam

384 1417 594 1473 poenam
617 1405 776 1476 hujus
796 1408 917 1463 vitae
938 1409 1174 1464 mortalis
1200 1409 1463 1480 intelligit.
1487 1409 1637 1463 Alius
1657 1409 1784 1464 dicit
1809 1427 1820 1462 :
1845 1409 1971 1465 Om-

384 1509 481 1550 nes
509 1497 720 1565 quidem
752 1497 938 1568 perdet
967 1500 1106 1554 Deus
1150 1501 1238 1570 qui
1269 1501 1556 1571 loquuntur
1595 1500 1926 1555 mendacium
1953 1543 1968 1567 ,

382 1585 478 1642 sed
505 1603 609 1643 non
641 1604 799 1645 omne
822 1590 1155 1646 mendacium
1181 1609 1193 1644 :
1226 1600 1307 1646 est
1336 1594 1478 1647 enim
1507 1593 1722 1663 aliquod
1753 1592 1973 1648 menda-

382 1678 524 1734 cium
543 1681 682 1749 quod
711 1690 833 1736 tunc
861 1683 1159 1738 insinuabat
1185 1684 1470 1754 Propheta,
1491 1685 1542 1738 in
1569 1699 1675 1755 quo
1700 1685 1826 1739 nulli
1852 1700 1972 1755 par-

382 1779 567 1837 catur;
599 1771 650 1828 id
681 1781 794 1840 est,
825 1776 868 1828 si
907 1785 1122 1844 peccata
1150 1792 1242 1831 sua
1272 1777 1494 1847 quisque
1520 1778 1763 1833 conﬁteri
1789 1776 1971 1834 detre-

383 1868 554 1929 etans,
577 1862 827 1917 defendat
853 1879 914 1920 ea
945 1865 1211 1934 potius,et
1239 1866 1369 1922 nolit
1391 1881 1549 1937 agere
1579 1868 1968 1938 paenitentiam;

384 1959 440 2007 ut
467 1967 649 2020 parum
676 1954 745 2008 sit
762 1953 884 2024 quia
907 1965 1158 2025 operatur
1184 1957 1537 2027 iniquitatem,
1557 1959 1658 2014 nisi
1701 1960 1862 2015 etiam
1879 1961 1968 2030 ju-

383 2051 502 2099 stus
519 2042 686 2101 videri
707 2046 890 2101 volens
915 2048 1192 2104 medicinae
1216 2048 1570 2105 confessionis
1592 2067 1696 2105 non
1721 2067 1970 2107 succum-

383 2132 509 2189 bat:
534 2143 590 2189 ut
611 2146 664 2190 et
695 2137 804 2206 ipsa
828 2137 1110 2194 verborum
1135 2139 1403 2196 distinctio
1428 2157 1532 2197 non
1560 2143 1703 2198 aliud
1726 2144 1972 2201 intimare

380 2225 643 2294 videatur,
676 2228 842 2284 Odisti
863 2247 1032 2286 omnes
1059 2235 1144 2304 qui
1164 2244 1437 2306 cperantur
1454 2235 1768 2308 iniquitate»:
1796 2235 1968 2309 (Psal.

380 2331 449 2384 v,
483 2319 572 2388 7);
605 2320 697 2374 sed
738 2337 842 2378 non
889 2323 1112 2392 perdes,
1141 2325 1187 2380 si
1217 2326 1522 2394 paenitendo
1551 2330 1607 2383 in
1635 2328 1970 2386 confessione

381 2410 656 2466 veritatem
687 2413 999 2483 loquantur,
1030 2425 1089 2470 ut
1117 2415 1358 2474 faciendo
1385 2418 1541 2473 istam
1566 2419 1842 2476 veritatem
1874 2437 1968 2477 ve-

381 2500 528 2554 niant
552 2502 616 2556 ad
643 2503 835 2569 lucem;
856 2504 992 2560 sicut
1017 2506 1071 2560 in
1091 2507 1376 2578 Evangelio
1391 2509 1682 2564 secundum
1705 2510 1967 2567 Joannem

378 2590 590 2659 dicitur,
612 2593 712 2661 Qui
737 2595 904 2650 autem
924 2597 1046 2666 facit
1071 2600 1345 2662 ueritatem,
1366 2602 1496 2655 venit
1516 2602 1586 2655 ad
1604 2604 1763 2657 lucem
1783 2603 1963 2674 (Joan.

381 2699 459 2749 tu,
490 2685 604 2756 21),
637 2686 826 2742 Perdes
852 2698 1027 2744 autem
1054 2706 1227 2745 omnes
1253 2693 1358 2762 qui,
1392 2708 1499 2748 non
1537 2695 1708 2748 solum
1735 2710 1967 2764 operan-

378 2786 464 2833 tur
486 2779 501 2810 ³
533 2780 673 2848 quod
699 2781 875 2846 odisti,
897 2782 989 2836 sed
1021 2783 1179 2837 etiam
1211 2785 1482 2853 loquuntur
1507 2787 1846 2853 mendacium;
1864 2789 1966 2843 fal-

340 2903 343 2906 -
377 2882 492 2924 sam
517 2871 774 2938 justitiam
807 2874 1185 2942 praetendendo
1205 2918 1219 2942 ,
1251 2891 1354 2932 nec
1379 2878 1430 2932 in
1459 2880 1771 2949 paenitentia
1796 2885 1965 2940 conti-

377 2960 540 3016 teudo
569 2971 799 3031 peccata.

450 3052 538 3108 56.
571 3053 700 3108 Nam
730 3054 798 3110 de
829 3054 962 3112 falso
989 3057 1294 3116 testimonio
1313 3102 1328 3128 ,
1360 3061 1502 3132 quod
1535 3063 1586 3117 in
1612 3063 1796 3120 decem
1825 3081 1964 3136 pra:-

375 3147 545 3216 ceptis
569 3146 724 3218 Legis
749 3150 975 3218 positum
1004 3160 1106 3218 est,
1127 3152 1270 3208 nullo
1286 3154 1447 3210 modo
1473 3156 1687 3226 quidem
1713 3160 1964 3216 contendi

377 3245 554 3308 potest
589 3239 927 3296 dilectionem
970 3245 1207 3299 veritatis
1237 3246 1289 3300 in
1331 3246 1494 3302 corde
1522 3250 1834 3306 servandam
1855 3292 1870 3318 ,
1910 3262 1964 3308 et

376 3328 750 3398 proferendum
783 3331 970 3385 falsum
1017 3333 1082 3387 ad
1110 3348 1232 3389 eum
1273 3335 1412 3406 apud
1441 3352 1602 3407 quem
1631 3339 1824 3396 dicitur
1880 3353 1960 3398 te-

377 3421 706 3477 stimonium.
737 3423 870 3479 Cum
899 3426 1038 3480 enim
1072 3427 1182 3482 Deo
1209 3437 1409 3484 tantum
1442 3430 1652 3502 dicitur,
1686 3443 1812 3491 tunc
1843 3445 1959 3492 tan-

376 3521 487 3567 tum
513 3513 565 3566 in
584 3513 746 3568 corde
773 3515 968 3570 veritas
992 3518 1357 3587 amplectenda
1384 3533 1466 3577 est
1489 3540 1504 3578 :
1525 3538 1648 3579 cum
1669 3537 1843 3582 autem
1867 3528 1963 3582 ho-

375 3604 505 3659 mini
544 3603 736 3660 dieitur
756 3649 770 3674 ,
800 3607 959 3662 etiam
986 3624 1079 3664 ore
1103 3613 1340 3681 corporis
1365 3629 1547 3670 verum
1584 3617 1960 3687 proferendum

372 3705 486 3761 est;
509 3695 630 3767 quia
662 3699 822 3754 homo
847 3714 951 3755 non
973 3708 1055 3756 est
1074 3703 1252 3760 cordis
1273 3704 1558 3777 inspector.
1582 3707 1686 3763 Sed
1717 3710 1873 3779 plane
1892 3709 1960 3766 de

376 3786 492 3856 ipso
513 3789 814 3845 testimonio
836 3806 940 3847 non
962 3793 1189 3851 absurde
1208 3799 1461 3866 quarritur
1481 3800 1618 3868 apud
1639 3816 1796 3871 quem
1816 3804 1962 3872 quis-

373 3894 476 3950 que
507 3882 655 3939 testis
678 3883 767 3939 sit.
800 3883 912 3940 Non
943 3887 1082 3942 enim
1112 3889 1252 3959 apud
1279 3907 1643 3962 quoscumque
1669 3894 1956 3966 loquimur,

374 3977 539 4026 testes
563 3988 775 4040 sumus;
796 3976 889 4030 sed
919 3979 1056 4047 apud
1087 3993 1180 4034 eos
1207 3981 1398 4050 quibus
1421 3983 1634 4052 expedit
1661 3993 1715 4039 et
1738 3985 1961 4042 debetur

373 4075 472 4130 per
500 4078 596 4118 nos
625 4080 948 4134 cognoscere
971 4077 1062 4122 aut
1090 4070 1312 4127 credere
1341 4074 1616 4128 veritatem
1652 4092 1664 4128 :
1698 4078 1852 4132 sicuti
1879 4088 1961 4134 est

371 4151 552 4222 judex,
574 4169 640 4208 ne
669 4155 718 4208 in
742 4155 1030 4224 iudicando
1052 4169 1329 4224 crret;aut
1355 4164 1444 4232 qui
1471 4165 1695 4221 docetur
1719 4168 1959 4228 doctrina

374 4243 665 4312 religionis,
699 4260 766 4300 ne
793 4256 936 4300 erret
960 4247 1011 4300 in
1047 4249 1169 4315 ﬁde,
1197 4261 1286 4305 aut
1315 4252 1429 4321 ipsa
1463 4254 1696 4312 doctoris
1725 4263 1959 4315 auctori-

375 4339 483 4385 tate
509 4331 698 4386 dubius
725 4333 960 4390 fluctuet.
991 4337 1124 4392 Cum
1147 4349 1319 4395 autem
1349 4342 1436 4397 ille
1458 4353 1509 4400 te
1538 4345 1844 4418 interrogat,
1870 4363 1961 4407 aut

270 4491 272 4494 ν
371 4423 486 4477 vult
509 4437 574 4478 ex
603 4431 653 4479 te
675 4424 870 4495 aliquid
893 4441 1068 4493 nosse,
1094 4431 1182 4499 qui
1212 4446 1328 4486 eam
1361 4449 1472 4489 rem
1495 4437 1683 4505 quierit
1710 4455 1828 4508 qua:
1853 4456 1959 4497 non

371 4515 438 4570 ad
462 4532 583 4572 eum
612 4520 889 4588 pertineat,
909 4530 1000 4576 aut
1020 4537 1175 4592 quam
1194 4525 1241 4580 ei
1271 4541 1430 4582 nosse
1458 4543 1561 4583 non
1583 4531 1828 4599 expedit;
1851 4549 1956 4590 non

373 4613 582 4672 testem,
601 4608 696 4664 sed
715 4610 1035 4679 proditorem
1055 4615 1296 4684 requirit.
1316 4616 1498 4688 Itaque
1523 4620 1565 4674 si
1586 4621 1633 4675 ei
1659 4623 1953 4692 mentiaris,

370 4712 401 4752 a
422 4698 554 4754 falso
577 4699 801 4757 fortasse
821 4705 1126 4761 testimonio
1146 4708 1350 4764 alienus
1373 4711 1500 4776 eris,
1522 4713 1615 4768 sed
1633 4730 1660 4768 a
1680 4717 1959 4774 mendacio

369 4794 608 4862 profecto
638 4809 741 4850 non
771 4797 897 4852 eris.

440 4884 666 4942 CAPUT
698 4887 881 4943 XVIII.
912 4920 984 4931 —
1015 4892 1278 4958 Quomodo
1299 4899 1618 4969 accipiendas
1657 4905 1789 4959 alius
1812 4906 1956 4962 Scri-

370 4985 532 5046 ptura:
545 4978 704 5033 locus.
727 4979 1086 5054 Disquisitione
1101 4991 1402 5054 prwcedeitti
1417 4993 1466 5045 in
1483 5005 1746 5067 utramque
1763 5011 1957 5069 partem

368 5069 489 5137 quid
525 5070 764 5126 hactenus
797 5076 1068 5131 inventum.
1099 5079 1254 5134 Error
1274 5085 1410 5137 mala
1448 5089 1654 5143 metiens
1674 5107 1737 5144 ex
1756 5095 1954 5166 cupidi-

368 5168 470 5213 tate
489 5171 535 5214 et
558 5178 622 5215 ex
644 5169 1019 5222 consuetudine.
1055 5169 1167 5225 Vita
1187 5186 1360 5230 nostra
1381 5177 1588 5248 duplex.
1622 5181 1836 5240 Peccata
1860 5189 1955 5242 mi-

368 5266 494 5305 nora
517 5262 568 5307 et
592 5254 638 5307 si
663 5271 763 5308 non
790 5268 994 5326 propter
1017 5261 1282 5318 utilitatem
1303 5272 1660 5338 temporalem,
1690 5293 1754 5329 an
1774 5280 1952 5334 saltent

369 5353 572 5414 propter
584 5347 897 5401 sanctitatem
917 5353 1214 5407 seruandam
1234 5359 1432 5412 admitti
1454 5363 1664 5430 possint.
1682 5365 1840 5423 Salvo
1858 5371 1954 5441 igi-

369 5443 452 5490 tur
477 5451 544 5490 eo
569 5437 709 5505 quod
754 5439 942 5496 falsum
990 5445 1347 5503 testimonium
1376 5451 1556 5508 dicere
1587 5471 1857 5528 nunquam
1881 5437 1954 5515 li-

366 5534 483 5592 cet,
516 5529 772 5598 qutetitur
807 5541 984 5588 utrum
1016 5534 1165 5590 liceat
1195 5537 1482 5609 aliquando
1513 5549 1747 5602 mentiri.
1780 5551 1885 5606 Aut
1906 5554 1951 5609 si

362 5615 555 5675 falsum
586 5621 945 5678 testimonium
977 5634 1059 5681 est
1085 5641 1244 5683 omne
1276 5633 1632 5705 mendacium,
1665 5641 1951 5700 videndum

428 5751 448 5785 ι
479 5751 1405 5830 mcediummutiquitateinmute
1429 5771 1523 5823 vos
1545 5767 1856 5830 abestaMss.

1545 275 1632 334 DE
1663 274 2029 347 MENDACIO,
2067 276 2125 336 S.
2167 271 2533 337 AUGUSTINI

3035 201 3073 215 σον
3083 207 3098 219 ι,
3118 204 3154 215 τρι
3163 203 3185 211 ω

3565 284 3668 344 512

2073 398 2157 446 est
2205 397 2380 446 utrum
2409 388 2654 447 admittat
2679 385 3210 464 compensationem,
3243 402 3303 454 ut
3346 395 3555 455 dicatur
3582 402 3670 459 vi-

2075 479 2218 536 tandi
2241 481 2458 553 majoris
2479 481 2681 552 peccati
2707 483 2873 552 gratia
2897 501 2911 538 :
2937 483 3076 540 sicut
3095 483 3226 541 illud
3245 487 3389 558 quod
3408 490 3668 562 scriptum

2073 581 2174 639 est,
2209 571 2421 628 Honora
2441 583 2635 644 patrem
2654 583 2702 628 et
2725 583 2935 628 matrem
2961 573 3156 645 (Exod.
3184 591 3275 646 xx,
3308 578 3397 644 16,
3428 580 3544 652 12),
3575 597 3670 638 ra-

2074 663 2254 734 piente
2278 663 2454 720 ofﬁcio
2479 666 2712 734 potiore'
2737 666 3097 722 contemnitur
3115 682 3132 734 ;
3150 669 3290 724 unde
3315 670 3558 728 ultimum
3576 688 3665 731 se-

2075 756 2302 826 pulturae
2331 756 2586 812 honorem
2629 757 2767 828 patri
2795 756 3111 828 prohibetur
3137 761 3417 817 exsolvam
3437 806 3451 829 ,
3478 764 3570 834 qui
3598 765 3669 822 ab

2076 847 2192 915 ipso
2222 848 2446 902 Domino
2488 849 2554 903 ad
2597 863 2822 919 regnum
2866 849 2960 906 Dei
2989 851 3414 909 annuntiandum
3443 866 3669 914 vocatur

2079 937 2290 1008 (Matth.
2317 955 2408 994 vm
2431 980 2445 1006 ,
2467 938 2585 1012 22).

2148 1031 2236 1085 57.
2270 1029 2398 1086 Item
2425 1031 2565 1101 quod
2596 1032 2854 1103 scriptum
2879 1043 2996 1103 est,
3041 1035 3256 1092 Verbum
3276 1040 3528 1112 excipiens
3548 1046 3570 1076 ³
3599 1045 3669 1114 ﬁ-

2076 1124 2173 1177 lius
2201 1141 2233 1177 a
2261 1124 2540 1194 perditione
2573 1127 2722 1197 longe
2753 1128 2914 1183 aberit
2942 1145 2961 1182 :
2992 1130 3248 1200 excipiens
3273 1142 3440 1187 autem
3483 1137 3669 1205 excipit

2075 1217 2208 1270 illud
2224 1217 2336 1283 sibi,
2357 1229 2402 1272 et
2418 1218 2546 1272 nihil
2561 1220 2679 1289 falsi
2700 1219 2765 1274 de
2783 1237 2870 1275 ore
2889 1222 3048 1293 ipsius
3071 1225 3294 1292 procedit
3311 1223 3494 1294 (Prov.
3517 1243 3663 1294 χχιχ,

2075 1308 2190 1379 27);
2210 1308 2336 1364 dicit
2362 1310 2574 1380 aliquis,
2593 1326 2697 1365 non
2714 1312 2853 1366 aliud
2878 1312 2963 1367 hic
2989 1314 3359 1384 accipiendum
3387 1331 3506 1372 esse
3523 1320 3665 1388 quod

2078 1402 2307 1470 positum
2338 1412 2441 1468 est,
2466 1403 2738 1473 Excipiens
2758 1405 2960 1459 verbum
2982 1406 3139 1473 ﬁlius,
3170 1408 3272 1462 nisi
3299 1410 3523 1464 verbum
3548 1411 3662 1479 Dei,

2076 1492 2214 1562 quod
2243 1503 2325 1548 est
2351 1495 2570 1549 veritas.
2596 1496 2752 1566 Ergo,
2773 1494 3046 1568 Excipiens
3069 1499 3326 1553 veritatem
3347 1501 3487 1568 [ilius
3502 1518 3532 1555 η
3549 1513 3668 1572 per-

2077 1586 2265 1640 ditione
2285 1585 2431 1657 longe
2455 1588 2632 1654 aberit,
2655 1587 2884 1644 refertur
2909 1589 2974 1644 ad
3004 1589 3134 1646 illud
3162 1591 3304 1661 quod
3334 1592 3534 1649 dictum
3559 1605 3664 1663 est,

2079 1676 2270 1732 Perdes
2290 1694 2462 1734 omnes
2479 1679 2564 1749 qui
2594 1679 2866 1750 loquuntur
2886 1683 3222 1737 mendacium.
3245 1682 3397 1753 Quod
3425 1701 3553 1740 vero
3575 1702 3667 1743 se-

2077 1769 2278 1840 quitur,
2301 1769 2575 1842 Excipiens
2593 1780 2761 1829 autent
2779 1773 2964 1848 excipit
2982 1774 3113 1832 illud
3135 1775 3252 1842 sibi,
3270 1777 3397 1848 quid
3427 1777 3568 1834 aliud
3586 1780 3668 1836 in-

2077 1860 2287 1927 sinuat,
2319 1862 2420 1917 nisi
2462 1862 2605 1934 quod
2631 1864 2918 1934 Apostolus
2943 1865 3105 1934 dicit,
3139 1865 3285 1940 Opus
3317 1876 3485 1926 autem
3516 1885 3668 1926 suum

2078 1951 2248 2021 probet
2267 1954 2626 2025 unusquisque,
2647 1965 2693 2008 et
2714 1965 2833 2010 tunc
2853 1957 2905 2010 in
2924 1959 3190 2030 semetipso
3211 1959 3408 2016 habebit
3427 1962 3662 2034 gloriam,

2077 2052 2125 2096 et
2147 2059 2246 2097 non
2269 2044 2321 2097 in
2361 2045 2520 2100 altero
2549 2044 2744 2117 (Galat.
2777 2063 2862 2112 v1,
2894 2047 2996 2118 4)?
3023 2049 3122 2116 Qui
3155 2051 3296 2107 enim
3326 2054 3525 2124 exeipit
3546 2071 3668 2111 ver-

2077 2131 2200 2187 bum
2222 2173 2238 2198 ,
2270 2132 2322 2188 id
2359 2142 2442 2189 est
2469 2136 2782 2202 veritatem,
2827 2153 2934 2194 non
2980 2140 3117 2207 sibi,
3147 2143 3241 2198 sed
3274 2153 3329 2197 ut
3355 2144 3664 2205 hominibus

2077 2220 2301 2290 placeat,
2325 2238 2429 2279 non
2445 2239 2563 2279 eam
2593 2226 2844 2295 custodit,
2864 2243 2984 2283 cum
3011 2231 3086 2286 eis
3120 2232 3266 2287 videt
3291 2234 3482 2304 placeri
3502 2251 3663 2308 posse

2075 2311 2374 2367 mendacio.
2407 2313 2508 2382 Qui
2536 2323 2714 2370 autem
2741 2317 2937 2387 exeipit
2963 2321 3084 2386 sibi,
3111 2321 3242 2376 nihil
3270 2323 3455 2379 falsum
3481 2325 3549 2382 de
3568 2342 3664 2384 ore

2076 2403 2242 2473 ipsius
2291 2407 2562 2475 procedit;
2603 2411 2724 2480 quia
2772 2413 2930 2468 etiam
2979 2429 3100 2470 cum
3145 2417 3318 2486 placet
3362 2419 3664 2481 hominibus

2075 2495 2408 2552 mendacium
2428 2540 2444 2564 ,
2470 2512 2578 2554 non
2604 2502 2858 2557 mentitur
2883 2504 2972 2560 ille
2997 2507 3087 2576 qui
3115 2509 3391 2565 veritatem
3414 2553 3429 2580 ,
3459 2527 3565 2569 non
3594 2513 3662 2570 de

2074 2600 2178 2656 qua
2208 2586 2313 2642 illis
2332 2629 2348 2654 ,
2377 2588 2472 2644 sed
2502 2589 2568 2646 de
2595 2606 2697 2662 qua
2727 2592 2840 2649 Deo
2867 2595 3137 2666 placeret,
3171 2602 3380 2670 excepit
3407 2603 3530 2658 sibi.
3563 2603 3663 2660 Ita-

2073 2691 2178 2747 que
2204 2691 2310 2734 non
2337 2687 2421 2734 est
2461 2695 2560 2736 cur
2605 2683 2692 2739 hic
2717 2685 2958 2754 dicatur,
2991 2687 3187 2746 Omnes
3213 2693 3426 2762 quidem
3475 2697 3661 2768 perdet

2073 2769 2163 2838 qui
2204 2770 2490 2841 loquuntur
2531 2775 2902 2847 mendacium,
2948 2781 3044 2836 sed
3087 2798 3193 2838 non
3236 2799 3397 2843 omne
3437 2790 3660 2847 menda-

2072 2861 2214 2918 cium
2240 2880 2254 2918 :
2276 2866 2488 2934 quando
2512 2869 2887 2927 universaliter
2915 2875 3090 2929 omnia
3121 2878 3397 2936 mendacia
3424 2883 3656 2940 circum-

2071 2951 2181 3009 cisa
2209 2965 2332 3011 sunt
2367 2957 2421 3012 in
2450 2973 2517 3014 eo
2544 2960 2686 3031 quod
2712 2961 2908 3018 dictum
2935 2975 3050 3031 est,
3083 2967 3151 3022 Et
3174 2971 3304 3024 nihil
3323 2973 3446 3043 falsi
3474 2973 3538 3029 de
3571 2991 3660 3031 ore

2071 3043 2233 3114 ipsius
2271 3050 2514 3118 procedit.
2543 3050 2647 3107 Sed
2673 3053 2802 3109 dicit
2836 3055 2971 3110 alius
2996 3057 3066 3110 ita
3097 3073 3216 3115 esse
3245 3063 3612 3132 accipiendum
3637 3109 3656 3136 ,

2070 3135 2212 3191 sicut
2235 3141 2443 3209 accepit
2464 3143 2738 3211 apostolus
2758 3144 2954 3200 Paulus
2978 3148 3118 3216 quod
3145 3150 3218 3204 ait
3245 3151 3517 3219 Dominus,
3544 3135 3656 3228 Ego

2068 3237 2236 3283 autem
2273 3231 2388 3286 dico
2424 3234 2594 3298 vobis,
2624 3252 2725 3289 non
2738 3237 2921 3303 jurare
2957 3241 3162 3296 omnino
3188 3243 3401 3317 (Matth.
3447 3265 3513 3314 ν,
3541 3251 3654 3324 54).

2067 3318 2200 3374 Nam
2229 3329 2284 3376 et
2325 3321 2411 3377 hic
2434 3325 2608 3379 omnis
2628 3325 2827 3394 juratio
2851 3329 3165 3387 circumcisa
3211 3344 3325 3401 est;
3355 3338 3447 3392 sed
3473 3339 3540 3395 ab
3564 3318 3658 3398 ore

2067 3413 2278 3479 cordis,
2324 3423 2380 3468 ut
2421 3431 2689 3486 nunquam
2718 3420 3006 3478 voluntatis
3032 3427 3414 3496 approbatione
3465 3432 3654 3504 ﬁeret,

2067 3504 2162 3559 sed
2192 3507 2508 3562 necessitate
2539 3509 2861 3568 infirmitatis
2907 3515 3160 3586 alterius,
3213 3520 3262 3575 id
3307 3531 3422 3586 est,
3455 3539 3483 3578 a
3516 3527 3659 3584 malo

2066 3597 2307 3663 alterius,
2332 3600 2418 3654 cui
2443 3615 2549 3655 non
2575 3603 2730 3659 aliter
2755 3605 2965 3662 videtur
2994 3612 3301 3679 persuaderi
3337 3631 3494 3686 posse
3515 3619 3657 3691 quod

2065 3688 2292 3757 dicitur,
2328 3691 2426 3746 nisi
2454 3694 2682 3762 jurando
2731 3697 2862 3754 ﬁdes
2889 3700 3010 3765 ﬁat;
3037 3711 3128 3757 aut
3174 3706 3241 3759 ab
3273 3708 3362 3764 illo
3391 3688 3653 3769 malo-no-

2067 3787 2202 3848 stro,
2221 3783 2365 3852 quod
2391 3783 2546 3855 hujus
2577 3791 2914 3847 mortalitatis
2938 3794 3110 3850 adhuc
3141 3799 3364 3867 pellibus
3391 3804 3609 3860 involuti
3633 3847 3649 3873 ,

2067 3886 2161 3926 cor
2186 3883 2422 3930 nostrum
2469 3892 2576 3933 non
2605 3880 2846 3937 valemus
2872 3886 3154 3951 ostendere
3186 3905 3199 3941 :
3233 3891 3372 3960 quod
3402 3895 3580 3964 utique
3605 3900 3649 3952 si

2066 3963 2385 4033 valeremus,
2401 3967 2670 4036 juratione
2687 3987 2821 4042 opus
2841 3990 2945 4029 non
2972 3988 3134 4034 esset.
3155 3980 3465 4054 Quanquam
3493 3963 3654 4043 etiam

2067 4053 2122 4107 in
2150 4053 2250 4110 hac
2293 4065 2399 4113 tota
2429 4063 2690 4116 sententia
2711 4103 2727 4128 ,
2760 4065 2803 4118 si
2831 4067 2972 4136 quod
3003 4069 3202 4126 dictum
3230 4083 3344 4140 est,
3381 4075 3654 4149 Excipiens

2067 4143 2269 4200 verbum
2298 4149 2434 4214 ﬁlius
2460 4167 2492 4205 a
2521 4154 2801 4222 perditione
2829 4158 2976 4229 longe
3003 4161 3191 4228 aberit,
3225 4165 3290 4220 de
3317 4166 3427 4235 ipsa
3457 4143 3653 4226 dictum

2065 4246 2148 4290 est
2179 4236 2412 4295 Veritate
2441 4257 2535 4312 per
2559 4260 2714 4314 quam
2753 4248 2887 4303 facta
2915 4263 3039 4306 sunt
3067 4255 3241 4309 omnia
3266 4299 3279 4322 ,
3310 4274 3426 4328 qua:
3452 4261 3655 4314 incom-

2067 4329 2337 4385 mutabilis
2372 4347 2586 4403 semper
2629 4348 2838 4405 manet;
2871 4344 3118 4411 quoniam
3167 4347 3404 4402 doctrina
3436 4350 3654 4420 religio-

2067 4419 2152 4473 nis
2171 4420 2238 4474 ad
2265 4437 2381 4476 eam
2417 4429 2882 4498 contemplandam
2909 4435 3199 4503 perducere
3227 4437 3411 4492 nititur
3429 4481 3444 4506 ,
3479 4419 3654 4509 potest

2067 4511 2233 4567 videri
2263 4515 2327 4569 ad
2361 4517 2461 4571 hoc
2489 4533 2610 4575 esse
2638 4521 2855 4588 dictum,
2891 4525 2956 4577 Et
2986 4526 3114 4580 nihil
3138 4529 3258 4596 falsi
3286 4531 3348 4581 de
3377 4546 3466 4586 ore
3493 4533 3656 4602 ipsius

2066 4607 2310 4672 procedit,
2341 4617 2398 4662 ut
2423 4610 2552 4664 nihil
2583 4611 2699 4668 falsi
2729 4617 2868 4685 quod
2896 4615 2961 4671 ad
2991 4617 3285 4674 doctrinam
3315 4625 3546 4691 pertinet
3571 4628 3654 4682 di-

2065 4703 2170 4748 cat.
2203 4696 2352 4764 Quod
2385 4700 2644 4757 mendacii
2686 4721 2852 4775 genus
2895 4708 3040 4762 nulla
3080 4712 3300 4767 omnino
3331 4728 3651 4785 compensa-

2068 4784 2210 4841 tione
2235 4789 2587 4856 subeundum,
2607 4797 2924 4867 penitusque
2951 4814 3012 4853 ac
3033 4803 3296 4872 praecipue
3313 4784 3652 4864 devitandum

2064 4888 2167 4932 est.
2185 4881 2287 4934 Aut
2313 4883 2356 4937 si
2377 4885 2516 4953 quod
2543 4886 2742 4943 dictum
2771 4901 2873 4957 est,
2894 4893 3025 4947 nihil
3048 4894 3186 4964 falsi,
3207 4898 3434 4955 absurde
3460 4901 3654 4972 accipi-
3719 4957 3721 4960 .

2066 4977 2169 5034 tur,
2193 4972 2238 5026 si
2268 4989 2370 5028 non
2397 4976 2461 5030 ad
2492 4992 2652 5034 omne
2679 4983 3017 5039 mendacium
3047 4987 3308 5045 referatur
3329 4991 3379 5058 ⁸;
3412 4994 3551 5064 quod
3573 4995 3654 5049 di-

2063 5070 2204 5116 etum
2229 5073 2328 5128 est.
2349 5066 2410 5120 de
2430 5085 2514 5122 ore
2539 5071 2718 5140 ipsius,
2741 5076 3031 5132 secundum
3059 5082 3388 5150 superiorem
3416 5085 3655 5157 disputa-

2064 5151 2260 5210 tionem
2287 5172 2347 5212 os
2374 5161 2551 5217 cordis
2575 5165 2944 5234 accipiendum
2972 5185 3090 5226 esse
3117 5176 3413 5244 contendit,
3438 5180 3528 5251 qui
3553 5180 3649 5236 ali-

2060 5248 2274 5312 quando
2297 5257 2443 5316 putat
2464 5267 2582 5309 esse
2603 5257 2990 5315 mentiendum.

2122 5357 2142 5426 ξ
2178 5356 2364 5426 aliquot
2389 5367 2513 5422 Mss,
2540 5364 2750 5426 fortiore.

2121 5417 2342 5498 1!:on
2365 5417 2622 5498 uotze'niss.
2651 5428 2853 5491 habent,
2875 5434 3165 5498 custodiens,
3188 5437 3282 5489 hoc
3303 5447 3487 5493 tantum
3511 5449 3564 5493 et
3585 5443 3655 5494 al-

2060 5483 2168 5568 ξῗξο
2193 5477 3655 5568 ¹Ρξέ2ἐ¹¹ἔίένι³οὲἓνηὲψάάιὶὶὲᾷἶῖἱῦἓιῖξίᾖνᾶῗιῖᾰ

2061 5544 2327 5631 m“Apud
2358 5544 2492 5610 txx‘,
2523 5544 2580 5599 in'
2594 5544 2865 5605 Proverbiis
2882 5595 2894 5616 ,
2917 5544 3141 5623 omn—"21,-

2293 5669 2614 5755 suae
2629 5679 2845 5755 119.8%“!
2871 5683 2999 5741 σασα
3035 5683 3220 5755 αίςιαηι
3249 5694 3320 5740 εει
3335 5727 3350 5752 ,
3364 5689 3494 5755 mu
3522 5691 3654 5755 ru...

2059 5725 2609 5818 ἶίῖῗὲἷίὲἷὲηίῗῗξέρὲῗνξξί
2627 5725 2958 5818 "cadit
2966 5725 3657 5818 minimumuti-‘32

2063 5788 2190 5848 quod
2213 5788 2402 5844 dictum"
2419 5801 2508 5856 est,
2528 5788 2648 5861 ξω,
2674 5788 2834 5851 minus
2847 5788 3002 5856 bene.
