  <div class='ocr_page' id='page_1' title='image "/cluster/home/n/w/nwhite01/storage/ocr_20150623/40/hvd.32044096580626/264.png"; bbox 0 0 4122 6212; ppageno 0'>
   <div class='ocr_carea' id='block_1_1' title="bbox 363 375 477 441">
    <p class='ocr_par' dir='ltr' id='par_1_1' title="bbox 363 375 477 441">
     <span class='ocr_line' id='line_1_1' title="bbox 363 375 477 441; baseline -0.018 0"><span class='ocrx_word' id='word_1_1' title='bbox 363 375 477 441; x_wconf 68' lang='grc'><strong>815</strong></span> 
     </span>
    </p>
   </div>
   <div class='ocr_carea' id='block_1_2' title="bbox 436 484 1942 559">
    <p class='ocr_par' dir='ltr' id='par_1_2' title="bbox 436 484 1942 559">
     <span class='ocr_line' id='line_1_2' title="bbox 436 484 1942 559; baseline -0.005 -9"><span class='ocrx_word' id='word_1_2' title='bbox 436 491 528 550; x_wconf 74' lang='grc'><strong>58.</strong></span> <span class='ocrx_word' id='word_1_3' title='bbox 569 489 698 548; x_wconf 75' lang='lat' dir='ltr'><strong>Haec</strong></span> <span class='ocrx_word' id='word_1_4' title='bbox 734 494 881 546; x_wconf 90' lang='lat' dir='ltr'><strong>certe</strong></span> <span class='ocrx_word' id='word_1_5' title='bbox 903 484 1078 545; x_wconf 89' lang='lat' dir='ltr'><strong>omnis</strong></span> <span class='ocrx_word' id='word_1_6' title='bbox 1107 487 1394 559; x_wconf 75' lang='lat' dir='ltr'><strong>disputatio</strong></span> <span class='ocrx_word' id='word_1_7' title='bbox 1421 487 1668 559; x_wconf 80' lang='lat' dir='ltr'><strong>quamvis</strong></span> <span class='ocrx_word' id='word_1_8' title='bbox 1694 488 1942 549; x_wconf 85' lang='lat' dir='ltr'><strong>alternet,</strong></span> 
     </span>
    </p>
   </div>
   <div class='ocr_carea' id='block_1_3' title="bbox 347 578 1953 666">
    <p class='ocr_par' dir='ltr' id='par_1_3' title="bbox 347 578 1953 666">
     <span class='ocr_line' id='line_1_3' title="bbox 347 578 1953 666; baseline -0.006 -25"><span class='ocrx_word' id='word_1_9' title='bbox 347 586 484 666; x_wconf 29' lang='lat' dir='ltr'><strong>‘aliis</strong></span> <span class='ocrx_word' id='word_1_10' title='bbox 512 581 879 640; x_wconf 88' lang='lat' dir='ltr'><strong>asserentibus</strong></span> <span class='ocrx_word' id='word_1_11' title='bbox 918 596 1189 652; x_wconf 81' lang='lat' dir='ltr'><strong>nunquam</strong></span> <span class='ocrx_word' id='word_1_12' title='bbox 1225 595 1346 636; x_wconf 89' lang='lat' dir='ltr'><strong>esse</strong></span> <span class='ocrx_word' id='word_1_13' title='bbox 1368 579 1757 645; x_wconf 90' lang='lat' dir='ltr'><strong>mentiendum,</strong></span> <span class='ocrx_word' id='word_1_14' title='bbox 1786 587 1843 634; x_wconf 90' lang='lat' dir='ltr'><strong>et</strong></span> <span class='ocrx_word' id='word_1_15' title='bbox 1887 578 1953 632; x_wconf 88' lang='lat' dir='ltr'><strong>ad</strong></span> 
     </span>
    </p>
   </div>
   <div class='ocr_carea' id='block_1_4' title="bbox 365 670 1960 748">
    <p class='ocr_par' dir='ltr' id='par_1_4' title="bbox 365 670 1960 748">
     <span class='ocr_line' id='line_1_4' title="bbox 365 670 1960 748; baseline -0.005 -16"><span class='ocrx_word' id='word_1_16' title='bbox 365 676 470 732; x_wconf 93' lang='lat' dir='ltr'><strong>hoc</strong></span> <span class='ocrx_word' id='word_1_17' title='bbox 493 676 673 732; x_wconf 85' lang='lat' dir='ltr'><strong>divina</strong></span> <span class='ocrx_word' id='word_1_18' title='bbox 705 673 1006 748; x_wconf 87' lang='lat' dir='ltr'><strong>testimonia</strong></span> <span class='ocrx_word' id='word_1_19' title='bbox 1035 671 1416 738; x_wconf 92' lang='lat' dir='ltr'><strong>recitantibus;</strong></span> <span class='ocrx_word' id='word_1_20' title='bbox 1440 672 1558 726; x_wconf 90' lang='lat' dir='ltr'><strong>aliis</strong></span> <span class='ocrx_word' id='word_1_21' title='bbox 1585 670 1960 726; x_wconf 88' lang='lat' dir='ltr'><strong>contradicen-</strong></span> 
     </span>
    </p>
   </div>
   <div class='ocr_carea' id='block_1_5' title="bbox 365 764 1956 838">
    <p class='ocr_par' dir='ltr' id='par_1_5' title="bbox 365 764 1956 838">
     <span class='ocr_line' id='line_1_5' title="bbox 365 764 1956 838; baseline -0.003 -16"><span class='ocrx_word' id='word_1_22' title='bbox 365 769 530 835; x_wconf 91' lang='lat' dir='ltr'><strong>tibus,</strong></span> <span class='ocrx_word' id='word_1_23' title='bbox 561 777 616 823; x_wconf 93' lang='lat' dir='ltr'><strong>et</strong></span> <span class='ocrx_word' id='word_1_24' title='bbox 665 767 804 824; x_wconf 89' lang='lat' dir='ltr'><strong>inter</strong></span> <span class='ocrx_word' id='word_1_25' title='bbox 850 767 962 838; x_wconf 89' lang='lat' dir='ltr'><strong>ipsa</strong></span> <span class='ocrx_word' id='word_1_26' title='bbox 987 767 1150 824; x_wconf 83' lang='lat' dir='ltr'><strong>verba</strong></span> <span class='ocrx_word' id='word_1_27' title='bbox 1179 765 1478 822; x_wconf 86' lang='lat' dir='ltr'><strong>divinorum</strong></span> <span class='ocrx_word' id='word_1_28' title='bbox 1525 764 1956 822; x_wconf 72' lang='lat' dir='ltr'><strong>testimoniorum</strong></span> 
     </span>
    </p>
   </div>
   <div class='ocr_carea' id='block_1_6' title="bbox 363 858 1960 930">
    <p class='ocr_par' dir='ltr' id='par_1_6' title="bbox 363 858 1960 930">
     <span class='ocr_line' id='line_1_6' title="bbox 363 858 1960 930; baseline -0.004 -15"><span class='ocrx_word' id='word_1_29' title='bbox 363 861 645 916; x_wconf 90' lang='lat' dir='ltr'><strong>mendacio</strong></span> <span class='ocrx_word' id='word_1_30' title='bbox 696 861 872 914; x_wconf 91' lang='lat' dir='ltr'><strong>locum</strong></span> <span class='ocrx_word' id='word_1_31' title='bbox 913 858 1313 930; x_wconf 76' lang='lat' dir='ltr'><strong>quaerentibus:</strong></span> <span class='ocrx_word' id='word_1_32' title='bbox 1339 872 1496 913; x_wconf 90' lang='lat' dir='ltr'><strong>nemo</strong></span> <span class='ocrx_word' id='word_1_33' title='bbox 1549 867 1726 912; x_wconf 89' lang='lat' dir='ltr'><strong>tamen</strong></span> <span class='ocrx_word' id='word_1_34' title='bbox 1780 862 1960 926; x_wconf 89' lang='lat' dir='ltr'><strong>potest</strong></span> 
     </span>
    </p>
   </div>
   <div class='ocr_carea' id='block_1_7' title="bbox 363 946 1956 1019">
    <p class='ocr_par' dir='ltr' id='par_1_7' title="bbox 363 946 1956 1019">
     <span class='ocr_line' id='line_1_7' title="bbox 363 946 1956 1019; baseline -0.004 -12"><span class='ocrx_word' id='word_1_35' title='bbox 363 951 566 1018; x_wconf 85' lang='lat' dir='ltr'><strong>dicere,</strong></span> <span class='ocrx_word' id='word_1_36' title='bbox 591 953 694 1007; x_wconf 89' lang='lat' dir='ltr'><strong>hoc</strong></span> <span class='ocrx_word' id='word_1_37' title='bbox 722 965 782 1006; x_wconf 91' lang='lat' dir='ltr'><strong>se</strong></span> <span class='ocrx_word' id='word_1_38' title='bbox 808 950 970 1004; x_wconf 83' lang='lat' dir='ltr'><strong>autin</strong></span> <span class='ocrx_word' id='word_1_39' title='bbox 993 949 1242 1019; x_wconf 84' lang='lat' dir='ltr'><strong>exemplo</strong></span> <span class='ocrx_word' id='word_1_40' title='bbox 1269 957 1363 1003; x_wconf 91' lang='lat' dir='ltr'><strong>aut</strong></span> <span class='ocrx_word' id='word_1_41' title='bbox 1389 949 1440 1002; x_wconf 92' lang='lat' dir='ltr'><strong>in</strong></span> <span class='ocrx_word' id='word_1_42' title='bbox 1462 948 1626 1004; x_wconf 92' lang='lat' dir='ltr'><strong>verbo</strong></span> <span class='ocrx_word' id='word_1_43' title='bbox 1654 946 1956 1017; x_wconf 86' lang='lat' dir='ltr'><strong>Scriptura-</strong></span> 
     </span>
    </p>
   </div>
   <div class='ocr_carea' id='block_1_8' title="bbox 363 1039 1953 1113">
    <p class='ocr_par' dir='ltr' id='par_1_8' title="bbox 363 1039 1953 1113">
     <span class='ocr_line' id='line_1_8' title="bbox 363 1039 1953 1113; baseline -0.006 -12"><span class='ocrx_word' id='word_1_44' title='bbox 363 1060 481 1101; x_wconf 89' lang='lat' dir='ltr'><strong>rum</strong></span> <span class='ocrx_word' id='word_1_45' title='bbox 512 1045 776 1110; x_wconf 90' lang='lat' dir='ltr'><strong>invenire,</strong></span> <span class='ocrx_word' id='word_1_46' title='bbox 806 1051 864 1098; x_wconf 94' lang='lat' dir='ltr'><strong>ut</strong></span> <span class='ocrx_word' id='word_1_47' title='bbox 900 1041 1227 1113; x_wconf 89' lang='lat' dir='ltr'><strong>diligendum</strong></span> <span class='ocrx_word' id='word_1_48' title='bbox 1257 1041 1342 1096; x_wconf 85' lang='lat' dir='ltr'><strong>vel</strong></span> <span class='ocrx_word' id='word_1_49' title='bbox 1370 1056 1474 1096; x_wconf 91' lang='lat' dir='ltr'><strong>non</strong></span> <span class='ocrx_word' id='word_1_50' title='bbox 1501 1040 1624 1096; x_wconf 92' lang='lat' dir='ltr'><strong>odio</strong></span> <span class='ocrx_word' id='word_1_51' title='bbox 1651 1039 1953 1095; x_wconf 90' lang='lat' dir='ltr'><strong>habendum</strong></span> 
     </span>
    </p>
   </div>
   <div class='ocr_carea' id='block_1_9' title="bbox 364 1131 1956 1198">
    <p class='ocr_par' dir='ltr' id='par_1_9' title="bbox 364 1131 1956 1198">
     <span class='ocr_line' id='line_1_9' title="bbox 364 1131 1956 1198; baseline -0.003 -7"><span class='ocrx_word' id='word_1_52' title='bbox 364 1137 531 1192; x_wconf 92' lang='lat' dir='ltr'><strong>ullum</strong></span> <span class='ocrx_word' id='word_1_53' title='bbox 561 1135 897 1192; x_wconf 90' lang='lat' dir='ltr'><strong>mendacium</strong></span> <span class='ocrx_word' id='word_1_54' title='bbox 930 1134 1201 1198; x_wconf 84' lang='lat' dir='ltr'><strong>videatur;</strong></span> <span class='ocrx_word' id='word_1_55' title='bbox 1233 1133 1330 1189; x_wconf 90' lang='lat' dir='ltr'><strong>sed</strong></span> <span class='ocrx_word' id='word_1_56' title='bbox 1354 1132 1619 1189; x_wconf 83' lang='lat' dir='ltr'><strong>interdum</strong></span> <span class='ocrx_word' id='word_1_57' title='bbox 1645 1131 1956 1188; x_wconf 91' lang='lat' dir='ltr'><strong>mentiendo</strong></span> 
     </span>
    </p>
   </div>
   <div class='ocr_carea' id='block_1_10' title="bbox 360 1222 1952 1296">
    <p class='ocr_par' dir='ltr' id='par_1_10' title="bbox 360 1222 1952 1296">
     <span class='ocr_line' id='line_1_10' title="bbox 360 1222 1952 1296; baseline -0.003 -14"><span class='ocrx_word' id='word_1_58' title='bbox 360 1226 665 1282; x_wconf 75' lang='lat' dir='ltr'><strong>faciendum</strong></span> <span class='ocrx_word' id='word_1_59' title='bbox 714 1241 836 1283; x_wconf 90' lang='lat' dir='ltr'><strong>esse</strong></span> <span class='ocrx_word' id='word_1_60' title='bbox 887 1226 1030 1296; x_wconf 88' lang='lat' dir='ltr'><strong>quod</strong></span> <span class='ocrx_word' id='word_1_61' title='bbox 1079 1226 1278 1292; x_wconf 88' lang='lat' dir='ltr'><strong>oderis,</strong></span> <span class='ocrx_word' id='word_1_62' title='bbox 1328 1235 1386 1280; x_wconf 94' lang='lat' dir='ltr'><strong>ut</strong></span> <span class='ocrx_word' id='word_1_63' title='bbox 1411 1225 1550 1295; x_wconf 89' lang='lat' dir='ltr'><strong>quod</strong></span> <span class='ocrx_word' id='word_1_64' title='bbox 1573 1223 1804 1294; x_wconf 87' lang='lat' dir='ltr'><strong>amplius</strong></span> <span class='ocrx_word' id='word_1_65' title='bbox 1854 1222 1952 1278; x_wconf 82' lang='lat' dir='ltr'><strong>de-</strong></span> 
     </span>
    </p>
   </div>
   <div class='ocr_carea' id='block_1_11' title="bbox 366 1301 1950 1380">
    <p class='ocr_par' dir='ltr' id='par_1_11' title="bbox 366 1301 1950 1380">
     <span class='ocr_line' id='line_1_11' title="bbox 366 1301 1950 1380; baseline -0.002 -7"><span class='ocrx_word' id='word_1_66' title='bbox 366 1318 672 1374; x_wconf 87' lang='lat' dir='ltr'><strong>testandum</strong></span> <span class='ocrx_word' id='word_1_67' title='bbox 701 1301 784 1374; x_wconf 76' lang='lat' dir='ltr'><strong>est</strong></span> <span class='ocrx_word' id='word_1_68' title='bbox 803 1317 1088 1372; x_wconf 87' lang='lat' dir='ltr'><strong>devitetur.</strong></span> <span class='ocrx_word' id='word_1_69' title='bbox 1136 1316 1240 1372; x_wconf 90' lang='lat' dir='ltr'><strong>Sed</strong></span> <span class='ocrx_word' id='word_1_70' title='bbox 1273 1316 1329 1371; x_wconf 90' lang='lat' dir='ltr'><strong>in</strong></span> <span class='ocrx_word' id='word_1_71' title='bbox 1351 1316 1454 1372; x_wconf 91' lang='lat' dir='ltr'><strong>hoc</strong></span> <span class='ocrx_word' id='word_1_72' title='bbox 1475 1325 1658 1372; x_wconf 91' lang='lat' dir='ltr'><strong>errant</strong></span> <span class='ocrx_word' id='word_1_73' title='bbox 1686 1315 1950 1380; x_wconf 84' lang='lat' dir='ltr'><strong>homines,</strong></span> 
     </span>
    </p>
   </div>
   <div class='ocr_carea' id='block_1_12' title="bbox 361 1409 1950 1482">
    <p class='ocr_par' dir='ltr' id='par_1_12' title="bbox 361 1409 1950 1482">
     <span class='ocr_line' id='line_1_12' title="bbox 361 1409 1950 1482; baseline 0.001 -18"><span class='ocrx_word' id='word_1_74' title='bbox 361 1410 504 1482; x_wconf 92' lang='lat' dir='ltr'><strong>quod</strong></span> <span class='ocrx_word' id='word_1_75' title='bbox 525 1410 760 1466; x_wconf 89' lang='lat' dir='ltr'><strong>subdunt</strong></span> <span class='ocrx_word' id='word_1_76' title='bbox 781 1409 1013 1480; x_wconf 89' lang='lat' dir='ltr'><strong>pretiosa</strong></span> <span class='ocrx_word' id='word_1_77' title='bbox 1041 1409 1338 1465; x_wconf 83' lang='lat' dir='ltr'><strong>vilioribus.</strong></span> <span class='ocrx_word' id='word_1_78' title='bbox 1376 1410 1510 1465; x_wconf 83' lang='lat' dir='ltr'><strong>Cum</strong></span> <span class='ocrx_word' id='word_1_79' title='bbox 1534 1410 1680 1465; x_wconf 92' lang='lat' dir='ltr'><strong>enim</strong></span> <span class='ocrx_word' id='word_1_80' title='bbox 1723 1423 1950 1465; x_wconf 90' lang='lat' dir='ltr'><strong>conces-</strong></span> 
     </span>
    </p>
   </div>
   <div class='ocr_carea' id='block_1_13' title="bbox 362 1499 1953 1572">
    <p class='ocr_par' dir='ltr' id='par_1_13' title="bbox 362 1499 1953 1572">
     <span class='ocr_line' id='line_1_13' title="bbox 362 1499 1953 1572; baseline -0.001 -15"><span class='ocrx_word' id='word_1_81' title='bbox 362 1503 500 1558; x_wconf 84' lang='lat' dir='ltr'><strong>seris</strong></span> <span class='ocrx_word' id='word_1_82' title='bbox 555 1502 939 1559; x_wconf 89' lang='lat' dir='ltr'><strong>admittendum</strong></span> <span class='ocrx_word' id='word_1_83' title='bbox 980 1517 1101 1558; x_wconf 90' lang='lat' dir='ltr'><strong>esse</strong></span> <span class='ocrx_word' id='word_1_84' title='bbox 1146 1499 1356 1572; x_wconf 88' lang='lat' dir='ltr'><strong>aliquod</strong></span> <span class='ocrx_word' id='word_1_85' title='bbox 1405 1502 1642 1566; x_wconf 89' lang='lat' dir='ltr'><strong>malum,</strong></span> <span class='ocrx_word' id='word_1_86' title='bbox 1690 1515 1759 1556; x_wconf 91' lang='lat' dir='ltr'><strong>ne</strong></span> <span class='ocrx_word' id='word_1_87' title='bbox 1810 1499 1953 1555; x_wconf 87' lang='lat' dir='ltr'><strong>aliud</strong></span> 
     </span>
    </p>
   </div>
   <div class='ocr_carea' id='block_1_14' title="bbox 359 1590 1952 1665">
    <p class='ocr_par' dir='ltr' id='par_1_14' title="bbox 359 1590 1952 1665">
     <span class='ocr_line' id='line_1_14' title="bbox 359 1590 1952 1665; baseline -0.003 -15"><span class='ocrx_word' id='word_1_88' title='bbox 359 1596 578 1665; x_wconf 75' lang='lat' dir='ltr'><strong>gravius</strong></span> <span class='ocrx_word' id='word_1_89' title='bbox 628 1594 983 1658; x_wconf 85' lang='lat' dir='ltr'><strong>admittatur;</strong></span> <span class='ocrx_word' id='word_1_90' title='bbox 1034 1608 1139 1648; x_wconf 92' lang='lat' dir='ltr'><strong>non</strong></span> <span class='ocrx_word' id='word_1_91' title='bbox 1188 1608 1257 1648; x_wconf 79' lang='lat' dir='ltr'><strong>ex</strong></span> <span class='ocrx_word' id='word_1_92' title='bbox 1318 1592 1502 1663; x_wconf 84' lang='lat' dir='ltr'><strong>regula</strong></span> <span class='ocrx_word' id='word_1_93' title='bbox 1555 1591 1814 1657; x_wconf 87' lang='lat' dir='ltr'><strong>veritatis,</strong></span> <span class='ocrx_word' id='word_1_94' title='bbox 1855 1590 1952 1647; x_wconf 91' lang='lat' dir='ltr'><strong>sed</strong></span> 
     </span>
    </p>
   </div>
   <div class='ocr_carea' id='block_1_15' title="bbox 361 1684 1952 1758">
    <p class='ocr_par' dir='ltr' id='par_1_15' title="bbox 361 1684 1952 1758">
     <span class='ocr_line' id='line_1_15' title="bbox 361 1684 1952 1758; baseline -0.002 -16"><span class='ocrx_word' id='word_1_95' title='bbox 361 1703 427 1742; x_wconf 81' lang='lat' dir='ltr'><strong>ex</strong></span> <span class='ocrx_word' id='word_1_96' title='bbox 455 1701 555 1742; x_wconf 90' lang='lat' dir='ltr'><strong>sua</strong></span> <span class='ocrx_word' id='word_1_97' title='bbox 579 1690 800 1758; x_wconf 87' lang='lat' dir='ltr'><strong>quisque</strong></span> <span class='ocrx_word' id='word_1_98' title='bbox 823 1685 1112 1756; x_wconf 88' lang='lat' dir='ltr'><strong>cupiditate</strong></span> <span class='ocrx_word' id='word_1_99' title='bbox 1139 1694 1298 1756; x_wconf 88' lang='lat' dir='ltr'><strong>atque</strong></span> <span class='ocrx_word' id='word_1_100' title='bbox 1326 1684 1714 1740; x_wconf 88' lang='lat' dir='ltr'><strong>consuetudine</strong></span> <span class='ocrx_word' id='word_1_101' title='bbox 1734 1686 1952 1739; x_wconf 89' lang='lat' dir='ltr'><strong>metitur</strong></span> 
     </span>
    </p>
   </div>
   <div class='ocr_carea' id='block_1_16' title="bbox 363 1774 1950 1848">
    <p class='ocr_par' dir='ltr' id='par_1_16' title="bbox 363 1774 1950 1848">
     <span class='ocr_line' id='line_1_16' title="bbox 363 1774 1950 1848; baseline -0.003 -14"><span class='ocrx_word' id='word_1_102' title='bbox 363 1780 598 1844; x_wconf 84' lang='lat' dir='ltr'><strong>malum;</strong></span> <span class='ocrx_word' id='word_1_103' title='bbox 623 1787 678 1834; x_wconf 89' lang='lat' dir='ltr'><strong>et</strong></span> <span class='ocrx_word' id='word_1_104' title='bbox 705 1778 755 1832; x_wconf 93' lang='lat' dir='ltr'><strong>id</strong></span> <span class='ocrx_word' id='word_1_105' title='bbox 773 1786 921 1848; x_wconf 82' lang='lat' dir='ltr'><strong>putat</strong></span> <span class='ocrx_word' id='word_1_106' title='bbox 948 1777 1179 1847; x_wconf 80' lang='lat' dir='ltr'><strong>gravius,</strong></span> <span class='ocrx_word' id='word_1_107' title='bbox 1203 1775 1342 1847; x_wconf 93' lang='lat' dir='ltr'><strong>quod</strong></span> <span class='ocrx_word' id='word_1_108' title='bbox 1365 1776 1480 1846; x_wconf 90' lang='lat' dir='ltr'><strong>ipse</strong></span> <span class='ocrx_word' id='word_1_109' title='bbox 1503 1775 1732 1846; x_wconf 88' lang='lat' dir='ltr'><strong>amplius</strong></span> <span class='ocrx_word' id='word_1_110' title='bbox 1751 1774 1950 1831; x_wconf 77' lang='lat' dir='ltr'><strong>exhor-</strong></span> 
     </span>
    </p>
   </div>
   <div class='ocr_carea' id='block_1_17' title="bbox 361 1865 1952 1940">
    <p class='ocr_par' dir='ltr' id='par_1_17' title="bbox 361 1865 1952 1940">
     <span class='ocr_line' id='line_1_17' title="bbox 361 1865 1952 1940; baseline -0.005 -12"><span class='ocrx_word' id='word_1_111' title='bbox 361 1874 548 1938; x_wconf 85' lang='lat' dir='ltr'><strong>rescit,</strong></span> <span class='ocrx_word' id='word_1_112' title='bbox 576 1887 682 1925; x_wconf 91' lang='lat' dir='ltr'><strong>non</strong></span> <span class='ocrx_word' id='word_1_113' title='bbox 711 1869 853 1940; x_wconf 92' lang='lat' dir='ltr'><strong>quod</strong></span> <span class='ocrx_word' id='word_1_114' title='bbox 885 1868 1118 1937; x_wconf 88' lang='lat' dir='ltr'><strong>amplius</strong></span> <span class='ocrx_word' id='word_1_115' title='bbox 1153 1883 1338 1924; x_wconf 89' lang='lat' dir='ltr'><strong>revera</strong></span> <span class='ocrx_word' id='word_1_116' title='bbox 1368 1866 1673 1937; x_wconf 81' lang='lat' dir='ltr'><strong>fugiendum</strong></span> <span class='ocrx_word' id='word_1_117' title='bbox 1703 1875 1804 1922; x_wconf 88' lang='lat' dir='ltr'><strong>est.</strong></span> <span class='ocrx_word' id='word_1_118' title='bbox 1837 1865 1952 1920; x_wconf 77' lang='lat' dir='ltr'><strong>Hoc</strong></span> 
     </span>
    </p>
   </div>
   <div class='ocr_carea' id='block_1_18' title="bbox 365 1958 1949 2032">
    <p class='ocr_par' dir='ltr' id='par_1_18' title="bbox 365 1958 1949 2032">
     <span class='ocr_line' id='line_1_18' title="bbox 365 1958 1949 2032; baseline -0.005 -12"><span class='ocrx_word' id='word_1_119' title='bbox 365 1973 530 2020; x_wconf 90' lang='lat' dir='ltr'><strong>totum</strong></span> <span class='ocrx_word' id='word_1_120' title='bbox 545 1964 611 2019; x_wconf 81' lang='lat' dir='ltr'><strong>ab</strong></span> <span class='ocrx_word' id='word_1_121' title='bbox 624 1964 822 2018; x_wconf 89' lang='lat' dir='ltr'><strong>amoris</strong></span> <span class='ocrx_word' id='word_1_122' title='bbox 835 1961 1186 2032; x_wconf 84' lang='lat' dir='ltr'><strong>perversitate</strong></span> <span class='ocrx_word' id='word_1_123' title='bbox 1199 1961 1432 2031; x_wconf 74' lang='lat' dir='ltr'><strong>gignitur</strong></span> <span class='ocrx_word' id='word_1_124' title='bbox 1447 1958 1790 2014; x_wconf 89' lang='lat' dir='ltr'><strong>vitium.Cum</strong></span> <span class='ocrx_word' id='word_1_125' title='bbox 1808 1958 1949 2014; x_wconf 91' lang='lat' dir='ltr'><strong>enim</strong></span> 
     </span>
    </p>
   </div>
   <div class='ocr_carea' id='block_1_19' title="bbox 361 2052 1949 2124">
    <p class='ocr_par' dir='ltr' id='par_1_19' title="bbox 361 2052 1949 2124">
     <span class='ocr_line' id='line_1_19' title="bbox 361 2052 1949 2124; baseline -0.004 -9"><span class='ocrx_word' id='word_1_126' title='bbox 361 2058 481 2115; x_wconf 84' lang='lat' dir='ltr'><strong>duae</strong></span> <span class='ocrx_word' id='word_1_127' title='bbox 502 2059 612 2112; x_wconf 89' lang='lat' dir='ltr'><strong>sint</strong></span> <span class='ocrx_word' id='word_1_128' title='bbox 631 2058 754 2112; x_wconf 67' lang='lat' dir='ltr'><strong>vitae</strong></span> <span class='ocrx_word' id='word_1_129' title='bbox 775 2064 1014 2121; x_wconf 68' lang='lat' dir='ltr'><strong>nostrae;</strong></span> <span class='ocrx_word' id='word_1_130' title='bbox 1047 2069 1150 2109; x_wconf 92' lang='lat' dir='ltr'><strong>una</strong></span> <span class='ocrx_word' id='word_1_131' title='bbox 1176 2055 1522 2123; x_wconf 85' lang='lat' dir='ltr'><strong>sempiterna,</strong></span> <span class='ocrx_word' id='word_1_132' title='bbox 1551 2069 1670 2124; x_wconf 83' lang='lat' dir='ltr'><strong>quae</strong></span> <span class='ocrx_word' id='word_1_133' title='bbox 1692 2052 1949 2108; x_wconf 88' lang='lat' dir='ltr'><strong>divinitus</strong></span> 
     </span>
    </p>
   </div>
   <div class='ocr_carea' id='block_1_20' title="bbox 362 2145 1944 2222">
    <p class='ocr_par' dir='ltr' id='par_1_20' title="bbox 362 2145 1944 2222">
     <span class='ocr_line' id='line_1_20' title="bbox 362 2145 1944 2222; baseline -0.004 -16"><span class='ocrx_word' id='word_1_134' title='bbox 362 2151 718 2222; x_wconf 89' lang='lat' dir='ltr'><strong>promittitur;</strong></span> <span class='ocrx_word' id='word_1_135' title='bbox 763 2149 930 2204; x_wconf 87' lang='lat' dir='ltr'><strong>altera</strong></span> <span class='ocrx_word' id='word_1_136' title='bbox 966 2145 1290 2217; x_wconf 83' lang='lat' dir='ltr'><strong>temporalis,</strong></span> <span class='ocrx_word' id='word_1_137' title='bbox 1317 2146 1369 2200; x_wconf 92' lang='lat' dir='ltr'><strong>in</strong></span> <span class='ocrx_word' id='word_1_138' title='bbox 1398 2160 1502 2216; x_wconf 90' lang='lat' dir='ltr'><strong>qua</strong></span> <span class='ocrx_word' id='word_1_139' title='bbox 1551 2160 1690 2200; x_wconf 90' lang='lat' dir='ltr'><strong>nunc</strong></span> <span class='ocrx_word' id='word_1_140' title='bbox 1722 2159 1944 2200; x_wconf 90' lang='lat' dir='ltr'><strong>sumus:</strong></span> 
     </span>
    </p>
   </div>
   <div class='ocr_carea' id='block_1_21' title="bbox 360 2235 1949 2314">
    <p class='ocr_par' dir='ltr' id='par_1_21' title="bbox 360 2235 1949 2314">
     <span class='ocr_line' id='line_1_21' title="bbox 360 2235 1949 2314; baseline -0.005 -16"><span class='ocrx_word' id='word_1_141' title='bbox 360 2258 482 2299; x_wconf 90' lang='lat' dir='ltr'><strong>cum</strong></span> <span class='ocrx_word' id='word_1_142' title='bbox 507 2237 736 2314; x_wconf 80' lang='lat' dir='ltr'><strong>quisque</strong></span> <span class='ocrx_word' id='word_1_143' title='bbox 765 2240 921 2296; x_wconf 87' lang='lat' dir='ltr'><strong>istam</strong></span> <span class='ocrx_word' id='word_1_144' title='bbox 953 2237 1304 2309; x_wconf 83' lang='lat' dir='ltr'><strong>temporalem</strong></span> <span class='ocrx_word' id='word_1_145' title='bbox 1335 2237 1562 2306; x_wconf 88' lang='lat' dir='ltr'><strong>amplius</strong></span> <span class='ocrx_word' id='word_1_146' title='bbox 1582 2235 1810 2306; x_wconf 78' lang='lat' dir='ltr'><strong>diligere</strong></span> <span class='ocrx_word' id='word_1_147' title='bbox 1835 2249 1949 2290; x_wconf 68' lang='lat' dir='ltr'><strong>ca:-</strong></span> 
     </span>
    </p>
   </div>
   <div class='ocr_carea' id='block_1_22' title="bbox 359 2328 1948 2408">
    <p class='ocr_par' dir='ltr' id='par_1_22' title="bbox 359 2328 1948 2408">
     <span class='ocr_line' id='line_1_22' title="bbox 359 2328 1948 2408; baseline -0.006 -16"><span class='ocrx_word' id='word_1_148' title='bbox 359 2337 519 2408; x_wconf 88' lang='lat' dir='ltr'><strong>perit,</strong></span> <span class='ocrx_word' id='word_1_149' title='bbox 549 2351 709 2407; x_wconf 88' lang='lat' dir='ltr'><strong>quam</strong></span> <span class='ocrx_word' id='word_1_150' title='bbox 751 2334 895 2390; x_wconf 85' lang='lat' dir='ltr'><strong>illam</strong></span> <span class='ocrx_word' id='word_1_151' title='bbox 940 2333 1341 2403; x_wconf 88' lang='lat' dir='ltr'><strong>sempiternam,</strong></span> <span class='ocrx_word' id='word_1_152' title='bbox 1382 2339 1601 2401; x_wconf 85' lang='lat' dir='ltr'><strong>propter</strong></span> <span class='ocrx_word' id='word_1_153' title='bbox 1627 2328 1767 2386; x_wconf 90' lang='lat' dir='ltr'><strong>hanc</strong></span> <span class='ocrx_word' id='word_1_154' title='bbox 1790 2343 1948 2399; x_wconf 87' lang='lat' dir='ltr'><strong>quam</strong></span> 
     </span>
    </p>
   </div>
   <div class='ocr_carea' id='block_1_23' title="bbox 357 2419 1951 2498">
    <p class='ocr_par' dir='ltr' id='par_1_23' title="bbox 357 2419 1951 2498">
     <span class='ocr_line' id='line_1_23' title="bbox 357 2419 1951 2498; baseline -0.006 -14"><span class='ocrx_word' id='word_1_155' title='bbox 357 2427 549 2498; x_wconf 83' lang='lat' dir='ltr'><strong>diligit,</strong></span> <span class='ocrx_word' id='word_1_156' title='bbox 582 2434 732 2497; x_wconf 85' lang='lat' dir='ltr'><strong>putat</strong></span> <span class='ocrx_word' id='word_1_157' title='bbox 773 2439 894 2481; x_wconf 87' lang='lat' dir='ltr'><strong>esse</strong></span> <span class='ocrx_word' id='word_1_158' title='bbox 937 2424 1116 2480; x_wconf 87' lang='lat' dir='ltr'><strong>omnia</strong></span> <span class='ocrx_word' id='word_1_159' title='bbox 1157 2421 1396 2478; x_wconf 83' lang='lat' dir='ltr'><strong>facienda</strong></span> <span class='ocrx_word' id='word_1_160' title='bbox 1421 2438 1439 2486; x_wconf 93' lang='lat'><strong>;</strong></span> <span class='ocrx_word' id='word_1_161' title='bbox 1462 2436 1561 2477; x_wconf 90' lang='lat' dir='ltr'><strong>nec</strong></span> <span class='ocrx_word' id='word_1_162' title='bbox 1589 2420 1696 2476; x_wconf 90' lang='lat' dir='ltr'><strong>ulla</strong></span> <span class='ocrx_word' id='word_1_163' title='bbox 1720 2419 1951 2475; x_wconf 76' lang='lat' dir='ltr'><strong>aestimat</strong></span> 
     </span>
    </p>
   </div>
   <div class='ocr_carea' id='block_1_24' title="bbox 355 2511 1947 2590">
    <p class='ocr_par' dir='ltr' id='par_1_24' title="bbox 355 2511 1947 2590">
     <span class='ocr_line' id='line_1_24' title="bbox 355 2511 1947 2590; baseline -0.004 -18"><span class='ocrx_word' id='word_1_164' title='bbox 355 2519 604 2590; x_wconf 86' lang='lat' dir='ltr'><strong>graviora</strong></span> <span class='ocrx_word' id='word_1_165' title='bbox 640 2533 877 2587; x_wconf 81' lang='lat' dir='ltr'><strong>peccata,</strong></span> <span class='ocrx_word' id='word_1_166' title='bbox 915 2531 1076 2588; x_wconf 89' lang='lat' dir='ltr'><strong>quam</strong></span> <span class='ocrx_word' id='word_1_167' title='bbox 1112 2531 1233 2586; x_wconf 69' lang='lat' dir='ltr'><strong>qua:</strong></span> <span class='ocrx_word' id='word_1_168' title='bbox 1265 2514 1388 2569; x_wconf 91' lang='lat' dir='ltr'><strong>huic</strong></span> <span class='ocrx_word' id='word_1_169' title='bbox 1410 2513 1533 2569; x_wconf 73' lang='lat' dir='ltr'><strong>vita:</strong></span> <span class='ocrx_word' id='word_1_170' title='bbox 1559 2513 1762 2568; x_wconf 79' lang='lat' dir='ltr'><strong>iaciunt</strong></span> <span class='ocrx_word' id='word_1_171' title='bbox 1805 2511 1947 2581; x_wconf 83' lang='lat' dir='ltr'><strong>inju-</strong></span> 
     </span>
    </p>
   </div>
   <div class='ocr_carea' id='block_1_25' title="bbox 355 2604 1948 2678">
    <p class='ocr_par' dir='ltr' id='par_1_25' title="bbox 355 2604 1948 2678">
     <span class='ocr_line' id='line_1_25' title="bbox 355 2604 1948 2678; baseline -0.004 -13"><span class='ocrx_word' id='word_1_172' title='bbox 355 2612 515 2675; x_wconf 85' lang='lat' dir='ltr'><strong>riam,</strong></span> <span class='ocrx_word' id='word_1_173' title='bbox 541 2619 597 2666; x_wconf 90' lang='lat' dir='ltr'><strong>et</strong></span> <span class='ocrx_word' id='word_1_174' title='bbox 621 2610 700 2666; x_wconf 91' lang='lat' dir='ltr'><strong>vel</strong></span> <span class='ocrx_word' id='word_1_175' title='bbox 719 2611 768 2666; x_wconf 90' lang='lat' dir='ltr'><strong>ei</strong></span> <span class='ocrx_word' id='word_1_176' title='bbox 795 2607 1192 2665; x_wconf 85' lang='lat' dir='ltr'><strong>commoditatis</strong></span> <span class='ocrx_word' id='word_1_177' title='bbox 1209 2605 1410 2678; x_wconf 88' lang='lat' dir='ltr'><strong>aliquid</strong></span> <span class='ocrx_word' id='word_1_178' title='bbox 1426 2608 1442 2638; x_wconf 72' lang='grc' dir='ltr'><strong><em>ι</em></strong></span> <span class='ocrx_word' id='word_1_179' title='bbox 1476 2606 1656 2676; x_wconf 89' lang='lat' dir='ltr'><strong>inique</strong></span> <span class='ocrx_word' id='word_1_180' title='bbox 1681 2613 1736 2662; x_wconf 91' lang='lat' dir='ltr'><strong>et</strong></span> <span class='ocrx_word' id='word_1_181' title='bbox 1761 2604 1948 2660; x_wconf 89' lang='lat' dir='ltr'><strong>illicite</strong></span> 
     </span>
    </p>
   </div>
   <div class='ocr_carea' id='block_1_26' title="bbox 355 2695 1946 2769">
    <p class='ocr_par' dir='ltr' id='par_1_26' title="bbox 355 2695 1946 2769">
     <span class='ocr_line' id='line_1_26' title="bbox 355 2695 1946 2769; baseline -0.003 -13"><span class='ocrx_word' id='word_1_182' title='bbox 355 2701 631 2768; x_wconf 80' lang='lat' dir='ltr'><strong>auferunt,</strong></span> <span class='ocrx_word' id='word_1_183' title='bbox 657 2710 750 2756; x_wconf 87' lang='lat' dir='ltr'><strong>aut</strong></span> <span class='ocrx_word' id='word_1_184' title='bbox 771 2716 889 2758; x_wconf 88' lang='lat' dir='ltr'><strong>eam</strong></span> <span class='ocrx_word' id='word_1_185' title='bbox 937 2701 1149 2769; x_wconf 86' lang='lat' dir='ltr'><strong>penitus</strong></span> <span class='ocrx_word' id='word_1_186' title='bbox 1173 2699 1317 2754; x_wconf 91' lang='lat' dir='ltr'><strong>illata</strong></span> <span class='ocrx_word' id='word_1_187' title='bbox 1357 2705 1530 2753; x_wconf 86' lang='lat' dir='ltr'><strong>morte</strong></span> <span class='ocrx_word' id='word_1_188' title='bbox 1555 2695 1815 2753; x_wconf 88' lang='lat' dir='ltr'><strong>adimunt.</strong></span> <span class='ocrx_word' id='word_1_189' title='bbox 1841 2695 1946 2752; x_wconf 84' lang='lat' dir='ltr'><strong>Ita-</strong></span> 
     </span>
    </p>
   </div>
   <div class='ocr_carea' id='block_1_27' title="bbox 354 2789 1948 2865">
    <p class='ocr_par' dir='ltr' id='par_1_27' title="bbox 354 2789 1948 2865">
     <span class='ocr_line' id='line_1_27' title="bbox 354 2789 1948 2865; baseline -0.003 -17"><span class='ocrx_word' id='word_1_190' title='bbox 354 2809 459 2865; x_wconf 87' lang='lat' dir='ltr'><strong>que</strong></span> <span class='ocrx_word' id='word_1_191' title='bbox 489 2793 656 2860; x_wconf 77' lang='lat' dir='ltr'><strong>fures,</strong></span> <span class='ocrx_word' id='word_1_192' title='bbox 708 2803 762 2848; x_wconf 90' lang='lat' dir='ltr'><strong>et</strong></span> <span class='ocrx_word' id='word_1_193' title='bbox 787 2801 1050 2863; x_wconf 85' lang='lat' dir='ltr'><strong>raptores,</strong></span> <span class='ocrx_word' id='word_1_194' title='bbox 1093 2799 1147 2846; x_wconf 92' lang='lat' dir='ltr'><strong>et</strong></span> <span class='ocrx_word' id='word_1_195' title='bbox 1172 2789 1618 2853; x_wconf 85' lang='lat' dir='ltr'><strong>contumeliosos,</strong></span> <span class='ocrx_word' id='word_1_196' title='bbox 1641 2800 1694 2844; x_wconf 91' lang='lat' dir='ltr'><strong>et</strong></span> <span class='ocrx_word' id='word_1_197' title='bbox 1718 2798 1948 2846; x_wconf 86' lang='lat' dir='ltr'><strong>tortores</strong></span> 
     </span>
    </p>
   </div>
   <div class='ocr_carea' id='block_1_28' title="bbox 354 2879 1942 2957">
    <p class='ocr_par' dir='ltr' id='par_1_28' title="bbox 354 2879 1942 2957">
     <span class='ocr_line' id='line_1_28' title="bbox 354 2879 1942 2957; baseline -0.004 -16"><span class='ocrx_word' id='word_1_198' title='bbox 354 2897 516 2957; x_wconf 88' lang='lat' dir='ltr'><strong>atque</strong></span> <span class='ocrx_word' id='word_1_199' title='bbox 555 2884 923 2944; x_wconf 83' lang='lat' dir='ltr'><strong>interfectores</strong></span> <span class='ocrx_word' id='word_1_200' title='bbox 963 2883 1131 2954; x_wconf 88' lang='lat' dir='ltr'><strong>magis</strong></span> <span class='ocrx_word' id='word_1_201' title='bbox 1180 2881 1447 2946; x_wconf 89' lang='lat' dir='ltr'><strong>oderunt,</strong></span> <span class='ocrx_word' id='word_1_202' title='bbox 1487 2895 1648 2951; x_wconf 88' lang='lat' dir='ltr'><strong>quam</strong></span> <span class='ocrx_word' id='word_1_203' title='bbox 1695 2879 1942 2947; x_wconf 88' lang='lat' dir='ltr'><strong>lascivos,</strong></span> 
     </span>
    </p>
   </div>
   <div class='ocr_carea' id='block_1_29' title="bbox 354 2972 1945 3043">
    <p class='ocr_par' dir='ltr' id='par_1_29' title="bbox 354 2972 1945 3043">
     <span class='ocr_line' id='line_1_29' title="bbox 354 2972 1945 3043; baseline -0.005 -9"><span class='ocrx_word' id='word_1_204' title='bbox 354 2978 622 3042; x_wconf 85' lang='lat' dir='ltr'><strong>ebriosos,</strong></span> <span class='ocrx_word' id='word_1_205' title='bbox 657 2977 980 3043; x_wconf 83' lang='lat' dir='ltr'><strong>luxuriosos,</strong></span> <span class='ocrx_word' id='word_1_206' title='bbox 1012 2975 1059 3030; x_wconf 89' lang='lat' dir='ltr'><strong>si</strong></span> <span class='ocrx_word' id='word_1_207' title='bbox 1086 2974 1220 3030; x_wconf 90' lang='lat' dir='ltr'><strong>nulli</strong></span> <span class='ocrx_word' id='word_1_208' title='bbox 1252 2974 1464 3029; x_wconf 89' lang='lat' dir='ltr'><strong>molesti</strong></span> <span class='ocrx_word' id='word_1_209' title='bbox 1495 2974 1624 3029; x_wconf 91' lang='lat' dir='ltr'><strong>sint.</strong></span> <span class='ocrx_word' id='word_1_210' title='bbox 1649 2972 1762 3028; x_wconf 88' lang='lat' dir='ltr'><strong>Non</strong></span> <span class='ocrx_word' id='word_1_211' title='bbox 1801 2973 1945 3028; x_wconf 89' lang='lat' dir='ltr'><strong>enim</strong></span> 
     </span>
    </p>
   </div>
   <div class='ocr_carea' id='block_1_30' title="bbox 354 3062 1949 3140">
    <p class='ocr_par' dir='ltr' id='par_1_30' title="bbox 354 3062 1949 3140">
     <span class='ocr_line' id='line_1_30' title="bbox 354 3062 1949 3140; baseline -0.007 -11"><span class='ocrx_word' id='word_1_212' title='bbox 354 3070 679 3140; x_wconf 88' lang='lat' dir='ltr'><strong>intelligunt,</strong></span> <span class='ocrx_word' id='word_1_213' title='bbox 701 3078 793 3122; x_wconf 92' lang='lat' dir='ltr'><strong>aut</strong></span> <span class='ocrx_word' id='word_1_214' title='bbox 834 3067 1054 3122; x_wconf 90' lang='lat' dir='ltr'><strong>omnino</strong></span> <span class='ocrx_word' id='word_1_215' title='bbox 1093 3073 1303 3131; x_wconf 89' lang='lat' dir='ltr'><strong>curant,</strong></span> <span class='ocrx_word' id='word_1_216' title='bbox 1336 3064 1478 3135; x_wconf 92' lang='lat' dir='ltr'><strong>quod</strong></span> <span class='ocrx_word' id='word_1_217' title='bbox 1501 3064 1585 3119; x_wconf 84' lang='lat' dir='ltr'><strong>isti</strong></span> <span class='ocrx_word' id='word_1_218' title='bbox 1617 3064 1726 3119; x_wconf 92' lang='lat' dir='ltr'><strong>Deo</strong></span> <span class='ocrx_word' id='word_1_219' title='bbox 1749 3062 1949 3119; x_wconf 79' lang='lat' dir='ltr'><strong>faciant</strong></span> 
     </span>
    </p>
   </div>
   <div class='ocr_carea' id='block_1_31' title="bbox 354 3156 1941 3233">
    <p class='ocr_par' dir='ltr' id='par_1_31' title="bbox 354 3156 1941 3233">
     <span class='ocr_line' id='line_1_31' title="bbox 354 3156 1941 3233; baseline -0.005 -15"><span class='ocrx_word' id='word_1_220' title='bbox 354 3161 603 3233; x_wconf 87' lang='lat' dir='ltr'><strong>injuriam</strong></span> <span class='ocrx_word' id='word_1_221' title='bbox 633 3179 650 3227; x_wconf 94' lang='lat'><strong>;</strong></span> <span class='ocrx_word' id='word_1_222' title='bbox 683 3177 786 3216; x_wconf 89' lang='lat' dir='ltr'><strong>non</strong></span> <span class='ocrx_word' id='word_1_223' title='bbox 805 3159 1019 3231; x_wconf 87' lang='lat' dir='ltr'><strong>quidem</strong></span> <span class='ocrx_word' id='word_1_224' title='bbox 1043 3159 1095 3214; x_wconf 92' lang='lat' dir='ltr'><strong>in</strong></span> <span class='ocrx_word' id='word_1_225' title='bbox 1127 3159 1270 3214; x_wconf 89' lang='lat' dir='ltr'><strong>illius</strong></span> <span class='ocrx_word' id='word_1_226' title='bbox 1285 3157 1501 3228; x_wconf 83' lang='lat' dir='ltr'><strong>aliquod</strong></span> <span class='ocrx_word' id='word_1_227' title='bbox 1521 3156 1941 3223; x_wconf 89' lang='lat' dir='ltr'><strong>incommodum,</strong></span> 
     </span>
    </p>
   </div>
   <div class='ocr_carea' id='block_1_32' title="bbox 351 3249 1942 3325">
    <p class='ocr_par' dir='ltr' id='par_1_32' title="bbox 351 3249 1942 3325">
     <span class='ocr_line' id='line_1_32' title="bbox 351 3249 1942 3325; baseline -0.005 -13"><span class='ocrx_word' id='word_1_228' title='bbox 351 3257 448 3313; x_wconf 78' lang='lat' dir='ltr'><strong>sed</strong></span> <span class='ocrx_word' id='word_1_229' title='bbox 478 3257 535 3312; x_wconf 92' lang='lat' dir='ltr'><strong>in</strong></span> <span class='ocrx_word' id='word_1_230' title='bbox 576 3270 726 3310; x_wconf 88' lang='lat' dir='ltr'><strong>suam</strong></span> <span class='ocrx_word' id='word_1_231' title='bbox 765 3269 1013 3325; x_wconf 88' lang='lat' dir='ltr'><strong>magnam</strong></span> <span class='ocrx_word' id='word_1_232' title='bbox 1065 3251 1386 3324; x_wconf 88' lang='lat' dir='ltr'><strong>perniciem;</strong></span> <span class='ocrx_word' id='word_1_233' title='bbox 1417 3266 1538 3306; x_wconf 91' lang='lat' dir='ltr'><strong>cum</strong></span> <span class='ocrx_word' id='word_1_234' title='bbox 1579 3251 1721 3306; x_wconf 89' lang='lat' dir='ltr'><strong>dona</strong></span> <span class='ocrx_word' id='word_1_235' title='bbox 1749 3249 1862 3321; x_wconf 87' lang='lat' dir='ltr'><strong>ejus</strong></span> <span class='ocrx_word' id='word_1_236' title='bbox 1889 3250 1942 3304; x_wconf 93' lang='lat' dir='ltr'><strong>in</strong></span> 
     </span>
    </p>
   </div>
   <div class='ocr_carea' id='block_1_33' title="bbox 352 3342 1946 3417">
    <p class='ocr_par' dir='ltr' id='par_1_33' title="bbox 352 3342 1946 3417">
     <span class='ocr_line' id='line_1_33' title="bbox 352 3342 1946 3417; baseline -0.007 -11"><span class='ocrx_word' id='word_1_237' title='bbox 352 3363 414 3406; x_wconf 84' lang='lat' dir='ltr'><strong>se</strong></span> <span class='ocrx_word' id='word_1_238' title='bbox 462 3356 830 3417; x_wconf 86' lang='lat' dir='ltr'><strong>corrumpunt,</strong></span> <span class='ocrx_word' id='word_1_239' title='bbox 857 3347 1018 3401; x_wconf 90' lang='lat' dir='ltr'><strong>etiam</strong></span> <span class='ocrx_word' id='word_1_240' title='bbox 1050 3343 1384 3414; x_wconf 84' lang='lat' dir='ltr'><strong>temporalia,</strong></span> <span class='ocrx_word' id='word_1_241' title='bbox 1413 3352 1575 3413; x_wconf 87' lang='lat' dir='ltr'><strong>atque</strong></span> <span class='ocrx_word' id='word_1_242' title='bbox 1607 3342 1734 3412; x_wconf 89' lang='lat' dir='ltr'><strong>ipsis</strong></span> <span class='ocrx_word' id='word_1_243' title='bbox 1761 3357 1946 3398; x_wconf 85' lang='lat' dir='ltr'><strong>corru-</strong></span> 
     </span>
    </p>
   </div>
   <div class='ocr_carea' id='block_1_34' title="bbox 352 3435 1944 3513">
    <p class='ocr_par' dir='ltr' id='par_1_34' title="bbox 352 3435 1944 3513">
     <span class='ocr_line' id='line_1_34' title="bbox 352 3435 1944 3513; baseline -0.004 -16"><span class='ocrx_word' id='word_1_244' title='bbox 352 3442 626 3513; x_wconf 83' lang='lat' dir='ltr'><strong>ptionibus</strong></span> <span class='ocrx_word' id='word_1_245' title='bbox 649 3450 963 3496; x_wconf 85' lang='lat' dir='ltr'><strong>aversantur</strong></span> <span class='ocrx_word' id='word_1_246' title='bbox 984 3447 1182 3494; x_wconf 79' lang='lat' dir='ltr'><strong>aeterna</strong></span> <span class='ocrx_word' id='word_1_247' title='bbox 1213 3455 1226 3492; x_wconf 92' lang='lat'>:</span> <span class='ocrx_word' id='word_1_248' title='bbox 1252 3437 1484 3492; x_wconf 79' lang='lat' dir='ltr'><strong>maxime</strong></span> <span class='ocrx_word' id='word_1_249' title='bbox 1503 3435 1546 3492; x_wconf 89' lang='lat' dir='ltr'><strong>si</strong></span> <span class='ocrx_word' id='word_1_250' title='bbox 1558 3435 1667 3506; x_wconf 86' lang='lat' dir='ltr'><strong>jam</strong></span> <span class='ocrx_word' id='word_1_251' title='bbox 1687 3435 1944 3506; x_wconf 90' lang='lat' dir='ltr'><strong>templum</strong></span> 
     </span>
    </p>
   </div>
   <div class='ocr_carea' id='block_1_35' title="bbox 356 3526 1944 3602">
    <p class='ocr_par' dir='ltr' id='par_1_35' title="bbox 356 3526 1944 3602">
     <span class='ocr_line' id='line_1_35' title="bbox 356 3526 1944 3602; baseline -0.005 -12"><span class='ocrx_word' id='word_1_252' title='bbox 356 3533 452 3590; x_wconf 94' lang='lat' dir='ltr'><strong>Dei</strong></span> <span class='ocrx_word' id='word_1_253' title='bbox 479 3549 602 3590; x_wconf 87' lang='lat' dir='ltr'><strong>esse</strong></span> <span class='ocrx_word' id='word_1_254' title='bbox 630 3539 940 3602; x_wconf 69' lang='lat' dir='ltr'><strong>caeperunt;</strong></span> <span class='ocrx_word' id='word_1_255' title='bbox 970 3529 1110 3600; x_wconf 93' lang='lat' dir='ltr'><strong>quod</strong></span> <span class='ocrx_word' id='word_1_256' title='bbox 1139 3528 1458 3584; x_wconf 80' lang='lat' dir='ltr'><strong>Christianis</strong></span> <span class='ocrx_word' id='word_1_257' title='bbox 1502 3526 1753 3582; x_wconf 89' lang='lat' dir='ltr'><strong>omnibus</strong></span> <span class='ocrx_word' id='word_1_258' title='bbox 1799 3527 1944 3598; x_wconf 86' lang='lat' dir='ltr'><strong>Apo-</strong></span> 
     </span>
    </p>
   </div>
   <div class='ocr_carea' id='block_1_36' title="bbox 353 3616 1943 3690">
    <p class='ocr_par' dir='ltr' id='par_1_36' title="bbox 353 3616 1943 3690">
     <span class='ocr_line' id='line_1_36' title="bbox 353 3616 1943 3690; baseline -0.004 -11"><span class='ocrx_word' id='word_1_259' title='bbox 353 3625 528 3679; x_wconf 83' lang='lat' dir='ltr'><strong>stolus</strong></span> <span class='ocrx_word' id='word_1_260' title='bbox 582 3621 655 3678; x_wconf 86' lang='lat' dir='ltr'><strong>ita</strong></span> <span class='ocrx_word' id='word_1_261' title='bbox 703 3623 832 3681; x_wconf 84' lang='lat' dir='ltr'><strong>dicit</strong></span> <span class='ocrx_word' id='word_1_262' title='bbox 865 3640 879 3675; x_wconf 87' lang='lat'>:</span> <span class='ocrx_word' id='word_1_263' title='bbox 913 3619 1137 3674; x_wconf 72' lang='lat' dir='ltr'><strong>Nescitis</strong></span> <span class='ocrx_word' id='word_1_264' title='bbox 1161 3620 1281 3690; x_wconf 80' lang='lat' dir='ltr'><strong>quia</strong></span> <span class='ocrx_word' id='word_1_265' title='bbox 1321 3618 1562 3689; x_wconf 80' lang='lat' dir='ltr'><strong>templum</strong></span> <span class='ocrx_word' id='word_1_266' title='bbox 1587 3616 1683 3672; x_wconf 92' lang='lat' dir='ltr'><strong>Dei</strong></span> <span class='ocrx_word' id='word_1_267' title='bbox 1708 3619 1847 3684; x_wconf 86' lang='lat' dir='ltr'><strong>estis,</strong></span> <span class='ocrx_word' id='word_1_268' title='bbox 1893 3627 1943 3673; x_wconf 89' lang='lat' dir='ltr'><strong>et</strong></span> 
     </span>
    </p>
   </div>
   <div class='ocr_carea' id='block_1_37' title="bbox 354 3707 1945 3786">
    <p class='ocr_par' dir='ltr' id='par_1_37' title="bbox 354 3707 1945 3786">
     <span class='ocr_line' id='line_1_37' title="bbox 354 3707 1945 3786; baseline -0.005 -14"><span class='ocrx_word' id='word_1_269' title='bbox 354 3715 582 3786; x_wconf 82' lang='lat' dir='ltr'><strong>Spiritus</strong></span> <span class='ocrx_word' id='word_1_270' title='bbox 624 3713 721 3768; x_wconf 82' lang='lat' dir='ltr'><strong>Dei</strong></span> <span class='ocrx_word' id='word_1_271' title='bbox 753 3713 946 3768; x_wconf 77' lang='lat' dir='ltr'><strong>habitat</strong></span> <span class='ocrx_word' id='word_1_272' title='bbox 989 3714 1044 3766; x_wconf 85' lang='lat' dir='ltr'><strong>in</strong></span> <span class='ocrx_word' id='word_1_273' title='bbox 1090 3710 1262 3764; x_wconf 79' lang='lat' dir='ltr'><strong>vobis?</strong></span> <span class='ocrx_word' id='word_1_274' title='bbox 1293 3709 1532 3781; x_wconf 74' lang='lat' dir='ltr'><strong>Quisquis</strong></span> <span class='ocrx_word' id='word_1_275' title='bbox 1566 3710 1810 3781; x_wconf 80' lang='lat' dir='ltr'><strong>templum</strong></span> <span class='ocrx_word' id='word_1_276' title='bbox 1846 3707 1945 3764; x_wconf 85' lang='lat' dir='ltr'><strong>Dei</strong></span> 
     </span>
    </p>
   </div>
   <div class='ocr_carea' id='block_1_38' title="bbox 352 3799 1944 3877">
    <p class='ocr_par' dir='ltr' id='par_1_38' title="bbox 352 3799 1944 3877">
     <span class='ocr_line' id='line_1_38' title="bbox 352 3799 1944 3877; baseline -0.003 -16"><span class='ocrx_word' id='word_1_277' title='bbox 352 3807 657 3877; x_wconf 76' lang='lat' dir='ltr'><strong>corruperit,</strong></span> <span class='ocrx_word' id='word_1_278' title='bbox 685 3814 969 3873; x_wconf 86' lang='lat' dir='ltr'><strong>corrumpet</strong></span> <span class='ocrx_word' id='word_1_279' title='bbox 1006 3802 1154 3856; x_wconf 84' lang='lat' dir='ltr'><strong>illum</strong></span> <span class='ocrx_word' id='word_1_280' title='bbox 1181 3801 1341 3856; x_wconf 85' lang='lat' dir='ltr'><strong>Deus.</strong></span> <span class='ocrx_word' id='word_1_281' title='bbox 1374 3799 1641 3872; x_wconf 80' lang='lat' dir='ltr'><strong>Templum</strong></span> <span class='ocrx_word' id='word_1_282' title='bbox 1669 3801 1803 3856; x_wconf 81' lang='lat' dir='ltr'><strong>enim</strong></span> <span class='ocrx_word' id='word_1_283' title='bbox 1846 3800 1944 3856; x_wconf 83' lang='lat' dir='ltr'><strong>Dei</strong></span> 
     </span>
    </p>
   </div>
   <div class='ocr_carea' id='block_1_39' title="bbox 350 3891 1729 3970">
    <p class='ocr_par' dir='ltr' id='par_1_39' title="bbox 350 3891 1729 3970">
     <span class='ocr_line' id='line_1_39' title="bbox 350 3891 1729 3970; baseline -0.007 -16"><span class='ocrx_word' id='word_1_284' title='bbox 350 3909 585 3954; x_wconf 83' lang='lat' dir='ltr'><strong>sanctum</strong></span> <span class='ocrx_word' id='word_1_285' title='bbox 609 3907 702 3970; x_wconf 81' lang='lat' dir='ltr'><strong>est,</strong></span> <span class='ocrx_word' id='word_1_286' title='bbox 728 3895 861 3963; x_wconf 85' lang='lat' dir='ltr'><strong>quod</strong></span> <span class='ocrx_word' id='word_1_287' title='bbox 889 3896 1005 3950; x_wconf 85' lang='lat' dir='ltr'><strong>estis</strong></span> <span class='ocrx_word' id='word_1_288' title='bbox 1034 3893 1176 3964; x_wconf 80' lang='lat' dir='ltr'><strong>ros(l</strong></span> <span class='ocrx_word' id='word_1_289' title='bbox 1204 3893 1322 3948; x_wconf 88' lang='lat' dir='ltr'><strong>Cor.</strong></span> <span class='ocrx_word' id='word_1_290' title='bbox 1354 3909 1430 3958; x_wconf 88' lang='lat' dir='ltr'><strong>Ill,</strong></span> <span class='ocrx_word' id='word_1_291' title='bbox 1467 3893 1534 3949; x_wconf 83' lang='grc'>16</span> <span class='ocrx_word' id='word_1_292' title='bbox 1551 3901 1597 3947; x_wconf 86' lang='lat' dir='ltr'><strong>et</strong></span> <span class='ocrx_word' id='word_1_293' title='bbox 1616 3891 1729 3961; x_wconf 80' lang='grc'><strong>17).</strong></span> 
     </span>
    </p>
   </div>
   <div class='ocr_carea' id='block_1_40' title="bbox 423 3982 1942 4058">
    <p class='ocr_par' dir='ltr' id='par_1_40' title="bbox 423 3982 1942 4058">
     <span class='ocr_line' id='line_1_40' title="bbox 423 3982 1942 4058; baseline -0.007 -11"><span class='ocrx_word' id='word_1_294' title='bbox 423 3990 514 4047; x_wconf 77' lang='lat'><strong>39.</strong></span> <span class='ocrx_word' id='word_1_295' title='bbox 557 3990 625 4046; x_wconf 82' lang='lat' dir='ltr'><strong>Et</strong></span> <span class='ocrx_word' id='word_1_296' title='bbox 649 3989 826 4044; x_wconf 88' lang='lat' dir='ltr'><strong>omnia</strong></span> <span class='ocrx_word' id='word_1_297' title='bbox 865 3987 1080 4058; x_wconf 86' lang='lat' dir='ltr'><strong>quidem</strong></span> <span class='ocrx_word' id='word_1_298' title='bbox 1107 3988 1206 4043; x_wconf 89' lang='lat' dir='ltr'><strong>ista</strong></span> <span class='ocrx_word' id='word_1_299' title='bbox 1231 3995 1471 4057; x_wconf 88' lang='lat' dir='ltr'><strong>peccata,</strong></span> <span class='ocrx_word' id='word_1_300' title='bbox 1499 3985 1613 4040; x_wconf 90' lang='lat' dir='ltr'><strong>sive</strong></span> <span class='ocrx_word' id='word_1_301' title='bbox 1637 3983 1832 4054; x_wconf 86' lang='lat' dir='ltr'><strong>quibus</strong></span> <span class='ocrx_word' id='word_1_302' title='bbox 1854 3982 1942 4037; x_wconf 67' lang='lat' dir='ltr'><strong>in~</strong></span> 
     </span>
    </p>
   </div>
   <div class='ocr_carea' id='block_1_41' title="bbox 348 4075 1938 4158">
    <p class='ocr_par' dir='ltr' id='par_1_41' title="bbox 348 4075 1938 4158">
     <span class='ocr_line' id='line_1_41' title="bbox 348 4075 1938 4158; baseline -0.007 -16"><span class='ocrx_word' id='word_1_303' title='bbox 348 4087 492 4158; x_wconf 86' lang='lat' dir='ltr'><strong>juria</strong></span> <span class='ocrx_word' id='word_1_304' title='bbox 551 4087 609 4139; x_wconf 87' lang='lat' dir='ltr'><strong>Iit</strong></span> <span class='ocrx_word' id='word_1_305' title='bbox 635 4084 939 4138; x_wconf 88' lang='lat' dir='ltr'><strong>hominibus</strong></span> <span class='ocrx_word' id='word_1_306' title='bbox 960 4083 1014 4137; x_wconf 93' lang='lat' dir='ltr'><strong>in</strong></span> <span class='ocrx_word' id='word_1_307' title='bbox 1063 4082 1193 4152; x_wconf 90' lang='lat' dir='ltr'><strong>ipsis</strong></span> <span class='ocrx_word' id='word_1_308' title='bbox 1239 4081 1360 4135; x_wconf 78' lang='lat' dir='ltr'><strong>vitae</strong></span> <span class='ocrx_word' id='word_1_309' title='bbox 1404 4079 1561 4148; x_wconf 86' lang='lat' dir='ltr'><strong>hujus</strong></span> <span class='ocrx_word' id='word_1_310' title='bbox 1585 4075 1938 4144; x_wconf 63' lang='lat' dir='ltr'><strong>commodis”,</strong></span> 
     </span>
    </p>
   </div>
   <div class='ocr_carea' id='block_1_42' title="bbox 353 4171 1943 4250">
    <p class='ocr_par' dir='ltr' id='par_1_42' title="bbox 353 4171 1943 4250">
     <span class='ocr_line' id='line_1_42' title="bbox 353 4171 1943 4250; baseline -0.006 -14"><span class='ocrx_word' id='word_1_311' title='bbox 353 4181 470 4236; x_wconf 89' lang='lat' dir='ltr'><strong>sive</strong></span> <span class='ocrx_word' id='word_1_312' title='bbox 495 4179 688 4250; x_wconf 89' lang='lat' dir='ltr'><strong>quibus</strong></span> <span class='ocrx_word' id='word_1_313' title='bbox 715 4192 774 4233; x_wconf 86' lang='lat' dir='ltr'><strong>se</strong></span> <span class='ocrx_word' id='word_1_314' title='bbox 800 4177 901 4246; x_wconf 89' lang='lat' dir='ltr'><strong>ipsi</strong></span> <span class='ocrx_word' id='word_1_315' title='bbox 925 4176 1168 4231; x_wconf 87' lang='lat' dir='ltr'><strong>homines</strong></span> <span class='ocrx_word' id='word_1_316' title='bbox 1185 4182 1556 4243; x_wconf 88' lang='lat' dir='ltr'><strong>corrumpunt,</strong></span> <span class='ocrx_word' id='word_1_317' title='bbox 1583 4180 1638 4227; x_wconf 91' lang='lat' dir='ltr'><strong>et</strong></span> <span class='ocrx_word' id='word_1_318' title='bbox 1662 4171 1793 4226; x_wconf 89' lang='lat' dir='ltr'><strong>nulli</strong></span> <span class='ocrx_word' id='word_1_319' title='bbox 1810 4171 1943 4226; x_wconf 90' lang='lat' dir='ltr'><strong>invi-</strong></span> 
     </span>
    </p>
   </div>
   <div class='ocr_carea' id='block_1_43' title="bbox 354 4264 1942 4341">
    <p class='ocr_par' dir='ltr' id='par_1_43' title="bbox 354 4264 1942 4341">
     <span class='ocr_line' id='line_1_43' title="bbox 354 4264 1942 4341; baseline -0.006 -13"><span class='ocrx_word' id='word_1_320' title='bbox 354 4282 411 4328; x_wconf 90' lang='lat' dir='ltr'><strong>to</strong></span> <span class='ocrx_word' id='word_1_321' title='bbox 437 4281 636 4329; x_wconf 89' lang='lat' dir='ltr'><strong>nocent</strong></span> <span class='ocrx_word' id='word_1_322' title='bbox 661 4288 675 4325; x_wconf 89' lang='lat'><strong>:</strong></span> <span class='ocrx_word' id='word_1_323' title='bbox 708 4271 884 4326; x_wconf 89' lang='lat' dir='ltr'><strong>omnia</strong></span> <span class='ocrx_word' id='word_1_324' title='bbox 904 4285 1031 4341; x_wconf 86' lang='lat' dir='ltr'><strong>ergo</strong></span> <span class='ocrx_word' id='word_1_325' title='bbox 1048 4270 1147 4324; x_wconf 88' lang='lat' dir='ltr'><strong>ista</strong></span> <span class='ocrx_word' id='word_1_326' title='bbox 1167 4278 1401 4339; x_wconf 88' lang='lat' dir='ltr'><strong>peccata,</strong></span> <span class='ocrx_word' id='word_1_327' title='bbox 1429 4266 1634 4321; x_wconf 87' lang='lat' dir='ltr'><strong>etiamsi</strong></span> <span class='ocrx_word' id='word_1_328' title='bbox 1656 4264 1780 4320; x_wconf 89' lang='lat' dir='ltr'><strong>huic</strong></span> <span class='ocrx_word' id='word_1_329' title='bbox 1805 4273 1942 4320; x_wconf 87' lang='lat' dir='ltr'><strong>tem-</strong></span> 
     </span>
    </p>
   </div>
   <div class='ocr_carea' id='block_1_44' title="bbox 352 4356 1943 4438">
    <p class='ocr_par' dir='ltr' id='par_1_44' title="bbox 352 4356 1943 4438">
     <span class='ocr_line' id='line_1_44' title="bbox 352 4356 1943 4438; baseline -0.006 -17"><span class='ocrx_word' id='word_1_330' title='bbox 352 4366 523 4438; x_wconf 88' lang='lat' dir='ltr'><strong>porali</strong></span> <span class='ocrx_word' id='word_1_331' title='bbox 571 4365 694 4418; x_wconf 76' lang='lat' dir='ltr'><strong>vita:</strong></span> <span class='ocrx_word' id='word_1_332' title='bbox 731 4362 796 4417; x_wconf 88' lang='lat' dir='ltr'><strong>ad</strong></span> <span class='ocrx_word' id='word_1_333' title='bbox 841 4361 1070 4432; x_wconf 84' lang='lat' dir='ltr'><strong>aliquam</strong></span> <span class='ocrx_word' id='word_1_334' title='bbox 1098 4361 1508 4417; x_wconf 88' lang='lat' dir='ltr'><strong>delectationem</strong></span> <span class='ocrx_word' id='word_1_335' title='bbox 1548 4358 1632 4413; x_wconf 89' lang='lat' dir='ltr'><strong>vel</strong></span> <span class='ocrx_word' id='word_1_336' title='bbox 1661 4356 1943 4414; x_wconf 89' lang='lat' dir='ltr'><strong>utilitatem</strong></span> 
     </span>
    </p>
   </div>
   <div class='ocr_carea' id='block_1_45' title="bbox 352 4450 1940 4528">
    <p class='ocr_par' dir='ltr' id='par_1_45' title="bbox 352 4450 1940 4528">
     <span class='ocr_line' id='line_1_45' title="bbox 352 4450 1940 4528; baseline -0.006 -15"><span class='ocrx_word' id='word_1_337' title='bbox 352 4460 607 4516; x_wconf 81' lang='lat' dir='ltr'><strong>videntur</strong></span> <span class='ocrx_word' id='word_1_338' title='bbox 633 4458 914 4513; x_wconf 89' lang='lat' dir='ltr'><strong>consulere</strong></span> <span class='ocrx_word' id='word_1_339' title='bbox 963 4455 1107 4528; x_wconf 89' lang='lat' dir='ltr'><strong>(nam</strong></span> <span class='ocrx_word' id='word_1_340' title='bbox 1150 4454 1327 4508; x_wconf 89' lang='lat' dir='ltr'><strong>nullus</strong></span> <span class='ocrx_word' id='word_1_341' title='bbox 1370 4450 1572 4522; x_wconf 90' lang='lat' dir='ltr'><strong>aliquid</strong></span> <span class='ocrx_word' id='word_1_342' title='bbox 1604 4451 1796 4506; x_wconf 90' lang='lat' dir='ltr'><strong>horum</strong></span> <span class='ocrx_word' id='word_1_343' title='bbox 1837 4450 1940 4504; x_wconf 91' lang='lat' dir='ltr'><strong>alio</strong></span> 
     </span>
    </p>
   </div>
   <div class='ocr_carea' id='block_1_46' title="bbox 350 4543 1936 4624">
    <p class='ocr_par' dir='ltr' id='par_1_46' title="bbox 350 4543 1936 4624">
     <span class='ocr_line' id='line_1_46' title="bbox 350 4543 1936 4624; baseline -0.007 -17"><span class='ocrx_word' id='word_1_344' title='bbox 350 4551 632 4624; x_wconf 82' lang='lat' dir='ltr'><strong>proposito</strong></span> <span class='ocrx_word' id='word_1_345' title='bbox 655 4551 721 4604; x_wconf 82' lang='lat' dir='ltr'><strong>ac</strong></span> <span class='ocrx_word' id='word_1_346' title='bbox 749 4550 855 4604; x_wconf 84' lang='lat' dir='ltr'><strong>line</strong></span> <span class='ocrx_word' id='word_1_347' title='bbox 881 4545 1223 4616; x_wconf 86' lang='lat' dir='ltr'><strong>committit);</strong></span> <span class='ocrx_word' id='word_1_348' title='bbox 1273 4552 1448 4599; x_wconf 85' lang='lat' dir='ltr'><strong>tamen</strong></span> <span class='ocrx_word' id='word_1_349' title='bbox 1479 4543 1545 4597; x_wconf 87' lang='lat' dir='ltr'><strong>ad</strong></span> <span class='ocrx_word' id='word_1_350' title='bbox 1569 4543 1726 4613; x_wconf 53' lang='lat' dir='ltr'><strong>,illam</strong></span> <span class='ocrx_word' id='word_1_351' title='bbox 1753 4543 1936 4609; x_wconf 89' lang='lat' dir='ltr'><strong>vitam,</strong></span> 
     </span>
    </p>
   </div>
   <div class='ocr_carea' id='block_1_47' title="bbox 350 4634 1942 4715">
    <p class='ocr_par' dir='ltr' id='par_1_47' title="bbox 350 4634 1942 4715">
     <span class='ocr_line' id='line_1_47' title="bbox 350 4634 1942 4715; baseline -0.007 -16"><span class='ocrx_word' id='word_1_352' title='bbox 350 4661 474 4715; x_wconf 74' lang='lat' dir='ltr'><strong>quae</strong></span> <span class='ocrx_word' id='word_1_353' title='bbox 504 4642 829 4712; x_wconf 87' lang='lat' dir='ltr'><strong>sempiterna</strong></span> <span class='ocrx_word' id='word_1_354' title='bbox 854 4648 958 4704; x_wconf 89' lang='lat' dir='ltr'><strong>est,</strong></span> <span class='ocrx_word' id='word_1_355' title='bbox 1001 4637 1302 4709; x_wconf 90' lang='lat' dir='ltr'><strong>implicatos</strong></span> <span class='ocrx_word' id='word_1_356' title='bbox 1337 4636 1589 4692; x_wconf 89' lang='lat' dir='ltr'><strong>omnibus</strong></span> <span class='ocrx_word' id='word_1_357' title='bbox 1637 4634 1814 4689; x_wconf 90' lang='lat' dir='ltr'><strong>modis</strong></span> <span class='ocrx_word' id='word_1_358' title='bbox 1843 4635 1942 4688; x_wconf 86' lang='lat' dir='ltr'><strong>im-</strong></span> 
     </span>
    </p>
   </div>
   <div class='ocr_carea' id='block_1_48' title="bbox 348 4725 1945 4808">
    <p class='ocr_par' dir='ltr' id='par_1_48' title="bbox 348 4725 1945 4808">
     <span class='ocr_line' id='line_1_48' title="bbox 348 4725 1945 4808; baseline -0.006 -18"><span class='ocrx_word' id='word_1_359' title='bbox 348 4735 595 4808; x_wconf 80' lang='lat' dir='ltr'><strong>pediunt.</strong></span> <span class='ocrx_word' id='word_1_360' title='bbox 635 4731 836 4787; x_wconf 81' lang='lat' dir='ltr'><strong>ﬂorum</strong></span> <span class='ocrx_word' id='word_1_361' title='bbox 879 4738 1058 4784; x_wconf 88' lang='lat' dir='ltr'><strong>autem</strong></span> <span class='ocrx_word' id='word_1_362' title='bbox 1083 4729 1184 4782; x_wconf 89' lang='lat' dir='ltr'><strong>alia</strong></span> <span class='ocrx_word' id='word_1_363' title='bbox 1205 4735 1330 4783; x_wconf 91' lang='lat' dir='ltr'><strong>sunt</strong></span> <span class='ocrx_word' id='word_1_364' title='bbox 1353 4743 1474 4798; x_wconf 75' lang='lat' dir='ltr'><strong>quae</strong></span> <span class='ocrx_word' id='word_1_365' title='bbox 1513 4726 1657 4783; x_wconf 88' lang='lat' dir='ltr'><strong>solos</strong></span> <span class='ocrx_word' id='word_1_366' title='bbox 1687 4725 1945 4781; x_wconf 84' lang='lat' dir='ltr'><strong>facientes</strong></span> 
     </span>
    </p>
   </div>
   <div class='ocr_carea' id='block_1_49' title="bbox 348 4817 1942 4896">
    <p class='ocr_par' dir='ltr' id='par_1_49' title="bbox 348 4817 1942 4896">
     <span class='ocr_line' id='line_1_49' title="bbox 348 4817 1942 4896; baseline -0.008 -13"><span class='ocrx_word' id='word_1_367' title='bbox 348 4826 672 4896; x_wconf 84' lang='lat' dir='ltr'><strong>impediunt,</strong></span> <span class='ocrx_word' id='word_1_368' title='bbox 709 4823 813 4877; x_wconf 89' lang='lat' dir='ltr'><strong>alia</strong></span> <span class='ocrx_word' id='word_1_369' title='bbox 854 4837 972 4892; x_wconf 69' lang='lat' dir='ltr'><strong>qua:</strong></span> <span class='ocrx_word' id='word_1_370' title='bbox 1015 4836 1108 4877; x_wconf 90' lang='lat' dir='ltr'><strong>eos</strong></span> <span class='ocrx_word' id='word_1_371' title='bbox 1135 4821 1292 4876; x_wconf 89' lang='lat' dir='ltr'><strong>etiam</strong></span> <span class='ocrx_word' id='word_1_372' title='bbox 1331 4821 1385 4874; x_wconf 90' lang='lat' dir='ltr'><strong>in</strong></span> <span class='ocrx_word' id='word_1_373' title='bbox 1410 4819 1602 4890; x_wconf 89' lang='lat' dir='ltr'><strong>quibus</strong></span> <span class='ocrx_word' id='word_1_374' title='bbox 1627 4818 1784 4873; x_wconf 87' lang='lat' dir='ltr'><strong>ﬁunt.</strong></span> <span class='ocrx_word' id='word_1_375' title='bbox 1811 4817 1942 4872; x_wconf 89' lang='lat' dir='ltr'><strong>Nam</strong></span> 
     </span>
    </p>
   </div>
   <div class='ocr_carea' id='block_1_50' title="bbox 350 4910 1946 4990">
    <p class='ocr_par' dir='ltr' id='par_1_50' title="bbox 350 4910 1946 4990">
     <span class='ocr_line' id='line_1_50' title="bbox 350 4910 1946 4990; baseline -0.008 -15"><span class='ocrx_word' id='word_1_376' title='bbox 350 4917 451 4976; x_wconf 76' lang='lat' dir='ltr'><strong>illa</strong></span> <span class='ocrx_word' id='word_1_377' title='bbox 473 4933 595 4990; x_wconf 76' lang='lat' dir='ltr'><strong>quae</strong></span> <span class='ocrx_word' id='word_1_378' title='bbox 616 4915 858 4972; x_wconf 87' lang='lat' dir='ltr'><strong>utilitatis</strong></span> <span class='ocrx_word' id='word_1_379' title='bbox 871 4913 940 4969; x_wconf 91' lang='lat' dir='ltr'><strong>ad</strong></span> <span class='ocrx_word' id='word_1_380' title='bbox 964 4913 1104 4968; x_wconf 88' lang='lat' dir='ltr'><strong>hanc</strong></span> <span class='ocrx_word' id='word_1_381' title='bbox 1119 4915 1279 4968; x_wconf 86' lang='lat' dir='ltr'><strong>vitam</strong></span> <span class='ocrx_word' id='word_1_382' title='bbox 1308 4911 1624 4982; x_wconf 91' lang='lat' dir='ltr'><strong>pertinentis</strong></span> <span class='ocrx_word' id='word_1_383' title='bbox 1652 4910 1818 4981; x_wconf 84' lang='lat' dir='ltr'><strong>gratia</strong></span> <span class='ocrx_word' id='word_1_384' title='bbox 1831 4923 1946 4964; x_wconf 80' lang='lat' dir='ltr'><strong>ser-</strong></span> 
     </span>
    </p>
   </div>
   <div class='ocr_carea' id='block_1_51' title="bbox 346 5002 1944 5075">
    <p class='ocr_par' dir='ltr' id='par_1_51' title="bbox 346 5002 1944 5075">
     <span class='ocr_line' id='line_1_51' title="bbox 346 5002 1944 5075; baseline -0.008 -9"><span class='ocrx_word' id='word_1_385' title='bbox 346 5008 572 5075; x_wconf 74' lang='lat' dir='ltr'><strong>vantur,</strong></span> <span class='ocrx_word' id='word_1_386' title='bbox 619 5023 739 5063; x_wconf 90' lang='lat' dir='ltr'><strong>cum</strong></span> <span class='ocrx_word' id='word_1_387' title='bbox 787 5004 1103 5062; x_wconf 81' lang='lat' dir='ltr'><strong>auferuntur</strong></span> <span class='ocrx_word' id='word_1_388' title='bbox 1128 5004 1195 5058; x_wconf 87' lang='lat' dir='ltr'><strong>ab</strong></span> <span class='ocrx_word' id='word_1_389' title='bbox 1225 5003 1528 5071; x_wconf 89' lang='lat' dir='ltr'><strong>injuriosis;</strong></span> <span class='ocrx_word' id='word_1_390' title='bbox 1573 5002 1650 5056; x_wconf 91' lang='lat' dir='ltr'><strong>illi</strong></span> <span class='ocrx_word' id='word_1_391' title='bbox 1679 5002 1778 5055; x_wconf 92' lang='lat' dir='ltr'><strong>soli</strong></span> <span class='ocrx_word' id='word_1_392' title='bbox 1817 5014 1944 5070; x_wconf 89' lang='lat' dir='ltr'><strong>pec-</strong></span> 
     </span>
    </p>
   </div>
   <div class='ocr_carea' id='block_1_52' title="bbox 347 5092 1940 5170">
    <p class='ocr_par' dir='ltr' id='par_1_52' title="bbox 347 5092 1940 5170">
     <span class='ocr_line' id='line_1_52' title="bbox 347 5092 1940 5170; baseline -0.008 -13"><span class='ocrx_word' id='word_1_393' title='bbox 347 5111 504 5170; x_wconf 84' lang='lat' dir='ltr'><strong>cant,</strong></span> <span class='ocrx_word' id='word_1_394' title='bbox 535 5109 643 5155; x_wconf 86' lang='lat' dir='ltr'><strong>eta</strong></span> <span class='ocrx_word' id='word_1_395' title='bbox 673 5101 780 5154; x_wconf 93' lang='lat' dir='ltr'><strong>vita</strong></span> <span class='ocrx_word' id='word_1_396' title='bbox 818 5107 1021 5153; x_wconf 85' lang='lat' dir='ltr'><strong>aeterna</strong></span> <span class='ocrx_word' id='word_1_397' title='bbox 1065 5094 1445 5164; x_wconf 90' lang='lat' dir='ltr'><strong>impediuntur,</strong></span> <span class='ocrx_word' id='word_1_398' title='bbox 1484 5093 1574 5162; x_wconf 90' lang='lat' dir='ltr'><strong>qui</strong></span> <span class='ocrx_word' id='word_1_399' title='bbox 1611 5107 1674 5146; x_wconf 88' lang='lat' dir='ltr'><strong>ea</strong></span> <span class='ocrx_word' id='word_1_400' title='bbox 1721 5092 1940 5156; x_wconf 80' lang='lat' dir='ltr'><strong>faciunt,</strong></span> 
     </span>
    </p>
   </div>
   <div class='ocr_carea' id='block_1_53' title="bbox 348 5183 1944 5264">
    <p class='ocr_par' dir='ltr' id='par_1_53' title="bbox 348 5183 1944 5264">
     <span class='ocr_line' id='line_1_53' title="bbox 348 5183 1944 5264; baseline -0.008 -13"><span class='ocrx_word' id='word_1_401' title='bbox 348 5210 466 5251; x_wconf 81' lang='lat' dir='ltr'><strong>non</strong></span> <span class='ocrx_word' id='word_1_402' title='bbox 499 5193 538 5247; x_wconf 92' lang='lat' dir='ltr'><strong>ii</strong></span> <span class='ocrx_word' id='word_1_403' title='bbox 585 5192 778 5264; x_wconf 86' lang='lat' dir='ltr'><strong>quibus</strong></span> <span class='ocrx_word' id='word_1_404' title='bbox 812 5189 1031 5247; x_wconf 86' lang='lat' dir='ltr'><strong>Iaciunt.</strong></span> <span class='ocrx_word' id='word_1_405' title='bbox 1076 5187 1258 5256; x_wconf 87' lang='lat' dir='ltr'><strong>Itaque</strong></span> <span class='ocrx_word' id='word_1_406' title='bbox 1277 5185 1486 5240; x_wconf 89' lang='lat' dir='ltr'><strong>etiamsi</strong></span> <span class='ocrx_word' id='word_1_407' title='bbox 1513 5199 1576 5239; x_wconf 88' lang='lat' dir='ltr'><strong>ea</strong></span> <span class='ocrx_word' id='word_1_408' title='bbox 1601 5183 1701 5238; x_wconf 90' lang='lat' dir='ltr'><strong>sibi</strong></span> <span class='ocrx_word' id='word_1_409' title='bbox 1743 5183 1944 5239; x_wconf 78' lang='lat' dir='ltr'><strong>auferri</strong></span> 
     </span>
    </p>
   </div>
   <div class='ocr_carea' id='block_1_54' title="bbox 346 5277 1946 5361">
    <p class='ocr_par' dir='ltr' id='par_1_54' title="bbox 346 5277 1946 5361">
     <span class='ocr_line' id='line_1_54' title="bbox 346 5277 1946 5361; baseline -0.007 -17"><span class='ocrx_word' id='word_1_410' title='bbox 346 5289 589 5361; x_wconf 79' lang='lat' dir='ltr'><strong>quisque</strong></span> <span class='ocrx_word' id='word_1_411' title='bbox 608 5285 928 5351; x_wconf 88' lang='lat' dir='ltr'><strong>consentiat,</strong></span> <span class='ocrx_word' id='word_1_412' title='bbox 955 5282 1039 5339; x_wconf 90' lang='lat' dir='ltr'><strong>vel</strong></span> <span class='ocrx_word' id='word_1_413' title='bbox 1076 5297 1142 5336; x_wconf 92' lang='lat' dir='ltr'><strong>ne</strong></span> <span class='ocrx_word' id='word_1_414' title='bbox 1172 5278 1332 5334; x_wconf 81' lang='lat' dir='ltr'><strong>faciat</strong></span> <span class='ocrx_word' id='word_1_415' title='bbox 1356 5278 1555 5348; x_wconf 89' lang='lat' dir='ltr'><strong>aliquid</strong></span> <span class='ocrx_word' id='word_1_416' title='bbox 1593 5277 1737 5342; x_wconf 89' lang='lat' dir='ltr'><strong>mali,</strong></span> <span class='ocrx_word' id='word_1_417' title='bbox 1766 5277 1849 5332; x_wconf 90' lang='lat' dir='ltr'><strong>vel</strong></span> <span class='ocrx_word' id='word_1_418' title='bbox 1878 5293 1946 5333; x_wconf 92' lang='lat' dir='ltr'><strong>ne</strong></span> 
     </span>
    </p>
   </div>
   <div class='ocr_carea' id='block_1_55' title="bbox 346 5369 1946 5449">
    <p class='ocr_par' dir='ltr' id='par_1_55' title="bbox 346 5369 1946 5449">
     <span class='ocr_line' id='line_1_55' title="bbox 346 5369 1946 5449; baseline -0.009 -10"><span class='ocrx_word' id='word_1_419' title='bbox 346 5382 414 5439; x_wconf 87' lang='lat' dir='ltr'><strong>in</strong></span> <span class='ocrx_word' id='word_1_420' title='bbox 445 5379 532 5434; x_wconf 87' lang='lat' dir='ltr'><strong>his</strong></span> <span class='ocrx_word' id='word_1_421' title='bbox 562 5378 694 5449; x_wconf 88' lang='lat' dir='ltr'><strong>ipsis</strong></span> <span class='ocrx_word' id='word_1_422' title='bbox 715 5377 891 5449; x_wconf 88' lang='lat' dir='ltr'><strong>majus</strong></span> <span class='ocrx_word' id='word_1_423' title='bbox 928 5373 1131 5446; x_wconf 88' lang='lat' dir='ltr'><strong>aliquid</strong></span> <span class='ocrx_word' id='word_1_424' title='bbox 1170 5369 1494 5427; x_wconf 89' lang='lat' dir='ltr'><strong>incommodi</strong></span> <span class='ocrx_word' id='word_1_425' title='bbox 1545 5370 1806 5440; x_wconf 86' lang='lat' dir='ltr'><strong>patiatur;</strong></span> <span class='ocrx_word' id='word_1_426' title='bbox 1836 5384 1946 5425; x_wconf 88' lang='lat' dir='ltr'><strong>non</strong></span> 
     </span>
    </p>
   </div>
   <div class='ocr_carea' id='block_1_56' title="bbox 341 5463 1941 5541">
    <p class='ocr_par' dir='ltr' id='par_1_56' title="bbox 341 5463 1941 5541">
     <span class='ocr_line' id='line_1_56' title="bbox 341 5463 1941 5541; baseline -0.007 -13"><span class='ocrx_word' id='word_1_427' title='bbox 341 5471 541 5530; x_wconf 68' lang='lat' dir='ltr'><strong>solum</strong></span> <span class='ocrx_word' id='word_1_428' title='bbox 565 5469 672 5525; x_wconf 88' lang='lat' dir='ltr'><strong>non</strong></span> <span class='ocrx_word' id='word_1_429' title='bbox 694 5478 912 5541; x_wconf 80' lang='lat' dir='ltr'><strong>peccat,</strong></span> <span class='ocrx_word' id='word_1_430' title='bbox 936 5468 1032 5524; x_wconf 89' lang='lat' dir='ltr'><strong>sed</strong></span> <span class='ocrx_word' id='word_1_431' title='bbox 1062 5465 1194 5522; x_wconf 91' lang='lat' dir='ltr'><strong>illud</strong></span> <span class='ocrx_word' id='word_1_432' title='bbox 1242 5463 1452 5520; x_wconf 74' lang='lat' dir='ltr'><strong>fortiter</strong></span> <span class='ocrx_word' id='word_1_433' title='bbox 1495 5472 1551 5519; x_wconf 92' lang='lat' dir='ltr'><strong>et</strong></span> <span class='ocrx_word' id='word_1_434' title='bbox 1587 5463 1941 5532; x_wconf 87' lang='lat' dir='ltr'><strong>laudabiliter,</strong></span> 
     </span>
    </p>
   </div>
   <div class='ocr_carea' id='block_1_57' title="bbox 343 5557 1948 5633">
    <p class='ocr_par' dir='ltr' id='par_1_57' title="bbox 343 5557 1948 5633">
     <span class='ocr_line' id='line_1_57' title="bbox 343 5557 1948 5633; baseline -0.009 -7"><span class='ocrx_word' id='word_1_435' title='bbox 343 5569 468 5626; x_wconf 82' lang='lat' dir='ltr'><strong>hoc</strong></span> <span class='ocrx_word' id='word_1_436' title='bbox 497 5565 698 5620; x_wconf 89' lang='lat' dir='ltr'><strong>utiliter</strong></span> <span class='ocrx_word' id='word_1_437' title='bbox 719 5574 773 5619; x_wconf 92' lang='lat' dir='ltr'><strong>et</strong></span> <span class='ocrx_word' id='word_1_438' title='bbox 794 5561 1187 5633; x_wconf 87' lang='lat' dir='ltr'><strong>inculpabiliter</strong></span> <span class='ocrx_word' id='word_1_439' title='bbox 1216 5560 1359 5615; x_wconf 82' lang='lat' dir='ltr'><strong>facit.</strong></span> <span class='ocrx_word' id='word_1_440' title='bbox 1387 5558 1518 5627; x_wconf 69' lang='lat' dir='ltr'><strong>Quae</strong></span> <span class='ocrx_word' id='word_1_441' title='bbox 1545 5568 1723 5614; x_wconf 90' lang='lat' dir='ltr'><strong>autem</strong></span> <span class='ocrx_word' id='word_1_442' title='bbox 1750 5557 1948 5613; x_wconf 88' lang='lat' dir='ltr'><strong>sancti-</strong></span> 
     </span>
    </p>
   </div>
   <div class='ocr_carea' id='block_1_58' title="bbox 341 5651 1949 5727">
    <p class='ocr_par' dir='ltr' id='par_1_58' title="bbox 341 5651 1949 5727">
     <span class='ocr_line' id='line_1_58' title="bbox 341 5651 1949 5727; baseline -0.003 -13"><span class='ocrx_word' id='word_1_443' title='bbox 341 5659 492 5720; x_wconf 76' lang='lat' dir='ltr'><strong>tatis</strong></span> <span class='ocrx_word' id='word_1_444' title='bbox 519 5657 897 5727; x_wconf 87' lang='lat' dir='ltr'><strong>religionisque</strong></span> <span class='ocrx_word' id='word_1_445' title='bbox 924 5669 1083 5711; x_wconf 90' lang='lat' dir='ltr'><strong>causa</strong></span> <span class='ocrx_word' id='word_1_446' title='bbox 1112 5664 1416 5721; x_wconf 87' lang='lat' dir='ltr'><strong>servantur,</strong></span> <span class='ocrx_word' id='word_1_447' title='bbox 1457 5669 1579 5709; x_wconf 89' lang='lat' dir='ltr'><strong>cum</strong></span> <span class='ocrx_word' id='word_1_448' title='bbox 1605 5653 1716 5708; x_wconf 69' lang='lat' dir='ltr'><strong>haec</strong></span> <span class='ocrx_word' id='word_1_449' title='bbox 1746 5651 1949 5709; x_wconf 88' lang='lat' dir='ltr'><strong>violare</strong></span> 
     </span>
    </p>
   </div>
   <div class='ocr_carea' id='block_1_59' title="bbox 425 5764 1481 5854">
    <p class='ocr_par' dir='ltr' id='par_1_59' title="bbox 425 5764 1481 5854">
     <span class='ocr_line' id='line_1_59' title="bbox 425 5764 1481 5854; baseline -0.005 -10"><span class='ocrx_word' id='word_1_450' title='bbox 425 5799 448 5830; x_wconf 75' lang='grc' dir='ltr'>ί</span> <span class='ocrx_word' id='word_1_451' title='bbox 484 5801 613 5852; x_wconf 67' lang='lat' dir='ltr'><strong>Mss,</strong></span> <span class='ocrx_word' id='word_1_452' title='bbox 645 5764 696 5843; x_wconf 80' lang='lat' dir='ltr'><strong>et</strong></span> <span class='ocrx_word' id='word_1_453' title='bbox 714 5770 920 5854; x_wconf 79' lang='lat' dir='ltr'><strong>reicias</strong></span> <span class='ocrx_word' id='word_1_454' title='bbox 942 5791 1261 5843; x_wconf 76' lang='lat' dir='ltr'><strong>cmnnioditati</strong></span> <span class='ocrx_word' id='word_1_455' title='bbox 1282 5790 1481 5854; x_wconf 80' lang='lat' dir='ltr'><strong>aliquid.</strong></span> 
     </span>
    </p>
   </div>
   <div class='ocr_carea' id='block_1_60' title="bbox 422 5854 1265 5918">
    <p class='ocr_par' dir='ltr' id='par_1_60' title="bbox 422 5854 1265 5918">
     <span class='ocr_line' id='line_1_60' title="bbox 422 5854 1265 5918; baseline -0.004 -10"><span class='ocrx_word' id='word_1_456' title='bbox 422 5862 449 5898; x_wconf 72' lang='grc'><strong><em>⁸</em></strong></span> <span class='ocrx_word' id='word_1_457' title='bbox 483 5861 554 5911; x_wconf 83' lang='lat' dir='ltr'><strong>sic</strong></span> <span class='ocrx_word' id='word_1_458' title='bbox 576 5865 682 5908; x_wconf 71' lang='lat' dir='ltr'><strong>uss.</strong></span> <span class='ocrx_word' id='word_1_459' title='bbox 711 5865 765 5907; x_wconf 73' lang='lat' dir='ltr'><strong>At</strong></span> <span class='ocrx_word' id='word_1_460' title='bbox 789 5855 923 5918; x_wconf 87' lang='lat' dir='ltr'><strong>editi,</strong></span> <span class='ocrx_word' id='word_1_461' title='bbox 939 5854 1265 5911; x_wconf 77' lang='lat' dir='ltr'><strong>incommodis.</strong></span> 
     </span>
    </p>
   </div>
   <div class='ocr_carea' id='block_1_61' title="bbox 1778 364 2592 432">
    <p class='ocr_par' dir='ltr' id='par_1_61' title="bbox 1778 364 2592 432">
     <span class='ocr_line' id='line_1_61' title="bbox 1778 364 2592 432; baseline 0.004 -1"><span class='ocrx_word' id='word_1_462' title='bbox 1778 368 1982 431; x_wconf 78' lang='lat' dir='ltr'><strong>LIBER</strong></span> <span class='ocrx_word' id='word_1_463' title='bbox 2023 364 2223 432; x_wconf 83' lang='lat' dir='ltr'><strong>UNUS.</strong></span> <span class='ocrx_word' id='word_1_464' title='bbox 2576 376 2592 406; x_wconf 69' lang='lat'>‘</span> 
     </span>
    </p>
   </div>
   <div class='ocr_carea' id='block_1_62' title="bbox 3544 381 3658 444">
    <p class='ocr_par' dir='ltr' id='par_1_62' title="bbox 3544 381 3658 444">
     <span class='ocr_line' id='line_1_62' title="bbox 3544 381 3658 444; baseline 0.009 -1"><span class='ocrx_word' id='word_1_465' title='bbox 3544 381 3658 444; x_wconf 70' lang='lat' dir='ltr'><strong>5M</strong></span> 
     </span>
    </p>
   </div>
   <div class='ocr_carea' id='block_1_63' title="bbox 2067 486 3648 564">
    <p class='ocr_par' dir='ltr' id='par_1_63' title="bbox 2067 486 3648 564">
     <span class='ocr_line' id='line_1_63' title="bbox 2067 486 3648 564; baseline 0.008 -21"><span class='ocrx_word' id='word_1_466' title='bbox 2067 486 2309 558; x_wconf 90' lang='lat' dir='ltr'><strong>injuriosi</strong></span> <span class='ocrx_word' id='word_1_467' title='bbox 2360 492 2658 558; x_wconf 88' lang='lat' dir='ltr'><strong>voluerint;</strong></span> <span class='ocrx_word' id='word_1_468' title='bbox 2711 493 2874 549; x_wconf 89' lang='lat' dir='ltr'><strong>etiam</strong></span> <span class='ocrx_word' id='word_1_469' title='bbox 2915 493 3146 564; x_wconf 88' lang='lat' dir='ltr'><strong>peccatis</strong></span> <span class='ocrx_word' id='word_1_470' title='bbox 3179 495 3490 564; x_wconf 87' lang='lat' dir='ltr'><strong>minoribus,</strong></span> <span class='ocrx_word' id='word_1_471' title='bbox 3538 513 3648 556; x_wconf 90' lang='lat' dir='ltr'><strong>non</strong></span> 
     </span>
    </p>
   </div>
   <div class='ocr_carea' id='block_1_64' title="bbox 2067 580 3643 664">
    <p class='ocr_par' dir='ltr' id='par_1_64' title="bbox 2067 580 3643 664">
     <span class='ocr_line' id='line_1_64' title="bbox 2067 580 3643 664; baseline 0.005 -30"><span class='ocrx_word' id='word_1_472' title='bbox 2067 587 2243 636; x_wconf 91' lang='lat' dir='ltr'><strong>tamen</strong></span> <span class='ocrx_word' id='word_1_473' title='bbox 2267 580 2472 664; x_wconf 80' lang='lat' dir='ltr'><strong>injuriis</strong></span> <span class='ocrx_word' id='word_1_474' title='bbox 2500 584 2750 650; x_wconf 90' lang='lat' dir='ltr'><strong>aliorum,</strong></span> <span class='ocrx_word' id='word_1_475' title='bbox 2778 586 2823 639; x_wconf 91' lang='lat' dir='ltr'><strong>si</strong></span> <span class='ocrx_word' id='word_1_476' title='bbox 2853 585 3090 640; x_wconf 90' lang='lat' dir='ltr'><strong>conditio</strong></span> <span class='ocrx_word' id='word_1_477' title='bbox 3122 586 3434 656; x_wconf 89' lang='lat' dir='ltr'><strong>proponitur</strong></span> <span class='ocrx_word' id='word_1_478' title='bbox 3477 594 3533 643; x_wconf 93' lang='lat' dir='ltr'><strong>et</strong></span> <span class='ocrx_word' id='word_1_479' title='bbox 3556 587 3643 644; x_wconf 78' lang='lat' dir='ltr'><strong>fa-</strong></span> 
     </span>
    </p>
   </div>
   <div class='ocr_carea' id='block_1_65' title="bbox 2063 670 3650 747">
    <p class='ocr_par' dir='ltr' id='par_1_65' title="bbox 2063 670 3650 747">
     <span class='ocr_line' id='line_1_65' title="bbox 2063 670 3650 747; baseline 0.007 -22"><span class='ocrx_word' id='word_1_480' title='bbox 2063 670 2232 727; x_wconf 89' lang='lat' dir='ltr'><strong>cultas</strong></span> <span class='ocrx_word' id='word_1_481' title='bbox 2251 674 2425 739; x_wconf 90' lang='lat' dir='ltr'><strong>datur,</strong></span> <span class='ocrx_word' id='word_1_482' title='bbox 2448 673 2754 731; x_wconf 90' lang='lat' dir='ltr'><strong>redimenda</strong></span> <span class='ocrx_word' id='word_1_483' title='bbox 2772 685 2916 732; x_wconf 90' lang='lat' dir='ltr'><strong>sunt.</strong></span> <span class='ocrx_word' id='word_1_484' title='bbox 2930 676 2999 732; x_wconf 87' lang='lat' dir='ltr'><strong>Et</strong></span> <span class='ocrx_word' id='word_1_485' title='bbox 3018 685 3144 733; x_wconf 90' lang='lat' dir='ltr'><strong>tunc</strong></span> <span class='ocrx_word' id='word_1_486' title='bbox 3158 676 3270 747; x_wconf 89' lang='lat' dir='ltr'><strong>jam</strong></span> <span class='ocrx_word' id='word_1_487' title='bbox 3290 677 3377 733; x_wconf 92' lang='lat' dir='ltr'><strong>illa</strong></span> <span class='ocrx_word' id='word_1_488' title='bbox 3397 677 3650 736; x_wconf 90' lang='lat' dir='ltr'><strong>desinunt</strong></span> 
     </span>
    </p>
   </div>
   <div class='ocr_carea' id='block_1_66' title="bbox 2063 768 3648 842">
    <p class='ocr_par' dir='ltr' id='par_1_66' title="bbox 2063 768 3648 842">
     <span class='ocr_line' id='line_1_66' title="bbox 2063 768 3648 842; baseline 0.006 -24"><span class='ocrx_word' id='word_1_489' title='bbox 2063 775 2182 819; x_wconf 87' lang='lat' dir='ltr'><strong>esse</strong></span> <span class='ocrx_word' id='word_1_490' title='bbox 2202 773 2436 834; x_wconf 89' lang='lat' dir='ltr'><strong>peccata,</strong></span> <span class='ocrx_word' id='word_1_491' title='bbox 2451 781 2569 837; x_wconf 78' lang='lat' dir='ltr'><strong>quae</strong></span> <span class='ocrx_word' id='word_1_492' title='bbox 2595 776 2815 838; x_wconf 85' lang='lat' dir='ltr'><strong>propter</strong></span> <span class='ocrx_word' id='word_1_493' title='bbox 2831 769 3076 839; x_wconf 85' lang='lat' dir='ltr'><strong>graviora</strong></span> <span class='ocrx_word' id='word_1_494' title='bbox 3096 768 3314 824; x_wconf 90' lang='lat' dir='ltr'><strong>vitanda</strong></span> <span class='ocrx_word' id='word_1_495' title='bbox 3337 769 3648 842; x_wconf 86' lang='lat' dir='ltr'><strong>suscipiun-</strong></span> 
     </span>
    </p>
   </div>
   <div class='ocr_carea' id='block_1_67' title="bbox 2064 855 3648 933">
    <p class='ocr_par' dir='ltr' id='par_1_67' title="bbox 2064 855 3648 933">
     <span class='ocr_line' id='line_1_67' title="bbox 2064 855 3648 933; baseline 0.005 -23"><span class='ocrx_word' id='word_1_496' title='bbox 2064 861 2169 911; x_wconf 87' lang='lat' dir='ltr'><strong>tur.</strong></span> <span class='ocrx_word' id='word_1_497' title='bbox 2187 855 2338 914; x_wconf 86' lang='lat' dir='ltr'><strong>Sicut</strong></span> <span class='ocrx_word' id='word_1_498' title='bbox 2356 862 2497 915; x_wconf 89' lang='lat' dir='ltr'><strong>enim</strong></span> <span class='ocrx_word' id='word_1_499' title='bbox 2515 860 2568 914; x_wconf 92' lang='lat' dir='ltr'><strong>in</strong></span> <span class='ocrx_word' id='word_1_500' title='bbox 2591 860 2751 916; x_wconf 90' lang='lat' dir='ltr'><strong>rebus</strong></span> <span class='ocrx_word' id='word_1_501' title='bbox 2781 861 3023 929; x_wconf 87' lang='lat' dir='ltr'><strong>utilibus,</strong></span> <span class='ocrx_word' id='word_1_502' title='bbox 3070 862 3214 918; x_wconf 91' lang='lat' dir='ltr'><strong>velut</strong></span> <span class='ocrx_word' id='word_1_503' title='bbox 3242 861 3296 917; x_wconf 92' lang='lat' dir='ltr'><strong>in</strong></span> <span class='ocrx_word' id='word_1_504' title='bbox 3338 863 3648 933; x_wconf 88' lang='lat' dir='ltr'><strong>pecuniario</strong></span> 
     </span>
    </p>
   </div>
   <div class='ocr_carea' id='block_1_68' title="bbox 2060 949 3646 1024">
    <p class='ocr_par' dir='ltr' id='par_1_68' title="bbox 2060 949 3646 1024">
     <span class='ocr_line' id='line_1_68' title="bbox 2060 949 3646 1024; baseline 0.004 -20"><span class='ocrx_word' id='word_1_505' title='bbox 2060 949 2235 1007; x_wconf 90' lang='lat' dir='ltr'><strong>aliove</strong></span> <span class='ocrx_word' id='word_1_506' title='bbox 2256 951 2438 1022; x_wconf 87' lang='lat' dir='ltr'><strong>aliquo</strong></span> <span class='ocrx_word' id='word_1_507' title='bbox 2459 953 2742 1010; x_wconf 91' lang='lat' dir='ltr'><strong>commodo</strong></span> <span class='ocrx_word' id='word_1_508' title='bbox 2780 955 3099 1024; x_wconf 72' lang='lat' dir='ltr'><strong>corporali‘,</strong></span> <span class='ocrx_word' id='word_1_509' title='bbox 3142 970 3248 1010; x_wconf 92' lang='lat' dir='ltr'><strong>non</strong></span> <span class='ocrx_word' id='word_1_510' title='bbox 3287 967 3508 1010; x_wconf 82' lang='lat' dir='ltr'><strong>vocatur</strong></span> <span class='ocrx_word' id='word_1_511' title='bbox 3551 956 3646 1012; x_wconf 88' lang='lat' dir='ltr'><strong>da-</strong></span> 
     </span>
    </p>
   </div>
   <div class='ocr_carea' id='block_1_69' title="bbox 2061 1043 3647 1116">
    <p class='ocr_par' dir='ltr' id='par_1_69' title="bbox 2061 1043 3647 1116">
     <span class='ocr_line' id='line_1_69' title="bbox 2061 1043 3647 1116; baseline 0.004 -21"><span class='ocrx_word' id='word_1_512' title='bbox 2061 1055 2269 1108; x_wconf 87' lang='lat' dir='ltr'><strong>mnum,</strong></span> <span class='ocrx_word' id='word_1_513' title='bbox 2297 1043 2437 1114; x_wconf 88' lang='lat' dir='ltr'><strong>quod</strong></span> <span class='ocrx_word' id='word_1_514' title='bbox 2461 1054 2676 1116; x_wconf 88' lang='lat' dir='ltr'><strong>pr0pter</strong></span> <span class='ocrx_word' id='word_1_515' title='bbox 2687 1044 2858 1116; x_wconf 90' lang='lat' dir='ltr'><strong>majus</strong></span> <span class='ocrx_word' id='word_1_516' title='bbox 2873 1047 3078 1101; x_wconf 91' lang='lat' dir='ltr'><strong>lucrum</strong></span> <span class='ocrx_word' id='word_1_517' title='bbox 3101 1045 3394 1113; x_wconf 87' lang='lat' dir='ltr'><strong>amittitur;</strong></span> <span class='ocrx_word' id='word_1_518' title='bbox 3413 1047 3491 1102; x_wconf 88' lang='lat' dir='ltr'><strong>sic</strong></span> <span class='ocrx_word' id='word_1_519' title='bbox 3512 1056 3568 1102; x_wconf 88' lang='lat' dir='ltr'><strong>et</strong></span> <span class='ocrx_word' id='word_1_520' title='bbox 3595 1047 3647 1103; x_wconf 94' lang='lat' dir='ltr'><strong>in</strong></span> 
     </span>
    </p>
   </div>
   <div class='ocr_carea' id='block_1_70' title="bbox 2060 1132 3648 1209">
    <p class='ocr_par' dir='ltr' id='par_1_70' title="bbox 2060 1132 3648 1209">
     <span class='ocr_line' id='line_1_70' title="bbox 2060 1132 3648 1209; baseline 0.004 -23"><span class='ocrx_word' id='word_1_521' title='bbox 2060 1132 2222 1188; x_wconf 89' lang='lat' dir='ltr'><strong>rebus</strong></span> <span class='ocrx_word' id='word_1_522' title='bbox 2238 1135 2441 1189; x_wconf 86' lang='lat' dir='ltr'><strong>sanctis</strong></span> <span class='ocrx_word' id='word_1_523' title='bbox 2467 1149 2580 1190; x_wconf 92' lang='lat' dir='ltr'><strong>non</strong></span> <span class='ocrx_word' id='word_1_524' title='bbox 2598 1144 2816 1192; x_wconf 88' lang='lat' dir='ltr'><strong>vocatur</strong></span> <span class='ocrx_word' id='word_1_525' title='bbox 2836 1147 3134 1207; x_wconf 87' lang='lat' dir='ltr'><strong>peceatum,</strong></span> <span class='ocrx_word' id='word_1_526' title='bbox 3175 1137 3316 1209; x_wconf 88' lang='lat' dir='ltr'><strong>quod</strong></span> <span class='ocrx_word' id='word_1_527' title='bbox 3345 1153 3414 1193; x_wconf 91' lang='lat' dir='ltr'><strong>ne</strong></span> <span class='ocrx_word' id='word_1_528' title='bbox 3437 1138 3648 1208; x_wconf 88' lang='lat' dir='ltr'><strong>gravius</strong></span> 
     </span>
    </p>
   </div>
   <div class='ocr_carea' id='block_1_71' title="bbox 2059 1223 3648 1301">
    <p class='ocr_par' dir='ltr' id='par_1_71' title="bbox 2059 1223 3648 1301">
     <span class='ocr_line' id='line_1_71' title="bbox 2059 1223 3648 1301; baseline 0.006 -23"><span class='ocrx_word' id='word_1_529' title='bbox 2059 1223 2390 1294; x_wconf 80' lang='lat' dir='ltr'><strong>admittatur,</strong></span> <span class='ocrx_word' id='word_1_530' title='bbox 2411 1226 2731 1284; x_wconf 89' lang='lat' dir='ltr'><strong>admittitur.</strong></span> <span class='ocrx_word' id='word_1_531' title='bbox 2754 1230 2862 1298; x_wconf 85' lang='lat' dir='ltr'><strong>Aut</strong></span> <span class='ocrx_word' id='word_1_532' title='bbox 2875 1229 2918 1284; x_wconf 90' lang='lat' dir='ltr'><strong>si</strong></span> <span class='ocrx_word' id='word_1_533' title='bbox 2940 1238 2995 1286; x_wconf 92' lang='lat' dir='ltr'><strong>et</strong></span> <span class='ocrx_word' id='word_1_534' title='bbox 3014 1229 3142 1286; x_wconf 92' lang='lat' dir='ltr'><strong>illud</strong></span> <span class='ocrx_word' id='word_1_535' title='bbox 3155 1229 3408 1287; x_wconf 90' lang='lat' dir='ltr'><strong>damnum</strong></span> <span class='ocrx_word' id='word_1_536' title='bbox 3435 1231 3648 1301; x_wconf 89' lang='lat' dir='ltr'><strong>dicitur,</strong></span> 
     </span>
    </p>
   </div>
   <div class='ocr_carea' id='block_1_72' title="bbox 2058 1315 3652 1391">
    <p class='ocr_par' dir='ltr' id='par_1_72' title="bbox 2058 1315 3652 1391">
     <span class='ocr_line' id='line_1_72' title="bbox 2058 1315 3652 1391; baseline 0.005 -21"><span class='ocrx_word' id='word_1_537' title='bbox 2058 1315 2203 1386; x_wconf 88' lang='lat' dir='ltr'><strong>quod</strong></span> <span class='ocrx_word' id='word_1_538' title='bbox 2223 1316 2411 1388; x_wconf 91' lang='lat' dir='ltr'><strong>aliquis</strong></span> <span class='ocrx_word' id='word_1_539' title='bbox 2434 1318 2610 1388; x_wconf 90' lang='lat' dir='ltr'><strong>perdit</strong></span> <span class='ocrx_word' id='word_1_540' title='bbox 2625 1335 2693 1376; x_wconf 88' lang='lat' dir='ltr'><strong>ne</strong></span> <span class='ocrx_word' id='word_1_541' title='bbox 2729 1320 2957 1391; x_wconf 90' lang='lat' dir='ltr'><strong>amplius</strong></span> <span class='ocrx_word' id='word_1_542' title='bbox 2980 1321 3199 1390; x_wconf 90' lang='lat' dir='ltr'><strong>perdat;</strong></span> <span class='ocrx_word' id='word_1_543' title='bbox 3218 1330 3438 1378; x_wconf 90' lang='lat' dir='ltr'><strong>vocetur</strong></span> <span class='ocrx_word' id='word_1_544' title='bbox 3463 1333 3516 1378; x_wconf 94' lang='lat' dir='ltr'><strong>et</strong></span> <span class='ocrx_word' id='word_1_545' title='bbox 3547 1322 3652 1378; x_wconf 93' lang='lat' dir='ltr'><strong>hoc</strong></span> 
     </span>
    </p>
   </div>
   <div class='ocr_carea' id='block_1_73' title="bbox 2058 1409 3651 1486">
    <p class='ocr_par' dir='ltr' id='par_1_73' title="bbox 2058 1409 3651 1486">
     <span class='ocr_line' id='line_1_73' title="bbox 2058 1409 3651 1486; baseline 0.005 -25"><span class='ocrx_word' id='word_1_546' title='bbox 2058 1409 2505 1476; x_wconf 89' lang='lat' dir='ltr'><strong>peccatum,dum</strong></span> <span class='ocrx_word' id='word_1_547' title='bbox 2523 1418 2701 1467; x_wconf 91' lang='lat' dir='ltr'><strong>tamen</strong></span> <span class='ocrx_word' id='word_1_548' title='bbox 2737 1412 3132 1483; x_wconf 88' lang='lat' dir='ltr'><strong>suscipiendum</strong></span> <span class='ocrx_word' id='word_1_549' title='bbox 3169 1428 3310 1480; x_wconf 89' lang='lat' dir='ltr'><strong>esse,</strong></span> <span class='ocrx_word' id='word_1_550' title='bbox 3351 1415 3651 1486; x_wconf 87' lang='lat' dir='ltr'><strong>utamplins</strong></span> 
     </span>
    </p>
   </div>
   <div class='ocr_carea' id='block_1_74' title="bbox 2056 1497 3648 1572">
    <p class='ocr_par' dir='ltr' id='par_1_74' title="bbox 2056 1497 3648 1572">
     <span class='ocr_line' id='line_1_74' title="bbox 2056 1497 3648 1572; baseline 0.006 -18"><span class='ocrx_word' id='word_1_551' title='bbox 2056 1497 2308 1568; x_wconf 90' lang='lat' dir='ltr'><strong>evitetur,</strong></span> <span class='ocrx_word' id='word_1_552' title='bbox 2324 1501 2396 1556; x_wconf 86' lang='lat' dir='ltr'><strong>ita</strong></span> <span class='ocrx_word' id='word_1_553' title='bbox 2423 1518 2583 1559; x_wconf 91' lang='lat' dir='ltr'><strong>nemo</strong></span> <span class='ocrx_word' id='word_1_554' title='bbox 2602 1502 2829 1572; x_wconf 88' lang='lat' dir='ltr'><strong>dubitet,</strong></span> <span class='ocrx_word' id='word_1_555' title='bbox 2853 1507 2990 1562; x_wconf 92' lang='lat' dir='ltr'><strong>sicut</strong></span> <span class='ocrx_word' id='word_1_556' title='bbox 3013 1522 3169 1563; x_wconf 88' lang='lat' dir='ltr'><strong>nemo</strong></span> <span class='ocrx_word' id='word_1_557' title='bbox 3189 1507 3393 1564; x_wconf 88' lang='lat' dir='ltr'><strong>dubitat</strong></span> <span class='ocrx_word' id='word_1_558' title='bbox 3425 1507 3648 1565; x_wconf 84' lang='lat' dir='ltr'><strong>cavendi</strong></span> 
     </span>
    </p>
   </div>
   <div class='ocr_carea' id='block_1_75' title="bbox 2057 1591 3645 1669">
    <p class='ocr_par' dir='ltr' id='par_1_75' title="bbox 2057 1591 3645 1669">
     <span class='ocr_line' id='line_1_75' title="bbox 2057 1591 3645 1669; baseline 0.004 -23"><span class='ocrx_word' id='word_1_559' title='bbox 2057 1591 2277 1662; x_wconf 89' lang='lat' dir='ltr'><strong>majoris</strong></span> <span class='ocrx_word' id='word_1_560' title='bbox 2291 1592 2470 1650; x_wconf 90' lang='lat' dir='ltr'><strong>damni</strong></span> <span class='ocrx_word' id='word_1_561' title='bbox 2491 1609 2653 1651; x_wconf 89' lang='lat' dir='ltr'><strong>causa</strong></span> <span class='ocrx_word' id='word_1_562' title='bbox 2687 1595 2995 1666; x_wconf 88' lang='lat' dir='ltr'><strong>patiendum</strong></span> <span class='ocrx_word' id='word_1_563' title='bbox 3035 1612 3156 1654; x_wconf 91' lang='lat' dir='ltr'><strong>esse</strong></span> <span class='ocrx_word' id='word_1_564' title='bbox 3175 1597 3318 1669; x_wconf 88' lang='lat' dir='ltr'><strong>quod</strong></span> <span class='ocrx_word' id='word_1_565' title='bbox 3344 1599 3518 1654; x_wconf 87' lang='lat' dir='ltr'><strong>minus</strong></span> <span class='ocrx_word' id='word_1_566' title='bbox 3543 1606 3645 1655; x_wconf 90' lang='lat' dir='ltr'><strong>est.</strong></span> 
     </span>
    </p>
   </div>
   <div class='ocr_carea' id='block_1_76' title="bbox 2129 1681 3650 1745">
    <p class='ocr_par' dir='ltr' id='par_1_76' title="bbox 2129 1681 3650 1745">
     <span class='ocr_line' id='line_1_76' title="bbox 2129 1681 3650 1745; baseline 0.005 -9"><span class='ocrx_word' id='word_1_567' title='bbox 2129 1681 2354 1740; x_wconf 86' lang='lat' dir='ltr'><strong>CAPUT</strong></span> <span class='ocrx_word' id='word_1_568' title='bbox 2396 1685 2537 1740; x_wconf 83' lang='lat' dir='ltr'><strong>XIX.</strong></span> <span class='ocrx_word' id='word_1_569' title='bbox 2563 1717 2636 1726; x_wconf 93' lang='lat'><strong>--</strong></span> <span class='ocrx_word' id='word_1_570' title='bbox 2663 1686 2753 1742; x_wconf 79' lang='grc'><strong>40.</strong></span> <span class='ocrx_word' id='word_1_571' title='bbox 2787 1687 2911 1742; x_wconf 86' lang='lat' dir='ltr'><strong>Tria</strong></span> <span class='ocrx_word' id='word_1_572' title='bbox 2947 1690 3195 1744; x_wconf 82' lang='lat' dir='ltr'><strong>servanda</strong></span> <span class='ocrx_word' id='word_1_573' title='bbox 3222 1689 3502 1745; x_wconf 79' lang='lat' dir='ltr'><strong>sanctitatis</strong></span> <span class='ocrx_word' id='word_1_574' title='bbox 3527 1706 3650 1744; x_wconf 89' lang='lat' dir='ltr'><strong>cau-</strong></span> 
     </span>
    </p>
   </div>
   <div class='ocr_carea' id='block_1_77' title="bbox 2054 1777 3646 1849">
    <p class='ocr_par' dir='ltr' id='par_1_77' title="bbox 2054 1777 3646 1849">
     <span class='ocr_line' id='line_1_77' title="bbox 2054 1777 3646 1849; baseline 0.004 -20"><span class='ocrx_word' id='word_1_575' title='bbox 2054 1790 2116 1829; x_wconf 86' lang='lat' dir='ltr'><strong>sa</strong></span> <span class='ocrx_word' id='word_1_576' title='bbox 2137 1791 2157 1830; x_wconf 87' lang='lat'><strong><em>:</em></strong></span> <span class='ocrx_word' id='word_1_577' title='bbox 2177 1777 2424 1848; x_wconf 85' lang='lat' dir='ltr'><strong>pudicitia</strong></span> <span class='ocrx_word' id='word_1_578' title='bbox 2452 1779 2699 1849; x_wconf 88' lang='lat' dir='ltr'><strong>corporis,</strong></span> <span class='ocrx_word' id='word_1_579' title='bbox 2740 1781 2942 1836; x_wconf 84' lang='lat' dir='ltr'><strong>castitas</strong></span> <span class='ocrx_word' id='word_1_580' title='bbox 2965 1782 3144 1848; x_wconf 84' lang='lat' dir='ltr'><strong>animi,</strong></span> <span class='ocrx_word' id='word_1_581' title='bbox 3170 1790 3218 1836; x_wconf 88' lang='lat' dir='ltr'><strong>et</strong></span> <span class='ocrx_word' id='word_1_582' title='bbox 3256 1783 3436 1837; x_wconf 80' lang='lat' dir='ltr'><strong>veritas</strong></span> <span class='ocrx_word' id='word_1_583' title='bbox 3455 1782 3646 1837; x_wconf 83' lang='lat' dir='ltr'><strong>doctri-</strong></span> 
     </span>
    </p>
   </div>
   <div class='ocr_carea' id='block_1_78' title="bbox 2057 1867 3648 1940">
    <p class='ocr_par' dir='ltr' id='par_1_78' title="bbox 2057 1867 3648 1940">
     <span class='ocr_line' id='line_1_78' title="bbox 2057 1867 3648 1940; baseline 0.004 -19"><span class='ocrx_word' id='word_1_584' title='bbox 2057 1882 2157 1922; x_wconf 63' lang='lat' dir='ltr'><strong>na.</strong></span> <span class='ocrx_word' id='word_1_585' title='bbox 2200 1867 2303 1923; x_wconf 88' lang='lat' dir='ltr'><strong>Ista</strong></span> <span class='ocrx_word' id='word_1_586' title='bbox 2333 1879 2461 1925; x_wconf 87' lang='lat' dir='ltr'><strong>sunt</strong></span> <span class='ocrx_word' id='word_1_587' title='bbox 2487 1878 2666 1925; x_wconf 89' lang='lat' dir='ltr'><strong>autem</strong></span> <span class='ocrx_word' id='word_1_588' title='bbox 2708 1886 2826 1940; x_wconf 81' lang='lat' dir='ltr'><strong>quae</strong></span> <span class='ocrx_word' id='word_1_589' title='bbox 2869 1872 3169 1927; x_wconf 88' lang='lat' dir='ltr'><strong>sanctitatis</strong></span> <span class='ocrx_word' id='word_1_590' title='bbox 3203 1887 3363 1928; x_wconf 88' lang='lat' dir='ltr'><strong>causa</strong></span> <span class='ocrx_word' id='word_1_591' title='bbox 3385 1873 3648 1929; x_wconf 80' lang='lat' dir='ltr'><strong>servanda</strong></span> 
     </span>
    </p>
   </div>
   <div class='ocr_carea' id='block_1_79' title="bbox 2057 1962 3648 2035">
    <p class='ocr_par' dir='ltr' id='par_1_79' title="bbox 2057 1962 3648 2035">
     <span class='ocr_line' id='line_1_79' title="bbox 2057 1962 3648 2035; baseline 0.005 -20"><span class='ocrx_word' id='word_1_592' title='bbox 2057 1969 2183 2015; x_wconf 86' lang='lat' dir='ltr'><strong>sunt</strong></span> <span class='ocrx_word' id='word_1_593' title='bbox 2211 1978 2222 2014; x_wconf 93' lang='lat'><strong>:</strong></span> <span class='ocrx_word' id='word_1_594' title='bbox 2256 1962 2510 2031; x_wconf 90' lang='lat' dir='ltr'><strong>pudicitia</strong></span> <span class='ocrx_word' id='word_1_595' title='bbox 2533 1964 2796 2035; x_wconf 90' lang='lat' dir='ltr'><strong>corporis,</strong></span> <span class='ocrx_word' id='word_1_596' title='bbox 2818 1974 2874 2020; x_wconf 89' lang='lat' dir='ltr'><strong>et</strong></span> <span class='ocrx_word' id='word_1_597' title='bbox 2894 1966 3113 2021; x_wconf 85' lang='lat' dir='ltr'><strong>castitas</strong></span> <span class='ocrx_word' id='word_1_598' title='bbox 3137 1968 3349 2033; x_wconf 80' lang='lat' dir='ltr'><strong>animae,</strong></span> <span class='ocrx_word' id='word_1_599' title='bbox 3376 1977 3429 2022; x_wconf 91' lang='lat' dir='ltr'><strong>et</strong></span> <span class='ocrx_word' id='word_1_600' title='bbox 3450 1970 3648 2025; x_wconf 88' lang='lat' dir='ltr'><strong>veritas</strong></span> 
     </span>
    </p>
   </div>
   <div class='ocr_carea' id='block_1_80' title="bbox 2055 2051 3648 2128">
    <p class='ocr_par' dir='ltr' id='par_1_80' title="bbox 2055 2051 3648 2128">
     <span class='ocr_line' id='line_1_80' title="bbox 2055 2051 3648 2128; baseline 0.007 -21"><span class='ocrx_word' id='word_1_601' title='bbox 2055 2051 2335 2109; x_wconf 83' lang='lat' dir='ltr'><strong>doctrinae.</strong></span> <span class='ocrx_word' id='word_1_602' title='bbox 2400 2055 2716 2112; x_wconf 88' lang='lat' dir='ltr'><strong>Pudicitiam</strong></span> <span class='ocrx_word' id='word_1_603' title='bbox 2772 2058 3032 2128; x_wconf 85' lang='lat' dir='ltr'><strong>corporis,</strong></span> <span class='ocrx_word' id='word_1_604' title='bbox 3064 2073 3171 2114; x_wconf 89' lang='lat' dir='ltr'><strong>non</strong></span> <span class='ocrx_word' id='word_1_605' title='bbox 3192 2061 3561 2118; x_wconf 89' lang='lat' dir='ltr'><strong>consentiente</strong></span> <span class='ocrx_word' id='word_1_606' title='bbox 3584 2075 3648 2118; x_wconf 87' lang='lat' dir='ltr'><strong>ac</strong></span> 
     </span>
    </p>
   </div>
   <div class='ocr_carea' id='block_1_81' title="bbox 2056 2145 3646 2222">
    <p class='ocr_par' dir='ltr' id='par_1_81' title="bbox 2056 2145 3646 2222">
     <span class='ocr_line' id='line_1_81' title="bbox 2056 2145 3646 2222; baseline 0.004 -21"><span class='ocrx_word' id='word_1_607' title='bbox 2056 2145 2400 2216; x_wconf 89' lang='lat' dir='ltr'><strong>permittente</strong></span> <span class='ocrx_word' id='word_1_608' title='bbox 2423 2148 2600 2204; x_wconf 89' lang='lat' dir='ltr'><strong>anima</strong></span> <span class='ocrx_word' id='word_1_609' title='bbox 2623 2164 2783 2206; x_wconf 92' lang='lat' dir='ltr'><strong>nemo</strong></span> <span class='ocrx_word' id='word_1_610' title='bbox 2809 2151 2988 2206; x_wconf 87' lang='lat' dir='ltr'><strong>violat.</strong></span> <span class='ocrx_word' id='word_1_611' title='bbox 3013 2150 3280 2222; x_wconf 89' lang='lat' dir='ltr'><strong>Quidquid</strong></span> <span class='ocrx_word' id='word_1_612' title='bbox 3319 2153 3461 2208; x_wconf 92' lang='lat' dir='ltr'><strong>enim</strong></span> <span class='ocrx_word' id='word_1_613' title='bbox 3493 2152 3646 2208; x_wconf 89' lang='lat' dir='ltr'><strong>nobis</strong></span> 
     </span>
    </p>
   </div>
   <div class='ocr_carea' id='block_1_82' title="bbox 2056 2234 3646 2315">
    <p class='ocr_par' dir='ltr' id='par_1_82' title="bbox 2056 2234 3646 2315">
     <span class='ocr_line' id='line_1_82' title="bbox 2056 2234 3646 2315; baseline 0.006 -24"><span class='ocrx_word' id='word_1_614' title='bbox 2056 2234 2238 2293; x_wconf 92' lang='lat' dir='ltr'><strong>invitis</strong></span> <span class='ocrx_word' id='word_1_615' title='bbox 2281 2239 2589 2311; x_wconf 89' lang='lat' dir='ltr'><strong>nullamque</strong></span> <span class='ocrx_word' id='word_1_616' title='bbox 2637 2242 2996 2298; x_wconf 90' lang='lat' dir='ltr'><strong>tribuentibus</strong></span> <span class='ocrx_word' id='word_1_617' title='bbox 3021 2252 3339 2313; x_wconf 90' lang='lat' dir='ltr'><strong>potestatem</strong></span> <span class='ocrx_word' id='word_1_618' title='bbox 3368 2245 3570 2315; x_wconf 89' lang='lat' dir='ltr'><strong>majore</strong></span> <span class='ocrx_word' id='word_1_619' title='bbox 3593 2244 3646 2301; x_wconf 90' lang='lat' dir='ltr'><strong>vi</strong></span> 
     </span>
    </p>
   </div>
   <div class='ocr_carea' id='block_1_83' title="bbox 2053 2327 3644 2406">
    <p class='ocr_par' dir='ltr' id='par_1_83' title="bbox 2053 2327 3644 2406">
     <span class='ocr_line' id='line_1_83' title="bbox 2053 2327 3644 2406; baseline 0.006 -23"><span class='ocrx_word' id='word_1_620' title='bbox 2053 2327 2311 2400; x_wconf 87' lang='lat' dir='ltr'><strong>contingit</strong></span> <span class='ocrx_word' id='word_1_621' title='bbox 2340 2329 2394 2385; x_wconf 92' lang='lat' dir='ltr'><strong>in</strong></span> <span class='ocrx_word' id='word_1_622' title='bbox 2419 2340 2604 2387; x_wconf 89' lang='lat' dir='ltr'><strong>nostro</strong></span> <span class='ocrx_word' id='word_1_623' title='bbox 2624 2347 2868 2404; x_wconf 90' lang='lat' dir='ltr'><strong>corpore,</strong></span> <span class='ocrx_word' id='word_1_624' title='bbox 2897 2334 3039 2388; x_wconf 91' lang='lat' dir='ltr'><strong>nulla</strong></span> <span class='ocrx_word' id='word_1_625' title='bbox 3061 2333 3388 2406; x_wconf 87' lang='lat' dir='ltr'><strong>impudicitia</strong></span> <span class='ocrx_word' id='word_1_626' title='bbox 3413 2345 3514 2392; x_wconf 90' lang='lat' dir='ltr'><strong>est.</strong></span> <span class='ocrx_word' id='word_1_627' title='bbox 3536 2336 3644 2392; x_wconf 86' lang='lat' dir='ltr'><strong>Sed</strong></span> 
     </span>
    </p>
   </div>
   <div class='ocr_carea' id='block_1_84' title="bbox 2053 2420 3645 2494">
    <p class='ocr_par' dir='ltr' id='par_1_84' title="bbox 2053 2420 3645 2494">
     <span class='ocr_line' id='line_1_84' title="bbox 2053 2420 3645 2494; baseline 0.006 -21"><span class='ocrx_word' id='word_1_628' title='bbox 2053 2420 2398 2489; x_wconf 85' lang='lat' dir='ltr'><strong>permittendi</strong></span> <span class='ocrx_word' id='word_1_629' title='bbox 2420 2431 2594 2491; x_wconf 91' lang='lat' dir='ltr'><strong>potest</strong></span> <span class='ocrx_word' id='word_1_630' title='bbox 2619 2437 2741 2479; x_wconf 80' lang='lat' dir='ltr'><strong>esse</strong></span> <span class='ocrx_word' id='word_1_631' title='bbox 2760 2424 2935 2494; x_wconf 88' lang='lat' dir='ltr'><strong>aliqua</strong></span> <span class='ocrx_word' id='word_1_632' title='bbox 2963 2426 3122 2491; x_wconf 88' lang='lat' dir='ltr'><strong>ratio,</strong></span> <span class='ocrx_word' id='word_1_633' title='bbox 3154 2426 3524 2483; x_wconf 89' lang='lat' dir='ltr'><strong>consentiendi</strong></span> <span class='ocrx_word' id='word_1_634' title='bbox 3549 2441 3645 2482; x_wconf 88' lang='lat' dir='ltr'><strong>au-</strong></span> 
     </span>
    </p>
   </div>
   <div class='ocr_carea' id='block_1_85' title="bbox 2054 2511 3632 2588">
    <p class='ocr_par' dir='ltr' id='par_1_85' title="bbox 2054 2511 3632 2588">
     <span class='ocr_line' id='line_1_85' title="bbox 2054 2511 3632 2588; baseline 0.006 -24"><span class='ocrx_word' id='word_1_635' title='bbox 2054 2517 2164 2565; x_wconf 91' lang='lat' dir='ltr'><strong>tem</strong></span> <span class='ocrx_word' id='word_1_636' title='bbox 2189 2511 2351 2566; x_wconf 91' lang='lat' dir='ltr'><strong>nulla.</strong></span> <span class='ocrx_word' id='word_1_637' title='bbox 2385 2511 2534 2569; x_wconf 90' lang='lat' dir='ltr'><strong>Tune</strong></span> <span class='ocrx_word' id='word_1_638' title='bbox 2553 2515 2696 2570; x_wconf 91' lang='lat' dir='ltr'><strong>enim</strong></span> <span class='ocrx_word' id='word_1_639' title='bbox 2711 2516 3093 2583; x_wconf 88' lang='lat' dir='ltr'><strong>consentimus,</strong></span> <span class='ocrx_word' id='word_1_640' title='bbox 3123 2531 3244 2572; x_wconf 92' lang='lat' dir='ltr'><strong>cum</strong></span> <span class='ocrx_word' id='word_1_641' title='bbox 3270 2517 3632 2588; x_wconf 86' lang='lat' dir='ltr'><strong>approbamus</strong></span> 
     </span>
    </p>
   </div>
   <div class='ocr_carea' id='block_1_86' title="bbox 2052 2603 3638 2679">
    <p class='ocr_par' dir='ltr' id='par_1_86' title="bbox 2052 2603 3638 2679">
     <span class='ocr_line' id='line_1_86' title="bbox 2052 2603 3638 2679; baseline 0.006 -22"><span class='ocrx_word' id='word_1_642' title='bbox 2052 2610 2108 2657; x_wconf 91' lang='lat' dir='ltr'><strong>et</strong></span> <span class='ocrx_word' id='word_1_643' title='bbox 2129 2603 2409 2660; x_wconf 92' lang='lat' dir='ltr'><strong>volumus:</strong></span> <span class='ocrx_word' id='word_1_644' title='bbox 2444 2606 2800 2676; x_wconf 90' lang='lat' dir='ltr'><strong>permittimus</strong></span> <span class='ocrx_word' id='word_1_645' title='bbox 2851 2616 3028 2664; x_wconf 87' lang='lat' dir='ltr'><strong>autem</strong></span> <span class='ocrx_word' id='word_1_646' title='bbox 3049 2608 3213 2664; x_wconf 89' lang='lat' dir='ltr'><strong>etiam</strong></span> <span class='ocrx_word' id='word_1_647' title='bbox 3239 2624 3347 2665; x_wconf 91' lang='lat' dir='ltr'><strong>non</strong></span> <span class='ocrx_word' id='word_1_648' title='bbox 3376 2610 3638 2679; x_wconf 87' lang='lat' dir='ltr'><strong>volentes,</strong></span> 
     </span>
    </p>
   </div>
   <div class='ocr_carea' id='block_1_87' title="bbox 2053 2693 3643 2770">
    <p class='ocr_par' dir='ltr' id='par_1_87' title="bbox 2053 2693 3643 2770">
     <span class='ocr_line' id='line_1_87' title="bbox 2053 2693 3643 2770; baseline 0.004 -20"><span class='ocrx_word' id='word_1_649' title='bbox 2053 2693 2319 2750; x_wconf 88' lang='lat' dir='ltr'><strong>evitandae</strong></span> <span class='ocrx_word' id='word_1_650' title='bbox 2343 2695 2568 2767; x_wconf 90' lang='lat' dir='ltr'><strong>alicujus</strong></span> <span class='ocrx_word' id='word_1_651' title='bbox 2587 2697 2804 2768; x_wconf 89' lang='lat' dir='ltr'><strong>majoris</strong></span> <span class='ocrx_word' id='word_1_652' title='bbox 2824 2699 3162 2770; x_wconf 89' lang='lat' dir='ltr'><strong>turpitudinis</strong></span> <span class='ocrx_word' id='word_1_653' title='bbox 3185 2701 3375 2770; x_wconf 87' lang='lat' dir='ltr'><strong>gratia.</strong></span> <span class='ocrx_word' id='word_1_654' title='bbox 3405 2700 3643 2757; x_wconf 87' lang='lat' dir='ltr'><strong>Consen-</strong></span> 
     </span>
    </p>
   </div>
   <div class='ocr_carea' id='block_1_88' title="bbox 2052 2783 3643 2860">
    <p class='ocr_par' dir='ltr' id='par_1_88' title="bbox 2052 2783 3643 2860">
     <span class='ocr_line' id='line_1_88' title="bbox 2052 2783 3643 2860; baseline 0.004 -21"><span class='ocrx_word' id='word_1_655' title='bbox 2052 2783 2134 2839; x_wconf 87' lang='lat' dir='ltr'><strong>sio</strong></span> <span class='ocrx_word' id='word_1_656' title='bbox 2159 2798 2290 2841; x_wconf 88' lang='lat' dir='ltr'><strong>sane</strong></span> <span class='ocrx_word' id='word_1_657' title='bbox 2318 2784 2386 2840; x_wconf 90' lang='lat' dir='ltr'><strong>ad</strong></span> <span class='ocrx_word' id='word_1_658' title='bbox 2410 2785 2792 2856; x_wconf 88' lang='lat' dir='ltr'><strong>impudicitiam</strong></span> <span class='ocrx_word' id='word_1_659' title='bbox 2840 2790 3192 2860; x_wconf 89' lang='lat' dir='ltr'><strong>corporalem,</strong></span> <span class='ocrx_word' id='word_1_660' title='bbox 3235 2791 3395 2845; x_wconf 87' lang='lat' dir='ltr'><strong>etiam</strong></span> <span class='ocrx_word' id='word_1_661' title='bbox 3428 2791 3643 2846; x_wconf 84' lang='lat' dir='ltr'><strong>castita-</strong></span> 
     </span>
    </p>
   </div>
   <div class='ocr_carea' id='block_1_89' title="bbox 2053 2879 3642 2955">
    <p class='ocr_par' dir='ltr' id='par_1_89' title="bbox 2053 2879 3642 2955">
     <span class='ocr_line' id='line_1_89' title="bbox 2053 2879 3642 2955; baseline 0.005 -23"><span class='ocrx_word' id='word_1_662' title='bbox 2053 2885 2158 2932; x_wconf 90' lang='lat' dir='ltr'><strong>tem</strong></span> <span class='ocrx_word' id='word_1_663' title='bbox 2204 2879 2372 2934; x_wconf 90' lang='lat' dir='ltr'><strong>animi</strong></span> <span class='ocrx_word' id='word_1_664' title='bbox 2419 2879 2598 2935; x_wconf 87' lang='lat' dir='ltr'><strong>violat.</strong></span> <span class='ocrx_word' id='word_1_665' title='bbox 2631 2882 2808 2936; x_wconf 82' lang='lat' dir='ltr'><strong>Animi</strong></span> <span class='ocrx_word' id='word_1_666' title='bbox 2853 2884 3048 2955; x_wconf 93' lang='lat' dir='ltr'><strong>quippe</strong></span> <span class='ocrx_word' id='word_1_667' title='bbox 3072 2884 3288 2939; x_wconf 85' lang='lat' dir='ltr'><strong>castitas</strong></span> <span class='ocrx_word' id='word_1_668' title='bbox 3312 2891 3395 2939; x_wconf 89' lang='lat' dir='ltr'><strong>est</strong></span> <span class='ocrx_word' id='word_1_669' title='bbox 3424 2884 3476 2938; x_wconf 91' lang='lat' dir='ltr'><strong>in</strong></span> <span class='ocrx_word' id='word_1_670' title='bbox 3504 2884 3642 2940; x_wconf 84' lang='lat' dir='ltr'><strong>bona</strong></span> 
     </span>
    </p>
   </div>
   <div class='ocr_carea' id='block_1_90' title="bbox 2051 2968 3639 3046">
    <p class='ocr_par' dir='ltr' id='par_1_90' title="bbox 2051 2968 3639 3046">
     <span class='ocr_line' id='line_1_90' title="bbox 2051 2968 3639 3046; baseline 0.007 -24"><span class='ocrx_word' id='word_1_671' title='bbox 2051 2968 2322 3026; x_wconf 88' lang='lat' dir='ltr'><strong>voluntate</strong></span> <span class='ocrx_word' id='word_1_672' title='bbox 2352 2979 2405 3026; x_wconf 93' lang='lat' dir='ltr'><strong>et</strong></span> <span class='ocrx_word' id='word_1_673' title='bbox 2424 2972 2632 3028; x_wconf 90' lang='lat' dir='ltr'><strong>sincera</strong></span> <span class='ocrx_word' id='word_1_674' title='bbox 2651 2972 2954 3042; x_wconf 89' lang='lat' dir='ltr'><strong>dilectione,</strong></span> <span class='ocrx_word' id='word_1_675' title='bbox 2983 2991 3102 3045; x_wconf 83' lang='lat' dir='ltr'><strong>quae</strong></span> <span class='ocrx_word' id='word_1_676' title='bbox 3123 2992 3227 3030; x_wconf 90' lang='lat' dir='ltr'><strong>non</strong></span> <span class='ocrx_word' id='word_1_677' title='bbox 3259 2977 3639 3046; x_wconf 89' lang='lat' dir='ltr'><strong>corrumpitur,</strong></span> 
     </span>
    </p>
   </div>
   <div class='ocr_carea' id='block_1_91' title="bbox 2051 3059 3641 3138">
    <p class='ocr_par' dir='ltr' id='par_1_91' title="bbox 2051 3059 3641 3138">
     <span class='ocr_line' id='line_1_91' title="bbox 2051 3059 3641 3138; baseline 0.008 -24"><span class='ocrx_word' id='word_1_678' title='bbox 2051 3059 2154 3115; x_wconf 91' lang='lat' dir='ltr'><strong>nisi</strong></span> <span class='ocrx_word' id='word_1_679' title='bbox 2193 3075 2316 3116; x_wconf 91' lang='lat' dir='ltr'><strong>cum</strong></span> <span class='ocrx_word' id='word_1_680' title='bbox 2364 3077 2607 3119; x_wconf 89' lang='lat' dir='ltr'><strong>amamus</strong></span> <span class='ocrx_word' id='word_1_681' title='bbox 2630 3074 2788 3134; x_wconf 89' lang='lat' dir='ltr'><strong>atque</strong></span> <span class='ocrx_word' id='word_1_682' title='bbox 2832 3067 3129 3136; x_wconf 87' lang='lat' dir='ltr'><strong>appetimus</strong></span> <span class='ocrx_word' id='word_1_683' title='bbox 3170 3067 3312 3138; x_wconf 88' lang='lat' dir='ltr'><strong>quod</strong></span> <span class='ocrx_word' id='word_1_684' title='bbox 3354 3070 3641 3126; x_wconf 87' lang='lat' dir='ltr'><strong>amandum</strong></span> 
     </span>
    </p>
   </div>
   <div class='ocr_carea' id='block_1_92' title="bbox 2049 3155 3639 3224">
    <p class='ocr_par' dir='ltr' id='par_1_92' title="bbox 2049 3155 3639 3224">
     <span class='ocr_line' id='line_1_92' title="bbox 2049 3155 3639 3224; baseline 0.007 -17"><span class='ocrx_word' id='word_1_685' title='bbox 2049 3161 2207 3224; x_wconf 88' lang='lat' dir='ltr'><strong>atque</strong></span> <span class='ocrx_word' id='word_1_686' title='bbox 2234 3155 2589 3224; x_wconf 89' lang='lat' dir='ltr'><strong>appetendum</strong></span> <span class='ocrx_word' id='word_1_687' title='bbox 2610 3171 2716 3210; x_wconf 92' lang='lat' dir='ltr'><strong>non</strong></span> <span class='ocrx_word' id='word_1_688' title='bbox 2735 3171 2854 3212; x_wconf 90' lang='lat' dir='ltr'><strong>esse</strong></span> <span class='ocrx_word' id='word_1_689' title='bbox 2864 3158 3063 3212; x_wconf 89' lang='lat' dir='ltr'><strong>veritas</strong></span> <span class='ocrx_word' id='word_1_690' title='bbox 3081 3158 3256 3214; x_wconf 89' lang='lat' dir='ltr'><strong>docet.</strong></span> <span class='ocrx_word' id='word_1_691' title='bbox 3276 3160 3639 3218; x_wconf 87' lang='lat' dir='ltr'><strong>Custodienda</strong></span> 
     </span>
    </p>
   </div>
   <div class='ocr_carea' id='block_1_93' title="bbox 2048 3244 3634 3320">
    <p class='ocr_par' dir='ltr' id='par_1_93' title="bbox 2048 3244 3634 3320">
     <span class='ocr_line' id='line_1_93' title="bbox 2048 3244 3634 3320; baseline 0.008 -22"><span class='ocrx_word' id='word_1_692' title='bbox 2048 3252 2134 3298; x_wconf 91' lang='lat' dir='ltr'><strong>est</strong></span> <span class='ocrx_word' id='word_1_693' title='bbox 2153 3258 2280 3314; x_wconf 88' lang='lat' dir='ltr'><strong>ergo</strong></span> <span class='ocrx_word' id='word_1_694' title='bbox 2303 3244 2580 3300; x_wconf 88' lang='lat' dir='ltr'><strong>sinceritas</strong></span> <span class='ocrx_word' id='word_1_695' title='bbox 2608 3246 2939 3303; x_wconf 78' lang='lat' dir='ltr'><strong>dilectionis&#39;</strong></span> <span class='ocrx_word' id='word_1_696' title='bbox 2972 3249 3062 3304; x_wconf 92' lang='lat' dir='ltr'><strong>Dei</strong></span> <span class='ocrx_word' id='word_1_697' title='bbox 3088 3259 3143 3306; x_wconf 92' lang='lat' dir='ltr'><strong>et</strong></span> <span class='ocrx_word' id='word_1_698' title='bbox 3167 3252 3426 3320; x_wconf 81' lang='lat' dir='ltr'><strong>proximi;</strong></span> <span class='ocrx_word' id='word_1_699' title='bbox 3452 3254 3504 3308; x_wconf 95' lang='lat' dir='ltr'><strong>in</strong></span> <span class='ocrx_word' id='word_1_700' title='bbox 3531 3253 3634 3311; x_wconf 93' lang='lat' dir='ltr'><strong>hac</strong></span> 
     </span>
    </p>
   </div>
   <div class='ocr_carea' id='block_1_94' title="bbox 2049 3337 3639 3418">
    <p class='ocr_par' dir='ltr' id='par_1_94' title="bbox 2049 3337 3639 3418">
     <span class='ocr_line' id='line_1_94' title="bbox 2049 3337 3639 3418; baseline 0.008 -27"><span class='ocrx_word' id='word_1_701' title='bbox 2049 3337 2192 3392; x_wconf 92' lang='lat' dir='ltr'><strong>enim</strong></span> <span class='ocrx_word' id='word_1_702' title='bbox 2221 3338 2436 3394; x_wconf 89' lang='lat' dir='ltr'><strong>castitas</strong></span> <span class='ocrx_word' id='word_1_703' title='bbox 2453 3339 2618 3394; x_wconf 91' lang='lat' dir='ltr'><strong>animi</strong></span> <span class='ocrx_word' id='word_1_704' title='bbox 2649 3340 3013 3398; x_wconf 86' lang='lat' dir='ltr'><strong>sanctiﬁcatur</strong></span> <span class='ocrx_word' id='word_1_705' title='bbox 3039 3360 3052 3396; x_wconf 91' lang='lat'><strong>:</strong></span> <span class='ocrx_word' id='word_1_706' title='bbox 3076 3351 3132 3398; x_wconf 89' lang='lat' dir='ltr'><strong>et</strong></span> <span class='ocrx_word' id='word_1_707' title='bbox 3159 3346 3422 3416; x_wconf 87' lang='lat' dir='ltr'><strong>agendum</strong></span> <span class='ocrx_word' id='word_1_708' title='bbox 3444 3347 3639 3418; x_wconf 88' lang='lat' dir='ltr'><strong>quibus</strong></span> 
     </span>
    </p>
   </div>
   <div class='ocr_carea' id='block_1_95' title="bbox 2048 3430 3638 3505">
    <p class='ocr_par' dir='ltr' id='par_1_95' title="bbox 2048 3430 3638 3505">
     <span class='ocr_line' id='line_1_95' title="bbox 2048 3430 3638 3505; baseline 0.008 -21"><span class='ocrx_word' id='word_1_709' title='bbox 2048 3443 2335 3500; x_wconf 88' lang='lat' dir='ltr'><strong>possumus</strong></span> <span class='ocrx_word' id='word_1_710' title='bbox 2380 3430 2604 3500; x_wconf 91' lang='lat' dir='ltr'><strong>viribus,</strong></span> <span class='ocrx_word' id='word_1_711' title='bbox 2649 3440 2705 3488; x_wconf 91' lang='lat' dir='ltr'><strong>et</strong></span> <span class='ocrx_word' id='word_1_712' title='bbox 2733 3433 2817 3503; x_wconf 89' lang='lat' dir='ltr'><strong>pia</strong></span> <span class='ocrx_word' id='word_1_713' title='bbox 2845 3434 3252 3505; x_wconf 90' lang='lat' dir='ltr'><strong>supplicatione,</strong></span> <span class='ocrx_word' id='word_1_714' title='bbox 3291 3447 3349 3492; x_wconf 92' lang='lat' dir='ltr'><strong>ut</strong></span> <span class='ocrx_word' id='word_1_715' title='bbox 3373 3453 3494 3498; x_wconf 90' lang='lat' dir='ltr'><strong>cum</strong></span> <span class='ocrx_word' id='word_1_716' title='bbox 3521 3439 3638 3496; x_wconf 86' lang='lat' dir='ltr'><strong>vio-</strong></span> 
     </span>
    </p>
   </div>
   <div class='ocr_carea' id='block_1_96' title="bbox 2049 3521 3641 3602">
    <p class='ocr_par' dir='ltr' id='par_1_96' title="bbox 2049 3521 3641 3602">
     <span class='ocr_line' id='line_1_96' title="bbox 2049 3521 3641 3602; baseline 0.006 -22"><span class='ocrx_word' id='word_1_717' title='bbox 2049 3521 2205 3580; x_wconf 88' lang='lat' dir='ltr'><strong>landa</strong></span> <span class='ocrx_word' id='word_1_718' title='bbox 2235 3524 2502 3596; x_wconf 88' lang='lat' dir='ltr'><strong>appetitur</strong></span> <span class='ocrx_word' id='word_1_719' title='bbox 2523 3525 2773 3596; x_wconf 89' lang='lat' dir='ltr'><strong>pudicitia</strong></span> <span class='ocrx_word' id='word_1_720' title='bbox 2794 3527 3032 3597; x_wconf 88' lang='lat' dir='ltr'><strong>corporis</strong></span> <span class='ocrx_word' id='word_1_721' title='bbox 3049 3530 3240 3597; x_wconf 90' lang='lat' dir='ltr'><strong>nostri,</strong></span> <span class='ocrx_word' id='word_1_722' title='bbox 3265 3545 3363 3587; x_wconf 91' lang='lat' dir='ltr'><strong>nec</strong></span> <span class='ocrx_word' id='word_1_723' title='bbox 3381 3532 3496 3602; x_wconf 86' lang='lat' dir='ltr'><strong>ipse</strong></span> <span class='ocrx_word' id='word_1_724' title='bbox 3519 3533 3641 3589; x_wconf 87' lang='lat' dir='ltr'><strong>ani-</strong></span> 
     </span>
    </p>
   </div>
   <div class='ocr_carea' id='block_1_97' title="bbox 2047 3619 3639 3695">
    <p class='ocr_par' dir='ltr' id='par_1_97' title="bbox 2047 3619 3639 3695">
     <span class='ocr_line' id='line_1_97' title="bbox 2047 3619 3639 3695; baseline 0.007 -24"><span class='ocrx_word' id='word_1_725' title='bbox 2047 3631 2155 3672; x_wconf 78' lang='lat' dir='ltr'><strong>mae</strong></span> <span class='ocrx_word' id='word_1_726' title='bbox 2173 3630 2368 3671; x_wconf 90' lang='lat' dir='ltr'><strong>sensus</strong></span> <span class='ocrx_word' id='word_1_727' title='bbox 2390 3625 2680 3684; x_wconf 81' lang='lat' dir='ltr'><strong>extremus,</strong></span> <span class='ocrx_word' id='word_1_728' title='bbox 2709 3619 2800 3689; x_wconf 91' lang='lat' dir='ltr'><strong>qui</strong></span> <span class='ocrx_word' id='word_1_729' title='bbox 2825 3619 2972 3674; x_wconf 84' lang='lat' dir='ltr'><strong>carni</strong></span> <span class='ocrx_word' id='word_1_730' title='bbox 3015 3620 3316 3691; x_wconf 86' lang='lat' dir='ltr'><strong>implicatus</strong></span> <span class='ocrx_word' id='word_1_731' title='bbox 3341 3634 3442 3690; x_wconf 84' lang='lat' dir='ltr'><strong>est,</strong></span> <span class='ocrx_word' id='word_1_732' title='bbox 3465 3624 3639 3695; x_wconf 86' lang='lat' dir='ltr'><strong>aliqua</strong></span> 
     </span>
    </p>
   </div>
   <div class='ocr_carea' id='block_1_98' title="bbox 2046 3707 3639 3786">
    <p class='ocr_par' dir='ltr' id='par_1_98' title="bbox 2046 3707 3639 3786">
     <span class='ocr_line' id='line_1_98' title="bbox 2046 3707 3639 3786; baseline 0.007 -22"><span class='ocrx_word' id='word_1_733' title='bbox 2046 3707 2404 3765; x_wconf 90' lang='lat' dir='ltr'><strong>delectatione</strong></span> <span class='ocrx_word' id='word_1_734' title='bbox 2450 3720 2727 3782; x_wconf 88' lang='lat' dir='ltr'><strong>tangatur;</strong></span> <span class='ocrx_word' id='word_1_735' title='bbox 2770 3713 2814 3766; x_wconf 91' lang='lat' dir='ltr'><strong>si</strong></span> <span class='ocrx_word' id='word_1_736' title='bbox 2855 3722 3031 3768; x_wconf 90' lang='lat' dir='ltr'><strong>autem</strong></span> <span class='ocrx_word' id='word_1_737' title='bbox 3063 3714 3164 3769; x_wconf 90' lang='lat' dir='ltr'><strong>hoc</strong></span> <span class='ocrx_word' id='word_1_738' title='bbox 3198 3730 3302 3771; x_wconf 92' lang='lat' dir='ltr'><strong>non</strong></span> <span class='ocrx_word' id='word_1_739' title='bbox 3329 3725 3524 3786; x_wconf 90' lang='lat' dir='ltr'><strong>potest,</strong></span> <span class='ocrx_word' id='word_1_740' title='bbox 3556 3719 3639 3775; x_wconf 90' lang='lat' dir='ltr'><strong>vel</strong></span> 
     </span>
    </p>
   </div>
   <div class='ocr_carea' id='block_1_99' title="bbox 2047 3801 3640 3864">
    <p class='ocr_par' dir='ltr' id='par_1_99' title="bbox 2047 3801 3640 3864">
     <span class='ocr_line' id='line_1_99' title="bbox 2047 3801 3640 3864; baseline 0.006 -9"><span class='ocrx_word' id='word_1_741' title='bbox 2047 3801 2244 3855; x_wconf 90' lang='lat' dir='ltr'><strong>mentis</strong></span> <span class='ocrx_word' id='word_1_742' title='bbox 2272 3801 2325 3854; x_wconf 92' lang='lat' dir='ltr'><strong>in</strong></span> <span class='ocrx_word' id='word_1_743' title='bbox 2350 3816 2456 3856; x_wconf 92' lang='lat' dir='ltr'><strong>non</strong></span> <span class='ocrx_word' id='word_1_744' title='bbox 2482 3801 2864 3856; x_wconf 89' lang='lat' dir='ltr'><strong>consentiendo</strong></span> <span class='ocrx_word' id='word_1_745' title='bbox 2897 3804 3112 3858; x_wconf 87' lang='lat' dir='ltr'><strong>castitas</strong></span> <span class='ocrx_word' id='word_1_746' title='bbox 3138 3818 3500 3862; x_wconf 82' lang='lat' dir='ltr'><strong>conservetur.</strong></span> <span class='ocrx_word' id='word_1_747' title='bbox 3535 3806 3640 3864; x_wconf 88' lang='lat' dir='ltr'><strong>Cu-</strong></span> 
     </span>
    </p>
   </div>
   <div class='ocr_carea' id='block_1_100' title="bbox 2052 3892 3640 3966">
    <p class='ocr_par' dir='ltr' id='par_1_100' title="bbox 2052 3892 3640 3966">
     <span class='ocr_line' id='line_1_100' title="bbox 2052 3892 3640 3966; baseline 0.004 -18"><span class='ocrx_word' id='word_1_748' title='bbox 2052 3892 2334 3948; x_wconf 87' lang='lat' dir='ltr'><strong>stodienda</strong></span> <span class='ocrx_word' id='word_1_749' title='bbox 2381 3902 2464 3948; x_wconf 89' lang='lat' dir='ltr'><strong>est</strong></span> <span class='ocrx_word' id='word_1_750' title='bbox 2515 3902 2692 3947; x_wconf 91' lang='lat' dir='ltr'><strong>autem</strong></span> <span class='ocrx_word' id='word_1_751' title='bbox 2723 3893 2775 3946; x_wconf 93' lang='lat' dir='ltr'><strong>in</strong></span> <span class='ocrx_word' id='word_1_752' title='bbox 2817 3895 2978 3947; x_wconf 88' lang='lat' dir='ltr'><strong>animi</strong></span> <span class='ocrx_word' id='word_1_753' title='bbox 3007 3895 3268 3960; x_wconf 88' lang='lat' dir='ltr'><strong>castitate,</strong></span> <span class='ocrx_word' id='word_1_754' title='bbox 3297 3897 3437 3966; x_wconf 92' lang='lat' dir='ltr'><strong>quod</strong></span> <span class='ocrx_word' id='word_1_755' title='bbox 3461 3897 3528 3952; x_wconf 90' lang='lat' dir='ltr'><strong>ad</strong></span> <span class='ocrx_word' id='word_1_756' title='bbox 3555 3897 3640 3954; x_wconf 82' lang='lat' dir='ltr'><strong>di-</strong></span> 
     </span>
    </p>
   </div>
   <div class='ocr_carea' id='block_1_101' title="bbox 2048 3983 3636 4053">
    <p class='ocr_par' dir='ltr' id='par_1_101' title="bbox 2048 3983 3636 4053">
     <span class='ocr_line' id='line_1_101' title="bbox 2048 3983 3636 4053; baseline 0.004 -15"><span class='ocrx_word' id='word_1_757' title='bbox 2048 3983 2330 4040; x_wconf 90' lang='lat' dir='ltr'><strong>lectionem</strong></span> <span class='ocrx_word' id='word_1_758' title='bbox 2355 3983 2580 4053; x_wconf 81' lang='lat' dir='ltr'><strong>proximi</strong></span> <span class='ocrx_word' id='word_1_759' title='bbox 2619 3983 2865 4052; x_wconf 92' lang='lat' dir='ltr'><strong>pertinet,</strong></span> <span class='ocrx_word' id='word_1_760' title='bbox 2914 3983 3214 4039; x_wconf 88' lang='lat' dir='ltr'><strong>innocentia</strong></span> <span class='ocrx_word' id='word_1_761' title='bbox 3233 3994 3287 4039; x_wconf 92' lang='lat' dir='ltr'><strong>et</strong></span> <span class='ocrx_word' id='word_1_762' title='bbox 3309 3986 3636 4044; x_wconf 87' lang='lat' dir='ltr'><strong>benevolen-</strong></span> 
     </span>
    </p>
   </div>
   <div class='ocr_carea' id='block_1_102' title="bbox 2048 4073 3639 4146">
    <p class='ocr_par' dir='ltr' id='par_1_102' title="bbox 2048 4073 3639 4146">
     <span class='ocr_line' id='line_1_102' title="bbox 2048 4073 3639 4146; baseline 0.003 -16"><span class='ocrx_word' id='word_1_763' title='bbox 2048 4075 2118 4131; x_wconf 90' lang='lat' dir='ltr'><strong>tia</strong></span> <span class='ocrx_word' id='word_1_764' title='bbox 2135 4089 2154 4130; x_wconf 81' lang='lat' dir='ltr'><strong>s</strong></span> <span class='ocrx_word' id='word_1_765' title='bbox 2173 4074 2311 4144; x_wconf 92' lang='lat' dir='ltr'><strong>quod</strong></span> <span class='ocrx_word' id='word_1_766' title='bbox 2327 4081 2502 4129; x_wconf 87' lang='lat' dir='ltr'><strong>autem</strong></span> <span class='ocrx_word' id='word_1_767' title='bbox 2523 4073 2591 4129; x_wconf 91' lang='lat' dir='ltr'><strong>ad</strong></span> <span class='ocrx_word' id='word_1_768' title='bbox 2611 4073 2726 4141; x_wconf 91' lang='lat' dir='ltr'><strong>Dei,</strong></span> <span class='ocrx_word' id='word_1_769' title='bbox 2744 4073 2931 4144; x_wconf 89' lang='lat' dir='ltr'><strong>pietas.</strong></span> <span class='ocrx_word' id='word_1_770' title='bbox 2952 4074 3254 4130; x_wconf 87' lang='lat' dir='ltr'><strong>Innocentia</strong></span> <span class='ocrx_word' id='word_1_771' title='bbox 3271 4086 3372 4142; x_wconf 91' lang='lat' dir='ltr'><strong>est,</strong></span> <span class='ocrx_word' id='word_1_772' title='bbox 3389 4093 3490 4146; x_wconf 89' lang='lat' dir='ltr'><strong>qua</strong></span> <span class='ocrx_word' id='word_1_773' title='bbox 3508 4078 3639 4135; x_wconf 91' lang='lat' dir='ltr'><strong>nulli</strong></span> 
     </span>
    </p>
   </div>
   <div class='ocr_carea' id='block_1_103' title="bbox 2047 4166 3640 4240">
    <p class='ocr_par' dir='ltr' id='par_1_103' title="bbox 2047 4166 3640 4240">
     <span class='ocr_line' id='line_1_103' title="bbox 2047 4166 3640 4240; baseline 0.001 -16"><span class='ocrx_word' id='word_1_774' title='bbox 2047 4181 2331 4232; x_wconf 86' lang='lat' dir='ltr'><strong>uocemus;</strong></span> <span class='ocrx_word' id='word_1_775' title='bbox 2353 4166 2723 4222; x_wconf 87' lang='lat' dir='ltr'><strong>benevolentia</strong></span> <span class='ocrx_word' id='word_1_776' title='bbox 2749 4181 2852 4237; x_wconf 91' lang='lat' dir='ltr'><strong>qua</strong></span> <span class='ocrx_word' id='word_1_777' title='bbox 2870 4167 3029 4222; x_wconf 89' lang='lat' dir='ltr'><strong>etiam</strong></span> <span class='ocrx_word' id='word_1_778' title='bbox 3061 4181 3344 4238; x_wconf 89' lang='lat' dir='ltr'><strong>prosumus</strong></span> <span class='ocrx_word' id='word_1_779' title='bbox 3389 4169 3471 4223; x_wconf 92' lang='lat' dir='ltr'><strong>cui</strong></span> <span class='ocrx_word' id='word_1_780' title='bbox 3512 4183 3640 4240; x_wconf 88' lang='lat' dir='ltr'><strong>pos-</strong></span> 
     </span>
    </p>
   </div>
   <div class='ocr_carea' id='block_1_104' title="bbox 2047 4257 3636 4330">
    <p class='ocr_par' dir='ltr' id='par_1_104' title="bbox 2047 4257 3636 4330">
     <span class='ocr_line' id='line_1_104' title="bbox 2047 4257 3636 4330; baseline 0.003 -16"><span class='ocrx_word' id='word_1_781' title='bbox 2047 4273 2264 4324; x_wconf 88' lang='lat' dir='ltr'><strong>sumus;</strong></span> <span class='ocrx_word' id='word_1_782' title='bbox 2315 4259 2504 4329; x_wconf 89' lang='lat' dir='ltr'><strong>pietas,</strong></span> <span class='ocrx_word' id='word_1_783' title='bbox 2553 4274 2655 4330; x_wconf 89' lang='lat' dir='ltr'><strong>qua</strong></span> <span class='ocrx_word' id='word_1_784' title='bbox 2701 4258 2927 4315; x_wconf 92' lang='lat' dir='ltr'><strong>colimus</strong></span> <span class='ocrx_word' id='word_1_785' title='bbox 2969 4257 3162 4315; x_wconf 89' lang='lat' dir='ltr'><strong>Deum.</strong></span> <span class='ocrx_word' id='word_1_786' title='bbox 3203 4258 3412 4316; x_wconf 82' lang='lat' dir='ltr'><strong>Veritas</strong></span> <span class='ocrx_word' id='word_1_787' title='bbox 3457 4271 3636 4319; x_wconf 86' lang='lat' dir='ltr'><strong>autem</strong></span> 
     </span>
    </p>
   </div>
   <div class='ocr_carea' id='block_1_105' title="bbox 2047 4350 3638 4422">
    <p class='ocr_par' dir='ltr' id='par_1_105' title="bbox 2047 4350 3638 4422">
     <span class='ocr_line' id='line_1_105' title="bbox 2047 4350 3638 4422; baseline 0.004 -16"><span class='ocrx_word' id='word_1_788' title='bbox 2047 4350 2327 4418; x_wconf 75' lang='lat' dir='ltr'><strong>doctrinae,</strong></span> <span class='ocrx_word' id='word_1_789' title='bbox 2359 4350 2633 4422; x_wconf 84' lang='lat' dir='ltr'><strong>religionis</strong></span> <span class='ocrx_word' id='word_1_790' title='bbox 2657 4360 2816 4421; x_wconf 89' lang='lat' dir='ltr'><strong>atque</strong></span> <span class='ocrx_word' id='word_1_791' title='bbox 2847 4350 3086 4420; x_wconf 88' lang='lat' dir='ltr'><strong>pietatis,</strong></span> <span class='ocrx_word' id='word_1_792' title='bbox 3125 4353 3332 4408; x_wconf 83' lang='lat' dir='ltr'><strong>nonnisi</strong></span> <span class='ocrx_word' id='word_1_793' title='bbox 3358 4354 3638 4414; x_wconf 83' lang='lat' dir='ltr'><strong>mendacio</strong></span> 
     </span>
    </p>
   </div>
   <div class='ocr_carea' id='block_1_106' title="bbox 2049 4442 3636 4516">
    <p class='ocr_par' dir='ltr' id='par_1_106' title="bbox 2049 4442 3636 4516">
     <span class='ocr_line' id='line_1_106' title="bbox 2049 4442 3636 4516; baseline 0.003 -19"><span class='ocrx_word' id='word_1_794' title='bbox 2049 4443 2306 4508; x_wconf 88' lang='lat' dir='ltr'><strong>violatur;</strong></span> <span class='ocrx_word' id='word_1_795' title='bbox 2335 4457 2452 4498; x_wconf 92' lang='lat' dir='ltr'><strong>cum</strong></span> <span class='ocrx_word' id='word_1_796' title='bbox 2484 4443 2595 4512; x_wconf 87' lang='lat' dir='ltr'><strong>ipsa</strong></span> <span class='ocrx_word' id='word_1_797' title='bbox 2623 4456 2830 4496; x_wconf 88' lang='lat' dir='ltr'><strong>summa</strong></span> <span class='ocrx_word' id='word_1_798' title='bbox 2853 4453 3011 4513; x_wconf 89' lang='lat' dir='ltr'><strong>atque</strong></span> <span class='ocrx_word' id='word_1_799' title='bbox 3032 4442 3216 4498; x_wconf 91' lang='lat' dir='ltr'><strong>intima</strong></span> <span class='ocrx_word' id='word_1_800' title='bbox 3238 4446 3454 4512; x_wconf 88' lang='lat' dir='ltr'><strong>veritas,</strong></span> <span class='ocrx_word' id='word_1_801' title='bbox 3483 4447 3636 4516; x_wconf 91' lang='lat' dir='ltr'><strong>cujus</strong></span> 
     </span>
    </p>
   </div>
   <div class='ocr_carea' id='block_1_107' title="bbox 2049 4534 3632 4608">
    <p class='ocr_par' dir='ltr' id='par_1_107' title="bbox 2049 4534 3632 4608">
     <span class='ocr_line' id='line_1_107' title="bbox 2049 4534 3632 4608; baseline 0.001 -16"><span class='ocrx_word' id='word_1_802' title='bbox 2049 4545 2133 4592; x_wconf 90' lang='lat' dir='ltr'><strong>est</strong></span> <span class='ocrx_word' id='word_1_803' title='bbox 2157 4536 2255 4590; x_wconf 88' lang='lat' dir='ltr'><strong>ista</strong></span> <span class='ocrx_word' id='word_1_804' title='bbox 2285 4536 2546 4602; x_wconf 91' lang='lat' dir='ltr'><strong>doctrina,</strong></span> <span class='ocrx_word' id='word_1_805' title='bbox 2575 4535 2723 4589; x_wconf 87' lang='lat' dir='ltr'><strong>nullo</strong></span> <span class='ocrx_word' id='word_1_806' title='bbox 2749 4534 2909 4590; x_wconf 92' lang='lat' dir='ltr'><strong>modo</strong></span> <span class='ocrx_word' id='word_1_807' title='bbox 2935 4537 3304 4604; x_wconf 88' lang='lat' dir='ltr'><strong>possitviolari</strong></span> <span class='ocrx_word' id='word_1_808' title='bbox 3337 4555 3350 4590; x_wconf 90' lang='lat'><strong>:</strong></span> <span class='ocrx_word' id='word_1_809' title='bbox 3381 4539 3447 4592; x_wconf 87' lang='lat' dir='ltr'><strong>ad</strong></span> <span class='ocrx_word' id='word_1_810' title='bbox 3475 4553 3632 4608; x_wconf 87' lang='lat' dir='ltr'><strong>quam</strong></span> 
     </span>
    </p>
   </div>
   <div class='ocr_carea' id='block_1_108' title="bbox 2049 4625 3639 4699">
    <p class='ocr_par' dir='ltr' id='par_1_108' title="bbox 2049 4625 3639 4699">
     <span class='ocr_line' id='line_1_108' title="bbox 2049 4625 3639 4699; baseline 0.002 -17"><span class='ocrx_word' id='word_1_811' title='bbox 2049 4627 2349 4698; x_wconf 90' lang='lat' dir='ltr'><strong>pervenire,</strong></span> <span class='ocrx_word' id='word_1_812' title='bbox 2372 4635 2531 4695; x_wconf 89' lang='lat' dir='ltr'><strong>atque</strong></span> <span class='ocrx_word' id='word_1_813' title='bbox 2552 4625 2604 4679; x_wconf 92' lang='lat' dir='ltr'><strong>in</strong></span> <span class='ocrx_word' id='word_1_814' title='bbox 2633 4625 2721 4680; x_wconf 91' lang='lat' dir='ltr'><strong>illa</strong></span> <span class='ocrx_word' id='word_1_815' title='bbox 2745 4625 2890 4680; x_wconf 89' lang='lat' dir='ltr'><strong>omni</strong></span> <span class='ocrx_word' id='word_1_816' title='bbox 2914 4625 3075 4680; x_wconf 91' lang='lat' dir='ltr'><strong>modo</strong></span> <span class='ocrx_word' id='word_1_817' title='bbox 3104 4642 3344 4694; x_wconf 88' lang='lat' dir='ltr'><strong>manere,</strong></span> <span class='ocrx_word' id='word_1_818' title='bbox 3372 4628 3527 4696; x_wconf 87' lang='lat' dir='ltr'><strong>eique</strong></span> <span class='ocrx_word' id='word_1_819' title='bbox 3551 4645 3639 4699; x_wconf 89' lang='lat' dir='ltr'><strong>pe-</strong></span> 
     </span>
    </p>
   </div>
   <div class='ocr_carea' id='block_1_109' title="bbox 2049 4715 3637 4787">
    <p class='ocr_par' dir='ltr' id='par_1_109' title="bbox 2049 4715 3637 4787">
     <span class='ocr_line' id='line_1_109' title="bbox 2049 4715 3637 4787; baseline 0.001 -14"><span class='ocrx_word' id='word_1_820' title='bbox 2049 4719 2192 4773; x_wconf 90' lang='lat' dir='ltr'><strong>nitus</strong></span> <span class='ocrx_word' id='word_1_821' title='bbox 2217 4716 2480 4772; x_wconf 86' lang='lat' dir='ltr'><strong>inhaerere</strong></span> <span class='ocrx_word' id='word_1_822' title='bbox 2508 4729 2613 4770; x_wconf 93' lang='lat' dir='ltr'><strong>non</strong></span> <span class='ocrx_word' id='word_1_823' title='bbox 2643 4715 2841 4781; x_wconf 90' lang='lat' dir='ltr'><strong>licebit,</strong></span> <span class='ocrx_word' id='word_1_824' title='bbox 2883 4716 2987 4770; x_wconf 90' lang='lat' dir='ltr'><strong>nisi</strong></span> <span class='ocrx_word' id='word_1_825' title='bbox 3007 4731 3131 4771; x_wconf 92' lang='lat' dir='ltr'><strong>cum</strong></span> <span class='ocrx_word' id='word_1_826' title='bbox 3160 4718 3505 4787; x_wconf 80' lang='lat' dir='ltr'><strong>corruptibile</strong></span> <span class='ocrx_word' id='word_1_827' title='bbox 3534 4719 3637 4775; x_wconf 90' lang='lat' dir='ltr'><strong>hoc</strong></span> 
     </span>
    </p>
   </div>
   <div class='ocr_carea' id='block_1_110' title="bbox 2051 4808 3636 4880">
    <p class='ocr_par' dir='ltr' id='par_1_110' title="bbox 2051 4808 3636 4880">
     <span class='ocr_line' id='line_1_110' title="bbox 2051 4808 3636 4880; baseline 0.003 -15"><span class='ocrx_word' id='word_1_828' title='bbox 2051 4809 2280 4865; x_wconf 90' lang='lat' dir='ltr'><strong>induerit</strong></span> <span class='ocrx_word' id='word_1_829' title='bbox 2309 4809 2784 4877; x_wconf 87' lang='lat' dir='ltr'><strong>incorruptionem,</strong></span> <span class='ocrx_word' id='word_1_830' title='bbox 2813 4816 2870 4863; x_wconf 90' lang='lat' dir='ltr'><strong>et</strong></span> <span class='ocrx_word' id='word_1_831' title='bbox 2895 4809 3121 4880; x_wconf 90' lang='lat' dir='ltr'><strong>mortale</strong></span> <span class='ocrx_word' id='word_1_832' title='bbox 3142 4808 3243 4865; x_wconf 92' lang='lat' dir='ltr'><strong>hoc</strong></span> <span class='ocrx_word' id='word_1_833' title='bbox 3278 4811 3506 4867; x_wconf 91' lang='lat' dir='ltr'><strong>induerit</strong></span> <span class='ocrx_word' id='word_1_834' title='bbox 3530 4813 3636 4869; x_wconf 91' lang='lat' dir='ltr'><strong>im-</strong></span> 
     </span>
    </p>
   </div>
   <div class='ocr_carea' id='block_1_111' title="bbox 2050 4897 3637 4972">
    <p class='ocr_par' dir='ltr' id='par_1_111' title="bbox 2050 4897 3637 4972">
     <span class='ocr_line' id='line_1_111' title="bbox 2050 4897 3637 4972; baseline 0.004 -16"><span class='ocrx_word' id='word_1_835' title='bbox 2050 4901 2422 4956; x_wconf 87' lang='lat' dir='ltr'><strong>mortalitatem</strong></span> <span class='ocrx_word' id='word_1_836' title='bbox 2439 4898 2477 4970; x_wconf 95' lang='grc' dir='ltr'>(Ι</span> <span class='ocrx_word' id='word_1_837' title='bbox 2497 4897 2614 4953; x_wconf 84' lang='lat' dir='ltr'><strong>Cor.</strong></span> <span class='ocrx_word' id='word_1_838' title='bbox 2632 4915 2720 4963; x_wconf 82' lang='lat' dir='ltr'><strong>xv,</strong></span> <span class='ocrx_word' id='word_1_839' title='bbox 2741 4898 2853 4971; x_wconf 78' lang='lat'><strong>55).</strong></span> <span class='ocrx_word' id='word_1_840' title='bbox 2876 4899 2980 4956; x_wconf 87' lang='lat' dir='ltr'><strong>Sed</strong></span> <span class='ocrx_word' id='word_1_841' title='bbox 3003 4901 3124 4972; x_wconf 92' lang='lat' dir='ltr'><strong>quia</strong></span> <span class='ocrx_word' id='word_1_842' title='bbox 3145 4902 3317 4957; x_wconf 92' lang='lat' dir='ltr'><strong>omnis</strong></span> <span class='ocrx_word' id='word_1_843' title='bbox 3337 4903 3387 4958; x_wconf 93' lang='lat' dir='ltr'><strong>in</strong></span> <span class='ocrx_word' id='word_1_844' title='bbox 3412 4903 3508 4960; x_wconf 88' lang='lat' dir='ltr'><strong>hac</strong></span> <span class='ocrx_word' id='word_1_845' title='bbox 3532 4907 3637 4962; x_wconf 83' lang='lat' dir='ltr'><strong>vita</strong></span> 
     </span>
    </p>
   </div>
   <div class='ocr_carea' id='block_1_112' title="bbox 2050 4991 3640 5064">
    <p class='ocr_par' dir='ltr' id='par_1_112' title="bbox 2050 4991 3640 5064">
     <span class='ocr_line' id='line_1_112' title="bbox 2050 4991 3640 5064; baseline 0.003 -16"><span class='ocrx_word' id='word_1_846' title='bbox 2050 4993 2236 5064; x_wconf 90' lang='lat' dir='ltr'><strong>pietas,</strong></span> <span class='ocrx_word' id='word_1_847' title='bbox 2261 4991 2573 5047; x_wconf 82' lang='lat' dir='ltr'><strong>exercitatio</strong></span> <span class='ocrx_word' id='word_1_848' title='bbox 2597 5001 2699 5059; x_wconf 90' lang='lat' dir='ltr'><strong>est,</strong></span> <span class='ocrx_word' id='word_1_849' title='bbox 2726 4993 2902 5062; x_wconf 90' lang='lat' dir='ltr'><strong>quain</strong></span> <span class='ocrx_word' id='word_1_850' title='bbox 2929 4992 3071 5046; x_wconf 85' lang='lat' dir='ltr'><strong>illam</strong></span> <span class='ocrx_word' id='word_1_851' title='bbox 3096 4994 3348 5062; x_wconf 89' lang='lat' dir='ltr'><strong>tenditur,</strong></span> <span class='ocrx_word' id='word_1_852' title='bbox 3372 4998 3454 5051; x_wconf 89' lang='lat' dir='ltr'><strong>cui</strong></span> <span class='ocrx_word' id='word_1_853' title='bbox 3485 5013 3640 5053; x_wconf 81' lang='lat' dir='ltr'><strong>exer-</strong></span> 
     </span>
    </p>
   </div>
   <div class='ocr_carea' id='block_1_113' title="bbox 2050 5083 3640 5157">
    <p class='ocr_par' dir='ltr' id='par_1_113' title="bbox 2050 5083 3640 5157">
     <span class='ocr_line' id='line_1_113' title="bbox 2050 5083 3640 5157; baseline 0 -13"><span class='ocrx_word' id='word_1_854' title='bbox 2050 5085 2286 5144; x_wconf 87' lang='lat' dir='ltr'><strong>citationi</strong></span> <span class='ocrx_word' id='word_1_855' title='bbox 2315 5085 2561 5141; x_wconf 90' lang='lat' dir='ltr'><strong>ducatum</strong></span> <span class='ocrx_word' id='word_1_856' title='bbox 2588 5084 2792 5155; x_wconf 73' lang='lat' dir='ltr'><strong>praebet</strong></span> <span class='ocrx_word' id='word_1_857' title='bbox 2828 5084 2929 5139; x_wconf 88' lang='lat' dir='ltr'><strong>ista</strong></span> <span class='ocrx_word' id='word_1_858' title='bbox 2955 5083 3216 5149; x_wconf 90' lang='lat' dir='ltr'><strong>doctrina,</strong></span> <span class='ocrx_word' id='word_1_859' title='bbox 3245 5103 3364 5157; x_wconf 83' lang='lat' dir='ltr'><strong>quae</strong></span> <span class='ocrx_word' id='word_1_860' title='bbox 3393 5089 3640 5145; x_wconf 89' lang='lat' dir='ltr'><strong>humanis</strong></span> 
     </span>
    </p>
   </div>
   <div class='ocr_carea' id='block_1_114' title="bbox 2050 5179 3639 5249">
    <p class='ocr_par' dir='ltr' id='par_1_114' title="bbox 2050 5179 3639 5249">
     <span class='ocr_line' id='line_1_114' title="bbox 2050 5179 3639 5249; baseline 0.001 -16"><span class='ocrx_word' id='word_1_861' title='bbox 2050 5179 2230 5234; x_wconf 86' lang='lat' dir='ltr'><strong>verbis</strong></span> <span class='ocrx_word' id='word_1_862' title='bbox 2284 5185 2339 5232; x_wconf 93' lang='lat' dir='ltr'><strong>et</strong></span> <span class='ocrx_word' id='word_1_863' title='bbox 2397 5189 2779 5246; x_wconf 91' lang='lat' dir='ltr'><strong>corporeorum</strong></span> <span class='ocrx_word' id='word_1_864' title='bbox 2856 5185 3310 5232; x_wconf 82' lang='lat' dir='ltr'><strong>sacramentorum</strong></span> <span class='ocrx_word' id='word_1_865' title='bbox 3353 5179 3639 5249; x_wconf 86' lang='lat' dir='ltr'><strong>signaculis</strong></span> 
     </span>
    </p>
   </div>
   <div class='ocr_carea' id='block_1_115' title="bbox 2051 5268 3640 5342">
    <p class='ocr_par' dir='ltr' id='par_1_115' title="bbox 2051 5268 3640 5342">
     <span class='ocr_line' id='line_1_115' title="bbox 2051 5268 3640 5342; baseline 0.001 -16"><span class='ocrx_word' id='word_1_866' title='bbox 2051 5271 2223 5342; x_wconf 87' lang='lat' dir='ltr'><strong>ipsam</strong></span> <span class='ocrx_word' id='word_1_867' title='bbox 2251 5269 2486 5324; x_wconf 89' lang='lat' dir='ltr'><strong>insinuat</strong></span> <span class='ocrx_word' id='word_1_868' title='bbox 2506 5277 2667 5338; x_wconf 88' lang='lat' dir='ltr'><strong>atque</strong></span> <span class='ocrx_word' id='word_1_869' title='bbox 2689 5268 2900 5322; x_wconf 89' lang='lat' dir='ltr'><strong>intimat</strong></span> <span class='ocrx_word' id='word_1_870' title='bbox 2929 5269 3207 5325; x_wconf 89' lang='lat' dir='ltr'><strong>veritatem</strong></span> <span class='ocrx_word' id='word_1_871' title='bbox 3238 5289 3250 5325; x_wconf 90' lang='lat'><strong>:</strong></span> <span class='ocrx_word' id='word_1_872' title='bbox 3284 5281 3562 5342; x_wconf 86' lang='lat' dir='ltr'><strong>propterea</strong></span> <span class='ocrx_word' id='word_1_873' title='bbox 3584 5282 3640 5328; x_wconf 91' lang='lat' dir='ltr'><strong>et</strong></span> 
     </span>
    </p>
   </div>
   <div class='ocr_carea' id='block_1_116' title="bbox 2051 5358 3639 5433">
    <p class='ocr_par' dir='ltr' id='par_1_116' title="bbox 2051 5358 3639 5433">
     <span class='ocr_line' id='line_1_116' title="bbox 2051 5358 3639 5433; baseline 0 -16"><span class='ocrx_word' id='word_1_874' title='bbox 2051 5361 2168 5417; x_wconf 77' lang='lat' dir='ltr'><strong>haec</strong></span> <span class='ocrx_word' id='word_1_875' title='bbox 2195 5377 2314 5433; x_wconf 78' lang='lat' dir='ltr'><strong>quae</strong></span> <span class='ocrx_word' id='word_1_876' title='bbox 2355 5375 2450 5431; x_wconf 85' lang='lat' dir='ltr'><strong>per</strong></span> <span class='ocrx_word' id='word_1_877' title='bbox 2497 5358 2830 5414; x_wconf 85' lang='lat' dir='ltr'><strong>mendacium</strong></span> <span class='ocrx_word' id='word_1_878' title='bbox 2870 5360 3140 5429; x_wconf 86' lang='lat' dir='ltr'><strong>corrumpi</strong></span> <span class='ocrx_word' id='word_1_879' title='bbox 3185 5369 3380 5430; x_wconf 90' lang='lat' dir='ltr'><strong>potest,</strong></span> <span class='ocrx_word' id='word_1_880' title='bbox 3409 5361 3639 5418; x_wconf 78' lang='lat' dir='ltr'><strong>maxime</strong></span> 
     </span>
    </p>
   </div>
   <div class='ocr_carea' id='block_1_117' title="bbox 2053 5452 3638 5524">
    <p class='ocr_par' dir='ltr' id='par_1_117' title="bbox 2053 5452 3638 5524">
     <span class='ocr_line' id='line_1_117' title="bbox 2053 5452 3638 5524; baseline 0.001 -13"><span class='ocrx_word' id='word_1_881' title='bbox 2053 5456 2359 5524; x_wconf 89' lang='lat' dir='ltr'><strong>incorrupta</strong></span> <span class='ocrx_word' id='word_1_882' title='bbox 2389 5452 2650 5509; x_wconf 88' lang='lat' dir='ltr'><strong>servanda</strong></span> <span class='ocrx_word' id='word_1_883' title='bbox 2688 5462 2800 5518; x_wconf 89' lang='lat' dir='ltr'><strong>est;</strong></span> <span class='ocrx_word' id='word_1_884' title='bbox 2833 5461 2888 5506; x_wconf 93' lang='lat' dir='ltr'><strong>ut</strong></span> <span class='ocrx_word' id='word_1_885' title='bbox 2917 5453 2962 5508; x_wconf 90' lang='lat' dir='ltr'><strong>si</strong></span> <span class='ocrx_word' id='word_1_886' title='bbox 3002 5452 3130 5523; x_wconf 90' lang='lat' dir='ltr'><strong>quid</strong></span> <span class='ocrx_word' id='word_1_887' title='bbox 3173 5453 3224 5508; x_wconf 93' lang='lat' dir='ltr'><strong>in</strong></span> <span class='ocrx_word' id='word_1_888' title='bbox 3274 5454 3360 5509; x_wconf 88' lang='lat' dir='ltr'><strong>illa</strong></span> <span class='ocrx_word' id='word_1_889' title='bbox 3395 5456 3638 5514; x_wconf 87' lang='lat' dir='ltr'><strong>castitate</strong></span> 
     </span>
    </p>
   </div>
   <div class='ocr_carea' id='block_1_118' title="bbox 2051 5546 3640 5617">
    <p class='ocr_par' dir='ltr' id='par_1_118' title="bbox 2051 5546 3640 5617">
     <span class='ocr_line' id='line_1_118' title="bbox 2051 5546 3640 5617; baseline -0.001 -10"><span class='ocrx_word' id='word_1_890' title='bbox 2051 5550 2214 5608; x_wconf 88' lang='lat' dir='ltr'><strong>animi</strong></span> <span class='ocrx_word' id='word_1_891' title='bbox 2240 5549 2399 5605; x_wconf 78' lang='lat' dir='ltr'><strong>fuerit</strong></span> <span class='ocrx_word' id='word_1_892' title='bbox 2425 5548 2698 5614; x_wconf 89' lang='lat' dir='ltr'><strong>violatum,</strong></span> <span class='ocrx_word' id='word_1_893' title='bbox 2734 5547 2928 5602; x_wconf 91' lang='lat' dir='ltr'><strong>habeat</strong></span> <span class='ocrx_word' id='word_1_894' title='bbox 2954 5546 3096 5602; x_wconf 89' lang='lat' dir='ltr'><strong>unde</strong></span> <span class='ocrx_word' id='word_1_895' title='bbox 3115 5557 3410 5617; x_wconf 87' lang='lat' dir='ltr'><strong>reparetur.</strong></span> <span class='ocrx_word' id='word_1_896' title='bbox 3442 5549 3640 5606; x_wconf 87' lang='lat' dir='ltr'><strong>Corru-</strong></span> 
     </span>
    </p>
   </div>
   <div class='ocr_carea' id='block_1_119' title="bbox 2117 5657 3641 5734">
    <p class='ocr_par' dir='ltr' id='par_1_119' title="bbox 2117 5657 3641 5734">
     <span class='ocr_line' id='line_1_119' title="bbox 2117 5657 3641 5734; baseline 0.003 -22"><span class='ocrx_word' id='word_1_897' title='bbox 2117 5666 2136 5697; x_wconf 74' lang='grc' dir='ltr'>ί</span> <span class='ocrx_word' id='word_1_898' title='bbox 2172 5670 2237 5714; x_wconf 82' lang='lat' dir='ltr'><strong>Ita</strong></span> <span class='ocrx_word' id='word_1_899' title='bbox 2258 5663 2524 5734; x_wconf 77' lang='lat' dir='ltr'><strong>legendum</strong></span> <span class='ocrx_word' id='word_1_900' title='bbox 2536 5673 2655 5734; x_wconf 42' lang='lat' dir='ltr'><strong>‘eurm</strong></span> <span class='ocrx_word' id='word_1_901' title='bbox 2680 5667 2802 5734; x_wconf 56' lang='lat' dir='ltr'><strong>tias.</strong></span> <span class='ocrx_word' id='word_1_902' title='bbox 2837 5660 2954 5710; x_wconf 80' lang='lat' dir='ltr'><strong>Editi</strong></span> <span class='ocrx_word' id='word_1_903' title='bbox 2974 5699 2986 5719; x_wconf 89' lang='lat'><strong>,</strong></span> <span class='ocrx_word' id='word_1_904' title='bbox 3012 5659 3138 5733; x_wconf 69' lang='lat' dir='ltr'><strong>sicut</strong></span> <span class='ocrx_word' id='word_1_905' title='bbox 3169 5657 3456 5734; x_wconf 43' lang='lat' dir='ltr'><strong>iit-pecunia</strong></span> <span class='ocrx_word' id='word_1_906' title='bbox 3490 5661 3641 5734; x_wconf 60' lang='lat' dir='ltr'><strong>alioue</strong></span> 
     </span>
    </p>
   </div>
   <div class='ocr_carea' id='block_1_120' title="bbox 2051 5721 3643 5797">
    <p class='ocr_par' dir='ltr' id='par_1_120' title="bbox 2051 5721 3643 5797">
     <span class='ocr_line' id='line_1_120' title="bbox 2051 5721 3643 5797; baseline 0.003 -19"><span class='ocrx_word' id='word_1_907' title='bbox 2051 5727 2297 5797; x_wconf 65' lang='lat' dir='ltr'><strong>torminalia</strong></span> <span class='ocrx_word' id='word_1_908' title='bbox 2312 5721 2566 5797; x_wconf 49' lang='lat' dir='ltr'><strong>:corporati</strong></span> <span class='ocrx_word' id='word_1_909' title='bbox 2598 5725 2742 5784; x_wconf 73' lang='lat' dir='ltr'><strong>[retia</strong></span> <span class='ocrx_word' id='word_1_910' title='bbox 2784 5723 2836 5773; x_wconf 87' lang='lat' dir='ltr'><strong>in</strong></span> <span class='ocrx_word' id='word_1_911' title='bbox 2877 5721 3157 5786; x_wconf 80' lang='lat' dir='ltr'><strong>pecmtiario</strong></span> <span class='ocrx_word' id='word_1_912' title='bbox 3195 5721 3348 5777; x_wconf 66' lang='lat' dir='ltr'><strong>aliam</strong></span> <span class='ocrx_word' id='word_1_913' title='bbox 3394 5728 3643 5782; x_wconf 69' lang='lat' dir='ltr'><strong>cmmode</strong></span> 
     </span>
    </p>
   </div>
   <div class='ocr_carea' id='block_1_121' title="bbox 2055 5790 3112 5910">
    <p class='ocr_par' dir='ltr' id='par_1_121' title="bbox 2055 5790 3112 5910">
     <span class='ocr_line' id='line_1_121' title="bbox 2055 5790 3112 5910; baseline 0.001 -11"><span class='ocrx_word' id='word_1_914' title='bbox 2055 5790 2366 5904; x_wconf 56' lang='lat' dir='ltr'><strong>&#39;O&#39;apii:</strong></span> <span class='ocrx_word' id='word_1_915' title='bbox 2394 5856 2447 5900; x_wconf 80' lang='lat' dir='ltr'><strong>At</strong></span> <span class='ocrx_word' id='word_1_916' title='bbox 2471 5849 2603 5910; x_wconf 87' lang='lat' dir='ltr'><strong>editi,</strong></span> <span class='ocrx_word' id='word_1_917' title='bbox 2630 5847 2882 5901; x_wconf 82' lang='lat' dir='ltr'><strong>sinceriter</strong></span> <span class='ocrx_word' id='word_1_918' title='bbox 2905 5846 3112 5901; x_wconf 73' lang='lat' dir='ltr'><strong>dilectio.</strong></span> 
     </span>
    </p>
   </div>
  </div>
