4142 6212
449 482 546 546 pta
570 472 714 531 enim
728 471 1045 528 auctoritate
1068 469 1325 527 doctrinm
1345 515 1358 535 ,
1389 475 1562 529 nullus
1590 484 1681 527 aut
1728 487 1919 529 cursus
1953 483 2048 530 aut

454 580 705 624 recursus
730 579 850 621 esse
864 564 934 619 ad
962 566 1258 617 castitatem
1286 564 1447 617 animi
1475 573 1669 632 potest.

530 656 757 715 CAPUT
783 656 900 711 XX.
931 683 999 699 -σο
1028 658 1115 710 L1.
1156 655 1427 710 Pudicitiae
1459 660 1738 728 wrpm'alis
1762 673 1918 712 causa
1944 666 2045 711 non

458 751 826 808 mattiendmit.
850 748 1008 802 Fides
1043 750 1175 802 unde
1202 751 1354 802 ditia.
1380 749 1596 805 Cadmus
1616 750 1796 802 arripui.
1819 748 2048 804 ϐοηθοί-

463 852 552 901 tur
575 846 705 913 ergo
733 857 800 901 ex
821 840 907 895 his
928 841 1181 897 omnibus
1201 839 1315 894 haec
1332 840 1614 907 sententia,
1637 849 1696 895 ut
1712 838 2049 894 mendacium

456 935 602 1008 quod
628 949 743 991 non
762 934 925 988 violat
942 933 1242 991 doctrinam
1272 933 1503 1002 pietatis,
1535 947 1707 1003 neque
1734 933 1907 1002 ipsam
1925 929 2042 1001 pie-

464 1039 650 1095 tatem,
678 1042 854 1098 neque
879 1027 1257 1089 innocentiam,
1286 1024 1932 1095 nequebenevolentiam,
1952 1036 2051 1094 pro

465 1121 711 1192 pudicitia
739 1118 979 1189 corporis
1004 1118 1387 1173 admittendum
1417 1118 1503 1172 sit.
1536 1117 1603 1171 Et
1625 1128 1800 1171 tamen
1829 1118 1872 1170 si
1894 1116 2049 1186 quis-

463 1228 623 1284 quam
674 1219 997 1282 prOponeret
1034 1210 1134 1264 sibi
1181 1210 1259 1263 sic
1296 1208 1577 1264 amandam
1616 1209 1912 1274 veritatem,
1943 1220 2050 1261 non

464 1315 667 1360 tantum
695 1318 815 1374 quae
860 1303 915 1357 in
942 1302 1354 1371 contemplantlo
1402 1309 1502 1365 est,
1535 1300 1629 1355 sed
1650 1301 1813 1357 etiam
1845 1299 1896 1353 in
1924 1310 2051 1353 vero

466 1394 798 1452 enuntiando
824 1392 964 1462 quod
995 1394 1046 1445 in
1074 1408 1173 1445 suo
1198 1407 1410 1462 quoque
1434 1406 1612 1445 rerum
1640 1404 1839 1460 genere
1865 1400 2049 1447 verum

465 1499 545 1541 est
570 1503 584 1551 ;
616 1496 670 1539 et
699 1500 805 1539 non
835 1484 988 1539 aliter
1019 1482 1390 1553 proferendam
1419 1498 1514 1536 ore
1541 1481 1781 1551 corporis
1801 1481 2053 1534 ‘senten-

466 1580 597 1632 tiam
636 1620 652 1643 ,
685 1594 840 1647 quam
866 1578 918 1631 in
953 1578 1132 1631 animo
1157 1582 1415 1646 concepta
1439 1584 1601 1646 atque
1626 1583 1910 1644 conspecta
1931 1580 2048 1638 est;

475 1682 533 1725 ut
565 1671 687 1725 fidei
707 1670 993 1724 veridicum
1016 1669 1462 1740 pulchritudinem
1490 1684 1595 1722 non
1617 1666 1789 1722 solum
1813 1680 1966 1732 auro,
1999 1674 2055 1719 ct

468 1773 724 1835 argento,
755 1772 810 1817 et
834 1763 1091 1833 gemmis,
1121 1772 1177 1817 et
1212 1761 1441 1817 arumnis
1466 1759 1700 1830 praediis,
1751 1758 1843 1814 sed
1866 1767 1923 1815 et
1948 1757 2053 1826 ipsi

467 1856 727 1911 universae
750 1853 1025 1922 temporali
1053 1854 1176 1906 vitae
1192 1852 1457 1922 omnique
1474 1850 1716 1920 corporis
1746 1849 1891 1904 bono
1917 1861 2056 1919 prae»-

474 1958 730 2018 poneret;
765 1947 946 2000 nescio
985 1953 1160 1998 utrum
1210 1945 1478 2012 sapienter
1523 1958 1552 1994 a
1581 1955 1845 2011 quoquam
1876 1952 2057 1993 errare

472 2039 759 2096 diceretur.
784 2039 850 2092 Et
884 2038 929 2091 si
960 2036 1061 2091 hoc
1091 2036 1204 2091 suis
1228 2035 1482 2089 omnibus
1500 2035 1695 2089 talibus
1733 2034 1892 2089 rebus
1912 2039 2057 2087 recte

471 2132 778 2194 anteferret,
802 2128 1073 2197 plurisque
1098 2126 1386 2196 penderet;
1416 2136 1565 2181 recte
1606 2126 1767 2181 etiam
1790 2134 2056 2193 tempow

475 2221 612 2276 libus
642 2222 798 2277 rebus
827 2221 1052 2275 aliorum
1075 2220 1370 2286 hominum,
1401 2234 1538 2289 quos
1566 2217 1865 2273 innocentia
1896 2217 2059 2274 bene-

475 2314 808 2381 volentiaque
871 2327 963 2367 sua
1030 2326 1247 2367 servare
1300 2321 1463 2381 atque
1514 2311 1768 2380 adjuvare
1813 2310 2052 2366 deberet.

480 2404 694 2458 Anmnet
719 2403 861 2456 enim
889 2402 1176 2471 periecutm
1200 2402 1383 2464 iidem,
1417 2416 1522 2455 non
1552 2402 1726 2458 solum
1759 2401 1894 2456 bene
1933 2414 2054 2456 creo

470 2492 631 2549 deudi
658 2509 721 2547 ea
747 2509 866 2563 quae
910 2493 1011 2547 sibi
1040 2492 1321 2546 excellenti
1347 2500 1402 2546 et
1428 2491 1533 2546 [ide
1558 2491 1716 2561 digna
1742 2492 2057 2546 auctoritate

472 2585 810 2651 dicerentur,
849 2585 945 2640 sed
988 2586 1150 2641 etiam
1197 2585 1427 2639 ﬁdeliter
1464 2584 1773 2640 enuntiandi
1799 2599 1918 2655 quae
1944 2585 2058 2655 ipse

475 2677 698 2735 dicenda
739 2677 1023 2748 iudicaret,
1065 2692 1130 2732 ac
1157 2676 1377 2733 diceret.
1423 2675 1582 2732 Fides
1620 2676 1763 2731 enim
1792 2676 2057 2746 appellata

474 2779 561 2826 est
586 2772 638 2825 in
669 2770 830 2824 latina
854 2768 1033 2839 lingua
1057 2784 1122 2824 ex
1149 2783 1216 2824 eo
1241 2769 1365 2839 quia
1391 2767 1452 2822 ﬁt
1474 2767 1614 2836 quod
1638 2766 1833 2823 dicitur
1859 2780 2056 2838 :rquatn

476 2859 815 2916 manifestum
834 2868 917 2914 est
944 2874 1049 2915 non
1072 2859 1326 2914 exhibere
1362 2859 1728 2913 mentientem.
1773 2859 1903 2925 Qum
1931 2868 1986 2914 et
2013 2859 2058 2912 si

473 2954 653 3010 minus
671 2953 916 3014 violatur,
941 2967 1063 3006 cum
1094 2952 1165 3008 ita
1194 2955 1419 3021 quisque
1448 2952 1719 3015 mentitur,
1746 2959 1805 3005 ut
1828 2952 1876 3005 ei
1911 2952 2059 3006 nullo

470 3042 811 3100 incommodo
828 3042 1079 3112 miliaque
1111 3041 1344 3110 pernicie
1376 3040 1646 3106 credatur,
1675 3040 1853 3095 addita
1894 3040 2058 3097 etiam

473 3133 765 3191 intentione
784 3133 868 3187 vel
888 3133 1075 3188 salutis
1093 3130 1320 3197 tuendae,
1352 3129 1439 3185 vel
1460 3129 1725 3199 pudicitia:
1743 3132 2056 3200 carpentis;

474 3224 700 3281 violatur
729 3233 929 3291 tamen,
945 3232 1000 3281 et
1025 3239 1111 3280 res
1132 3223 1359 3278 violatur
1376 3223 1433 3276 in
1456 3222 1620 3278 animi
1640 3223 1886 3279 castitate
1899 3232 2061 3294 atque

470 3319 754 3376 sanctitate
776 3316 1058 3375 servanda.
1085 3315 1242 3373 Unde
1264 3317 1525 3387 cogimur,
1552 3333 1661 3373 non
1682 3317 1933 3388 opinione
1962 3317 2063 3375 he-

474 3411 677 3469 minum
691 3427 812 3482 quas
832 3411 1142 3483 plerumque
1158 3410 1212 3465 in
1225 3423 1411 3465 errore
1428 3419 1530 3477 est,
1547 3410 1641 3466 sed
1662 3411 1777 3480 ipsa
1801 3424 1921 3481 quae
1944 3424 2062 3466 om.

476 3501 637 3558 nibus
652 3501 1018 3572 supereminet
1032 3508 1193 3570 atque
1212 3515 1315 3555 una
1337 3500 1679 3557 invictissima
1703 3510 1788 3557 est
1809 3502 2056 3571 veritate,

474 3592 635 3648 etiam
663 3591 925 3664 pudicitiae
938 3590 1182 3661 corporis
1216 3590 1506 3661 perfectam
1536 3590 1697 3648 iidem
1710 3602 2059 3665 anteponere.

474 3682 574 3741 Est
588 3686 732 3740 enim
754 3683 918 3741 animi
934 3682 1173 3748 castitas,
1206 3696 1360 3739 amor
1386 3681 1665 3739 ordinatus
1693 3699 1802 3739 non
1831 3684 2062 3740 subdcta

470 3776 680 3849 majora
727 3776 1040 3835 minoribus.
1069 3775 1247 3833 Minus
1268 3784 1350 3832 est
1365 3785 1540 3832 autem
1571 3776 1825 3849 quidquid
1854 3778 1909 3832 in
1938 3791 2060 3833 con-

472 3883 626 3942 pare,
664 3884 823 3941 quam
867 3868 1121 3940 quidquid
1152 3869 1209 3924 in
1239 3870 1419 3924 animo
1444 3869 1633 3925 violari
1661 3878 1854 3940 potest.
1906 3870 2064 3927 Certe

472 3964 618 4021 enim
644 3978 773 4025 cum
799 3977 897 4033 pro
933 3960 1189 4032 pudicitia
1211 3962 1473 4031 corporali
1506 3963 1730 4033 quisque
1778 3963 2055 4028 mentitur,

475 4054 621 4111 videt
637 4053 853 4124 quidem
871 4052 1264 4123 corrumpendo
1278 4053 1489 4122 corpori
1509 4067 1623 4119 suo,
1638 4067 1745 4108 non
1772 4064 1943 4120 suam,
1960 4052 2065 4109 sed

474 4145 707 4203 alienam
740 4144 1019 4200 imminere
1047 4142 1353 4209 libidinem;
1375 4152 1529 4198 cavet
1559 4152 1756 4210 tamen,
1782 4158 1852 4200 ne
1872 4146 2063 4201 saltem

480 4234 839 4307 permittendo
898 4234 966 4287 sit
1026 4233 1313 4304 particeps.
1367 4233 1660 4288 Permissio
1684 4248 1814 4290 vero
1857 4234 1945 4289 illa
1974 4235 2064 4290 ubi

482 4325 587 4381 nisi
617 4326 670 4380 in
713 4325 892 4381 animo
928 4325 1045 4380 est?
1086 4323 1259 4381 Etiam
1304 4324 1598 4393 corporalis
1643 4339 1773 4394 ergo
1811 4325 2065 4395 pudicitia

482 4416 751 4485 corrumpi
778 4416 878 4473 nisi
905 4416 959 4471 in
997 4415 1178 4471 animo
1202 4429 1309 4469 non
1339 4422 1547 4484 potest:
1573 4430 1679 4485 quo
1703 4429 1809 4471 non
1839 4430 2066 4471 censen.

483 4510 668 4573 ticutc,
701 4525 870 4580 neque
913 4508 1280 4579 permittente,
1306 4508 1455 4564 nullo
1491 4508 1652 4563 modo
1680 4518 1828 4564 recte
1873 4509 2067 4564 dicitur

486 4602 669 4659 violari
694 4601 946 4672 pudicitia
968 4600 1282 4669 corporalis,
1310 4598 1567 4670 quidquid
1588 4600 1640 4655 in
1661 4615 1889 4670 corpore
1908 4598 2067 4656 fuerit

485 4694 656 4753 aliena
699 4692 921 4747 libidine
964 4701 1344 4760 perpetratum.
1392 4689 1545 4746 Unde
1586 4691 1871 4762 colligitur,
1901 4691 2068 4747 multo

486 4784 657 4855 magis
677 4784 839 4843 animi
869 4784 1166 4841 castitatem
1192 4782 1511 4840 savandam
1538 4798 1659 4840 esse
1687 4786 1741 4840 in
1778 4787 1983 4852 animo,
2012 4786 2066 4841 in

485 4894 592 4950 quo
621 4878 781 4934 tutela
810 4884 896 4935 est
916 4876 1181 4948 pudicitia:
1202 4878 1516 4946 corporalis.
1546 4877 1905 4944 Quamobrem
1927 4878 2069 4949 quod

483 4972 540 5028 in
569 4972 721 5027 nobis
742 4981 844 5039 est,
878 4979 1162 5041 utrumque
1190 4971 1395 5025 sanctis
1417 4972 1656 5027 moribus
1683 4981 1741 5027 et
1775 4986 2065 5027 conversa-—

488 5062 633 5118 tione
670 5061 1010 5118 muniendum
1040 5069 1124 5117 est
1148 5070 1310 5132 atque
1353 5060 1690 5130 capiendum,
1744 5078 1811 5117 ne
1854 5062 2069 5118 aliunde

485 5155 734 5212 violetur.
760 5154 894 5211 Cum
935 5165 1113 5211 autem
1139 5165 1424 5226 utrumque
1457 5170 1564 5210 non
1595 5164 1792 5225 potest,
1822 5156 1948 5225 quid
1970 5170 2068 5226 pro

484 5263 596 5319 quo
630 5246 704 5303 sit
734 5246 1183 5323 contemnendum
1211 5246 1331 5317 quis
1373 5262 1481 5302 non
1508 5246 1723 5304 videat?
1750 5263 1871 5303 cum
1896 5248 2071 5307 videat

482 5338 612 5409 quid
638 5338 725 5395 cui
751 5339 821 5395 sit
843 5337 1278 5409 praeponendum,
1299 5339 1511 5395 animus
1523 5340 1758 5410 corpori,
1784 5355 1849 5394 an
1874 5352 2070 5411 corpus

482 5430 702 5494 animo;
734 5429 899 5485 animi
916 5428 1133 5487 castitas
1157 5428 1425 5498 pudicitia:
1451 5432 1711 5500 corporis,
1723 5448 1789 5486 an
1818 5432 2071 5503 pudicita

1337 350 1426 417 DE
1464 360 1831 429 MENDACIO,
1870 356 1929 419 ὃ.
1972 358 2336 420 AUGUSTINI
2373 360 2578 417 LIBER
2614 360 2812 419 UNUS.

3640 361 3753 430 ιω

2158 475 2282 529 dum
2322 490 2580 546 nunquam
2602 474 2710 530 ullo
2734 474 2984 531 nuntiarit
3006 486 3189 548 genere
3209 488 3275 534 ea:
3296 485 3411 534 otto
3460 482 3719 542 recensitis
3735 509 3751 525 -

2156 566 2459 639 Defensores
2476 569 2724 624 mendacii
2743 585 2896 641 quam
2912 570 3056 627 caci.
3078 570 3271 628 Elucet
3293 570 3474 645 itaque
3488 573 3747 637 dimissis

2155 663 2425 732 omnibus,
2474 662 2608 720 nihil
2652 662 2795 721 aliud
2844 664 2935 721 illa
2984 664 3297 723 testimonia
3337 665 3744 740 Scriptor-arum

2156 769 2394 821 monere,
2442 756 2545 811 nisi
2591 770 2860 828 nunquam
2903 766 3027 814 esse
3061 754 3285 814 omnino
3330 759 3745 820 mentiendum:

2156 848 2584 920 quandoquidem
2606 865 2711 907 nec
2732 850 2843 907 ulla
2864 849 3110 921 exempla
3140 850 3547 909 mendaciorum
3573 854 3754 910 imita-

2157 941 2301 997 tione
2327 941 2485 1014 digna
2506 942 2561 998 in
2588 944 2828 1000 moribus
2851 942 3109 1015 factisque
3137 954 3447 1002 sanctorum
3474 944 3753 1003 invenian-

2158 1042 2281 1102 tur;
2308 1033 2450 1105 quod
2483 1033 2548 1091 ad
2572 1050 2665 1092 eas
2706 1036 2894 1091 attinet
2927 1036 3252 1106 Seripturas,
3296 1046 3417 1109 quae
3458 1036 3525 1095 ad
3549 1039 3753 1094 nullam

2158 1124 2436 1198 ﬁguratam
2463 1125 2901 1195 significationem
2939 1125 3272 1194 referuntur,
3321 1128 3476 1184 sicuti
3512 1140 3634 1185 sunt
3660 1143 3751 1185 res

2156 1227 2320 1288 gestae
2363 1216 2416 1271 in
2462 1216 2683 1272 Actibus
2729 1218 3131 1287 Apostolorum.
3160 1217 3295 1274 Nam
3332 1219 3542 1276 Domini
3570 1221 3751 1276 omnia

2159 1308 2212 1362 in
2243 1307 2550 1379 Evangelio,
2574 1322 2693 1380 quae
2720 1309 3139 1379 imperitioribus
3170 1306 3448 1367 mendacia
3479 1312 3749 1377 videntur,

2155 1398 2394 1468 ﬁgurata:
2421 1398 2838 1468 signiﬁcationes
2864 1409 3015 1454 sunt.
3070 1400 3139 1455 Et
3162 1398 3303 1471 quod
3333 1401 3409 1456 ait
3437 1403 3745 1473 Apostolus,

2161 1486 2404 1544 Omnibus
2422 1490 2592 1545 omnia
2607 1493 2770 1562 factus
2780 1503 2914 1557 sum,
2927 1501 2983 1545 ut
3003 1506 3175 1546 omnes
3198 1493 3545 1562 iucrifacorem
3560 1491 3607 1569 (l
3622 1490 3747 1551 Cor.

2154 1579 2350 1651 11,22)
2371 1599 2385 1635 :
2407 1596 2513 1635 non
2535 1596 2657 1636 eum
2676 1582 3002 1647 mentiendo,
3027 1582 3120 1638 sed
3148 1584 3523 1653 compatieudo
3556 1582 3747 1641 iecisse

2160 1680 2306 1729 recte
2320 1672 2635 1743 intelligitur
2658 1690 2671 1737 ;
2692 1682 2754 1728 ut
2776 1680 2919 1728 tanta
2940 1673 3200 1729 charitate
3220 1688 3342 1730 cum
3363 1675 3442 1730 eis
3462 1674 3749 1733 liberandi!

2159 1776 2361 1836 ageret,
2393 1780 2456 1820 ac
2480 1765 2527 1820 si
2554 1766 2669 1836 ipse
2694 1765 2746 1820 in
2773 1779 2839 1820 eo
2864 1765 3008 1819 malo
3031 1774 3195 1833 esset,
3223 1778 3255 1821 a
3287 1778 3394 1837 quo
3416 1765 3534 1821 illos
3558 1780 3753 1824 sanare

2160 1855 2425 1927 Cupiebat.
2474 1855 2590 1911 Non
2644 1866 2726 1910 est
2777 1856 2939 1926 igitur
2979 1856 3365 1911 mentiendum.
3402 1857 3455 1912 in
3503 1857 3750 1915 doetrina

2163 1947 2373 2017 pietatis
2406 1963 2420 2000 :
2450 1961 2698 2018 magnum
2727 1947 2870 2002 enim
2902 1946 3076 2002 scelus
3101 1952 3200 2013 est,
3234 1956 3290 2003 et
3320 1948 3547 2018 primum
3574 1958 3752 2019 genus

2158 2036 2487 2092 detestabilis
2516 2035 2798 2091 mendacii.
2849 2035 2964 2091 Non
2989 2047 3073 2093 est
3111 2037 3480 2096 mentiendum
3510 2037 3751 2096 secundo

2159 2142 2397 2200 genere;
2445 2130 2568 2199 quia
2614 2129 2745 2184 nulli
2790 2127 3030 2189 facienda
3077 2140 3163 2186 est
3216 2131 3431 2201 injuria.
3495 2130 3612 2188 Non
3663 2138 3750 2191 est

2156 2222 2523 2277 mentiendum
2569 2221 2727 2276 tertio
2774 2235 3007 2292 genere;
3033 2222 3157 2293 quia
3199 2212 3330 2278 nulli
3366 2234 3486 2279 cum
3527 2224 3751 2282 alterius

2160 2314 2353 2384 injuria
2374 2313 2759 2369 consulendum
2780 2319 2880 2367 est.
2912 2312 3033 2368 Non
3054 2321 3141 2368 est
3165 2313 3530 2371 mentiendum
3550 2322 3745 2387 quarto

2158 2418 2380 2476 genere,
2432 2412 2651 2476 propter
2708 2402 2970 2459 mendacii
3023 2404 3320 2471 libidinem,
3370 2419 3491 2477 que
3546 2421 3640 2476 per
3689 2418 3750 2465 se

2160 2498 2330 2569 ipsam
2360 2496 2547 2553 vitiosa
2575 2504 2677 2552 est.
2729 2494 2847 2553 Non
2888 2503 2973 2553 est
3013 2496 3379 2553 mentiendum
3427 2497 3614 2568 quinto
3650 2513 3749 2570 go.

2160 2602 2327 2655 nere;
2355 2589 2478 2659 quia
2522 2600 2624 2645 nec
2651 2589 2765 2659 ipsa
2788 2587 2986 2644 veritas
3011 2587 3120 2644 line
3154 2588 3403 2660 placendi
3445 2589 3748 2646 hominibus

2161 2679 2484 2736 enuntianda
2504 2687 2594 2735 est
2624 2697 2638 2734 :
2671 2686 2869 2750 quanto
2892 2681 3072 2736 minus
3095 2679 3450 2748 mendacium,
3476 2680 3621 2750 quod
3647 2692 3745 2751 per

2158 2784 2222 2827 se
2268 2772 2462 2841 ipsum,
2508 2770 2632 2842 quia
2678 2770 3013 2826 mendacium
3056 2780 3161 2839 est,
3216 2771 3401 2843 utique
3430 2780 3587 2843 turpe
3629 2770 3752 2828 est!

2163 2862 2277 2918 Non
2303 2873 2385 2918 est
2410 2862 2773 2919 mentiendum
2793 2869 2948 2920 sexto
2973 2874 3210 2936 genere;
3239 2875 3415 2932 neque
3432 2864 3575 2919 enim
3601 2871 3750 2920 recte

2161 2953 2326 3010 etiam
2375 2952 2663 3008 testimonii
2709 2954 2911 3009 veritas
2950 2968 3055 3024 pro
3095 2953 3412 3025 cujusquam
3467 2954 3748 3026 temporali

2160 3042 2448 3100 cornmodo
2483 3058 2549 3099 ac
2585 3028 2765 3101 salute
2804 3044 3183 3115 corrumpitur.
3237 3043 3321 3099 Ad
3367 3045 3748 3117 sempiternam

2162 3149 2292 3191 vero
2335 3130 2563 3191 salutem
2608 3135 2789 3195 nullus
2829 3134 3103 3191 ducendus
3148 3144 3232 3190 est
3257 3136 3554 3207 opitulante
3598 3150 3752 3195 meno

2163 3225 2338 3282 daein.
2378 3224 2497 3281 Non
2535 3226 2679 3281 enim
2724 3226 2885 3280 malis
2927 3227 3353 3283 convertentium
3396 3228 3636 3285 moribus
3676 3228 3752 3288 ad

2164 3319 2337 3376 bonos
2375 3333 2557 3379 moues
2586 3318 2983 3376 convertendus
3021 3328 3140 3375 est:
3175 3321 3298 3392 quia
3348 3321 3395 3376 si
3440 3334 3567 3394 erga
3597 3322 3750 3380 illum

2165 3408 2469 3466 faciendum
2516 3419 2618 3475 est,
2664 3409 2829 3466 debet
2872 3409 3034 3465 etiam
3076 3411 3195 3481 ipse
3236 3424 3533 3469 conversus
3573 3411 3753 3473 facere

2164 3514 2292 3572 erga
2329 3499 2505 3565 alios;
2554 3508 2713 3571 atque
2751 3501 2825 3555 ita
2862 3513 2969 3556 non
2998 3500 3072 3557 ad
3106 3501 3301 3570 bonos,
3338 3501 3439 3560 sed
3473 3502 3544 3559 ad
3581 3502 3751 3561 ωιω

2165 3604 2347 3649 mores
2379 3592 2725 3658 convertitur,
2755 3605 2876 3648 cum
2916 3591 3023 3651 hoc
3049 3592 3105 3650 ei
3142 3594 3411 3664 miretur
3436 3594 3750 3656 imitandum

2165 3694 2447 3751 ceuveno,
2470 3682 2616 3754 quod
2639 3684 2688 3739 ei
2713 3685 3011 3753 praestitum
3037 3694 3122 3741 est
3148 3685 3539 3743 convertenda.
3569 3686 3752 3760 Neque

2166 3774 2393 3844 septimo
2429 3788 2626 3845 genere
2666 3774 3031 3833 mentiendum
3075 3784 3199 3842 est;
3241 3791 3347 3834 non
3388 3780 3535 3835 enim
3567 3780 3751 3852 θείην

2167 3880 2325 3936 quam
2368 3863 2723 3923 commoditas
2739 3874 2835 3922 aut
2871 3864 3015 3923 salus
3051 3868 3363 3938 temporalis
3409 3870 3754 3940 perﬁcienda

2171 3958 2295 4015 fidei
2324 3958 2650 4029 pratierenda
2679 3968 2781 4016 est.
2818 3960 2931 4023 Nec
2956 3959 3001 4016 si
3030 3962 3309 4033 quisquam
3341 3963 3399 4018 in
3427 3975 3570 4020 recte
3594 3962 3752 4021 lactis

2170 4053 2367 4108 nostris
2389 4061 2494 4107 tam
2532 4051 2672 4107 male
2711 4060 2989 4122 movetur,
3031 4060 3089 4108 ut
3113 4051 3210 4110 iiat
3240 4054 3401 4110 etiam
3444 4054 3627 4111 animo
3649 4054 3749 4112 duo

2169 4143 2334 4198 terior
2370 4142 2633 4215 longeque
2656 4157 2687 4198 a
2716 4142 2914 4215 pietate
2944 4145 3221 4214 remotior,
3260 4156 3551 4218 propterea
3597 4156 3750 4204 recte

2169 4233 2307 4290 facta
2334 4235 2626 4293 deserenda
2650 4246 2776 4293 sunt
2800 4254 2819 4293 :
2844 4252 2968 4295 eum
2985 4237 3041 4294 id
3067 4237 3222 4294 nobis
3248 4239 3523 4311 μακάριαι
3557 4250 3748 4295 tenens

2169 4325 2297 4382 dum
2334 4327 2425 4395 sit,
2463 4342 2569 4398 quo
2593 4342 2786 4384 vocare
2828 4336 2991 4401 atque
3036 4329 3264 4386 invitare
3295 4328 3573 4399 debemus,
3610 4344 3753 4402 quas

2171 4418 2308 4474 sicut
2350 4420 2708 4490 nosmetipsos
2748 4420 3054 4492 diligimus;
3113 4420 3511 4493 fortissimeque
3568 4422 3752 4479 animo

2170 4507 2396 4564 bibenda
2443 4516 2529 4566 est
2562 4510 2852 4580 apostolica
2893 4510 2984 4567 illa
3017 4511 3319 4566 sonantia:
3369 4509 3505 4567 Aliis
3545 4510 3752 4586 lpida.

2170 4616 2342 4655 unum
2355 4601 2482 4656 odor
2500 4603 2617 4658 vita
2634 4602 2690 4657 in
2709 4604 2883 4669 citant,
2906 4602 3028 4658 pallio
3059 4601 3189 4658 odor
3214 4603 3392 4659 mortis
3416 4606 3473 4660 tu
3497 4614 3713 4662 mortem
3726 4620 3754 4672 δ

2170 4691 2315 4747 atad
2341 4691 2449 4747 huic
2471 4694 2585 4766 quis
2616 4693 2826 4749 idoneus
2863 4692 2942 4766 (Il
2984 4691 3104 4748 Cor.
3142 4708 3204 4763 tt,
3234 4692 3374 4766 id)?
3415 4693 3529 4753 Nec
3564 4704 3755 4765 octavo

2170 4797 2366 4852 genere
2408 4782 2775 4843 mentiendum
2819 4792 2940 4852 est;
2983 4785 3107 4856 quia
3144 4795 3203 4842 et
3246 4787 3299 4842 in
3340 4785 3499 4843 δοιὼ
3537 4788 3756 4846 castitas

2171 4872 2357 4938 animi,
2406 4873 2654 4943 pudicitia
2680 4875 2965 4946 corporis;
2997 4883 3055 4931 et
3087 4875 3144 4931 in
3178 4875 3338 4932 malis
3374 4877 3433 4933 id
3460 4877 3604 4950 quod
3648 4876 3756 4949 ιρι

2174 4963 2418 5032 facimus,
2467 4978 2536 5023 eo
2576 4967 2721 5039 quod
2766 4966 2888 5024 ﬁeri
2928 4967 3156 5026 sinimus
3203 4968 3375 5041 majus
3413 4976 3514 5026 est.
3568 4968 3625 5025 in
3666 4967 3757 5030 his

2174 5065 2353 5112 autem
2393 5064 2516 5113 octo
2556 5058 2845 5129 generibus
2892 5068 3041 5115 tanto
3081 5060 3306 5132 quisque
3349 5059 3528 5117 mittas
3568 5068 3759 5134 peccat

2172 5159 2296 5201 cum
2342 5148 2616 5216 mentitur,
2660 5156 2863 5219 quanto
2908 5150 3137 5222 emergit
3163 5149 3231 5207 ad
3274 5157 3562 5219 oetam;
3604 5160 3757 5210 tath

2174 5240 2437 5311 amplius,
2481 5251 2682 5313 quanto
2728 5241 2968 5315 devergit
3029 5242 3098 5299 ad
3139 5244 3372 5314 primum
3414 5244 3457 5299 ⁸.
3505 5242 3759 5318 Quisquis

2175 5341 2352 5395 autem
2378 5348 2500 5392 esse
2541 5334 2760 5405 aliquod
2786 5346 2957 5406 genus
2996 5334 3270 5407 mendacii
3301 5335 3449 5409 quod
3478 5345 3760 5409 peccati-

2177 5439 2287 5480 non
2310 5426 2383 5481 sit
2425 5426 2713 5496 putaverit,
2752 5425 2987 5497 decutiet
3028 5426 3294 5499 cuipam
3342 5427 3593 5499 κρίκε,
3634 5436 3761 5487 e-

484 5521 733 5593 corporis
748 5521 981 5577 castitati
994 5520 1194 5586 animi;
1216 5530 1272 5579 et
1288 5521 1414 5592 quid
1443 5526 1614 5594 magis
1638 5524 1691 5578 in
1721 5525 1955 5593 peccatis
1980 5539 2076 5582 cae
2174 5522 2460 5583 honestum
2487 5520 2911 5594 sedeeeptorem
2934 5519 3495 5581 altitudinum.

485 5612 1038 5684 vcndummermissio
1054 5611 1371 5680 iactialieni,
1394 5628 1465 5669 an
1491 5614 1800 5672 commissis
1825 5614 1949 5672 iacti
1970 5617 2069 5678 tui.

492 5756 501 5759 _
556 5699 780 5759 CAPUT
799 5701 942 5760 XXI.
963 5702 1126 5759 αθ.
1149 5701 1399 5777 Epilogus
1418 5706 1801 5773 prodiderunt.
1830 5706 2073 5765 leniat-

551 5812 571 5847 ι
604 5813 679 5865 Sic
698 5816 750 5865 ln
769 5825 873 5868 Mss.
897 5824 952 5868 Αι
972 5817 1023 5873 in
1229 5823 1361 5869 metu
1376 5821 1608 5881 ruperit.

1832 5932 1835 5933 ,
1848 5928 1980 5949 κη’,ρῆ

2243 5702 2261 5773 t
2294 5707 2400 5773 uss.
2422 5701 2743 5773 eorbeiensjs,
2770 5701 2949 5773 Resina
2965 5707 3018 5773 ξι
3383 5703 3560 5773 εἰκαῖα

2177 5761 2528 5887 timidius:
