4122 6212
493 404 601 472 si!)

497 529 777 587 hrereticos
810 521 1044 581 frandes.
1080 517 1186 576 Sed
1223 530 1326 571 non
1355 514 1483 570 mihi
1513 510 1864 584 persuadetur
1889 521 1982 562 eos
2012 506 2081 560 de

499 621 716 679 latebris
737 619 847 674 suis
882 613 1076 669 nostris
1104 625 1222 666 esse
1252 605 1543 662 mendaciis
1573 601 1856 659 eruendus.
1889 598 2085 668 thuid

498 715 639 770 enim
670 726 762 766 eos
791 716 931 763 tanta
963 719 1088 759 cura
1129 701 1388 769 vestigare
1437 708 1596 767 atque
1628 694 1877 763 indagare
1919 703 2083 746 cona-

496 820 638 870 mur,
687 801 786 857 nisi
831 807 887 853 ut
905 805 1087 867 Captos
1125 795 1174 848 in
1224 798 1572 861 apertumque
1624 785 1945 855 productos,
1997 791 2090 834 aut

495 897 654 952 etiam
700 893 842 962 ipsos
885 890 1163 944 veritatem
1202 884 1510 944 doceamus,
1552 888 1642 933 aut
1681 886 1825 932 certe
1867 874 2090 929 veritate

497 985 772 1045 convictos
804 983 996 1035 ndcere
1037 977 1151 1030 aliis
1181 990 1288 1029 non
1318 969 1593 1026 sinamus?
1633 968 1697 1022 ad
1726 969 1825 1020 hoc
1853 979 2002 1034 ergo,
2034 973 2091 1016 ut

497 1093 680 1134 eorum
709 1073 1042 1129 mendacium
1070 1069 1328 1129 deleatur,
1359 1065 1469 1119 sive
1495 1068 1768 1125 caveatur,
1796 1057 1885 1111 Dei
1913 1063 2088 1108 autem

496 1170 694 1225 veritas
719 1171 994 1235 augeatur.
1023 1157 1300 1228 Quomodo
1324 1155 1485 1226 igitur
1513 1149 1791 1207 mendacio
1816 1144 2090 1202 mendacia

498 1271 643 1317 recte
673 1266 856 1328 potero
880 1251 1151 1324 persequi?
1169 1252 1246 1304 An
1269 1256 1323 1302 et
1349 1244 1623 1300 latrocinio
1641 1239 1913 1295 latrocinia
1933 1245 1987 1292 et
2003 1251 2092 1290 sa-

497 1353 714 1423 crilegio
728 1347 1078 1418 sacrilegia,et
1089 1341 1348 1398 adulterio
1361 1347 1483 1394 sunt
1499 1335 1754 1391 adulteria
1770 1345 2094 1423 persequen-

495 1445 602 1500 da?
641 1422 703 1498 Si
737 1451 900 1494 autem
932 1437 1115 1492 veritas
1159 1434 1254 1488 Dei
1284 1433 1334 1485 in
1363 1446 1470 1485 meo
1500 1427 1758 1482 mendacio
1789 1422 2091 1487 abundabit,

496 1534 878 1605 numquidnam
902 1540 956 1585 et
982 1543 1076 1583 nos
1103 1524 1292 1581 dicturi
1319 1537 1524 1585 sumus,
1557 1519 1828 1573 Faciamus
1855 1515 2010 1580 mala,
2039 1523 2097 1567 ut

497 1628 696 1681 veniunt
723 1626 851 1679 bona
881 1621 1052 1692 (Rom.
1075 1634 1150 1684 ιιι,
1181 1618 1271 1670 7et
1283 1613 1336 1687 8)
1350 1617 1371 1668 ‘?
1395 1612 1544 1680 Quod
1573 1609 1717 1664 vides
1746 1605 2093 1679 quemadmo-

497 1719 623 1775 dum
646 1718 937 1772 delestetur
961 1709 1264 1782 Apostolus.
1283 1705 1419 1774 Quid
1446 1711 1528 1757 est
1556 1703 1698 1758 enim
1721 1698 1885 1764 aliud,
1910 1696 2098 1752 Menti-

498 1825 670 1874 amur,
686 1805 1036 1863 uthaereticos
1058 1800 1342 1857 mendaces
1362 1797 1427 1852 ad
1441 1796 1716 1852 veritatem
1739 1791 2093 1853 adducamus;

499 1902 624 1967 nisi,
649 1898 923 1953 Faciamus
944 1895 1098 1959 mala,
1124 1902 1176 1944 ut
1193 1891 1390 1945 ueniant
1406 1887 1572 1941 bona?
1594 1887 1672 1939 An
1696 1880 1979 1952 aliquando
1998 1881 2096 1935 bo-

501 2009 627 2049 num
651 2000 732 2047 est
747 1987 1100 2053 mendacium,
1127 1983 1213 2038 vel
1240 1979 1523 2051 aliquando
1541 1975 1874 2032 mendacium
1891 1987 1994 2026 non
2014 1980 2097 2026 est

502 2081 738 2140 malum?
769 2080 877 2138 Cur
911 2091 1038 2148 ergo
1080 2075 1334 2143 scriptum
1365 2079 1466 2136 est,
1513 2067 1699 2133 Odisti,
1729 2065 1950 2120 Domine
1991 2079 2100 2116 om-

502 2189 590 2227 nes
607 2171 693 2243 qui
716 2176 991 2240 operantur
1013 2164 1360 2235 iniquitatem;
1383 2159 1558 2231 perdes
1582 2173 1753 2212 omnes
1773 2157 1859 2227 qui
1879 2155 2098 2224 loquun-

502 2272 586 2318 tur
607 2260 922 2316 mendacium
938 2254 1110 2327 (Psal.
1131 2271 1180 2320 v,
1205 2252 1437 2325 7)?Non
1464 2251 1606 2306 enim
1633 2248 1838 2319 aliquos
1865 2245 2094 2316 excepit,

500 2365 592 2410 aut
627 2351 898 2409 indefinite
931 2347 1083 2413 dixit,
1122 2344 1315 2399 Perdes
1355 2343 1607 2412 loquentes
1650 2338 1998 2401 mendacium;
2044 2344 2102 2390 ut

501 2444 784 2518 quosdam,
805 2455 910 2497 non
931 2452 1119 2495 omnes
1134 2434 1352 2506 intelligi
1373 2433 1601 2488 sineret:
1626 2429 1720 2484 sed
1746 2427 2099 2484 universalem

501 2537 821 2595 sententiam
843 2531 1082 2604 protulit,
1103 2528 1308 2594 dicens,
1328 2524 1522 2579 Perdes
1536 2539 1707 2578 omnes
1726 2521 1811 2591 qui
1832 2520 2102 2590 loquuntur

503 2627 845 2684 mendacium.
889 2623 970 2677 An
1005 2620 1129 2691 quia
1168 2632 1274 2672 non
1309 2617 1507 2671 dictum
1538 2621 1640 2679 est,
1682 2610 1880 2667 Pcrdes
1914 2623 2102 2664 omnes

504 2719 598 2791 qui
624 2717 912 2787 loquuntur
945 2725 1106 2767 omne
1141 2707 1507 2772 mendacium,
1539 2705 1642 2770 vel,
1682 2703 1773 2772 qui
1815 2701 2103 2771 loquuntur

506 2806 881 2880 quodcumque
917 2800 1286 2864 mendacium;
1316 2795 1437 2850 ideo
1478 2792 1769 2864 putandum
1805 2799 1889 2846 est
1927 2791 2102 2846 locum

506 2898 661 2954 alicui
689 2897 980 2952 relaxatum
1007 2907 1126 2947 esse
1153 2887 1459 2944 mendacio:
1480 2894 1537 2939 ut
1566 2884 1768 2939 scilicet
1792 2883 1860 2937 sit
1889 2880 2103 2953 aliquod

507 2989 864 3056 mendacium,
889 2985 1028 3058 quod
1049 2984 1139 3055 qui
1156 2982 1462 3050 loquuntur,
1483 2993 1588 3032 non
1609 2993 1704 3033 eos
1719 2978 1856 3032 Deus
1880 2976 2100 3048 perdat;

505 3083 603 3142 sed
629 3097 722 3140 eos
751 3095 937 3136 omnes
968 3076 1154 3148 perdat
1179 3075 1265 3146 qui
1291 3074 1580 3143 loquuntur
1601 3071 1854 3140 iniustum
1880 3069 2103 3127 menda-

505 3179 679 3246 cium,
720 3191 825 3232 non
859 3174 1231 3246 quodcumque
1269 3165 1632 3236 mendacium,
1673 3165 1795 3235 quia
1839 3166 2105 3221 invenitur

505 3279 560 3328 et
576 3266 953 3341 justum,quod
972 3265 1150 3334 utique
1172 3261 1343 3316 laudis
1358 3259 1518 3315 debet
1542 3272 1681 3322 esse,
1705 3273 1810 3312 non
1831 3259 2106 3313 criminis?

579 3359 806 3417 CAPUT
831 3358 895 3412 11.
916 3387 987 3398 -—
1007 3357 1061 3410 ‘2.
1087 3351 1594 3408 Priscillianistarum
1615 3364 1756 3403 error
1775 3350 1838 3402 de
1855 3351 2104 3403 mendacii

508 3470 606 3509 usu
631 3452 698 3505 ad
723 3448 978 3504 latendum
1021 3444 1218 3498 alienis.
1250 3441 1510 3498 Sententia
1539 3440 1633 3492 hac
1677 3437 2102 3494 Priscillianista-

507 3561 623 3600 rum
647 3540 840 3612 auferri
867 3537 1070 3593 omnino
1097 3534 1361 3604 martyrio.
1403 3531 1594 3586 Nonne
1637 3531 1813 3586 cernis
1846 3541 2100 3601 quantum

507 3633 724 3704 adjuvet
753 3631 866 3688 lucc
887 3627 1172 3700 disputatio
1198 3641 1292 3680 eos
1320 3624 1484 3694 ipsos,
1507 3637 1643 3694 quos
1674 3637 1768 3693 pro
1799 3637 1985 3692 magna
2009 3639 2099 3679 ve-

509 3727 726 3786 natione
753 3721 1044 3780 mendaciis
1070 3718 1267 3775 nostris
1288 3733 1480 3788 capere
1511 3715 1798 3770 molimur?
1816 3716 2101 3771 Priscillia-

508 3821 769 3878 nistarum
798 3825 879 3873 est
896 3815 1061 3880 enim,
1093 3813 1230 3868 sicut
1251 3811 1365 3881 ipse
1392 3810 1725 3876 monstrasti,
1758 3809 1858 3863 ista
1885 3819 2102 3864 senten-

509 3915 580 3970 tia
600 3911 714 3969 :cui
738 3905 1145 3981 comprobanda:
1172 3903 1425 3959 adhibent
1455 3901 1753 3956 testimonia
1775 3900 1840 3956 de
1859 3898 2100 3970 Scriptu-

507 4008 602 4071 ris,
626 4003 964 4061 exhortantes
995 4013 1120 4053 suos
1145 3997 1211 4051 ad
1247 3993 1607 4051 mentiendum
1643 4001 1891 4063 tanquam
1925 4008 2106 4048 exem-

509 4098 611 4171 plis
638 4093 1085 4154 Patriareharum,
1123 4087 1532 4156 Prophetarum,
1567 4084 1964 4152 Apostolorum,
1991 4084 2102 4137 An-

507 4191 769 4263 gelorum;
798 4201 904 4241 non
927 4183 1227 4238 dubitantes
1248 4179 1444 4233 addere
1461 4178 1619 4231 etiam
1635 4178 1805 4246 ipsum
1821 4178 2102 4232 Dominum

508 4279 802 4340 Christum,
849 4289 946 4329 nec
993 4287 1050 4326 se
1093 4271 1245 4324 aliter
1290 4269 1608 4323 arbitrantes
1658 4283 1901 4323 veraeem
1950 4285 2099 4325 suam

509 4370 792 4429 ostendere
815 4367 1120 4430 falsitatem,
1150 4363 1249 4417 nisi
1283 4361 1570 4416 Veritatem
1603 4361 1780 4416 dicant
1807 4377 1928 4417 esse
1954 4379 2103 4419 men-

509 4466 717 4522 dacem.
748 4457 1129 4531 Redarguenda
1159 4466 1280 4512 sunt
1310 4456 1431 4523 ista,
1461 4470 1565 4511 non
1595 4455 1846 4511 imitanda
1879 4474 1892 4511 :
1926 4473 2025 4514 nec
2049 4461 2100 4514 in

508 4573 574 4616 eo
604 4556 745 4613 malo
779 4554 1034 4611 debemus
1078 4548 1593 4604 Priscillianistarinn
1637 4562 1756 4603 esse
1792 4549 2098 4619 participes,

509 4651 562 4706 in
607 4663 711 4720 quo
756 4642 966 4702 cmteris
995 4638 1259 4696 haereticis
1285 4639 1672 4693 convincuntur
1722 4653 1841 4693 esse
1868 4639 2096 4708 pejores.

509 4744 612 4814 Ipsi
635 4743 774 4798 enim
815 4738 934 4806 soli,
964 4736 1046 4792 vel
1072 4744 1219 4791 certe
1245 4734 1475 4788 maxime
1513 4733 1611 4802 ipsi
1644 4734 1998 4802 reperiuntur,
2033 4733 2100 4788 ad

509 4832 878 4892 occultandam
904 4845 1054 4885 suam
1083 4843 1241 4900 quam
1283 4835 1467 4896 putant
1497 4826 1795 4891 veritatem,
1840 4825 2099 4895 dogmati-

508 4942 632 4983 zare
657 4924 987 4981 mendacium
1010 4940 1023 4977 :
1043 4930 1200 4990 atque
1230 4917 1331 4972 hoc
1355 4925 1461 4971 tam
1480 4932 1726 4986 magnum
1757 4917 1951 4970 malum
1979 4913 2100 4972 ideo

503 5018 706 5090 justum
734 5016 1057 5078 existimare,
1087 5011 1210 5083 quia
1255 5009 1438 5063 dicunt
1480 5007 1530 5061 in
1557 5008 1719 5062 corde
1763 5007 2097 5063 retinendum

509 5125 629 5165 esse
658 5106 799 5178 quod
825 5120 1008 5160 verum
1048 5114 1162 5168 est;
1195 5115 1288 5156 ore
1317 5107 1494 5153 autem
1521 5097 1586 5152 ad
1617 5098 1819 5153 alienos
1861 5097 2099 5168 proferre

508 5198 721 5262 falsum,
746 5197 951 5252 nullum
977 5208 1098 5249 esse
1121 5201 1426 5264 peccatum;
1451 5189 1628 5245 ethoc
1658 5203 1777 5244 esse
1801 5191 2056 5260 scriptum
2078 5233 2093 5258 ,

512 5290 614 5357 Qui
640 5288 858 5358 loquitur
885 5286 1142 5340 ueritatem
1161 5284 1214 5337 in
1234 5283 1383 5338 corde
1401 5297 1491 5338 suo
1522 5280 1694 5351 (Psal.
1728 5298 1835 5348 xlv,
1869 5282 1924 5353 5)
1945 5300 1957 5336 :
1979 5291 2099 5338 tan-

507 5398 667 5456 quam
686 5381 788 5436 hoc
811 5379 940 5436 satis
965 5375 1116 5433 sitad
1141 5375 1417 5446 justitiam,
1443 5375 1650 5430 etiamsi
1672 5375 1920 5444 loquatur
1945 5377 2096 5447 quis-

509 5490 614 5547 que
652 5475 704 5530 in
745 5487 842 5529 ore
891 5467 1258 5533 mendacium,
1292 5465 1503 5537 quando
1533 5481 1636 5521 non
1667 5468 1971 5537 proximus,
2006 5469 2097 5523 sed

510 5567 716 5623 alienus
743 5565 844 5619 hoc
877 5561 1039 5617 audit.
1076 5560 1365 5631 Propterea
1395 5567 1580 5629 putant
1607 5560 1765 5615 etiam
1797 5561 2096 5632 apostolum

509 5655 755 5722 Paulum,
781 5669 902 5711 cum
931 5654 1172 5717 dixisset,
1208 5651 1523 5722 Deponentes
1559 5651 1896 5720 mendacium,
1939 5655 2102 5722 loqui-

513 5749 640 5803 mini
680 5748 970 5811 oeritatem;
1017 5747 1191 5800 statim
1241 5742 1506 5798 addidisse
1533 5786 1547 5809 ,
1588 5747 1927 5816 unusquisque
1986 5762 2099 5800 cum

513 5837 746 5916 proximo
774 5848 884 5906 suo,
917 5837 1034 5909 quia
1065 5854 1238 5893 sumus
1276 5836 1486 5893 invicem
1530 5837 1748 5891 membra
1779 5838 1992 5910 (Ep/tes,
2027 5859 2096 5908 tv,

1441 391 1713 455 CONTRA
1757 383 2176 456 MENDACIUM,
2216 387 2272 444 S.
2317 381 2679 445 AUGUSTINI

3674 375 3782 444 $20

2194 501 2319 575 εδ).
2353 503 2422 560 Ut
2458 503 2704 558 videlicet
2729 513 2850 555 cum
2872 497 2951 555 eis
2979 497 3070 570 qui
3103 495 3261 553 nobis
3283 495 3338 554 in
3365 497 3622 557 societate
3646 503 3784 557 veri-

2194 595 2315 648 tntis
2357 594 2579 664 proximi
2610 608 2713 647 non
2752 599 2894 656 sunt,
2940 603 3133 660 neque,
3183 597 3241 644 ut
3272 589 3345 645 ita
3383 590 3589 658 dicam,
3629 607 3780 648 com-

2195 685 2463 740 membres
2489 684 2659 739 nostri
2680 691 2824 750 sunt,
2849 681 2994 751 loqui
3022 681 3177 736 liceat
3199 690 3546 754 oporteatque
3567 679 3785 739 menda-

2194 777 2354 829 cium.

2265 870 2300 924 5
2348 868 2476 936 Qua:
2505 868 2764 923 sententia
2788 876 3000 923 sanctos
3036 875 3299 940 martyres
3326 868 3642 932 exhonorat,
3682 870 3783 926 imo

2194 974 2322 1013 vero
2348 961 2520 1013 aufert
2545 968 2727 1012 sancta
2750 959 2970 1012 omnino
2993 959 3269 1030 martyria.
3299 958 3506 1014 lustius
3526 961 3671 1014 enim
3699 974 3786 1014 sa-

2198 1052 2534 1121 pientiusque
2561 1050 2817 1116 facerent,
2852 1051 3146 1105 secundum
3177 1052 3331 1118 istos,
3359 1051 3403 1106 si
3429 1053 3788 1120 persecutori-

2197 1143 2295 1198 bus
2336 1143 2446 1197 suis
2487 1155 2590 1197 non
2618 1156 2678 1196 se
2719 1142 3106 1197 confiterentur
3146 1157 3266 1197 esse
3304 1141 3644 1207 chrisnanos,
3693 1158 3791 1198 nec

2197 1255 2291 1296 eos
2324 1254 2418 1294 sua
2461 1238 2799 1293 confessione
2838 1236 3075 1294 facerent
3119 1236 3413 1292 homicidas
3445 1256 3457 1291 :
3489 1237 3581 1293 sed
3613 1238 3791 1308 potius

2198 1330 2506 1386 mentiendo
2535 1338 2591 1385 et
2615 1329 2858 1401 negando
2878 1328 3021 1400 quod
3045 1339 3218 1397 erant,
3251 1339 3303 1385 et
3332 1331 3430 1401 ipsi
3457 1332 3659 1386 salvum
3693 1329 3789 1385 ha-

2199 1422 2388 1478 berent
2417 1421 2591 1475 carnis
2631 1419 2968 1476 commodum
3019 1421 3302 1492 cordisque
3345 1422 3697 1492 propositum,
3736 1431 3790 1478 et

2199 1513 2315 1568 illos
2342 1520 2656 1582 conceptum
2683 1513 2864 1568 animo
2904 1514 3078 1568 scelus
3118 1515 3342 1586 implere
3381 1529 3487 1570 non
3530 1515 3790 1570 sinerent.

2199 1603 2314 1658 Non
2342 1605 2482 1659 enim
2513 1602 2739 1672 proximi
2767 1618 2955 1659 eorum
2982 1606 3208 1660 erantin
3241 1605 3344 1662 fide
3369 1606 3658 1662 christiana
3683 1649 3698 1675 ,
3733 1615 3789 1662 ut

2199 1712 2319 1754 cum
2349 1698 2428 1751 eis
2455 1695 2716 1750 deberent
2747 1695 2890 1766 loqui
2935 1697 3210 1754 veritatem
3250 1698 3304 1753 in
3330 1713 3426 1754 ore
3464 1714 3582 1763 suo,
3627 1713 3786 1770 quam

2202 1787 2555 1860 loquebantur
2579 1787 2631 1840 in
2657 1786 2820 1842 corde
2844 1802 2976 1851 suo;
3005 1788 3098 1843 sed
3137 1789 3302 1860 ipsius
3337 1789 3578 1844 veritatis
3646 1789 3786 1844 insu-

2201 1897 2298 1952 per
2328 1879 2544 1935 inimici.
2573 1878 2628 1934 Si
2656 1879 2798 1934 enim
2820 1879 2978 1947 Jehu,
3007 1895 3166 1951 quem
3194 1881 3294 1937 sibi
3318 1882 3457 1938 inter
3477 1891 3705 1937 caeteros
3722 1881 3790 1937 ad

2202 1972 2503 2041 exemplum
2534 1970 2825 2026 mentiendi
2852 1971 3140 2042 prudenter
3166 1972 3415 2029 videntur
3441 1974 3654 2041 intueri,
3677 1989 3793 2030 ser-

2203 2081 2327 2121 vum
2355 2065 2528 2119 Baalis
2556 2078 2615 2118 se
2640 2078 2759 2119 esse
2786 2066 3041 2121 mentitus
3059 2075 3161 2133 est,
3189 2077 3249 2122 ut
3282 2082 3468 2124 servos
3500 2069 3618 2139 ejus
3643 2068 3792 2124 occi-

2203 2159 2395 2214 deret:
2423 2164 2622 2228 quanto
2655 2156 2850 2226 iustius
2879 2158 3172 2216 secundum
3220 2160 3442 2216 istorum
3472 2159 3794 2231 perversita-

2206 2261 2332 2318 tem,
2364 2261 2604 2322 tempore
2628 2253 3008 2324 persecutionis
3029 2267 3214 2308 servos
3231 2252 3536 2308 daemonum
3557 2265 3617 2308 se
3638 2267 3791 2308 meno

2205 2344 2430 2398 tirentur
2452 2346 2592 2400 servi
2621 2344 2836 2412 Christi,
2856 2360 2924 2400 ne
2951 2344 3088 2399 servi
3115 2345 3418 2399 daemonum
3439 2358 3622 2400 servos
3644 2344 3790 2400 occi-

2205 2435 2395 2492 derent
2413 2436 2612 2493 Christi
2637 2455 2652 2504 ;
2679 2446 2734 2494 et
2762 2438 3122 2493 sacriﬁcarent
3145 2435 3300 2491 idolis
3329 2451 3399 2492 ne
3425 2435 3792 2492 interﬁceren-

2207 2533 2290 2580 tur
2309 2527 2572 2593 homines,
2603 2528 2650 2582 si
2676 2527 2996 2583 sacrificavit
3036 2526 3124 2583 ille
3169 2526 3316 2582 Baali
3359 2535 3420 2581 ut
3462 2526 3793 2583 interficeret

2205 2618 2488 2675 homines?
2512 2620 2648 2688 Quid
2677 2621 2822 2678 enim
2848 2621 2926 2677 eis
2955 2619 3187 2687 obesset,
3211 2618 3501 2676 secundum
3525 2621 3794 2692 egregiam

2206 2709 2503 2766 doctrinam
2535 2711 3083 2782 mendaciloquorum,
3115 2711 3160 2766 si
3187 2710 3382 2766 diaboli
3409 2712 3610 2768 cultum
3638 2728 3795 2769 men-

2207 2803 2434 2858 tirentur
2462 2804 2514 2859 in
2560 2819 2804 2876 corpore,
2844 2803 3056 2874 quando
3078 2803 3171 2860 Dei
3196 2802 3366 2859 cultus
3403 2804 3715 2860 servabatur
3738 2805 3794 2862 in

2206 2895 2405 2951 corde?
2431 2893 2536 2952 Sed
2564 2912 2668 2952 non
2696 2897 2774 2952 sic
2807 2897 3185 2952 intellexerunt
3205 2895 3514 2965 Apostolum
3531 2904 3794 2969 martyres

2207 2988 2340 3056 veri,
2367 2998 2630 3060 martyres
2657 2989 2848 3043 sancti.
2878 2987 3137 3044 Viderunt
3171 2987 3369 3059 quippe
3407 2995 3795 3060 tenueruntque

2208 3079 2349 3150 quod
2367 3081 2622 3152 scriptum
2642 3089 2742 3147 est,
2767 3079 2929 3136 Corde
2948 3081 3170 3135 creditur
3187 3079 3256 3136 ad
3264 3082 3544 3152 justitiam,
3566 3099 3651 3136 ore
3669 3099 3798 3137 con-

2208 3174 2358 3242 fessio
2385 3175 2444 3244 ﬁt
2472 3173 2540 3226 ad
2562 3175 2776 3229 salutem
2803 3174 2979 3247 (Rom.
3010 3190 3040 3228 x
3062 3214 3078 3234 .
3110 3173 3235 3245 10);
3281 3183 3337 3230 et
3358 3217 3373 3241 ,
3414 3173 3482 3228 In
3511 3191 3597 3230 ore
3621 3192 3796 3230 eorum

2209 3283 2307 3322 non
2336 3276 2408 3320 est
2434 3268 2684 3321 inventum
2710 3267 3025 3321 mendacium
3051 3266 3234 3339 (Apoc.
3261 3282 3372 3334 xlv,
3401 3267 3472 3338 5)
3495 3284 3510 3322 :
3538 3281 3601 3322 ac
3621 3267 3699 3322 sic
3725 3266 3800 3322 ir-

2208 3357 2654 3428 reprehensibiles
2694 3358 2972 3425 abierunt,
3017 3360 3106 3414 ubi
3147 3359 3338 3414 tentari
3378 3374 3408 3413 a
3449 3358 3799 3415 mendacibus

2209 3451 2430 3506 ulterius
2448 3467 2552 3505 non
2575 3450 2872 3516 cavebunt;
2903 3451 3023 3522 quia
3051 3451 3334 3508 mendaces
3361 3451 3588 3521 amplius
3617 3452 3668 3507 in
3687 3452 3798 3508 suis

2207 3543 2515 3600 etelestibus
2539 3543 2765 3598 coetibus
2792 3542 2874 3598 vel
2913 3544 3114 3600 alienos
3142 3543 3226 3599 vel
3270 3544 3548 3614 proximos
3573 3559 3680 3598 non
3704 3545 3799 3600 ha-

2208 3636 2426 3692 bebunt.
2462 3636 2612 3691 lllnm
2645 3650 2772 3691 vero
2796 3635 2933 3692 Jehu
2961 3636 3240 3692 mendacio
3267 3637 3430 3708 impio
3455 3645 3510 3693 et
3534 3637 3798 3694 sacrificio

2208 3729 2468 3798 sacrilego
2497 3726 2819 3782 occidendos
2847 3727 3038 3796 impios
3062 3736 3116 3782 et
3134 3727 3425 3798 sacrilegos
3443 3728 3795 3798 inquirentem

2210 3837 2314 3876 non
2346 3822 2702 3886 imitarentur,
2729 3835 2828 3876 nec
2858 3820 2902 3875 si
2941 3820 3009 3874 de
3050 3819 3140 3875 illo
3175 3819 3347 3890 qualis
3375 3818 3566 3876 fuisset
3609 3821 3796 3878 eadem

2212 3913 2488 3982 Scriptura
2518 3911 2787 3968 tacuisset.
2817 3911 2949 3965 Cum
2979 3925 3106 3965 vero
3133 3911 3388 3981 scriptum
3423 3911 3494 3967 sit
3529 3928 3649 3967 eum
3707 3928 3799 3969 re-

2208 4014 2352 4060 ctum
2379 4019 2474 4058 cor
2493 4019 2600 4058 non
2619 4002 2867 4057 habuisse
2887 4017 3006 4056 cum
3037 4002 3174 4067 Deo;
3201 4003 3328 4073 quid
3349 4003 3631 4074 eiprofuit,
3654 4005 3799 4076 quod

2210 4111 2309 4167 pro
2338 4095 2589 4150 nonnulla
2607 4094 2926 4159 obedientia,
2945 4110 3107 4166 quam
3131 4094 3199 4151 de
3224 4094 3384 4151 domo
3410 4094 3594 4152 Achab
3623 4100 3800 4155 omni-

2209 4201 2279 4241 no
2305 4185 2550 4249 delenda,
2575 4200 2672 4255 pro
2690 4185 2979 4256 cupiditate
3007 4200 3118 4242 suae
3141 4186 3520 4243 dominationis
3536 4189 3795 4258 exhibuit,

2208 4277 2531 4346 aliquantam
2567 4276 2870 4333 mercedem
2912 4278 3268 4333 transitoriam
3307 4280 3457 4351 regni
3489 4283 3801 4350 temporalis

2207 4372 2410 4442 accepit
2437 4371 2536 4441 (lV
2565 4371 2692 4442 Reg.
2716 4370 2815 4442 x)?
2844 4369 2925 4425 Ad
2951 4372 3266 4427 sententiam
3293 4373 3468 4442 potius
3507 4372 3798 4430 veridicam

2208 4471 2498 4533 martyrum
2544 4460 2930 4518 defendendam
2973 4471 3047 4530 te,
3079 4464 3260 4528 frater,
3300 4464 3572 4528 exhortor,
3619 4474 3678 4519 nt
3725 4449 3824 4523 sis~

2206 4551 2461 4607 adversus
2490 4552 2797 4617 mendaces,
2831 4567 2935 4609 non
2963 4551 3224 4608 mendacii
3248 4551 3457 4618 doctor,
3486 4555 3583 4610 sed
3607 4558 3774 4610 verita

2207 4643 2274 4697 tis
2302 4653 2555 4697 assertor.
2589 4643 2718 4698 Nam
2749 4643 3053 4715 diligentius
3076 4683 3091 4710 ,
3123 4643 3347 4698 obsecro
3371 4684 3386 4709 ,
3413 4645 3630 4701 attende
3658 4648 3798 4717 quod

2206 4734 2348 4801 dico,
2379 4743 2438 4788 ut
2468 4729 2706 4790 invenias
2732 4751 2892 4806 quam
2922 4735 2992 4790 sit
3015 4733 3334 4802 cavendum,
3362 4736 3506 4806 quod
3534 4739 3650 4794 zelo
3681 4742 3798 4808 qui-

2205 4826 2327 4884 dem
2356 4829 2605 4884 laudabili
2655 4830 2911 4886 adversus
2949 4829 3161 4900 impios,
3208 4838 3266 4884 ut
3304 4831 3509 4901 possint
3555 4847 3800 4902 compre-

2207 4921 2367 4978 hendi
2395 4932 2448 4978 et
2473 4923 2665 4995 corrigi
2693 4924 2775 4978 vel
2798 4923 2974 4993 vitari,
2998 4923 3093 4980 sed
3115 4931 3294 4980 tamen
3317 4925 3577 4981 incautius
3600 4925 3800 4980 docen-

2205 5013 2331 5070 dum
2361 5025 2589 5085 putatur.

2275 5107 2500 5164 CAPUT
2541 5108 2627 5164 III.
2655 5139 2727 5149 —
2753 5110 2808 5165 4.
2851 5107 3175 5164 Mendacium
3201 5108 3573 5165 Catholicorum
3601 5118 3655 5162 ut
3690 5109 3800 5162 Im:-

2207 5203 2386 5257 reticos
2423 5203 2646 5273 capiant,
2690 5203 3018 5274 perniciosius
3044 5206 3152 5276 fore
3177 5219 3326 5273 quam
3365 5204 3713 5257 Ita'reticorum
3747 5215 3800 5256 ut

2208 5293 2492 5349 (Iatltolicos
2530 5295 2735 5349 lateant.
2776 5293 3028 5366 Exemplo
3056 5311 3136 5350 res
3163 5295 3550 5350 demonstratur.
3582 5293 3803 5349 Priscil-

2208 5385 2436 5442 liauislas
2453 5403 2632 5456 capere
2656 5403 2747 5457 per
2782 5388 3100 5442 mendacium
3134 5386 3280 5451 velle,
3317 5395 3389 5442 est
3415 5403 3528 5441 cum
3553 5387 3676 5457 ipsis
3705 5388 3800 5441 de-

2210 5479 2430 5548 pravari.
2453 5477 2848 5533 Mendaciorum
2869 5494 3064 5551 genera
3086 5478 3250 5536 multa
3272 5486 3414 5546 sunt,
3438 5494 3556 5548 quae
3581 5479 3800 5550 quidem

2210 5569 2386 5623 omnia
2410 5569 2784 5625 universaliter
2803 5570 2984 5626 odisse
3005 5570 3280 5625 debemus.
3310 5568 3522 5624 Nullum
3549 5579 3634 5625 est
3651 5571 3797 5628 enim

2209 5660 2544 5716 mendacium
2571 5660 2714 5730 quod
2759 5676 2866 5716 non
2911 5661 2981 5717 sit
3025 5661 3352 5718 contrarium
3400 5661 3628 5718 veritati.
3661 5660 3802 5720 Nam

2210 5753 2348 5808 sicut
2371 5753 2460 5807 lux
2480 5760 2537 5808 et
2555 5750 2810 5816 tenebrae.
2831 5753 3001 5822 pietas
3027 5763 3082 5809 et
3107 5754 3370 5825 impietas,
3397 5753 3597 5824 iustitia
3624 5762 3677 5810 et
3696 5754 3804 5812 ini-

2209 5846 2382 5916 quitas
2402 5886 2416 5914 ,
2445 5849 2720 5916 peccatum
2741 5851 2796 5902 et
2824 5853 2970 5903 recte
2991 5843 3187 5903 factum
3205 5887 3218 5914 ,
3252 5845 3450 5903 sanitas
3477 5855 3532 5905 ct
3556 5846 3803 5907 imbecil-
