4122 6212
484 324 590 382 525

487 452 591 506 quo
621 447 715 489 eos
753 447 848 502 per
886 426 1219 484 mendacium
1258 439 1447 492 capere
1486 423 1729 491 cupimus
1760 429 1813 474 et
1840 427 2067 485 mutare,

488 530 559 584 ita
609 533 981 597 prosperetnr,
1029 528 1086 576 ut
1132 534 1223 573 eos
1263 519 1532 585 capiamus
1576 523 1735 584 atque
1785 525 2068 578 mutemus,

495 621 651 674 nullis
673 618 831 672 lucris
859 621 1270 682 compcnscnlnr
1299 610 1411 663 haec
1439 610 1648 669 damna,
1683 606 1874 675 quibus
1903 615 1954 658 et
1977 619 2073 658 nos

489 728 608 766 cum
659 709 785 778 ipsis
835 721 928 776 pro
973 706 1181 758 illorum
1214 701 1543 756 correctione
1568 699 1942 767 depravamur.
1974 695 2076 748 Per

489 806 590 858 hoc
629 815 858 870 namque
903 797 1236 852 mendacium
1284 803 1334 846 et
1375 808 1473 846 nos
1515 791 1713 844 erimus
1740 805 1806 843 ex
1836 803 1898 842 ea
1927 795 2074 856 parte

489 894 724 964 perversi
752 935 765 959 ,
811 900 863 946 et
890 891 964 945 illi
997 886 1357 942 semicorrccti
1394 903 1405 937 :
1440 881 1868 953 quandoquidem
1897 877 2033 932 istud
2057 918 2072 943 ,

489 986 628 1056 quod
650 992 842 1056 putant
869 998 988 1037 esse
1013 997 1107 1052 pro
1137 981 1356 1034 veritate
1385 975 1769 1038 mentiendum,
1798 971 1976 1026 nonin
1999 970 2077 1024 eis

491 1081 841 1150 corrigimus;
875 1077 995 1147 quia
1025 1075 1162 1128 idem
1189 1088 1286 1127 nos
1313 1070 1612 1125 didicimus‘
1643 1076 1696 1122 ct
1721 1066 1996 1128 docemus,
2025 1070 2080 1116 et

492 1175 606 1228 fieri
651 1180 898 1241 oportere
940 1169 1304 1238 pt'.".“("'pinttt3,
1357 1171 1416 1216 ut
1465 1163 1530 1216 ad
1570 1176 1662 1215 eos
1713 1154 2079 1212 emendandos

491 1264 770 1334 pervenire
800 1262 1083 1330 possimus.
1113 1264 1258 1325 Quos
1311 1267 1486 1309 tanen
1541 1269 1644 1307 non
1693 1248 2075 1310 emendamus,

491 1355 683 1425 quibus
711 1353 1008 1418 mendum“,
1036 1366 1144 1421 quo
1172 1365 1357 1404 verum
1405 1345 1686 1417 tegendum
1733 1342 2076 1402 existimant,

492 1462 596 1500 non
629 1445 952 1508 auferimus;
1001 1441 1095 1496 sed
1139 1457 1238 1495 nos
1285 1440 1459 1509 potius
1509 1433 1916 1494 immendamur,
1961 1444 2080 1483 cum

492 1539 701 1608 pertale
734 1537 979 1592 mendum
1009 1551 1102 1590 eos
1128 1533 1558 1603 qurerimusznec
1578 1527 1876 1582 invenimus
1899 1539 2083 1592 quem-

494 1631 778 1686 admodum
821 1630 900 1684 eis
965 1628 1240 1682 conversis
1279 1626 1498 1680 credere
1543 1623 1831 1684 valeamus,
1887 1617 2082 1686 quibus

493 1725 757 1794 perversis
785 1723 989 1776 mentiti
1020 1737 1232 1784 sumus;
1267 1735 1333 1774 ne
1357 1718 1493 1773 forte
1519 1715 1660 1786 quod
1685 1724 1736 1768 ut
1765 1721 2084 1780 caperentur

493 1826 618 1872 sunt
647 1816 804 1884 passi,
838 1814 1032 1868 faciant
1060 1812 1197 1881 capti
1223 1829 1236 1876 ;
1271 1827 1376 1865 non
1401 1810 1574 1865 solum
1601 1807 1724 1876 quia
1754 1806 1925 1857 facere
1956 1815 2082 1856 con-

495 1914 800 1970 sueverunt,
851 1904 944 1958 sed
989 1905 1109 1971 quia
1140 1911 1194 1956 et
1231 1902 1283 1956 in
1330 1901 1518 1966 nobis,
1551 1898 1618 1952 ad
1657 1911 1790 1966 quos
1833 1894 2081 1958 veniunt,

494 1997 596 2050 hoc
623 1997 913 2050 inveniunt.

568 2087 791 2144 CAPUT
822 2086 908 2140 IV.
933 2118 1000 2126 —
1020 2089 1070 2139 7.
1103 2085 1365 2142 Meutienti
1386 2084 1437 2136 in
1462 2099 1582 2146 uno,
1613 2097 1712 2134 non
1741 2078 1910 2132 haberi
1933 2077 2085 2144 ﬁdem

499 2181 554 2234 in
597 2181 732 2234 aliis.
779 2181 843 2234 Et
884 2179 1024 2249 quod
1071 2188 1153 2234 est
1200 2175 1587 2240 miserabilius,
1639 2174 1798 2227 etiam
1840 2171 1939 2240 ipsi
1974 2169 2084 2238 jam

500 2274 650 2343 quasi
696 2273 863 2326 nostri
907 2272 1078 2326 effecti
1106 2313 1119 2334 ,
1164 2269 1613 2339 quemadmodum
1646 2266 1800 2319 nobis
1831 2262 2082 2328 credunt,

499 2365 737 2431 reperire
784 2378 887 2416 non
935 2370 1175 2430 possunt.
1224 2361 1280 2415 Si
1324 2361 1465 2414 enim
1509 2359 1884 2426 suspicentur,
1925 2353 2084 2408 etiam

498 2456 613 2523 ipsa
642 2454 900 2508 catholica
942 2454 1188 2522 dogmata
1218 2466 1314 2505 nos
1338 2448 1667 2504 mendaciter
1695 2446 1869 2517 loqui,
1903 2453 1961 2499 ut
1987 2459 2085 2498 ne-

481 2549 613 2601 .scio
629 2546 753 2616 quid
775 2545 912 2600 aliud
934 2547 1261 2598 occultemus
1274 2544 1413 2614 quod
1433 2558 1616 2598 verum
1639 2551 1914 2611 putamus;
1941 2546 2087 2593 certe

497 2641 623 2694 talia
670 2640 961 2708 suspicanti
1011 2640 1248 2692 dicturus
1275 2653 1353 2698 es,
1391 2637 1502 2690 lloc
1538 2645 1661 2688 tunc
1702 2634 1822 2688 ideo
1865 2631 1998 2695 feci,
2030 2636 2088 2683 ut

501 2749 746 2802 caperem
773 2743 822 2786 te
849 2750 861 2785 :
889 2733 981 2786 sed
1014 2731 1138 2801 qn':d
1170 2731 1518 2800 respondebis
1546 2728 1776 2790 dicenti,
1810 2725 1960 2780 Unde
1989 2724 2087 2792 igi-

507 2835 590 2879 tur
614 2826 724 2880 scio
744 2835 916 2879 utrum
941 2826 1100 2878 etiam
1125 2839 1262 2877 nth
1285 2822 1336 2876 id
1365 2822 1544 2883 facias,
1572 2836 1637 2874 ne
1664 2819 1889 2887 capiaris
1911 2833 1940 2870 a
1963 2816 2088 2869 me?

504 2919 586 2972 An
636 2932 764 2971 vero
806 2917 1052 2985 cuiquam
1095 2915 1403 2984 persuaderi
1451 2920 1626 2982 potest
1672 2912 1942 2964 hominem
1983 2921 2087 2960 non

504 3009 718 3062 mentiri
750 3024 816 3062 ne
843 3009 1102 3076 capiatur,
1137 3007 1226 3076 qui
1257 3005 1510 3058 mentitur
1537 3012 1594 3056 ut
1619 3001 1830 3070 capiat?
1862 2999 2091 3053 Videsne

503 3120 609 3174 quo
637 3103 816 3158 tendat
855 3104 957 3157 hoc
997 3103 1235 3156 malum?
1279 3111 1336 3154 ut
1381 3101 1585 3154 scilicet
1631 3115 1734 3151 non
1777 3097 1947 3151 solum
1992 3111 2090 3151 nos

502 3197 630 3262 illis,
666 3196 870 3265 ipsique
899 3195 1050 3249 nobis
1075 3237 1087 3260 ,
1122 3192 1216 3247 sed
1245 3193 1419 3247 omnis
1448 3191 1611 3245 frater
1641 3190 1784 3244 omni
1810 3189 1959 3243 fratri
1985 3203 2088 3243 non

415 3290 420 3295 “
503 3289 771 3344 immerito
805 3289 1048 3342 videatur
1075 3301 1191 3340 esse
1215 3293 1512 3355 suspectus.
1550 3287 1720 3354 Atque
1751 3285 1818 3337 ita
1842 3283 1964 3337 dum
2000 3297 2093 3351 per

505 3382 842 3436 mendacium
878 3379 1110 3433 tenditur
1143 3387 1198 3431 ut
1225 3378 1479 3432 doceatur
1508 3377 1669 3442 fides,
1699 3377 1749 3432 id
1785 3378 1958 3444 agitur
1993 3390 2091 3444 po-

511 3476 615 3526 tius
642 3473 660 3502 ³
693 3479 749 3525 ut
785 3471 914 3524 nulli
959 3470 1199 3524 habenda
1229 3470 1298 3523 sit
1324 3469 1474 3523 lides.
1522 3468 1577 3522 Si
1624 3467 1764 3522 enim
1807 3477 1860 3520 et
1909 3476 2091 3521 contra

507 3564 678 3618 Deum
709 3563 975 3631 loquimur
999 3605 1012 3629 ,
1046 3577 1166 3616 cum
1211 3563 1530 3625 mentimur,
1565 3559 1690 3628 quid
1723 3567 1929 3613 tantum
1969 3558 2094 3613 mali

506 3658 706 3729 poterit
749 3657 801 3709 in
852 3656 958 3709 ullo
1008 3655 1285 3710 mendacio
1333 3652 1627 3722 reperiri",
1660 3650 1798 3721 quod
1843 3660 2093 3721 tanquam

509 3749 946 3807 Scelestissimum
972 3749 1115 3804 omni
1146 3747 1303 3802 modo
1335 3746 1569 3801 devitarc
1593 3744 1918 3799 debeamus?

579 3842 805 3898 CAPUT
833 3842 890 3895 V.
913 3874 982 3882 -—
1003 3843 1054 3896 8.
1086 3839 1526 3894 l’riscillinnistam
1556 3835 1862 3890 tolerabilius
1896 3836 2094 3889 mentiri

511 3935 811 3989 occultando
834 3935 1063 3987 hwresim
1095 3943 1259 3997 suam,
1290 3947 1438 4002 ([ιιιιιη
1464 3930 1767 3982 catholicum
1794 3929 2095 3982 occultando

511 4030 790 4083 ueritatem.
816 4025 1062 4079 Catholici
1084 4025 1124 4077 si
1147 4039 1198 4076 sc
1220 4024 1522 4076 mentiuntur
1539 4038 1641 4075 esse
1669 4017 2090 4092 prisciilimzistas,

512 4122 656 4191 pejus
707 4119 897 4188 faciunt
942 4129 1091 4181 (niam
1138 4115 1528 4183 priscillianislaz
1574 4129 1626 4166 se
1674 4112 1944 4164 catholicos
1994 4125 2099 4163 esse

512 4213 822 4265 mentientes.
889 4207 994 4261 Sed
1062 4221 1202 4260 nunc
1263 4205 1478 4260 adverte
1546 4221 1703 4273 quam
1772 4203 2099 4258 tolerabilius

514 4300 931 4356 Priscillianistae
982 4298 1031 4350 in
1075 4307 1253 4351 nostra
1296 4298 1691 4365 comparatione
1733 4298 2095 4364 mentiantur,

514 4393 726 4466 quando
753 4407 810 4447 se
841 4390 1098 4444 fallaciter
1141 4389 1284 4458 loqui
1325 4389 1534 4453 sciunt,
1568 4405 1701 4457 qttos
1732 4395 1913 4442 nostro
1946 4403 2098 4442 men-

515 4487 668 4543 dacio
705 4482 1010 4540 liberandos
1053 4491 1300 4552 putamus
1338 4481 1403 4534 ab
1431 4482 1506 4535 eis
1537 4479 1684 4533 falsis
1712 4481 1762 4532 in
1791 4481 1981 4549 quibus
2009 4497 2096 4536 er-

514 4579 684 4636 rando
726 4575 996 4631 falluntur.
1034 4572 1432 4628 Priscillianista
1473 4572 1600 4625 dicit
1643 4570 1782 4640 quod
1827 4571 2000 4624 anima
2033 4572 2102 4626 sit

514 4688 640 4742 pars
668 4669 781 4734 Dei,
807 4677 857 4723 et
890 4665 1128 4736 ejusdem
1157 4666 1309 4733 cujus
1334 4673 1411 4718 est
1440 4663 1528 4717 ille
1553 4672 1752 4716 natura:
1783 4672 1940 4732 atque
1970 4663 2099 4716 sub-

515 4763 746 4820 stantia}.
784 4759 968 4830 Magna
1025 4759 1137 4813 lucc
1176 4766 1257 4813 est
1301 4766 1354 4811 et
1395 4754 1702 4811 detestanda
1747 4755 2100 4824 blasphemia.

516 4855 769 4924 Sequitur
796 4851 937 4907 enim
978 4859 1034 4905 ut
1074 4851 1164 4904 Dei
1197 4858 1382 4903 natura
1413 4849 1708 4917 captivetur
1728 4889 1741 4913 ,
1767 4848 2096 4917 decipiatur,

518 4949 750 5013 fallatur,
781 4944 1129 5000 conturbetur
1158 4950 1315 5009 atque
1338 4949 1600 5010 turpetur,
1635 4939 1915 4994 damnetur
1943 4947 2101 5009 atque

517 5033 805 5096 erucietur.
850 5038 917 5092 At
945 5037 988 5092 si
1016 5037 1117 5092 hoc
1153 5044 1207 5090 et
1250 5034 1336 5088 ille
1371 5033 1533 5098 dicit,
1568 5033 1655 5104 qui
1687 5033 1753 5086 de
1785 5043 1930 5086 tanto
1962 5033 2102 5087 malo

519 5132 751 5188 liberare
793 5131 938 5200 cupit
980 5128 1250 5182 hominem
1292 5141 1384 5195 per
1428 5125 1797 5188 mendacium,
1829 5125 2102 5182 videamus

521 5226 646 5298 quid
671 5223 875 5279 intersit
907 5223 1043 5276 inter
1067 5231 1348 5288 utrumque
1372 5218 1759 5287 hlasphemum.
1788 5218 2100 5286 Plurimum,

526 5317 727 5387 inquis:
753 5330 870 5365 nam
895 5311 994 5364 hoc
1014 5308 1399 5380 priscillianista
1423 5308 1550 5363 dicit
1571 5308 1641 5361 ita
1665 5308 1825 5362 etiam
1848 5311 2102 5374 credens;

523 5408 815 5464 catholicus
857 5415 1033 5458 autem
1064 5418 1169 5456 non
1213 5401 1282 5454 ita
1323 5399 1579 5465 credens,
1626 5402 1868 5469 quamvis
1914 5402 1983 5456 ita
2030 5404 2108 5458 lo-

589 5545 606 5575 ¹
640 5542 713 5591 sic
736 5538 903 5602 plures
920 5544 1025 5602 Mss.
1050 5544 1105 5587 At
1128 5536 1262 5602 editi,
1287 5533 1509 5602 dicimus.

586 5605 607 5638 ι
641 5596 829 5666 Aliquot
851 5611 956 5652 MSS.
989 5601 1068 5651 hic
1090 5606 1142 5651 et
1167 5599 1287 5649 infra
1311 5596 1434 5661 loco,
1466 5597 1717 5664 mendum,
1743 5600 1942 5666 habent,
1981 5615 2113 5654 men-

516 5665 777 5789 .dasilaﬁii’
802 5725 852 5776 id
876 5724 957 5789 ag,-
979 5724 1148 5789 Mus:
1175 5723 1363 5789 Aliquot
1385 5732 1511 5789 Mss"
1536 5723 1712 5789 agitur.

591 5791 612 5822 δ
649 5787 812 5838 l'lures
837 5785 960 5850 nisi,
981 5785 1154 5850 poterit
1178 5785 1307 5837 nullo
1338 5785 1589 5838 manuario
1611 5789 1830 5851 reperiri.

1522 305 1792 364 CONTRA
1839 300 2261 370 MENDACIUM,
2302 301 2360 360 S.
2400 300 2768 362 AUGUSTINI

3659 308 3772 371 δυ

2183 434 2372 489 quens.
2423 421 2518 476 Ille
2561 437 2687 490 ergo
2730 420 3064 490 blasphemat
3107 421 3392 490 nesciens,
3439 423 3546 482 iste
3585 436 3770 487 autem

2175 516 2358 578 sciens
2390 535 2402 570 :
2433 517 2518 570 ille
2561 525 2744 569 contra
2784 515 3060 570 scientiam
3082 557 3096 581 ,
3130 516 3228 570 iste
3259 526 3446 572 contra
3489 522 3772 578 conscien-

2184 605 2310 658 tiam
2343 624 2356 660 :
2385 607 2472 660 ille
2503 607 2658 660 habet
2687 609 2976 661 czecitatem
3008 606 3133 660 falsa
3160 610 3448 676 sentiendi,
3479 611 3573 668 sed
3603 613 3655 666 in
3686 613 3766 670 eis

2184 696 2343 751 habet
2389 699 2573 752 saltem
2616 699 2940 753 voluntatem
2991 714 3114 753 vera
3158 699 3400 766 dicendi;
3449 702 3547 758 iste
3593 705 3765 762 latens

2184 789 2327 843 videt
2356 806 2498 852 vera,
2520 799 2574 846 et
2602 792 2783 845 volens
2811 791 3043 860 loquitur
3071 788 3227 846 falsa.
3259 793 3364 848 Sed
3396 795 3501 862 ille,
3534 794 3762 868 inquies,

2185 881 2287 936 hoc
2308 881 2484 948 docet,
2517 895 2573 936 ut
2599 884 2800 937 erroris
2820 884 2900 937 sui
2931 884 3092 937 faciat
3115 885 3413 956 furorisque
3444 887 3764 958 participes:

2185 973 2285 1026 iste
2315 983 2490 1026 autem
2519 975 2617 1026 hoc
2643 975 2790 1039 dicit,
2827 984 2882 1027 ut
2908 975 2974 1028 ab
3003 975 3096 1028 illo
3121 990 3305 1032 errore
3333 993 3395 1031 ac
3424 978 3604 1034 furore
3634 981 3767 1036 libo-

2185 1076 2267 1120 ret
2298 1066 2557 1121 homines.
2598 1067 2712 1120 Jam
2749 1066 2960 1136 quidem
3003 1083 3161 1137 supra
3192 1069 3399 1124 ostendi
3431 1080 3686 1140 quantum
3713 1082 3767 1128 et

2187 1158 2288 1214 hoc
2319 1169 2537 1224 noceat,
2572 1159 2712 1228 quod
2741 1159 2976 1213 creditur
3006 1159 3340 1228 profuturum
3371 1179 3384 1216 :
3419 1178 3600 1218 verum
3628 1165 3771 1220 inte-

2187 1255 2286 1306 rim
2333 1253 2374 1305 si
2420 1253 2781 1320 appendamns
2824 1253 2876 1305 in
2926 1251 3010 1307 his
3052 1252 3261 1307 duobus
3301 1254 3437 1308 mala
3484 1257 3764 1324 prmsentiu
3819 1261 3832 1268 '

2189 1346 2462 1414 (quoniam
2499 1345 2634 1398 bona
2677 1344 2849 1397 futura
2884 1361 3001 1414 quae
3031 1346 3327 1401 catholicus
3353 1345 3419 1401 de
3451 1347 3766 1418 corrigendo

2192 1436 2439 1490 Inc-retice
2463 1438 2705 1506 inquirit,
2734 1438 2930 1491 incerta
2959 1437 3144 1508 sunt),
3168 1439 3287 1507 quis
3314 1449 3496 1508 peccat
3521 1441 3764 1508 gravius;

2190 1539 2365 1582 utrum
2397 1528 2487 1598 qui
2529 1529 2797 1583 hominem
2835 1528 3032 1598 decipit
3062 1531 3338 1596 nesciens,
3373 1547 3438 1585 an
3470 1533 3560 1601 qui
3601 1532 3766 1588 Deum

2190 1621 2526 1689 blaSphemat
2558 1622 2771 1676 sciens?
2799 1621 3043 1676 Profecto
3073 1623 3196 1692 quid
3228 1624 3292 1678 sit
3321 1623 3470 1692 pejus
3499 1624 3768 1694 intelligis,

2191 1715 2278 1782 qui
2308 1714 2504 1767 homini
2549 1714 2712 1768 Deum
2745 1715 2969 1768 sollicita
2999 1715 3190 1784 pietate
3227 1717 3508 1784 praeponit.
3539 1717 3654 1772 Huc
3679 1731 3770 1774 ae-

2191 1806 2362 1869 cedit,
2403 1807 2522 1874 quia
2563 1807 2608 1859 si
2650 1805 3096 1875 blasphemandus
3133 1816 3216 1862 est
3251 1807 3422 1871 Deus,
3460 1815 3517 1862 ut
3548 1807 3616 1862 ad
3643 1823 3768 1864 eum

2190 1896 2510 1952 laudandum
2559 1896 2798 1950 homines
2837 1896 3192 1962 adducamus;
3235 1897 3419 1966 procul
3460 1898 3621 1954 dubio
3659 1914 3766 1956 non

2191 1990 2364 2044 solum
2391 1988 2457 2042 ad
2499 1989 2815 2043 laudandum
2837 2031 2852 2056 ,
2881 2005 3066 2045 verum
3106 1991 3264 2046 etiam
3291 1990 3360 2046 ad
3395 1990 3770 2063 blaspheman-

2191 2079 2317 2134 dnm
2346 2081 2508 2134 Deum
2531 2122 2544 2145 ,
2575 2081 2819 2150 exemplo
2845 2090 2898 2136 et
2923 2083 3164 2138 doctrina
3195 2091 3375 2138 nostra
3407 2083 3652 2142 homines
3683 2086 3767 2142 in-

2191 2174 2418 2226 vitemus
2451 2191 2462 2224 :
2495 2174 2744 2241 quoniam
2782 2191 2916 2244 quos
2952 2175 3018 2229 ad
3053 2177 3144 2231 Dei
3190 2175 3374 2231 laudes
3408 2192 3501 2246 per
3529 2178 3624 2233 Dei
3649 2178 3770 2234 bla-

2191 2263 2460 2333 sphemias
2489 2265 2738 2318 molimur
2763 2265 3051 2332 adducere,
3071 2269 3252 2337 utique
3281 2268 3325 2322 si
3355 2268 3765 2335 adduxerimus,

2193 2373 2298 2410 non
2318 2359 2488 2411 solum
2509 2358 2720 2412 laudare
2736 2359 2962 2424 discent,
2987 2374 3170 2413 verum
3191 2361 3351 2415 etiam
3375 2361 3771 2430 blasphemare.

2193 2447 2317 2500 Haec
2346 2447 2450 2501 illis
2481 2449 2734 2502 beneficia
2761 2449 3114 2515 conferimus,
3137 2464 3270 2519 quos
3298 2466 3405 2506 non
3433 2452 3758 2521 igmwanter,

2192 2540 2287 2594 sed
2317 2542 2547 2594 scienter
2589 2541 3010 2609 blasphemando
3051 2543 3118 2598 ab
3157 2545 3423 2600 hairetieis
3457 2545 3765 2602 liberamus.

2193 2633 2407 2687 Etcum
2443 2633 2729 2702 Apostolus
2768 2636 3007 2690 homines
3050 2637 3326 2691 tradiderit
3364 2639 3525 2693 etiam
3555 2639 3654 2708 ipsi
3684 2652 3775 2694 sa-

2197 2735 2354 2790 tanie,
2391 2738 2447 2779 ut
2475 2727 2742 2780 discerent
2773 2743 2878 2780 non
2909 2729 3278 2796 blasphemarc
3313 2731 3332 2791 ι
3353 2729 3377 2784 1
3402 2731 3534 2784 Tim.
3561 2748 3607 2798 ι,
3637 2731 3772 2801 20):

2197 2836 2295 2874 nos
2321 2835 2578 2874 conamur
2603 2819 2846 2873 homines
2875 2835 3064 2875 eruere
3095 2830 3292 2875 satana)
3314 2863 3327 2886 ,
3358 2832 3416 2876 ιιι
3441 2823 3645 2878 discant
3670 2838 3777 2878 non

2197 2927 2291 2980 per
2337 2911 2724 2980 ignorantiam,
2776 2911 2867 2965 sed
2910 2927 3008 2980 per
3050 2913 3327 2967 scientiam
3371 2913 3775 2983 blasphemas-te;

2196 3002 2455 3072 nobisque
2499 3003 2627 3070 ipsis
2674 3003 2939 3071 magistris
2987 3018 3172 3056 eorum
3220 3003 3323 3058 hoc
3367 3012 3472 3058 tam
3528 3021 3776 3076 magnum

2197 3095 2547 3163 importamus
2572 3093 2824 3155 exitium,
2857 3102 2914 3148 ut
2939 3104 3154 3163 propter
3181 3096 3463 3152 bmreticos
3493 3097 3778 3167 capienda

2198 3189 2345 3256 prius
2375 3187 2688 3251 efficiamur,
2719 3187 2859 3256 quod
2885 3197 3092 3243 certum
3113 3197 3194 3242 est
3214 3229 3228 3254 ,
3255 3189 3348 3244 Dei
3379 3190 3776 3260 blasphematu-

2199 3293 2285 3332 res
2305 3319 2318 3342 ,
2355 3293 2462 3348 quo
2490 3279 2753 3346 possimus
2797 3288 3010 3347 propter
3049 3295 3174 3344 eos,
3209 3281 3350 3348 quod
3381 3282 3637 3337 incertum
3663 3295 3776 3352 est,

2199 3373 2528 3436 liberandos,
2557 3374 2796 3426 veritatis
2823 3374 2939 3441 ejus
2967 3389 3088 3429 esse
3111 3374 3376 3430 doctores.

2271 3465 2324 3519 9.
2355 3466 2485 3520 Cum
2531 3465 2688 3535 igitur
2732 3466 3106 3534 blasphemare
3144 3467 3312 3522 Deum
3351 3467 3641 3524 doceamus
3677 3483 3780 3526 uo-

2199 3565 2342 3612 stros
2362 3598 2375 3622 ,
2405 3566 2464 3611 ut
2494 3572 2586 3612 eos
2621 3559 3036 3615 Priscillianista
3077 3560 3298 3616 credant
3323 3574 3479 3628 suos;
3506 3563 3779 3620 videamus

2199 3651 2326 3719 quid
2360 3651 2480 3704 mali
2515 3651 2694 3705 dicant
2718 3653 2852 3721 ipsi,
2879 3654 3092 3723 quando
3114 3664 3397 3724 propterea
3430 3659 3777 3724 mentluntur,

2201 3751 2260 3795 ut
2296 3756 2389 3796 eos
2418 3753 2631 3796 nostros
2668 3758 2788 3797 esse
2827 3745 3128 3800 credamus.
3167 3747 3636 3803 Anathomatizaul
3662 3749 3782 3804 Prl-

2203 3834 2534 3901 scillianum,
2582 3845 2640 3890 et
2681 3836 2746 3890 ad
2798 3846 3037 3892 nostrqu
3085 3840 3360 3894 arbitrium
3409 3843 3780 3909 detestantur;

2203 3925 2384 3980 dicunt
2403 3928 2632 3980 animam
2664 3937 2962 3982 creaturam
2996 3931 3086 3984 Dei
3113 3945 3253 3995 esse,
3284 3947 3389 3985 non
3420 3941 3654 4001 partem;
3683 3949 3781 3990 ex-

2201 4027 2479 4072 secrantur
2499 4018 3016 4074 Priscillianistarum
3038 4021 3164 4075 falsa
3184 4023 3464 4093 martyris;
3489 4024 3785 4083 catholicos

2205 4112 2503 4180 episcolios,
2535 4127 2564 4164 a
2595 4111 2784 4182 quibus
2812 4113 2903 4166 illa
2935 4113 3152 4168 haeresis
3183 4115 3374 4169 nudata
3396 4157 3410 4183 ,
3441 4129 3744 4188 oppugnth
3767 4162 3783 4189 ,

2206 4211 2468 4268 prostrata
2513 4211 2593 4255 est
2617 4243 2631 4266 ,
2664 4203 2866 4270 magnis
2908 4204 3136 4258 efferunt
3177 4205 3420 4260 laudibus
3444 4243 3459 4271 ,
3497 4218 3550 4260 et
3591 4219 3785 4265 emtam

2209 4289 2526 4360 huiusmodi.
2552 4293 2687 4346 Ecce
2711 4293 2807 4361 ipsi
2841 4309 2961 4348 vera
2991 4294 3176 4349 dicunt
3198 4297 3406 4366 quando
3432 4299 3784 4370 mentiuntur,

2208 4400 2312 4438 non
2354 4402 2458 4455 quo
2489 4387 2642 4441 simul
2691 4389 2856 4455 possit
2896 4388 2998 4442 hoc
3038 4389 3209 4458 ipsum
3255 4401 3435 4444 verum
3481 4404 3603 4448 esse
3641 4393 3787 4464 quod

2208 4477 2542 4531 mendacium
2571 4487 2683 4542 est;
2717 4478 2809 4532 sed
2852 4479 2901 4532 in
2939 4480 3042 4532 alio
3081 4479 3294 4548 quando
3339 4480 3698 4553 mentiuntur,
3731 4486 3786 4542 in

2209 4569 2312 4620 alio
2343 4585 2466 4621 vera
2496 4569 2677 4623 dlcunt
2709 4585 2720 4621 :
2749 4570 2957 4638 quando
2987 4571 3128 4623 enim
3159 4579 3373 4626 nostros
3400 4585 3459 4626 se
3485 4587 3610 4630 esse
3635 4589 3784 4634 men.

2211 4660 2428 4723 tiuntnr,
2459 4659 2524 4713 de
2547 4659 2652 4714 fide
2671 4661 2927 4715 catholica
2953 4673 3074 4714 vara
3097 4661 3296 4716 dicunt.
3322 4665 3400 4718 Ac
3421 4679 3516 4734 per
3537 4664 3639 4723 hoc.
3661 4668 3785 4739 ipsi,

2211 4768 2277 4807 ne
2309 4753 2721 4808 Priscillianistze
2747 4757 3100 4821 inveniantur,
3124 4757 3413 4826 loquuntur
3459 4761 3788 4816 mendaciter

2209 4859 2333 4899 vera
2371 4863 2381 4898 :
2413 4861 2510 4900 nos
2551 4857 2764 4910 autem,
2810 4856 2866 4900 ιιι
2901 4859 2992 4901 eus
3037 4847 3412 4915 inveniamus,
3462 4865 3568 4906 non
3617 4853 3788 4909 solum

2209 4940 2537 4994 mendaciter
2563 4940 2847 5009 loquimur,
2875 4949 2932 4992 ut
2949 4940 3016 4994 ad
3039 4940 3157 4994 illos
3180 4944 3446 5011 pertinere
3471 4945 3790 5012 credemur;

2212 5034 2302 5089 sed
2347 5036 2503 5088 etiam
2547 5035 2672 5088 falsa
2719 5035 3022 5104 loquimur,
3055 5047 3173 5104 qua:
3199 5037 3264 5090 ad
3305 5038 3516 5093 illorum
3553 5055 3792 5098 errorem

2212 5131 2481 5200 pertinere
2514 5129 2883 5197 cognovimus.
2919 5129 3100 5198 Itaque
3137 5131 3214 5184 illi
3258 5133 3468 5200 quando
3499 5135 3661 5188 nostri
3694 5149 3796 5205 pu-

2215 5226 2315 5279 tari
2339 5225 2516 5277 volunt
2541 5263 2554 5286 ,
2585 5232 2635 5275 et
2664 5220 2854 5275 Falsum
2885 5231 2966 5275 est
2999 5237 3065 5275 ex
3104 5230 3251 5292 parte
3273 5265 3286 5288 ,
3317 5232 3371 5278 et
3407 5237 3590 5280 verum
3617 5234 3699 5281 est
3727 5237 3796 5284 ex

2216 5324 2363 5385 parte
2384 5314 2522 5383 quod
2546 5312 2760 5376 dicunt;
2793 5313 2979 5365 falsum
3009 5319 3091 5366 est
3116 5314 3254 5367 enim
3281 5325 3374 5368 eos
3399 5324 3610 5371 nostros
3639 5329 3798 5388 esse,

2217 5423 2400 5465 verum
2427 5413 2512 5461 est
2546 5415 2721 5459 autem
2755 5407 2984 5458 animam
3014 5413 3216 5474 partem
3245 5406 3339 5460 Dei
3369 5422 3473 5462 non
3505 5423 3624 5464 esse
3657 5425 3669 5462 :
3700 5422 3803 5468 nos

2215 5518 2344 5558 vero
2369 5501 2580 5573 quando
2607 5501 2671 5553 ad
2700 5513 2792 5553 eos
2817 5501 3085 5571 pertinere
3115 5501 3286 5570 putari
3310 5499 3572 5567 volumus,
3606 5501 3808 5562 falsum

2219 5604 2301 5651 est
2339 5603 2624 5663 utrumque
2664 5592 2802 5664 quod
2847 5593 3106 5658 dicimus,
3152 5601 3204 5647 ct.
3237 5593 3665 5649 Priscillianistas
3699 5601 3808 5653 n03

2221 5702 2372 5754 esse,
2410 5693 2465 5742 et
2501 5687 2729 5740 animum
2772 5695 2972 5753 partem
3022 5685 3112 5737 Dei
3153 5699 3290 5739 esse.
3321 5684 3398 5740 Illi
3429 5687 3604 5756 itaque
3633 5686 3806 5746 Deum

2223 5788 2439 5840 laudant
2457 5825 2472 5850 ,
2514 5794 2621 5837 non
2658 5778 3029 5849 blasphemant
3048 5819 3062 5847 ,
3091 5777 3304 5849 quando
3329 5789 3389 5838 se
3415 5779 3718 5851 occultant;
3747 5789 3813 5842 et
