4122 6212
321 491 527 568 quando
545 503 607 544 se
634 499 744 543 non
768 484 1041 539 occultant
1058 519 1076 545 ,
1097 478 1190 534 sed
1213 491 1306 532 sua
1330 473 1624 568 proferunt,
1648 469 1898 538 blasphe—

320 566 460 644 mare
486 599 545 640 se
571 578 838 636 nesciunt.
889 575 1011 628 Ideo
1044 573 1086 626 si
1127 571 1192 624 ad
1236 571 1389 623 tidem
1430 566 1744 621 catholicam
1775 577 1902 616 con-

320 685 627 736 vertantur,
681 667 1032 726 consolantur
1091 673 1452 727 scmetthos,
1505 657 1626 726 quia
1683 660 1904 723 possunt

324 771 496 828 dicere
515 765 658 837 quod
681 759 990 832 Almstolus,
1015 755 1242 822 quicum
1273 752 1410 804 inter
1438 758 1630 803 extera
1658 746 1902 809 dixisset,

325 863 476 918 Prius
505 859 583 931 fui-
607 854 967 925 blaspltemus;
997 843 1418 907 Misericordi-am,
1448 841 1636 909 inquit,
1665 853 1906 890 consecu-

328 967 402 1010 tus
425 970 558 1016 sum,
589 951 706 1020 quia
734 949 978 1018 ignorans
995 940 1090 1013 feci
1110 939 1129 1008 (
1152 938 1170 990 ι
1199 937 1330 990 'l'im.
1355 953 1373 989 r
1391 976 1408 1000 ,
1442 933 1547 1003 15).
1576 933 1678 985 Nos
1703 939 1907 992 contra,

329 1056 380 1102 ut
404 1061 461 1100 se
488 1042 642 1098 nobis
673 1038 939 1107 aperiant,
968 1033 1010 1088 si
1045 1032 1145 1084 hoc
1171 1028 1322 1098 quasi
1347 1028 1544 1095 justum
1575 1021 1914 1077 mendacium

329 1137 564 1194 fallendis
590 1134 669 1190 eis
705 1126 1085 1199 eapicndisque
1115 1123 1436 1193 proferimus
1458 1164 1470 1186 ,
1503 1118 1743 1187 profecto
1763 1126 1817 1170 et
1844 1113 1911 1167 ad

331 1229 786 1298 blasphematorcs
807 1215 1239 1273 Priscillianistas
1260 1213 1523 1282 pertinere
1548 1225 1644 1261 nos
1665 1208 1912 1270 dicimus,

333 1297 459 1375 etut
483 1317 637 1371 nobis
668 1312 922 1374 credant,
948 1309 1064 1362 sine
1092 1304 1431 1360 excusatione
1455 1299 1765 1370 ignorantim
1801 1297 1916 1349 hla-

335 1411 692 1484 sphemamus.
729 1405 918 1473 Neque
961 1401 1102 1471 enim
1150 1399 1482 1460 catholicus,
1535 1394 1621 1462 qui
1675 1390 1921 1459 ιιιηενιιθ-

335 1507 527 1563 mando
538 1501 937 1559 vultlncreticus
953 1495 1117 1558 credi,
1135 1493 1517 1563 potestdicere,
1538 1491 1777 1556 ignorans
1805 1486 1920 1554 feci.

403 1595 629 1653 CAPUT
669 1593 756 1647 Vl.
783 1619 858 1632 -—-
887 1589 974 1643 i0.
1015 1584 1218 1656 Negare
1260 1583 1512 1637 Christum
1553 1594 1722 1631 eorum
1757 1578 1920 1628 Itami-

341 1690 486 1744 uibus
508 1687 583 1742 uel
638 1682 941 1738 mendaciter
980 1687 1029 1731 et
1078 1678 1211 1746 ficte,
1257 1689 1512 1742 nunquam
1563 1672 1700 1724 licet.
1765 1668 1922 1737 Obje-

342 1783 460 1837 ctio.
509 1776 810 1847 Responsio.
871 1770 1206 1839 Coufuttmtur
1262 1766 1432 1819 itidem
1501 1779 1612 1832 qua:
1689 1761 1928 1832 objectari

345 1881 568 1946 possunt.
598 1868 762 1923 Corde
813 1865 1012 1920 credere
1053 1877 1151 1915 non
1187 1859 1394 1929 sufﬁcit,
1458 1858 1552 1910 nisi
1595 1865 1638 1908 et
1695 1870 1780 1907 ore
1829 1868 1928 1905 non

345 1944 544 2036 urgetur
566 1961 816 2018 Cluilia.
845 1955 914 2010 Ut
941 1952 1300 2022 intelligendus
1355 1948 1593 2001 Paulinus
1628 1947 1648 1998 -ι
1661 1946 1713 2007 4,
1755 1945 1786 2013 Ϋ
1813 1981 1826 2036 .
1873 1944 1926 2006 5,

348 2034 429 2112 ubi
463 2055 704 2110 innitatur
739 2052 946 2120 loquens
991 2044 1244 2098 veritatem
1297 2041 1352 2093 in
1398 2038 1566 2092 corde.
1622 2036 1750 2089 Item
1795 2034 1932 2100 Apo-

350 2147 502 2204 stolus
565 2143 866 2216 praecipiens
919 2146 978 2191 ut
1027 2135 1290 2204 loquamur
1343 2130 1604 2183 veritatem
1657 2143 1764 2178 cum
1816 2140 1933 2194 pro-

350 2239 502 2293 ximo.
561 2234 829 2291 Veritatem
887 2246 987 2284 nou
1042 2227 1248 2280 veritate
1321 2221 1652 2291 praedicantes
1697 2216 1930 2281 tolerati,

350 2344 450 2383 non
470 2327 752 2398 falsitatem
769 2320 1144 2376 uummtiautes.
1170 2316 1415 2382 Semper,
1450 2312 1630 2372 frater,
1658 2309 1708 2362 in
1743 2308 1934 2360 talibus

350 2419 524 2478 caesis
560 2432 688 2475 ctuti
725 2415 917 2472 timore
959 2408 1300 2465 recolendum
1341 2413 1423 2459 est
1444 2444 1460 2470 ,
1503 2403 1818 2470 Quicumque
1859 2415 1937 2452 me

351 2510 608 2583 negauerit
643 2521 816 2561 eorum
853 2500 1137 2556 hominibus
1158 2539 1172 2562 ,
1218 2497 1408 2566 negabo
1439 2509 1551 2548 eum
1579 2508 1746 2545 eorum
1781 2489 1934 2542 Putre

353 2581 459 2660 meo
477 2603 568 2673 qui
591 2602 645 2654 in
667 2598 804 2654 cortis
833 2605 906 2651 est
933 2593 1145 2665 (.llattlt.
1182 2605 1237 2655 x,
1267 2586 1379 2659 55).
1415 2588 1494 2640 An
1523 2601 1649 2638 vero
1672 2581 1938 2637 Christum

351 2712 528 2752 coram
558 2692 866 2749 hominibus
889 2705 993 2742 non
1035 2694 1208 2756 negat,
1246 2683 1342 2752 qui
1365 2696 1486 2735 eum
1517 2693 1696 2733 coram
1717 2675 1938 2731 Priscil-

353 2789 580 2844 liauistis
608 2792 798 2856 negat,
825 2792 880 2836 ut
920 2795 1015 2835 eos
1053 2779 1284 2832 latentes
1310 2773 1620 2843 Μςιεμιιοιηο
1663 2768 1942 2826 mendacio

354 2881 518 2937 nudet
559 2889 614 2935 ct
650 2877 856 2946 capiat?
903 2874 1030 2942 Quis
1078 2881 1256 2925 autem
1298 2869 1530 2929 dubi-tat,
1579 2866 1804 2919 obsecro
1856 2870 1939 2927 te,

355 2973 535 3043 negari
567 2971 834 3026 Christum
856 3007 872 3034 ,
899 2981 1019 3020 cum
1060 2963 1219 3016 sicuti-
1245 2969 1328 3015 est.
1351 2971 1510 3012 verus
1532 2999 1544 3020 ,
1576 2956 1645 3010 ita
1675 2971 1781 3008 non
1823 2967 1942 3008 esse

355 3067 582 3130 dicitur;
608 3072 664 3120 ct
702 3063 840 3118 sicut
878 3076 1001 3116 eum
1043 3054 1436 3127 prisciliiauista
1478 3051 1676 3115 credit,
1714 3051 1784 3103 ita
1824 3062 1944 3104 esse

356 3160 550 3216 dicitur
561 3157 583 3210 ?

429 3252 522 3306 H.
550 3249 662 3303 Sed
692 3245 930 3302 occultos
965 3242 1121 3311 lupos
1141 3282 1155 3307 ,
1189 3238 1427 3308 inquies,
1460 3234 1671 3289 indutos
1715 3230 1946 3301 pel-libus

360 3341 538 3397 ovium
585 3347 644 3395 et
688 3336 1014 3392 dominicum
1059 3345 1276 3402 gregem
1332 3330 1560 3382 latenter
1611 3325 1947 3394 graviterque

363 3442 642 3490 vastantes
661 3430 856 3496 ,.aliwr
892 3427 1132 3480 invenire
1157 3439 1266 3476 non
1292 3435 1590 3490 possumus.
1632 3416 1783 3472 Unde
1822 3429 1952 3485 ergo

361 3521 1168 3584 inmtumrtl’risoill-iatriskc,
1201 3516 1508 3585 priusquam
1541 3512 1698 3580 hujus
1728 3507 1949 3563 menda-

359 3620 428 3675 cii
457 3620 650 3673 fuisset
669 3614 965 3683 excogitata
1011 3608 1262 3663 vot‘tatio?
1300 3607 1439 3661 unde
1469 3605 1534 3657 ad
1564 3603 1731 3672 ipsius
1760 3609 1948 3654 aucto-

359 3713 443 3766 ris
477 3710 690 3765 ﬂorum
715 3748 730 3770 ,
779 3705 1016 3775 potuero
1057 3699 1366 3761 astutioris,
1409 3705 1462 3750 et
1511 3695 1630 3748 ideo
1675 3691 1946 3756 tectior-is,

360 3802 538 3859 cubile
564 3807 878 3870 pervastant
912 3794 1027 3849 est?
1066 3791 1206 3846 unde
1249 3799 1324 3844 tot
1364 3787 1602 3856 tantique
1631 3783 1955 3837 manifestati

361 3902 526 3963 atque
552 3889 792 3945 humu
811 3929 828 3955 ,
870 3894 934 3941 et.
963 3884 1148 3938 caeteri
1172 3880 1584 3936 innumerabiles
1615 3877 1809 3945 partim
1837 3888 1955 3928 cor-

362 3985 518 4050 recti,
551 3981 742 4052 pastini
772 3974 1185 4040 velut-commit,
1207 3983 1262 4027 et
1289 3973 1340 4024 in
1370 3969 1660 4024 Ecclesium
1692 3965 1954 4019 miseran-

363 4087 471 4132 tem
510 4073 724 4131 collecti
765 4071 932 4134 sint?
963 4069 1160 4123 Multus
1193 4065 1342 4118 extim.
1375 4064 1486 4115 vias
1525 4061 1615 4113 dat
1662 4058 1916 4111 Dominus
1937 4098 1950 4122 ,

365 4167 576 4238 (μηδι)
597 4167 900 4227 miseriast",
927 4159 1120 4230 quibm
1140 4157 1204 4211 ad
1230 4169 1414 4210 θυι-11111
1442 4150 1780 4221 perveniatur
1803 4147 1953 4202 iuda-

367 4263 554 4332 ginolt.
580 4278 600 4314 ι
621 4273 854 4328 quarum:
873 4255 1148 4308 dxtrorsum
1173 4249 1288 4303 aliis
1318 4246 1576 4301 feliciores
1605 4245 1656 4307 ³;
1692 4250 1745 4295 ut
1775 4242 1856 4295 vel
1888 4240 1958 4294 ah

367 4357 456 4412 eis
473 4369 615 4424 quos
639 4353 894 4407 seducere
923 4347 1223 4407 voluerunt,
1253 4349 1344 4395 aut
1368 4341 1433 4393 ab
1462 4338 1538 4392 eis
1569 4352 1702 4405 quos
1728 4335 1837 4401 jam
1864 4349 1953 4388 sc-

368 4450 638 4506 dutterant
660 4488 683 4512 ,.
703 4439 1136 4513 resipiseeutihus
1164 4435 1539 4501 conversisque
1571 4434 1951 4482 monstrentur.

370 4540 534 4610 Quod:
551 4536 764 4592 acilius
785 4533 842 4588 fit
862 4573 877 4598 ,
911 4533 960 4585 si
983 4529 1214 4585 nefarius
1242 4539 1425 4580 eorum
1453 4536 1606 4575 error
1628 4562 1640 4584 ,
1665 4534 1770 4572 non
1802 4529 1954 4570 men-

371 4633 602 4690 dacius
619 4625 1006 4698 captutionibus
1033 4664 1046 4685 ,
1087 4621 1179 4675 sed
1211 4616 1486 4673 veracibus
1515 4610 1968 4682 disputationibus

373 4731 661 4778 evertatur.
709 4717 910 4785 Quibus
949 4709 1348 4768 conscrihendis
1396 4721 1610 4775 operam
1661 4715 1712 4757 tc
1749 4707 1962 4772 oportet

374 4813 712 4884 impendere,
737 4805 984 4880 quoniam
1010 4805 1261 4859 Dominus
1287 4803 1500 4855 donavit
1527 4807 1581 4851 ut
1611 4797 1781 4866 possis
1806 4813 1818 4848 :
1844 4808 1961 4863 qum

375 4908 578 4976 scripta
604 4902 840 4957 salubria
864 4897 1055 4970 quibus
1083 4909 1268 4950 eormn
1302 4893 1620 4962 perversitas
1652 4890 1833 4941 insana
1864 4884 1961 4939 dc-

376 5001 633 5063 struitur,
671 5011 790 5051 eum
830 4992 1000 5063 magis
1034 4990 1304 5057 magisque
1341 4983 1692 5044 innatum-int,
1723 4987 1776 5033 et
1806 4994 1834 5032 a
1862 4979 1962 5031 Ca-

378 5093 592 5148 tholieis
613 5081 1452 5152 vellantistitibuquui-loquuntur
1482 5078 1530 5129 in
1561 5075 1789 5144 populis,
1822 5071 1903 5124 vel
1935 5085 1964 5122 a

378 5187 688 5256 quibusque
714 5180 966 5238 studiosis
1003 5177 1118 5231 zelo
1157 5172 1247 5227 Dei
1293 5170 1463 5238 plenis
1485 5210 1497 5231 ,
1532 5168 1725 5220 fuerint
1769 5177 1964 5232 usque-

380 5289 593 5349 quaque
632 5274 850 5340 dimissi;
895 5271 1010 5327 haec
1042 5275 1199 5322 erunt
1237 5273 1414 5316 sancta
1458 5259 1616 5322 t'rtia,
1660 5256 1968 5349 quibus

381 5345 596 5440 piantur
627 5369 922 5430 veraciter,
971 5375 1078 5416 non
1122 5355 1449 5412 mendaciter
1491 5351 1838 5418 inquiruntur.
1881 5345 1969 5402 Sic

383 5439 713 5534 enim-capti,
743 5468 833 5514 aut
859 5460 1001 5514 ultro
1030 5454 1162 5526 quid
1185 5449 1384 5505 fuerint:
1408 5445 1729 5506 fatebuntur,
1758 5449 1808 5494 et
1839 5439 1970 5534 alios

382 5572 526 5629 quos
556 5531 729 5611 iit—sua
760 5553 898 5607 mala
926 5549 1182 5603 societate
1209 5546 1467 5597 noverunt
1489 5579 1501 5602 ,
1526 5535 1606 5588 vel
1638 5531 1973 5588 concorditer

381 5626 689 5719 corrigent,
741 5644 826 5699 vel
878 5638 1292 5696 misericorditer
1333 5632 1559 5703 prodent
1603 5645 1614 5679 :
1662 5635 1750 5678 aut
1788 5626 1831 5678 si
1881 5638 1974 5678 eos

382 5740 607 5815 pudebit
650 5737 801 5793 fateri
843 5733 990 5805 quod
1029 5731 1276 5785 diuturna
1318 5723 1652 5782 simulatione
1695 5724 1974 5788 texerunt,

454 5879 471 5909 ³
496 5873 604 5929 sola
625 5872 775 5927 editio
798 5876 928 5932 Lo’v.,
951 5863 1206 5931 ﬂtciliores.

1733 348 1933 406 LIBER
1971 346 2166 405 UNUS.

3493 353 3598 411 526

2013 467 2221 523 occulta
2250 481 2412 522 manu
2437 467 2532 523 Dei
2561 468 2860 525 medicante
2888 471 3238 526 sanabuntur.

2084 562 2170 616 12.
2201 562 2303 616 Sed
2334 563 2496 616 inulto
2522 563 2722 617 facilius
2741 605 2755 628 ,
2788 565 3011 634 inquies,
3042 580 3226 620 eorum
3256 565 3470 621 latibula
3500 583 3596 637 pe-

2013 664 2284 710 netramu-s
2304 697 2318 721 ,
2359 655 2404 708 si
2437 655 2576 723 quod
2614 663 2735 708 sunt
2765 671 2862 709 nos
2883 671 3002 710 esse
3038 659 3376 712 mentiamur.
3411 659 3522 714 Hoc
3551 662 3598 715 si

2013 747 2196 800 liceret
2216 756 2305 799 aut
2325 747 2616 815 expediret,
2645 748 2813 818 potuit
2836 747 3074 802 Christus
3103 751 3388 820 przecipcre
3409 752 3596 806 ovibus

2015 841 2145 904 suis,
2179 849 2234 893 ut
2261 840 2458 908 lupinis
2478 841 2684 894 amictus
2713 843 2935 910 pellibus
2963 843 3030 896 ad
3058 843 3209 912 lupos
3239 846 3517 911 venirent,
3547 853 3602 900 ct

2016 946 2110 986 eos
2151 931 2306 1000 hujus
2349 932 2477 985 artis
2516 930 2736 986 fallaciis
2781 934 3080 988 invenirent
3123 953 3134 988 :
3182 936 3320 1005 quod
3367 935 3444 991 eis
3494 953 3599 990 non

2017 1023 2182 1086 dixit,
2216 1036 2317 1076 nec
2342 1023 2554 1092 quando
2582 1039 2670 1078 eas
2700 1026 2750 1077 in
2789 1026 3018 1080 medium
3053 1025 3292 1096 luporum
3319 1042 3376 1080 se
3405 1028 3606 1082 missu-

2019 1131 2136 1170 rum
2163 1131 2281 1170 esse
2302 1116 2771 1190 przedixit(.‘rluttlt.
2795 1135 2852 1185 ς,
2878 1119 2983 1191 16).
3003 1119 3106 1175 Sed
3119 1121 3262 1175 dices
3281 1140 3293 1175 :
3313 1121 3426 1175 Non
3450 1129 3604 1175 erant

2023 1216 2148 1260 tunc
2189 1207 2525 1277 inquirendi,
2572 1223 2692 1262 cum
2731 1219 2912 1264 essent
2951 1212 3270 1279 apertissimi
3321 1213 3460 1281 lupi;
3509 1211 3604 1268 sed
3650 1199 3652 1201 l

2023 1313 2206 1351 eorum
2236 1314 2444 1353 morsus
2475 1309 2528 1354 ct
2549 1301 2747 1354 saevitia
2777 1303 3107 1370 perferenda.
3133 1304 3289 1371 Quid,
3315 1321 3432 1358 cum
3467 1314 3607 1359 tem-

2024 1406 2153 1459 pora
2186 1392 2476 1460 posteriora
2518 1395 2916 1462 pt'zcnuntian-s,
2947 1395 2999 1449 in
3031 1399 3221 1450 vestitu
3253 1398 3431 1451 ovium
3477 1398 3612 1452 dixit

2026 1497 2248 1551 rapaces
2276 1483 2430 1552 lupos
2457 1498 2578 1539 esse
2611 1488 2906 1540 venturos?
2931 1503 3105 1543 nonne
3137 1488 3205 1542 ibi
3238 1501 3352 1543 erat
3381 1491 3529 1545 locus
3558 1500 3615 1544 ut

2029 1578 2142 1631 haec
2172 1587 2413 1633 moneret
2453 1587 2507 1632 ct
2541 1580 2738 1634 diceret
2770 1599 2783 1634 :
2817 1581 2886 1634 Et
2924 1597 3022 1636 vos
3068 1592 3124 1636 ut
3165 1597 3258 1637 eos
3296 1583 3612 1651 inveniatis,

2029 1670 2283 1723 assumite
2313 1672 2561 1724 vestitum
2603 1672 2845 1741 luporum
2866 1716 2879 1739 ,
2915 1674 3237 1728 intrinsecus
3275 1684 3455 1729 autem
3485 1690 3614 1730 oves
3645 1673 3650 1678 ’

2031 1762 2273 1815 manete?
2297 1762 2411 1816 Non
2440 1764 2538 1817 hoc
2567 1765 2639 1817 ait
2667 1783 2681 1818 :
2709 1765 2803 1819 sed
2834 1781 2954 1820 cum
2981 1766 3221 1834 dixisset,
3253 1765 3406 1820 Multi
3434 1768 3502 1819 ad
3528 1783 3613 1821 vos

2031 1856 2225 1907 venient
2257 1855 2311 1906 in
2349 1855 2526 1908 vestitu
2567 1858 2766 1922 ovium,
2811 1858 3109 1912 intrinsecus
3151 1869 3318 1913 autem
3355 1872 3469 1913 sunt
3513 1862 3621 1932 lupi

2031 1962 2273 2015 rapaces;
2304 1962 2410 2001 non
2439 1947 2672 2014 addidit,
2706 1949 2787 2003 Ex
2819 1951 3108 2006 mendaciis
3137 1955 3328 2007 vestris
3348 1996 3361 2019 ,
3391 1956 3481 2008 sed
3500 1997 3512 2019 ,
3539 1953 3623 2009 Ea:

2035 2039 2278 2107 fructibus
2325 2057 2496 2094 eorum
2547 2045 2850 2112 cognoscetis
2895 2061 2976 2098 eos
3029 2044 3136 2117 (Id.
3195 2063 3302 2114 vn,
3364 2048 3457 2112 15,
3507 2047 3620 2120 16).

2038 2132 2270 2187 Vcritatc
2299 2144 2424 2189 sunt
2449 2137 2704 2203 cavenda,
2728 2138 2952 2192 veritate
2973 2139 3247 2208 capienda,
3279 2142 3501 2196 veritate
3529 2159 3624 2197 oc-

2037 2226 2258 2280 cidenda
2284 2229 2577 2283 mendacia.
2603 2230 2755 2284 Absit
2779 2237 2836 2282 ut
2863 2231 3219 2300 blasphemias
3244 2233 3623 2303 ignorantium,

2039 2321 2270 2374 scienter
2300 2320 2717 2390 blasphemando
2744 2323 3017 2378 vincamus
3050 2343 3063 2377 :
3105 2326 3239 2379 absit
3267 2336 3324 2378 ut
3353 2328 3491 2379 mala
3519 2325 3624 2381 fal-

2040 2411 2231 2465 lacium
2273 2413 2530 2466 imitando
2573 2427 2875 2467 caveamus.
2921 2414 3199 2480 Quomodo
3241 2417 3380 2469 enim
3412 2417 3627 2471 cavebi-

2041 2517 2180 2570 mus,
2212 2504 2255 2557 si
2283 2511 2341 2557 ut
2367 2519 2669 2571 caveamus,
2696 2504 3046 2560 habebimus?
3072 2506 3126 2560 Si
3148 2507 3287 2559 enim
3317 2519 3370 2562 ut
3391 2509 3630 2577 capiatur

2042 2594 2130 2662 qui
2162 2594 2493 2664 blasphemat
2518 2597 2762 2651 nesciens
2783 2638 2795 2660 ,
2832 2596 3214 2668 blasphemaho
3241 2601 3442 2666 sciens;
3479 2601 3631 2670 pejus

2044 2695 2123 2740 est
2154 2687 2294 2756 quod
2322 2704 2420 2758 ago
2440 2731 2454 2755 ,
2480 2704 2635 2758 quam
2665 2689 2807 2758 quod
2837 2691 3009 2758 capio.
3045 2692 3099 2746 Si
3133 2702 3188 2744 ut
3217 2693 3515 2747 inveniatur
3541 2695 3632 2763 qui

2045 2778 2318 2834 Christum
2342 2789 2498 2850 negat
2523 2782 2788 2848 nesciens,
2804 2798 2901 2852 ego
2915 2781 3185 2837 Christum
3211 2786 3413 2854 negabo
3434 2786 3628 2850 sciens;

2047 2873 2110 2926 ad
2134 2874 2484 2944 perditionem
2511 2891 2597 2930 me
2625 2883 2903 2930 secuturus
2931 2886 3013 2930 est
3039 2893 3194 2946 quem
3225 2878 3301 2931 sic
3329 2877 3581 2932 invenero
3614 2891 3630 2932 :

2048 2967 2090 3022 si
2122 2968 2334 3037 quidem
2360 2977 2417 3022 ut
2445 2968 2593 3022 illum
2624 2969 2920 3036 inveniam,
2955 2972 3099 3036 prior
3123 2985 3302 3037 pereo.

2121 3061 2206 3114 15.
2250 3061 2332 3114 An
2363 3059 2500 3114 forte
2525 3059 2705 3130 quieo
2738 3061 2900 3116 modo
2939 3062 3368 3116 Priscillianistas
3394 3062 3635 3119 invenire

2050 3155 2285 3219 molitur,
2321 3154 2439 3208 ideo
2468 3169 2574 3208 non
2600 3164 2758 3225 negat
2785 3154 3078 3224 Christum,
3110 3157 3229 3225 quia
3252 3171 3345 3210 ore
3372 3155 3640 3225 depromit

2051 3247 2194 3317 quod
2240 3247 2400 3303 corde
2449 3263 2556 3303 non
2606 3248 2810 3303 credit?
2861 3248 3024 3316 Quasi
3053 3264 3180 3304 vero
3210 3248 3376 3317 (quod
3401 3257 3453 3302 ct
3480 3249 3640 3318 paulo

2053 3351 2174 3395 ante
2192 3340 2302 3409 jam
2325 3341 2458 3412 dixi)
2480 3357 2599 3395 cum
2622 3341 2818 3396 dictum
2847 3351 3008 3408 esset,
3043 3339 3205 3395 Corde
3225 3342 3444 3395 creditur
3468 3341 3535 3394 ad
3545 3341 3648 3411 ju-.

2052 3433 2271 3498 sti/iam;
2298 3434 2560 3489 incassum
2594 3447 2674 3489 ρει
2693 3433 2949 3499 additum,
2987 3451 3070 3488 ore
3105 3435 3350 3503 confessio
3373 3436 3429 3501 ﬁt
3456 3433 3522 3484 ad
3551 3448 3639 3485 sa-

2055 3528 2206 3582 lutem
2241 3527 2413 3600 (Rom.
2445 3543 2500 3594 x,
2535 3526 2865 3598 l0)?Nonne
2892 3542 3025 3596 pene
3047 3543 3233 3582 omnes
3257 3527 3344 3595 qui
3369 3526 3641 3580 Christum

2055 3634 2233 3674 coram
2282 3618 2707 3688 persecutoribus
2754 3628 3097 3688 negaverunt,
3133 3618 3274 3688 quod
3300 3618 3365 3673 de
3397 3619 3484 3671 illo
3523 3633 3644 3672 cre-

2055 3711 2270 3773 debant,
2305 3710 2465 3764 corde
2495 3717 2807 3775 tenuerunt;
2839 3715 2900 3763 'ct
2939 3719 3115 3764 tamen
3159 3725 3250 3763 ore
3299 3709 3363 3761 ad
3410 3711 3637 3764 salutem

2056 3822 2164 3860 non
2195 3803 2497 3860 conﬁtendo
2550 3803 2840 3872 perierunt,
2891 3801 2991 3855 nisi
3034 3801 3122 3869 qui
3150 3817 3242 3868 per
3273 3800 3641 3867 paenitentiam

2057 3897 2395 3953 revixerunt?
2422 3895 2551 3960 Quis
2579 3895 2648 3947 ita
2675 3892 3016 3954 evanescat‘,
3048 3899 3102 3943 ut
3129 3891 3404 3943 existimet
3430 3899 3644 3958 aposto-

2058 3989 2166 4042 lum
2197 3989 2412 4042 Petrum
2445 3986 2546 4040 hoc
2576 3983 2823 4037 habuisse
2844 3984 2895 4035 in
2919 3981 3079 4036 corde
3100 3981 3240 4050 quod
3267 3982 3318 4033 in
3343 3996 3452 4046 ore,
3478 3997 3647 4050 quan-

2059 4081 2128 4136 do
2156 4078 2425 4134 Christum
2454 4077 2699 4149 negavit?
2725 4075 2928 4145 Nempe
2968 4076 3022 4129 in
3061 4076 3146 4129 illa
3191 4077 3471 4146 negatione
3501 4076 3642 4129 intus

2059 4175 2338 4230 veritatem
2370 4171 2600 4237 tenebat,
2654 4179 2709 4224 ct
2761 4168 2890 4224 foris
2941 4168 3275 4222 incndacium
3316 4168 3642 4238 proferebat.

2061 4267 2167 4324 Cur
2195 4281 2322 4336 ergo
2351 4264 2602 4336 lacrymis
2632 4262 2786 4316 diluit
2813 4261 2952 4331 quod
2984 4277 3077 4316 ore
3107 4270 3391 4332 negaverat
3429 4260 3642 4331 (Manli.

2064 4378 2206 4426 xxvi,
2237 4358 2450 4429 69-75),
2476 4358 2519 4412 si
2543 4356 2700 4410 saluti
2722 4354 3018 4410 sufficiebat
3038 4354 3176 4424 quod
3196 4353 3355 4408 corde
3373 4355 3648 4409 credebat?

2064 4472 2159 4512 cur
2184 4455 2414 4524 loquens
2452 4451 2503 4504 in
2532 4449 2694 4505 corde
2721 4464 2818 4502 suo
2849 4448 3148 4508 veritatem,
3181 4454 3284 4498 tam
3314 4461 3494 4498 amaro
3523 4447 3649 4500 ﬂetu

2065 4541 2272 4611 punivit
2301 4535 2636 4591 mendacium
2667 4531 2809 4600 quod
2850 4546 2945 4585 ore
2990 4529 3336 4597 deprompsit,
3389 4530 3487 4580 nisi
3529 4531 3652 4596 quia

2066 4643 2312 4700 magnam
2359 4625 2492 4679 vidit
2538 4637 2656 4677 csse
2706 4619 3020 4689 perniciem,
3074 4618 3213 4684 quod
3243 4617 3403 4671 corde
3435 4618 3648 4687 quidem

2067 4719 2293 4776 credidit
2331 4716 2395 4771 ad
2433 4712 2714 4784 justitiam,
2764 4708 2857 4772 sed
2906 4723 2997 4762 ore
3027 4723 3131 4762 non
3160 4707 3433 4762 confessus
3479 4710 3654 4763 estad

2071 4813 2296 4868 salutem
2314 4807 2337 4861 ?

2144 4905 2230 4959 M.
2271 4906 2605 4970 Quapropter
2637 4893 2764 4950 illud
2794 4893 2933 4964 quod
2966 4892 3218 4960 scriptum
3247 4899 3348 4955 est,
3369 4891 3466 4956 Qui
3498 4892 3660 4961 loqui-

2073 5008 2152 5051 tur
2174 4996 2428 5050 veritutcm
2458 4991 2509 5044 in
2542 4989 2690 5043 corde
2715 5004 2846 5052 suo;
2875 4999 2978 5038 non
3020 4985 3097 5038 sic
3138 4983 3500 5051 accipiendum
3550 4993 3654 5048 cst,

2073 5089 2226 5161 quasi
2256 5093 2458 5142 retenta
2486 5083 2535 5136 in
2566 5079 2728 5136 corde
2757 5078 2998 5142 veritate,
3033 5074 3362 5145 loquendum
3391 5076 3459 5128 sit
3491 5075 3540 5128 in
3567 5091 3662 5130 ore

2074 5181 2429 5239 mendacium.
2457 5177 2563 5232 Sed
2594 5175 2713 5229 ideo
2738 5172 2935 5226 dictum
2964 5178 3062 5234 est,
3107 5169 3227 5238 quia
3259 5168 3372 5224 ﬁeri
3405 5177 3577 5237 potest
3602 5177 3659 5223 ut

2076 5278 2322 5346 loquatur
2348 5270 2570 5342 quisque
2600 5281 2692 5320 ore
2720 5263 3019 5329 veritatem,
3051 5275 3168 5332 qum
3201 5259 3329 5314 nihil
3375 5260 3424 5314 ei
3471 5259 3658 5328 prosit,

2077 5371 2122 5426 si
2152 5384 2268 5423 cam
2297 5365 2349 5420 in
2375 5361 2533 5417 corde
2559 5374 2661 5414 non
2689 5365 2882 5421 teneat,
2915 5354 2965 5409 id
3009 5362 3112 5420 est,
3154 5354 3198 5407 si
3247 5350 3387 5420 quod
3431 5351 3662 5421 loquitur

2078 5465 2190 5534 ipse
2236 5476 2340 5516 non
2386 5456 2599 5514 credat:
2631 5453 2766 5508 sicut
2807 5448 3076 5511 haeretici,
3125 5445 3462 5514 maximeque
3503 5444 3666 5499 iidem

2082 5552 2496 5610 l’riscillianistze
2525 5547 2739 5608 faciunt,
2764 5559 2884 5598 cum
2911 5540 3234 5596 catholicam
3260 5538 3532 5592 veritatem
3557 5554 3665 5592 non

2082 5646 2295 5718 quidem
2320 5641 2564 5704 credunt,
2595 5637 2687 5692 sed
2723 5645 2896 5690 tamen
2927 5632 3238 5702 loquuntur,
3267 5637 3326 5684 ut
3352 5627 3522 5683 nostri
3548 5643 3669 5684 esse

2149 5785 2168 5816 ί
2200 5779 2566 5853 pygiranuensis
2604 5781 2705 5835 Ms,
2740 5783 2908 5825 vesane
2973 5769 3111 5822 sciat.
3154 5773 3295 5820 Forte
3330 5779 3438 5830 pro,
3499 5775 3670 5818 rem

2090 5850 2274 5903 sentiat.
