4122 6212
400 370 421 401 Ε

344 486 365 523 τ
401 481 702 538 credantur.
734 475 1040 545 Loquuntur
1061 482 1189 541 ergo
1207 467 1484 524 veritatem
1514 466 1566 520 in
1597 477 1693 519 ore
1720 475 1839 526 suo,
1859 472 1967 514 non

404 578 457 631 in
485 572 647 629 corde
675 585 790 626 suo.
820 567 1104 636 Pr0pterea
1126 559 1481 633 distinguendi
1511 565 1666 614 erant
1690 556 1759 610 ab
1795 555 1885 609 illo
1908 551 1978 607 de

403 679 510 734 quo
542 663 738 718 dictum
768 665 867 721 est,
910 655 1008 721 Qui
1048 654 1269 723 loquitur
1313 652 1567 705 veritatem
1605 650 1660 701 in
1687 646 1837 700 corde
1864 659 1978 698 suo.

415 758 563 813 lianc
591 763 767 808 autem
809 748 1083 804 veritatem
1132 744 1422 801 catholicus
1461 743 1597 797 sicut
1626 741 1681 795 in
1708 737 1874 795 corde
1901 737 1982 791 lo-

398 369 501 426 ii27
1403 344 1673 407 CONTRA
1710 333 2132 404 MENDACIUM,
2172 334 2228 392 S.
2267 330 2630 392 AUGUSTINI

3555 334 3663 394 538

2064 444 2238 527 ‘sepb,
2270 458 2423 529 eique
2451 455 2722 527 promittat
2751 452 3077 526 prodituram
3105 466 3164 510 se
3193 454 3426 512 latebras
3452 470 3663 524 eorum,

2085 548 2131 602 si
2155 548 2221 603 ab
2250 548 2342 603 illo
2370 546 2733 618 impetraverit
2774 553 3040 617 stuprum,
3072 553 3385 616 certumque
3414 546 3483 600 sit
3522 562 3666 614 earn,

2088 640 2132 695 si
2159 640 2208 696 ei
2233 654 2550 696 consensum
2579 638 2755 705 fuerit,
2784 636 2923 707 quod
2946 636 3178 706 pollicita
3193 645 3278 692 est
3294 637 3672 707 impleturam?

2089 728 2456 786 faciendumne
2471 728 2842 784 censebimus?
2871 742 2937 781 an
2956 728 3313 797 intelligemus
3337 744 3672 800 nequaquam

409 846 608 915 quitur,
638 842 759 912 quia
782 841 853 894 ita
873 837 1071 903 credit;
1092 838 1160 891 ita
1187 843 1241 891 et
1268 836 1322 890 in
1350 849 1443 889 ore
1467 832 1649 899 debet,
1674 840 1731 885 ut
1757 829 1830 884 ita
1849 842 1988 898 prtu-
2090 822 2184 877 tali
2225 821 2393 892 pretio
2422 835 2629 875 merces
2654 818 2914 889 ejusmodi
2956 820 3376 889 comparandas?
3406 822 3514 876 Clll‘
3541 837 3672 892 ergo

408 936 583 990 dicet:
608 942 791 989 contra
822 930 978 984 istam
1008 943 1136 983 vero
1164 941 1264 982 nec
1290 925 1342 980 in
1372 922 1536 979 corde
1559 937 1658 977 nec
1689 920 1741 974 in
1769 933 1862 973 ore
1889 916 1988 970 ha-

407 1026 532 1081 beat
551 1024 855 1088 falsitatem,
880 1029 935 1074 ut
957 1029 1012 1075 et
1027 1017 1190 1074 corde
1208 1015 1392 1072 credat
1417 1014 1484 1068 ad
1509 1012 1793 1084 justitiam,
1824 1017 1878 1064 et
1896 1023 1990 1062 ore

410 1116 802 1173 confessionem
830 1112 986 1168 faciat
1013 1110 1079 1165 ad
1108 1110 1356 1165 salutem.
1386 1105 1519 1161 Nam
1565 1113 1620 1160 et
1658 1105 1710 1158 in
1739 1102 1827 1156 illo
1854 1098 1993 1170 psal-

411 1223 503 1263 mo
531 1222 651 1262 cum
682 1205 877 1260 dictum
907 1210 1069 1269 esset,
1106 1198 1204 1267 Qui
1234 1199 1451 1271 loquitur
1472 1197 1730 1252 veritatem
1764 1193 1819 1247 in
1843 1191 1994 1246 corde

412 1314 541 1361 suo;
570 1312 691 1352 mox
720 1295 878 1350 etiam
909 1293 1012 1348 hoc
1038 1291 1275 1346 additum
1304 1300 1406 1358 est,
1439 1288 1539 1356 Qui
1565 1303 1664 1341 non
1684 1286 1783 1356 egit
1821 1282 1994 1338 dolum

414 1392 468 1444 in
496 1390 669 1458 lingua
698 1403 792 1440 sua
814 1384 986 1457 (Paul.
1022 1399 1135 1449 XIV,
1169 1381 1246 1453 3).

490 1481 576 1534 15.
621 1479 688 1532 Ει
718 1476 843 1535 illud
868 1474 1009 1547 quod
1041 1474 1325 1544 Apostolus
1369 1472 1465 1538 ait,
1505 1470 1822 1541 Deponentes
1859 1483 1998 1521 tuen-

417 1575 640 1635 dacium,
670 1569 927 1641 loquimini
957 1568 1212 1623 veritatem
1250 1565 1584 1633 unusquisque
1622 1578 1736 1615 cum
1770 1560 1997 1629 proximo

420 1682 533 1729 suo,
560 1665 678 1734 quia
698 1678 869 1717 sumus
894 1659 1107 1715 invicem
1132 1657 1349 1712 membra
1372 1654 1584 1726 (Ep/tes.
1612 1668 1688 1718 tv,
1709 1650 1835 1721 25);
1862 1649 2001 1704 absit

421 1766 480 1813 ut
504 1757 582 1811 sic
605 1755 976 1825 intelligamus,
1022 1760 1270 1820 tanquam
1313 1747 1457 1817 loqui
1498 1743 1830 1800 mendacium
1873 1756 1999 1811 pcr-

420 1847 627 1903 miserit
647 1861 767 1900 cum
810 1845 890 1898 eis
919 1842 1009 1912 qui
1035 1841 1268 1896 nondum
1299 1846 1422 1893 sunt
1447 1837 1722 1892 nobiscum
1765 1832 2000 1888 membra

425 1939 668 2009 corporis
695 1935 913 1991 Christi.
945 1932 1052 1990 Sed
1078 1931 1198 1988 ideo
1222 1930 1423 1985 dictum
1443 1938 1544 1995 est,
1577 1927 1699 1998 quia
1722 1924 2002 1994 unusquis~

425 2044 531 2098 que
557 2035 796 2082 nostrum
825 2024 929 2079 hoc
953 2023 1111 2079 debet
1132 2035 1394 2092 quemque
1417 2018 1691 2088 deputare,
1716 2014 1855 2086 quod
1881 2029 2003 2069 eum

428 2119 541 2172 vult
572 2117 686 2171 ﬁeri
708 2158 722 2182 ,
766 2115 925 2170 etiam
955 2114 1002 2170 si
1032 2112 1265 2181 nondum
1297 2111 1464 2165 factus
1502 2117 1586 2164 est
1616 2125 1629 2160 :
1662 2108 1795 2162 sicut
1828 2103 2006 2158 Domi-

424 2224 530 2264 nus
558 2207 908 2278 alienigenam
933 2204 1323 2261 Samaritanum
1352 2201 1648 2271 proximum
1677 2198 1790 2269 ejus
1827 2205 2008 2252 osten-

425 2300 525 2365 dit,
556 2314 676 2354 cum
712 2314 818 2368 quo
860 2295 1280 2352 misericordiam
1323 2293 1447 2348 fecit
1490 2290 1642 2361 (Luc.
1692 2306 1746 2353 χ,
1795 2288 2003 2359 50-37).

425 2389 709 2444 Proximus
730 2402 858 2458 ergo
882 2385 1158 2441 habendus
1186 2392 1290 2450 est,
1316 2400 1420 2438 non
1442 2383 1666 2446 alienus,
1688 2395 1808 2435 cum
1829 2394 1934 2449 quo
1956 2377 2008 2433 id

427 2480 688 2552 agendum
716 2487 816 2542 est,
865 2494 934 2533 ne
976 2484 1250 2533 remaneat
1277 2475 1517 2530 alienus:
1545 2482 1599 2527 et
1640 2473 1684 2526 si
1713 2479 1927 2541 propter
1955 2468 2008 2524 id

427 2571 570 2643 quod
600 2569 835 2626 nondum
863 2578 946 2625 est
972 2568 1095 2623 ﬁdei
1125 2576 1323 2621 nostra:
1366 2563 1794 2633 sacramentique
1840 2559 2009 2632 parti-

428 2679 555 2735 ceps
583 2662 773 2723 factus.
804 2661 978 2729 aliqua
1005 2658 1080 2713 illi
1106 2656 1420 2713 occultanda
1461 2666 1585 2711 sunt
1610 2669 1757 2719 vera,
1790 2667 1894 2708 non
1926 2659 2008 2706 ta-

429 2770 554 2810 men
584 2753 704 2808 ideo
729 2751 955 2807 dicenda
986 2759 1108 2804 sunt
1138 2748 1287 2803 falsa.

505 2845 591 2899 16.
631 2842 868 2897 Fuerunt
894 2841 1034 2896 enim
1067 2841 1225 2895 etiam
1259 2838 1585 2910 temporibus
1607 2836 2008 2908 Apostolorum,

432 2918 533 3009 qui
549 2936 826 2990 veritatem
856 2949 958 2989 non
980 2933 1203 2988 veritate
1230 2934 1270 3000 ¹,
1295 2930 1345 2987 id
1371 2940 1473 2997 est,
1505 2946 1607 2984 non
1636 2930 1809 2985 veraci
1834 2928 2013 2984 animo

434 3026 823 3099 praedicarent:
852 3040 989 3096 quos
1016 3024 1144 3080 dicit
1171 3024 1455 3095 Apostolus
1495 3021 1762 3078 Christum
1807 3038 2014 3077 annuu-

436 3118 598 3172 tiasse
636 3132 741 3172 non
784 3126 950 3182 caste,
996 3117 1089 3171 sed
1120 3130 1214 3186 per
1243 3114 1491 3169 invidiam
1518 3123 1571 3169 et
1599 3115 2010 3170 contentionem.

434 3210 514 3265 Ac
539 3225 633 3279 per
664 3212 765 3263 hoc
792 3208 950 3264 etiam
983 3217 1107 3265 tunc
1145 3206 1385 3263 nonnulli
1429 3207 1633 3263 tolerati
1658 3215 1783 3262 sunt
1801 3223 2013 3264 annun-

439 3300 632 3366 tiantes
671 3314 775 3353 non
821 3308 968 3353 casto
996 3299 1176 3353 animo
1213 3298 1526 3353 veritatem:
1555 3314 1662 3352 non
1701 3306 1876 3353 tamen
1921 3299 2014 3354 ulli

436 3391 634 3448 laudati
661 3400 785 3447 sunt
810 3400 1060 3461 tanquam
1088 3389 1463 3446 annuntiantes
1488 3397 1635 3444 casto
1664 3388 1843 3444 animo
1874 3388 2017 3443 falsi-

439 3493 623 3540 tatem.
657 3484 894 3553 Denique
917 3483 984 3537 de
1014 3482 1119 3536 illis
1144 3482 1292 3548 dicit,
1314 3481 1433 3536 Sive
1460 3481 1740 3544 occasione,
1767 3479 1868 3534 sive
1891 3479 2017 3533 veri-

439 3585 541 3629 tate
585 3573 812 3628 Christus
856 3573 1179 3627 annuntictur
1223 3570 1478 3644 (Philipp.
1527 3585 1566 3635 t,
1617 3569 1839 3640 15-18):
1874 3568 2017 3624 nullo

438 3665 601 3722 modo
631 3674 807 3722 autem
834 3664 1054 3732 diceret,
1085 3673 1143 3719 ut
1175 3672 1359 3736 postea
1389 3660 1631 3719 Christus
1651 3660 2013 3729 annuntietur,

437 3756 587 3828 prius
620 3765 860 3827 negetur.

513 3850 599 3905 l7.
639 3847 893 3917 Quocirca
919 3846 1098 3902 multis
1118 3846 1332 3918 quidem
1359 3844 1533 3900 modis
1559 3844 2018 3916 possuntlatentes

439 3942 677 3999 haeretici
703 3943 970 4013 vestigari,
1004 3956 1104 3997 nec
1146 3940 1406 3997 catholica
1437 3939 1539 3997 fide
1568 3940 1884 4011 vituperata,
1921 3952 2021 3996 nec

441 4034 687 4090 haeretica
717 4033 985 4102 impietate
1006 4032 1234 4087 laudata.

514 4122 737 4178 CAPUT
780 4121 886 4174 Vll.
906 4151 976 4163 —-
1007 4120 1327 4176 Mendacium
1357 4122 1498 4176 nulla
1528 4122 1657 4176 velut
1696 4122 1828 4177 bona
1865 4123 2019 4177 inten-

443 4212 577 4266 tione
602 4210 985 4263 admittendum.
1016 4209 1177 4263 Facta
1204 4211 1306 4263 alia
1326 4226 1387 4263 ea:
1410 4211 1511 4278 [ine
1535 4212 1617 4265 vel
1643 4212 1772 4266 bona
1792 4214 1868 4267 vel
1885 4214 2022 4267 mala

442 4299 744 4365 redduntur,
777 4300 880 4353 alia
907 4308 1023 4352 sunt
1051 4315 1139 4368 per
1175 4315 1227 4352 se
1270 4309 1511 4368 peccata:
1548 4300 1653 4354 hare
1699 4302 1841 4356 nullo
1879 4303 2022 4371 quasi

448 4390 576 4445 bono
621 4388 722 4458 ﬁne
761 4388 1011 4459 facienda.
1062 4387 1167 4443 Sed
1195 4387 1239 4442 si
1266 4387 1421 4442 aliter
1451 4389 1670 4443 omnino
1695 4404 1799 4444 non
1845 4398 2023 4459 posset

449 4483 606 4541 educi
634 4483 701 4541 de
730 4483 970 4539 cavernis
996 4476 1106 4538 suis
1138 4481 1385 4537 liceretica
1417 4481 1680 4552 impietas,
1711 4481 1812 4536 nisi
1851 4498 1881 4537 a
1912 4492 2019 4538 tra-

448 4578 577 4635 mite
606 4577 846 4633 veritatis
872 4576 1048 4645 lingua
1080 4574 1338 4631 catholica
1380 4574 1642 4640 deviaret;
1695 4575 2023 4631 tolerabilius

446 4670 536 4726 illa
559 4670 935 4737 occultaretur,
966 4683 1124 4740 quam
1152 4668 1250 4724 ista
1283 4667 1731 4738 praecipitaretur;
1774 4667 2022 4727 tolerabi-

445 4763 551 4820 lius
576 4764 628 4820 in
659 4762 770 4819 suis
798 4761 965 4818 foveis
991 4761 1363 4818 delitescerent
1385 4762 1591 4833 vulpes,
1622 4778 1777 4834 quam
1809 4773 2024 4836 propter

449 4858 570 4915 illas
598 4854 883 4927 capiendas
910 4855 961 4909 in
981 4853 1324 4924 blasphemiae
1350 4852 1554 4910 foveam
1580 4854 1831 4912 caderent
1857 4872 2023 4912 vena-

448 4956 625 5016 tores;
650 4945 974 5003 tolerabilius
995 4943 1213 5016 perﬁdia
1238 4945 1757 5003 Priscillianistarum
1787 4946 2026 5004 veritatis

448 5040 713 5097 velamine
761 5046 1048 5110 tegeretur,
1095 5053 1252 5110 quam
1300 5037 1430 5093 ﬁdes
1475 5037 1866 5095 Catholicorum
1897 5053 1964 5094 ne
1992 5054 2025 5095 a

449 5130 865 5189 Priscillianistis
892 5130 1269 5187 mentientibus
1297 5129 1619 5197 laudaretur,
1665 5146 1695 5186 a
1738 5129 2026 5187 Catholieis

451 5223 790 5281 credentibus
833 5230 1136 5292 negaretur.
1163 5221 1294 5277 Nam
1322 5222 1365 5277 si
1398 5232 1673 5293 propterea
1708 5222 1851 5293 justa
1879 5232 2022 5289 sunt,

448 5332 558 5373 non
587 5316 1007 5387 qualiacumque,
1039 5313 1132 5368 sed
1154 5313 1459 5383 blasphema
1476 5313 1767 5375 mendacia,
1787 5313 1906 5384 quia
1924 5312 2027 5368 hoc

449 5408 632 5463 animo
658 5406 788 5461 ﬁunt
814 5413 871 5460 ut
899 5403 1093 5460 occulti
1134 5403 1372 5460 haeretici
1400 5404 1745 5475 detegantur;
1777 5414 2026 5475 poterunt

450 5496 554 5552 isto
575 5497 753 5563 modo,
775 5496 818 5551 si
847 5493 1037 5550 eodem
1061 5494 1238 5549 animo
1260 5493 1406 5562 ﬁant,
1431 5504 1574 5551 casta
1602 5511 1719 5552 esse
1744 5497 2021 5571 adulteria.

450 5589 587 5656 Quid
614 5591 656 5645 si
685 5588 825 5644 enim
855 5603 921 5644 ex
947 5602 1169 5643 numero
1188 5587 1706 5643 Priscillianistarum
1731 5587 2023 5656 impudica-

452 5697 571 5738 rum
597 5681 772 5750 aliqua
801 5680 996 5735 femina
1027 5680 1229 5750 injiciat
1254 5681 1462 5735 oculum
1491 5680 1545 5736 in
1571 5681 1891 5737 catholicum
1934 5680 2027 5738 Jo-

515 5791 537 5825 ⁸
568 5791 640 5841 sic
659 5797 765 5846 Mss.
798 5790 917 5847 ιωω
936 5797 1118 5854 autem,
1139 5804 1232 5844 non
1253 5790 1501 5845 veraciter.

2093 931 2200 969 non
2243 916 2512 970 eruimus‘
2544 914 2832 985 capiendos
2862 912 3143 969 lueretieos
3186 929 3349 970 carne
3388 915 3438 969 in
3465 916 3674 972 adulte-

2094 1007 2233 1061 rium
2259 1004 2547 1070 deﬁuente,
2576 1014 2631 1061 et
2657 1004 2924 1060 eruendos
2955 1013 3200 1074 putamus
3219 1020 3314 1059 ore
3344 1006 3396 1059 in
3424 1005 3676 1075 blasphe-

2098 1099 2202 1153 mia
2233 1096 2599 1152 fornicante’?
2624 1096 2731 1152 Aut
2756 1096 2901 1151 enim
2939 1096 3118 1152 licebit
3140 1104 3424 1167 utrumque
3452 1098 3562 1167 pari
3587 1114 3669 1152 ra-

2099 1190 2241 1245 tione
2269 1186 2572 1252 defendere,
2591 1197 2649 1243 ut
2665 1187 2783 1243 ideo
2807 1186 2923 1243 hmo
2940 1202 3043 1243 non
3061 1203 3180 1243 esse
3196 1187 3440 1243 dicantur
3460 1189 3664 1258 injusta,

2100 1280 2221 1349 quia
2250 1294 2312 1335 ea
2339 1279 2475 1334 facta
2516 1288 2639 1335 sunt
2684 1279 2978 1334 intentione
3022 1294 3123 1348 qua
3152 1278 3676 1350 deprehenderentur

2100 1370 2313 1440 injusti:
2343 1380 2434 1425 aut
2459 1370 2504 1425 si
2535 1384 2663 1424 sana
2685 1368 2925 1424 doctrina
2960 1384 3059 1424 nec
3085 1378 3303 1439 propter
3330 1370 3677 1426 inveniendus

2102 1460 2387 1518 breretieos
2415 1462 2527 1517 vult
2554 1478 2652 1518 nos
2678 1478 2798 1519 cum
2821 1462 3032 1518 feminis
3061 1462 3341 1533 impudicis
3356 1464 3543 1519 saltem
3559 1478 3683 1518 eor-

2105 1569 2253 1623 pore,
2286 1568 2390 1609 non
2416 1562 2613 1621 mente,
2641 1554 2873 1621 misceri,
2907 1552 3146 1625 profecto
3171 1569 3272 1610 nec
3289 1565 3505 1625 propter
3530 1556 3679 1610 inve-

2105 1646 2328 1702 nicndos
2354 1647 2629 1704 hmreticos
2656 1648 2768 1703 vult
2790 1647 2985 1704 anobis
3009 1648 3196 1704 saltem
3223 1663 3373 1716 voce,
3403 1665 3508 1704 non
3534 1666 3683 1705 men-

2106 1745 2179 1801 te,
2209 1747 2299 1791 aut
2341 1737 2660 1792 immundam
2710 1738 2955 1793 itaeresim
2999 1738 3301 1808 praedicari,
3345 1748 3437 1795 aut
3478 1750 3683 1796 castam

2107 1828 2423 1884 catholicam
2450 1829 2829 1900 blasphemari.
2861 1830 2993 1897 Quia
3018 1839 3072 1885 et
3099 1832 3271 1902 ipsum
3296 1832 3492 1888 mentis
3518 1832 3687 1901 impe¢

2109 1921 2268 1985 rium,
2281 1920 2365 1975 cui
2380 1919 2539 1975 debet
2561 1921 2737 1976 omnis
2759 1920 2978 1976 inferior
2996 1930 3172 1977 motus
3197 1921 3428 1978 hominis
3446 1921 3681 1990 obedire,

2110 2009 2271 2081 digno
2294 2027 2397 2066 non
2418 2011 2620 2067 carebit
2630 2012 2936 2083 opprobrio,
2953 2013 3167 2084 quando
3192 2014 3270 2082 ﬁt,
3290 2014 3431 2086 quod
3446 2016 3559 2071 ﬁeri
3578 2031 3686 2071 non

2112 2112 2339 2173 oportet,
2356 2120 2449 2160 seu
2473 2106 2734 2172 membro,
2756 2120 2851 2162 seu
2878 2106 3060 2163 verbo.
3074 2107 3381 2179 Quanquam
3394 2108 3689 2165 etiamcum

2112 2197 2275 2252 verbo
2319 2196 2395 2262 ﬁt,
2429 2198 2670 2253 membro
2700 2199 2789 2253 ﬁt:
2819 2199 3066 2269 quoniam
3096 2200 3268 2271 lingua
3284 2201 3577 2256 membrum
3603 2212 3696 2257 est

2112 2301 2215 2356 qua
2246 2286 2307 2341 ﬁt
2333 2288 2588 2343 verbum:
2620 2305 2720 2345 nec
2757 2290 2923 2345 ullum
2946 2290 3146 2346 factum
3176 2296 3427 2347 nostrum“
3444 2291 3696 2350 membro

2114 2376 2222 2433 ullo
2249 2380 2470 2449 paritur,
2498 2382 2599 2437 nisi
2627 2381 2766 2453 quod
2795 2384 2941 2453 prius
2959 2384 3119 2441 corde
3142 2385 3467 2457 concipitur;
3491 2387 3574 2441 vel
3596 2402 3694 2457 po-

2116 2472 2221 2525 tius
2248 2470 2389 2526 intus
2415 2472 2698 2542 cogitando
2725 2483 2780 2529 et
2806 2475 3187 2532 consentiendo
3211 2477 3321 2546 jam
3352 2487 3584 2547 partum,
3611 2477 3696 2532 fu-

2114 2576 2202 2618 ras
2225 2561 2400 2617 editur
2426 2561 2668 2619 faciendo
2689 2580 2784 2635 per
2805 2567 3119 2622 membrum.
3145 2567 3262 2622 Non
3285 2569 3460 2640 itaque
3486 2569 3697 2626 animus

2119 2667 2148 2705 a
2178 2652 2318 2709 facto
2346 2663 2652 2722 excusatur,
2678 2656 2889 2727 quando
2914 2658 3109 2713 dicitur
3134 2659 3331 2729 aliquid
3359 2675 3465 2715 non
3489 2675 3552 2715 ex
3579 2660 3695 2714 ani-

2115 2760 2205 2799 mo
2232 2744 2369 2814 ﬁeri,
2398 2745 2542 2816 quod
2570 2756 2747 2803 tamen
2773 2763 2880 2805 non
2912 2750 3082 2817 fieret,
3112 2750 3212 2805 nisi
3241 2750 3449 2808 animus
3491 2750 3695 2807 facien-

2115 2836 2242 2892 dum
2270 2852 2390 2893 esse
2414 2838 2743 2896 decerneret.

2188 2928 2276 2985 18.
2318 2929 2546 2986 Interest
2590 2931 2801 3003 quidem
2855 2933 3161 3003 plurimum,
3210 2949 3314 3005 qua
3358 2950 3540 3002 causa,
3588 2950 3699 3005 quo

2118 3023 2247 3091 ﬁne,
2274 3038 2378 3094 qua
2422 3024 2715 3081 intentione
2759 3025 2885 3095 quid
2917 3028 3043 3081 ﬁat:
3072 3027 3166 3083 sed
3218 3043 3282 3082 ea
3328 3044 3448 3099 qua:
3487 3038 3699 3085 constat

2118 3128 2236 3170 esse
2264 3127 2503 3185 peccata,
2548 3117 2692 3171 nullo
2720 3118 2870 3171 bonae
2897 3133 3071 3173 causa:
3099 3119 3341 3183 obtentu,
3373 3119 3521 3174 nullo
3545 3122 3699 3191 quasi

2117 3204 2259 3260 bono
2294 3205 2415 3270 ﬁne,
2448 3208 2593 3261 nulla
2621 3206 2767 3263 velut
2794 3207 2934 3262 bona
2965 3204 3260 3265 intentione
3285 3208 3526 3266 facienda
3550 3220 3695 3267 sunt.

2119 3293 2192 3348 Ea
2218 3294 2411 3365 quippe
2427 3310 2588 3365 opera
2610 3294 2904 3362 hominum,
2933 3296 3071 3352 sicut
3093 3312 3280 3354 causas
3308 3298 3587 3356 habuerint
3601 3298 3700 3355 bov-

2119 3400 2235 3452 nas,
2268 3400 2363 3440 seu
2393 3386 2579 3451 malas,
2612 3400 2753 3440 nunc
2776 3396 2898 3441 sunt
2921 3386 3080 3456 bona,
3109 3405 3249 3445 nunc
3274 3390 3432 3457 mala,
3454 3405 3573 3462 qua:
3588 3404 3701 3448 non

2119 3487 2245 3534 sunt
2285 3494 2379 3549 per
2403 3493 2462 3534 se
2487 3479 2600 3549 ipsa
2631 3488 2877 3550 peccata:
2905 3480 3045 3537 sicut
3069 3482 3268 3539 victum
3294 3484 3533 3554 praebere
3560 3498 3697 3554 pau-

2121 3569 2351 3639 peribus,
2397 3568 2598 3624 bonum
2639 3585 2776 3640 opus
2801 3580 2905 3639 est,
2945 3572 2994 3628 si
3031 3572 3094 3628 ﬁt
3134 3588 3296 3630 causa
3322 3575 3705 3633 misericordias

2120 3676 2240 3718 cum
2266 3671 2409 3718 recta
2441 3662 2572 3729 ﬁde;
2601 3663 2740 3719 sicut
2766 3665 3080 3722 concubitus
3124 3668 3441 3740 coniugalis,
3488 3664 3707 3741 quando

2124 3754 2358 3810 ﬁtcausa
2385 3755 2697 3825 generandi,
2727 3758 2771 3812 si
2799 3772 2861 3815 ea
2892 3757 2999 3814 ﬁde
3022 3758 3115 3815 ﬁat
3151 3768 3210 3815 ut
3244 3761 3528 3832 gignantur
3549 3777 3708 3833 rege-

2122 3845 2362 3903 nerandi.
2394 3845 2519 3902 Hmc
2539 3856 2699 3918 atque
2722 3847 3027 3918 hujusmodi
3050 3850 3340 3907 secundum
3368 3869 3493 3910 suas
3510 3868 3708 3910 causas

2122 3952 2284 4009 opera
2305 3949 2429 4005 sunt
2447 3938 2584 3995 bona
2610 3941 2690 3995 vel
2707 3940 2844 3997 mala
2861 3958 2876 4006 ;
2893 3941 3014 4012 quia
3038 3942 3224 4000 eadem
3245 3943 3357 4014 ipsa
3384 3945 3429 4001 si
3459 3944 3699 4002 habeant
3746 3988 3749 3989 ν

2124 4030 2290 4084 inulas
2314 4044 2524 4097 causas,
2563 4030 2617 4086 in
2650 4041 2864 4101 peccata
2889 4041 3201 4091 vertuntur:
3228 4034 3375 4091 velut
3413 4035 3461 4092 si
3483 4034 3702 4106 jactan-

2125 4122 2211 4177 tia:
2238 4138 2396 4177 causa
2446 4138 2645 4194 pauper
2683 4124 2945 4194 pascitur;
2975 4134 3066 4180 aut
3109 4125 3341 4183 lascivia
3375 4141 3536 4185 causa
3575 4143 3703 4185 CIIII

2125 4228 2289 4268 uxore
2312 4213 2711 4279 concumbitur;
2740 4224 2831 4269 aut
2852 4214 2946 4271 ﬁlii
2976 4226 3315 4286 generantur,
3341 4232 3449 4274 non
3475 4227 3537 4275 ut
3565 4220 3697 4284 Deo,

2125 4303 2217 4359 sed
2245 4311 2301 4359 ut
2318 4303 2530 4361 diabolo
2554 4304 2872 4362 nutriantur.
2900 4305 3038 4363 Cum
3076 4323 3204 4365 vero
3240 4308 3350 4380 jam
3388 4324 3548 4381 opera
3585 4309 3704 4380 ipsa

2127 4403 2338 4463 peccata
2362 4404 2505 4459 sunt,
2528 4397 2663 4452 sicut
2686 4396 2844 4463 furta,
2871 4407 3073 4469 stupra,
3096 4399 3454 4469 blasphemiae,
3482 4400 3567 4456 vel
3589 4414 3709 4457 ca:-

2128 4495 2239 4542 tera
2256 4487 2406 4553 talia;
2428 4488 2546 4557 quis
2559 4495 2641 4544 est
2654 4490 2743 4559 qui
2763 4488 3093 4545 dicatcausis
3117 4489 3267 4546 bonis
3289 4503 3408 4545 esse
3432 4489 3707 4561 facienda,

2125 4588 2185 4635 ut
2206 4581 2285 4635 vel
2315 4589 2527 4650 peccata
2559 4597 2664 4636 non
2684 4582 2810 4649 sint,
2837 4582 2942 4649 vel,
2966 4580 3110 4651 quod
3138 4589 3223 4636 est
3242 4581 3710 4653 absurdius,justa

2127 4681 2340 4743 peccata
2384 4672 2528 4726 sint?
2564 4672 2694 4741 Quis
2722 4682 2801 4729 est
2830 4672 2919 4742 qui
2943 4671 3117 4727 dicat:
3141 4671 3211 4729 Ut
3238 4672 3530 4728 habeamus
3556 4675 3708 4744 quod

2127 4764 2313 4818 demus
2338 4764 2676 4833 pauperibus,
2705 4764 2957 4820 faciamus
2987 4764 3125 4819 furta
3151 4762 3436 4830 divitibus;
3477 4776 3590 4830 aut,
3625 4776 3699 4820 te-

2127 4853 2371 4909 stimonia
2400 4854 2525 4908 falsa
2549 4854 2860 4921 vendamus,
2893 4854 3121 4910 maxime
3150 4855 3193 4909 si
3224 4870 3331 4910 non
3372 4856 3496 4911 inde
3541 4857 3703 4911 inno-

2127 4955 2309 5001 centes
2338 4943 2618 5013 laeduntur,
2664 4946 2758 5002 sed
2779 4957 3036 5003 nocentes
3067 4946 3242 5015 potius
3264 4945 3592 5003 damnaturis
3612 4947 3709 5013 ju—

2128 5035 2332 5092 dicibus
2356 5036 2651 5092 eruuntur?
2681 5036 2794 5091 Duo
2819 5037 2962 5092 enim
2993 5037 3129 5093 bona
3161 5036 3293 5093 ﬁunt
3326 5036 3482 5107 hujus
3521 5039 3708 5093 vendi-

2131 5127 2273 5184 tione
2315 5128 2598 5196 mendacii,
2629 5137 2688 5183 ut
2729 5138 2785 5184 et
2821 5130 3044 5199 pecunia
3089 5137 3330 5185 sumatur
3370 5128 3509 5184 unde
3552 5129 3711 5197 inops

2129 5220 2316 5281 alatur.
2340 5232 2394 5276 et
2408 5220 2570 5290 judea
2593 5219 2803 5275 fallatur
2818 5234 2885 5274 ne
2905 5220 3066 5276 homo
3083 5220 3346 5288 puniatur.
3368 5219 3710 5275 Testamenta

2130 5310 2287 5365 etiam
2315 5310 2360 5365 si
2389 5311 2673 5380 possimus,
2699 5325 2795 5366 cur
2820 5326 2924 5366 non
2944 5326 3066 5366 vera
3091 5310 3489 5380 supprimimus,
3507 5308 3709 5366 etfalsa

2130 5402 2495 5472 supponimus,
2525 5412 2579 5457 ut
2606 5401 2944 5458 ha-reditates
2984 5403 3065 5459 vel
3116 5404 3283 5472 legata
3326 5419 3432 5457 non
3481 5402 3710 5458 habeant

2131 5492 2348 5565 indigni.
2380 5496 2467 5566 qui
2498 5494 2629 5551 nihil
2653 5511 2720 5551 ex
2745 5495 2826 5552 eis
2846 5507 3134 5567 operantur
3161 5496 3318 5562 boni;
3348 5496 3443 5552 sed
3462 5494 3517 5550 hi
3534 5495 3711 5565 potius

2193 5672 2209 5703 ⁸
2231 5679 2329 5720 Am.
2356 5679 2407 5722 et
2442 5679 2567 5735 Mss,
2602 5685 2696 5722 non
2717 5671 2918 5724 emimus
2945 5685 2963 5724 :
2989 5680 3041 5724 et
3062 5672 3318 5735 infraloco,
3341 5670 3593 5735 eruendas,
3619 5668 3710 5722 ha-

2128 5732 2263 5793 bent,
2287 5733 2524 5785 emendos.
2552 5732 2559 5735 ⁷
3304 5732 3314 5735 ’
3578 5732 3587 5735 ⁷
3766 5750 3771 5757 α

2196 5796 2215 5828 ﬁ
2247 5794 2432 5855 Aliquot
2452 5803 2581 5856 uss.
2604 5794 2654 5847 in
2677 5793 3014 5861 blasphemiam
3040 5794 3322 5861 fornicum.
3668 5852 3733 5907 λ
