4142 6212
405 481 439 524 a
462 465 655 539 quibus
672 470 967 528 esurientes
991 477 1297 542 pascuntur,
1324 465 1450 523 nudi
1475 465 1796 532 vestiuntur,
1823 474 1983 533 pere-

405 557 541 630 grini
571 560 951 631 suscipiuntur,
983 560 1180 631 captivi
1208 558 1557 623 redimuntur,
1588 552 1830 611 ecclesia:
1858 566 1986 607 con-

406 651 722 706 struuntur?
747 650 856 708 Cur
880 653 1021 709 enim
1053 667 1158 708 non
1185 651 1315 706 flant
1341 651 1429 706 illa
1456 650 1591 704 mala
1621 656 1837 718 propter
1870 644 1987 699 haec

405 738 568 810 bona,
601 744 646 799 si
675 753 892 815 propter
915 744 1031 801 lucc
1068 745 1205 802 bona
1232 759 1330 799 nec
1358 744 1446 799 illa
1485 750 1609 798 sunt
1638 738 1807 796 mala?
1836 737 1981 793 Jam-

406 849 536 892 vero
556 836 601 891 si
621 836 812 908 aliqua:
842 837 1131 893 immunda:
1154 846 1209 894 et
1232 836 1421 893 divites
1452 834 1664 891 femina:
1701 831 1981 887 videantur

366 912 371 917 ’
407 937 676 984 amatores
700 936 754 983 et
779 935 1109 999 stupratores
1151 943 1276 984 suos
1324 930 1539 998 insuper
1579 926 1851 989 ditatum;
1893 937 1989 978 cur

407 1033 514 1075 non
544 1027 599 1073 et
624 1017 720 1093 has
737 1029 911 1090 partes
925 1030 1085 1091 atque
1109 1029 1252 1076 artes
1272 1019 1527 1090 suscipiat
1549 1019 1631 1074 vir
1655 1016 1980 1082 misericors,

409 1109 602 1179 quibus
631 1125 727 1180 pro
770 1121 873 1167 tam
922 1112 1060 1168 bona
1104 1128 1263 1169 causa
1293 1121 1492 1178 utatur,
1525 1120 1583 1166 ut
1612 1110 1804 1166 habeat
1845 1107 1984 1164 unde

410 1199 767 1271 indigentibus
795 1201 1076 1274 largiatur;
1102 1219 1202 1279 nec
1238 1204 1419 1259 audiat
1448 1201 1759 1274 Apostolum
1803 1200 1986 1255 dicen-

410 1300 543 1361 tem,
575 1294 675 1363 Qui
702 1295 984 1365 furabatur,
1010 1298 1124 1367 jant
1149 1314 1250 1351 non
1272 1297 1501 1366 furatur;
1528 1295 1689 1368 magis
1711 1302 1879 1347 autem
1909 1292 1987 1346 la-

408 1383 549 1440 boret
571 1402 783 1455 operam
809 1389 1038 1442 manibus
1064 1388 1169 1442 suis
1196 1388 1401 1454 bonum,
1444 1396 1497 1440 ut
1539 1387 1715 1441 habeat
1739 1383 1871 1438 unde
1895 1382 1989 1437 tri-

408 1479 559 1534 buere
580 1480 596 1511 ί
623 1479 705 1534 cui
732 1496 859 1551 opus
885 1489 955 1534 est
982 1479 1198 1552 (Ephes.
1244 1495 1321 1546 tv,
1373 1477 1507 1552 28)?
1547 1478 1602 1533 Si
1640 1476 1854 1548 quidem
1885 1489 1989 1530 non

409 1569 583 1627 solum
616 1571 787 1642 ipsum
815 1570 1032 1640 furtum,
1064 1588 1249 1628 verum
1298 1573 1456 1628 etiam
1502 1571 1692 1626 falsum
1747 1569 1989 1625 testimo-

410 1659 580 1722 nium,
612 1667 666 1715 et
690 1660 1029 1728 adullerium,
1075 1670 1128 1717 et
1156 1676 1316 1717 omne
1344 1674 1478 1731 opus
1506 1660 1701 1714 malum
1734 1674 1839 1713 non
1886 1657 1989 1713 erit

412 1749 633 1817 malum,
664 1749 757 1805 sed
789 1750 1005 1814 bonum.
1049 1752 1093 1808 si
1136 1768 1195 1808 ea
1226 1767 1384 1808 causa
1416 1760 1768 1825 perpetretur,
1820 1758 1876 1805 ut
1917 1750 1989 1804 sit

411 1838 555 1895 unde
574 1838 664 1895 flat
683 1839 902 1895 bonum.
930 1840 1060 1910 Quis
1086 1841 1185 1895 ista
1208 1841 1368 1907 dicat,
1392 1843 1490 1897 nisi
1514 1841 1602 1911 qui
1625 1856 1711 1895 res
1732 1839 1991 1894 humanas

410 1944 707 2002 omnesque
735 1939 957 1987 conatur
975 1947 1152 1988 mores
1177 1933 1427 2003 legesque
1464 1931 1812 1987 subvertere?
1838 1929 1991 2000 Quod

412 2022 556 2078 enim
578 2022 1051 2077 sceleratissimum
1075 2022 1299 2089 facinus,
1329 2023 1469 2093 quod
1500 2023 1865 2093 turpissimum
1892 2021 1991 2076 lla-

410 2113 623 2185 gitium,
646 2113 787 2183 quod
831 2110 1201 2184 impiissimum
1253 2114 1589 2185 sacrilegium
1639 2129 1743 2169 nou
1789 2113 1994 2170 dicatur

410 2218 569 2277 posse
598 2203 712 2269 fieri
741 2213 888 2261 recte
912 2215 1070 2277 atque
1090 2206 1263 2277 juste;
1294 2221 1391 2261 nec
1422 2204 1635 2277 impune
1663 2213 1888 2270 tantum,
1910 2220 1997 2260 ve-

412 2310 529 2353 rum
556 2296 715 2352 etiam
744 2295 994 2366 gloriose,
1024 2304 1083 2350 ut
1107 2295 1159 2350 in
1190 2310 1256 2351 eo
1288 2295 1659 2367 perpetrando,
1684 2310 1788 2350 non
1810 2294 1982 2351 solum

413 2387 671 2458 supplicia
702 2386 843 2442 nulla
881 2387 1189 2455 timeantur,
1212 2386 1306 2442 sed
1328 2395 1612 2457 apereutur
1637 2395 1693 2443 et
1729 2386 1949 2457 prmmia
1975 2404 1988 2439 :

413 2480 460 2537 si
503 2479 669 2536 semel
698 2481 1120 2536 concesserimus
1164 2481 1215 2536 in
1261 2480 1507 2535 omnibus
1548 2480 1699 2536 malis
1744 2479 1995 2550 operibus

415 2569 693 2626 hominum
717 2570 835 2627 ideo
860 2587 964 2627 non
992 2572 1116 2643 quid
1148 2570 1258 2639 fiat,
1288 2571 1383 2627 sed
1409 2586 1574 2642 quare
1599 2569 1690 2624 fiat
1714 2584 1834 2625 esse
1854 2583 1996 2638 quac-

415 2661 675 2729 rendum;
707 2672 763 2717 ut
782 2678 1133 2735 quzccumque
1161 2671 1379 2734 propter
1423 2661 1588 2717 bonas
1631 2675 1819 2717 causas
1859 2661 1995 2715 facta

417 2751 781 2821 inveniuntur,
808 2768 908 2810 nec
938 2755 1049 2826 ipsa
1080 2754 1216 2809 mala
1245 2769 1364 2809 esse
1384 2752 1723 2824 judiceutur?
1752 2753 1820 2806 At
1845 2751 1889 2805 si
1910 2750 1996 2821 ju-

416 2844 561 2900 stitia
592 2845 781 2900 merito
801 2847 951 2916 punit
981 2845 1173 2913 furem,
1207 2846 1366 2900 etiam
1397 2845 1487 2916 qui
1512 2844 1709 2899 dixerit
1732 2852 1786 2898 et
1811 2851 1996 2897 osten-

418 2938 558 2995 derit
580 2938 699 2995 ideo
723 2955 782 2996 se
807 2940 1132 2995 subtraxisse
1155 2939 1418 3010 superﬂua
1445 2937 1614 3005 diviti,
1646 2945 1706 2991 ut
1733 2936 1997 3006 przeberet

418 3035 721 3090 necessaria
748 3033 1000 3105 pauperi;
1032 3033 1078 3088 si
1106 3033 1295 3088 merito
1316 3031 1469 3103 punit
1512 3030 1807 3096 falsarium,
1838 3029 1996 3083 etiam

422 3128 513 3199 qui
540 3143 597 3183 se
623 3127 739 3184 ideo
761 3136 1135 3183 testamentum
1158 3127 1393 3181 alienum
1413 3123 1717 3195 corrupisse
1731 3120 1994 3185 docuerit,

423 3228 483 3275 ut
508 3220 596 3276 ille
623 3219 792 3276 haeres
816 3229 958 3276 esset
983 3219 1071 3291 qui
1102 3218 1333 3274 facturus
1361 3216 1481 3271 inde
1511 3216 1682 3270 fuerat
1702 3214 1999 3284 elecmosy-

424 3329 522 3369 nas
547 3312 734 3384 largas,
760 3327 864 3367 non
894 3310 982 3366 ille
1018 3308 1108 3381 qui
1149 3309 1349 3373 nullas;
1377 3308 1421 3362 si
1454 3306 1643 3361 merito
1669 3304 1820 3375 punit
1845 3302 1997 3357 adul-

425 3411 618 3469 terum,
661 3404 819 3459 etiam
845 3402 934 3473 qui
971 3396 1415 3457 demonstraverit
1446 3394 1808 3452 misericordia
1836 3408 1893 3449 se
1921 3390 2001 3449 fe-

425 3495 563 3552 cisse
593 3494 929 3558 adulterium,
957 3501 1013 3548 ut
1040 3508 1136 3563 per
1161 3491 1302 3546 illam
1319 3505 1438 3546 cum
1456 3504 1559 3560 qua
1586 3487 1728 3555 fecit,
1745 3486 1813 3541 dc
1828 3493 2001 3541 morte

427 3588 697 3643 hominem
719 3587 997 3651 liberaret;
1021 3593 1310 3655 postremo,
1336 3590 1391 3636 ut
1416 3580 1481 3635 ad
1505 3596 1614 3635 rem
1636 3580 1704 3635 de
1730 3594 1831 3649 qua
1852 3592 1999 3648 quac-

428 3681 530 3737 stio
549 3689 630 3736 est
661 3678 878 3750 propius
928 3674 1265 3738 accedamus,
1298 3672 1340 3726 si
1372 3671 1563 3727 merito
1582 3670 1737 3742 punit
1762 3683 1883 3725 eum
1911 3667 2000 3738 qui

432 3771 643 3828 femina:
658 3769 817 3824 alicui
835 3764 1352 3823 Priscillianistarum
1382 3759 1724 3831 turpitudinis
1752 3758 1998 3823 consciae,

430 3870 712 3936 propterea
743 3875 801 3915 se
830 3857 1130 3913 adulterino
1155 3854 1439 3911 concubitu
1467 3852 1696 3917 miscuit,
1737 3861 1796 3906 ut
1820 3851 1884 3905 ad
1910 3865 2004 3905 co-

427 3968 545 4008 rum
569 3951 800 4007 latebras
826 3947 1161 4019 perveniret:
1185 3945 1410 4000 obsecro
1440 3953 1509 4009 te,
1549 3957 1669 3996 cum
1699 3940 1841 3995 dicat
1862 3940 2006 4007 Apo-

429 4044 622 4106 stolus,
655 4042 765 4096 Nec
797 4038 1068 4095 exhibeatis
1106 4036 1325 4091 membra
1348 4044 1510 4089 vestra
1550 4049 1691 4086 arma
1725 4030 2003 4100 iniquitatis

433 4145 636 4210 peccato
663 4134 833 4207 (Rom.
862 4148 933 4196 vt,
961 4129 1080 4204 13);
1111 4138 1165 4186 et
1191 4129 1311 4185 ideo
1336 4143 1436 4183 nec
1458 4141 1667 4192 manus,
1698 4139 1797 4179 nec
1820 4138 2005 4193 corpo-

431 4230 510 4285 ris
537 4224 805 4299 genitalia,
846 4237 944 4278 nec
982 4222 1081 4277 alia
1111 4219 1351 4277 membra
1386 4217 1596 4289 flagitiis
1625 4215 1878 4272 exhibere
1905 4213 2004 4269 de-

439 4319 681 4381 beamus,
716 4325 770 4370 ut
813 4311 1234 4369 Priscillianistas
1277 4309 1515 4365 invenire
1557 4308 1849 4378 possimus;
1880 4304 2006 4376 quid

435 4426 535 4468 nos
554 4411 749 4479 lingua,
774 4405 899 4479 quid
923 4413 1091 4461 totum
1115 4418 1177 4458 os
1197 4412 1459 4468 nostrum,
1482 4400 1606 4470 quid
1632 4415 1887 4470 organum
1913 4412 2009 4453 vo-

435 4508 514 4561 cis
542 4500 776 4567 oll‘endit,
803 4509 862 4554 ut
890 4498 1004 4553 haec
1029 4495 1375 4553 cxhibeamus
1402 4509 1547 4548 arma
1568 4502 1806 4567 peccato,
1834 4500 2007 4549 tanto-

436 4612 538 4669 que
581 4603 817 4664 peccato,
848 4589 935 4645 ubi
979 4589 1143 4644 Deum
1185 4596 1447 4653 nostrum,
1488 4596 1549 4641 ut
1581 4584 2008 4640 Priscilliauistas

437 4686 798 4756 apprehensus
842 4682 911 4737 ab
948 4680 1254 4751 ignorantiae
1299 4677 1641 4748 blaspliemiis
1696 4692 1945 4733 eruamus
1961 4678 2005 4745 ’⁸,

438 4777 554 4833 sine
582 4774 921 4829 excusatione
948 4770 1257 4841 ignorantia:
1280 4768 1742 4838 blasphememus?

510 4864 735 4921 CAPUT
778 4862 907 4917 VIII.
946 4890 1016 4902 —
1056 4861 1142 4916 l9.
1173 4860 1436 4914 Peccatum
1479 4875 1585 4914 esse
1631 4874 1692 4913 ea:
1738 4858 2013 4913 intentione

444 4955 583 5011 aliud
625 4954 727 5009 alio
773 4952 963 5015 leuius;
1001 4966 1101 5003 non
1146 4958 1310 5002 tamen
1354 4949 1637 5019 faciendum
1673 4948 1848 5013 leuius,
1877 4948 2012 5020 quod

442 5064 576 5120 sirpe
604 5046 809 5101 alterius
834 5041 1028 5115 generis
1053 5049 1255 5111 peccato
1277 5040 1477 5109 grauius
1500 5049 1592 5093 est.
1620 5038 1765 5094 Dicet
1788 5040 2010 5109 aliquis:

445 5140 584 5210 Ergo
604 5136 892 5207 :rquandus
919 5141 1001 5189 est
1030 5131 1115 5186 l‘ur
1145 5129 1365 5201 quilibet
1387 5131 1434 5184 ei
1462 5129 1563 5184 furi
1592 5130 1680 5199 qui
1707 5130 2014 5185 misericoro

443 5229 547 5286 dia:
574 5229 845 5284 voluntate
888 5223 1126 5281 furatur?
1151 5223 1280 5289 Quis
1309 5222 1410 5276 hoc
1436 5220 1662 5277 dixerit?
1688 5220 1795 5276 Sed
1825 5221 2015 5277 horum

444 5321 667 5377 duorum
698 5335 803 5375 non
833 5318 955 5373 ideo
983 5326 1063 5374 est
1092 5316 1367 5387 quisquam
1393 5313 1583 5379 bonus,
1613 5312 1737 5383 quia
1765 5311 1914 5383 pejor
1936 5321 2017 5368 est

445 5427 603 5467 unus.
641 5411 798 5480 Pejor
835 5418 918 5463 est
958 5408 1098 5463 enim
1140 5406 1229 5477 qui
1271 5402 1713 5475 concupiscendo,
1742 5417 1899 5474 quam
1926 5403 2016 5474 qui

445 5502 751 5559 miserando
771 5499 977 5555 furatur
1000 5516 1014 5554 :
1036 5498 1130 5554 sed
1151 5497 1195 5551 si
1224 5496 1420 5552 furtum
1441 5510 1600 5551 omne
1620 5502 1892 5565 peccatum
1911 5504 2015 5563 est,

446 5595 516 5651 ab
541 5596 684 5651 omni
715 5594 854 5650 furto
886 5604 965 5649 cst
992 5592 1382 5648 abstinendum.
1408 5590 1538 5660 Quis
1563 5590 1701 5645 enim
1731 5588 1873 5645 dicat
1899 5604 2019 5646 esse

513 5733 530 5763 ⁸
566 5732 639 5780 sic
662 5739 766 5782 MSS.
790 5730 905 5779 Fditi
929 5740 1063 5787 vero,
1089 5727 1214 5779 unde
1236 5726 1429 5779 tribuat.

510 5793 534 5825 ’
565 5791 656 5843 Soli
680 5792 816 5852 editi,
839 5803 1090 5843 servemus.

1808 336 2011 397 LIBER
2050 334 2137 393 UN
2145 338 2246 399 US.

3565 350 3678 411 διο

2096 460 2441 533 peccandum,
2466 465 2673 522 etiamsi
2698 464 2840 522 aliud
2861 466 2929 524 sit
2948 465 3268 536 damnabile,
3293 467 3436 527 aliud
3458 471 3673 529 veniale

2093 556 2401 624 peccatum?
2433 556 2584 613 Nunc
2625 567 2799 614 autem
2840 561 3162 630 quaerimus,
3192 562 3235 617 si
3276 560 3379 618 hoc
3417 573 3508 619 aut
3538 563 3672 621 illud

2091 648 2317 720 quisque
2337 651 2538 720 fecerit,
2561 652 2678 723 quis
2704 667 2809 707 non
2838 653 3104 722 peccabit,
3124 654 3236 709 sive
3262 654 3535 725 peccabit;
3560 671 3670 710 non

2092 740 2211 811 quis
2235 741 2448 811 gravius
2477 742 2712 798 leviusve
2741 743 2995 814 peccabit.
3023 743 3153 799 Nam
3195 753 3249 800 et
3289 745 3399 816 ipsa
3430 745 3568 801 furta
3595 746 3673 801 lc-

2091 833 2210 890 vius
2236 834 2417 905 utique
2444 836 2730 905 puniuntur
2754 836 2890 907 lege,
2914 852 3071 907 quam
3097 845 3279 909 stupra
3302 854 3316 897 ;
3340 847 3464 893 sunt
3489 847 3671 893 autem

2092 934 2316 997 utraque
2339 935 2573 996 peccata,
2601 927 2843 997 quamvis
2868 928 2970 982 alia
3009 926 3226 995 leviora,
3256 928 3355 983 alia
3385 928 3670 998 graviora;

2094 1016 2167 1073 ita
2210 1027 2266 1073 ut
2305 1018 2473 1074 levius
2513 1019 2769 1075 habeatur
2808 1017 3003 1075 furtum
3043 1020 3183 1091 quod
3220 1020 3668 1092 concupiscendo,

2093 1124 2250 1180 quam
2283 1118 2523 1180 stuprum
2551 1110 2691 1181 quod
2720 1110 3082 1166 subveniendo
3101 1112 3467 1166 committitur.
3492 1113 3549 1166 In
3571 1128 3671 1169 suo

2092 1201 2285 1272 quippe
2314 1216 2507 1271 genere
2546 1201 2664 1255 aliis
2692 1200 2930 1270 ejusdem
2960 1203 3171 1272 generis
3198 1202 3432 1273 peccatis
3471 1203 3672 1259 leviora

2094 1291 2243 1358 fluut,
2272 1310 2389 1363 quae
2422 1293 2562 1348 bono
2594 1295 2773 1349 animo
2802 1293 3045 1349 videntur
3070 1294 3310 1360 admitti;
3341 1310 3461 1350 cum
3494 1303 3673 1353 tamen

2094 1395 2149 1441 et
2174 1386 2285 1455 ipsa
2316 1384 2534 1440 alterius
2560 1385 2773 1455 generis
2804 1386 3035 1455 peccatis
3076 1385 3191 1456 ipso
3228 1401 3325 1441 suo
3360 1401 3555 1456 genere
3596 1387 3674 1442 le-

2094 1476 2333 1532 vioribus
2361 1476 2694 1532 inveniantur
2720 1493 2840 1533 esse
2869 1479 3130 1548 graviora.
3161 1476 3387 1533 Gravius
3414 1486 3498 1532 est
3526 1478 3671 1533 enim

2094 1569 2347 1637 avaritia,
2379 1586 2538 1640 qum]
2578 1570 2939 1625 misericordia
2972 1570 3166 1625 furtum
3198 1569 3406 1635 facere;
3440 1571 3673 1641 itemque

2096 1670 2336 1732 stuprum
2363 1662 2577 1732 gravius
2603 1670 2685 1717 est
2714 1662 2943 1727 luxuria,
2971 1677 3129 1733 quam
3160 1661 3519 1716 misericordia
3549 1677 3673 1731 per-

2097 1765 2305 1826 petrare
2326 1775 2337 1809 :
2358 1765 2410 1821 et
2436 1765 2607 1811 tamen
2629 1756 2838 1827 gravius
2861 1765 2942 1811 est
2960 1756 3257 1811 adulterare
3282 1755 3671 1823 misericordia,

2096 1861 2255 1918 quam
2298 1847 2457 1902 furari
2498 1847 2735 1902 avaritia.
2760 1846 2940 1915 Neque
2966 1861 3106 1900 nunc
3133 1848 3306 1917 agitur
3333 1846 3459 1916 quid
3488 1849 3558 1901 sit
3590 1846 3670 1900 le-

2096 1938 2212 1993 vius
2236 1940 2347 1993 sive
2374 1939 2606 2009 gravius,
2636 1939 2727 1995 scd
2757 1955 2874 2009 quae
2898 1939 3004 1995 sint
3037 1948 3253 2010 peccata
3284 1938 3369 1993 vel
3401 1953 3503 1992 non
3543 1937 3671 1994 sint.

2096 2026 2265 2083 Nemo
2288 2027 2428 2083 enim
2456 2028 2648 2084 dixerit
2677 2029 2922 2084 debuisse
2950 2028 3178 2098 peccari,
3209 2028 3294 2083 ubi
3317 2036 3524 2084 constat
3553 2041 3675 2083 esse

2099 2129 2372 2191 peccatum
2404 2139 2417 2175 :
2451 2121 2543 2177 sed
2570 2121 2765 2177 debere
2794 2120 3042 2187 dicimus,
3079 2121 3124 2177 si
3165 2119 3235 2174 ita
3264 2119 3349 2175 vel
3388 2120 3459 2174 ita
3488 2132 3675 2189 pecca-

2101 2220 2208 2266 tum
2236 2220 2333 2276 est,
2359 2213 2556 2283 ignosci
2588 2213 2671 2268 vel
2700 2228 2804 2268 non
2835 2212 3059 2284 ignosci.

2168 2301 2395 2358 CAPUT
2433 2302 2522 2358 IX.
2550 2334 2621 2344 —
2643 2304 2733 2359 20.
2764 2302 2983 2359 Peccata
3019 2303 3389 2373 compensativa
3429 2318 3518 2355 nec
3559 2301 3675 2369 ipsa

2098 2392 2407 2446 admittenda
2436 2410 2556 2448 esse.
2578 2392 2791 2447 Factum
2810 2393 2939 2448 Loth
2966 2392 3222 2461 oﬁ'erentis
3247 2395 3381 2461 ﬁlias
3408 2409 3528 2447 suas
3552 2408 3675 2446 con-

2099 2483 2465 2552 stupratoribus
2494 2483 2790 2539 Sodomitis.
2824 2481 3129 2554 Exemplum
3165 2484 3294 2538 Loth
3338 2486 3514 2538 timore
3554 2495 3676 2539 tunc

2100 2574 2378 2645 perturbati
2412 2591 2510 2629 non
2556 2575 2872 2629 imitandum.
2913 2575 3023 2629 Nec
3052 2578 3334 2648 exemplum
3361 2576 3526 2630 Dauid
3569 2593 3677 2648 pra:

2097 2666 2177 2720 ira
2200 2668 2445 2738 jurantis.
2480 2667 2614 2734 Quid
2642 2667 2828 2734 David,
2867 2669 3046 2740 quidue
3083 2669 3180 2740 ipsi
3219 2668 3347 2723 Loth
3392 2670 3678 2741 faciendum

2100 2759 2284 2830 fuerat.
2304 2758 2435 2814 Loth
2455 2776 2486 2813 a
2510 2770 2710 2832 peccato
2730 2761 2931 2832 defendi
2946 2762 3195 2830 quomodo
3213 2763 3297 2817 vix
3318 2763 3490 2832 possit.
3515 2760 3677 2816 Facta

2100 2867 2133 2905 α
2170 2852 2355 2907 sanctis
2399 2870 2500 2907 non
2541 2853 2709 2906 omnia
2756 2853 2809 2907 in
2849 2869 3011 2908 mores
3056 2853 3424 2923 transferenda.
3453 2852 3673 2919 Verum,

2101 2944 2242 3016 quod
2291 2944 2563 3001 fatendum
2610 2954 2714 3012 est,
2759 2946 2831 3000 ita
2877 2946 3137 3001 humanos
3180 2947 3386 3003 animos
3434 2948 3677 3018 quaedam

2101 3038 2496 3107 compensativa
2528 3044 2743 3107 peccata
2783 3038 3117 3107 perturbant,
3151 3046 3209 3092 ut
3237 3038 3394 3093 etiam
3428 3048 3680 3107 putentur

2102 3125 2298 3181 debere
2326 3124 2551 3192 laudari,
2581 3140 2643 3180 ac
2689 3126 2862 3196 potius
2900 3134 3044 3181 recte
3082 3124 3219 3181 facta
3255 3126 3517 3182 dicantur.
3551 3128 3681 3194 Quis

2103 3215 2245 3271 enim
2287 3215 2493 3270 dubitet
2529 3230 2651 3270 esse
2692 3215 2892 3286 grande
2929 3224 3235 3287 peccatum,
3268 3217 3311 3271 si
3351 3227 3503 3287 pater
3545 3218 3681 3273 ﬁlias

2103 3319 2228 3361 suas
2266 3305 2548 3377 prostituat
2590 3304 3027 3360 fornicationibus
3062 3306 3380 3375 impiorum?
3408 3306 3474 3361 Et
3503 3318 3679 3363 tamen

2104 3396 2306 3453 exstitit
2333 3410 2491 3451 causa
2520 3410 2622 3466 qua
2647 3395 2750 3451 hoc
2776 3396 2856 3450 vir
2875 3395 3049 3466 justus
3068 3396 3264 3452 debere
3284 3411 3341 3452 se
3366 3396 3542 3453 facere
3567 3398 3681 3454 exi-

2104 3488 2371 3553 stimarct,
2407 3486 2619 3557 quando
2650 3485 2937 3543 Sodomita:
2975 3485 3179 3543 nefario
3212 3488 3443 3543 libidinis
3479 3489 3682 3559 impetu

2105 3576 2401 3647 hospitibus
2436 3578 2551 3647 ejus
2595 3577 2885 3632 irruebant.
2908 3578 2997 3632 Ait
3023 3578 3165 3633 enim
3196 3596 3209 3630 :
3244 3578 3376 3634 Sunt
3416 3580 3539 3633 mihi
3568 3580 3683 3634 duce

2106 3667 2229 3737 ﬁlice
2269 3683 2384 3735 qua:
2424 3683 2525 3721 non
2562 3679 2893 3738 cognoverunt
2926 3668 3085 3721 virum
3108 3686 3127 3723 :
3151 3670 3424 3740 producam
3461 3671 3578 3726 illas
3615 3671 3683 3725 ad

2106 3775 2222 3826 vos,
2250 3767 2295 3813 et
2320 3759 2516 3813 utimini
2553 3760 2623 3813 eis
2655 3760 2903 3829 quomodo
2941 3760 3183 3829 placuerit
3215 3762 3389 3825 vobis;
3410 3771 3603 3816 tantum
3628 3764 3683 3818 in

2107 3852 2238 3906 viros
2276 3852 2397 3905 istos
2431 3867 2494 3905 ne
2529 3851 2728 3923 faciatis
2761 3850 3008 3918 iniquum,
3032 3862 3295 3920 propterea
3318 3854 3435 3924 quia
3459 3855 3683 3907 intrave-

2107 3953 2226 3999 runt
2254 3943 2344 3998 sub
2374 3953 2556 3997 lectum
2587 3944 2839 4014 tignorum
2864 3959 3088 3997 meorum
3118 3941 3268 4010 (Gen.
3299 3960 3407 4010 xxx,
3436 3943 3513 4016 8).
3546 3944 3686 4012 Quid

2110 4036 2195 4092 hic
2232 4036 2508 4091 dicemus?
2537 4035 2724 4091 Nonne
2763 4036 2831 4090 ita
2863 4035 2990 4090 illud
3029 4036 3203 4091 scelus
3233 4036 3372 4107 quod
3396 4036 3686 4093 Sodomita:

2110 4128 2406 4197 hospitibus
2426 4128 2564 4183 illius
2575 4129 2675 4183 viri
2693 4129 2820 4199 justi
2842 4128 3015 4185 facere
3036 4129 3366 4185 conabantur
3382 4130 3687 4198 horremus,

2111 4230 2171 4277 ut
2195 4221 2445 4292 quidquid
2476 4220 2626 4277 ﬂeret
2654 4237 2723 4275 ne
2751 4222 2854 4277 hoc
2880 4222 3051 4289 lieret,
3075 4222 3395 4278 arbitremur
3420 4222 3585 4278 fuisse
3608 4221 3690 4277 fa-

2110 4312 2391 4368 ciendum?
2432 4311 2606 4368 Movet
2650 4313 2809 4369 etiam
2857 4313 3086 4368 maxime
3134 4328 3359 4384 persona
3408 4312 3689 4380 facientis,

2112 4419 2230 4475 qua:
2268 4403 2458 4460 merito
2491 4403 2709 4475 justitite
2751 4403 3074 4459 liberabatur
3097 4420 3127 4459 a
3151 4404 3397 4461 Sodomis
3428 4424 3442 4460 :
3472 4414 3530 4460 ut
3558 4420 3693 4475 quo-
3726 4462 3736 4507 ’

2112 4495 2253 4549 niam
2293 4494 2469 4549 minus
2498 4495 2694 4549 malum
2724 4503 2806 4548 est
2850 4493 3074 4549 feminas
3110 4510 3265 4563 quam
3301 4495 3445 4550 viros
3483 4497 3691 4564 perpeti
3726 4493 3731 4519 ⁵

2114 4596 2375 4657 stuprum,
2397 4587 2558 4641 etiam
2582 4588 2681 4639 hoc
2700 4585 2765 4639 ad
2782 4586 3038 4654 justitiam
3056 4586 3184 4655 justi
3212 4586 3349 4640 illius
3370 4588 3693 4657 pertinuisse

2114 4677 2339 4741 dicatur,
2383 4677 2522 4746 quod
2568 4676 2619 4730 in
2664 4675 2874 4730 filiabus
2914 4675 3017 4729 hoc
3059 4675 3243 4729 maluit
3283 4675 3394 4729 fieri
3436 4691 3592 4746 quam
3638 4677 3691 4731 in

2117 4768 2412 4838 hospitibus
2441 4768 2582 4832 suis;
2618 4783 2720 4821 non
2761 4775 2961 4821 tantum
2991 4765 3043 4821 id
3067 4766 3254 4821 volens
3280 4766 3477 4829 animo,
3506 4782 3691 4822 verum

2116 4868 2171 4913 et
2196 4857 2426 4912 offerens
2454 4857 2637 4923 verbo,
2664 4856 2789 4911 etsi
2820 4856 2894 4910 illi
2938 4855 3141 4910 assensi
3180 4854 3403 4909 fuissent
3442 4854 3693 4924 impletu-

2119 4963 2211 5004 rus
2238 4956 2294 5003 et
2319 4947 2477 5002 facto.
2503 4946 2607 5002 Sed
2637 4947 2683 5001 si
2712 4945 2847 5000 hanc
2875 4942 3107 5015 peccatis
3142 4943 3506 5013 aperuerimus
3531 4943 3693 5010 viam,

2119 5048 2180 5094 ut
2220 5039 2611 5094 committamus
2639 5039 2842 5092 minora
2870 5051 2937 5091 ne
2966 5036 3053 5090 alii
3084 5035 3282 5106 majora
3323 5035 3695 5101 committant;

2122 5130 2230 5186 lato
2255 5131 2442 5194 limite,
2472 5130 2580 5185 imo
2605 5130 2753 5184 nullo
2777 5129 2961 5193 limite,
2991 5128 3086 5183 sed
3116 5126 3382 5183 convulsis
3402 5136 3457 5181 et
3477 5125 3696 5181 remetis

2123 5222 2369 5277 omnibus
2396 5221 2635 5276 terminis
2664 5219 2869 5274 infinito
2893 5212 3063 5289 spatio
3088 5228 3277 5274 cuncta
3318 5216 3590 5271 intrabunt
3613 5225 3697 5269 at-

2123 5328 2228 5384 que
2248 5311 2561 5381 regnabant.
2582 5309 2803 5379 Quando
2826 5310 2969 5365 enim
2996 5308 3154 5365 fuerit
3178 5308 3450 5363 deﬁnitum
3472 5320 3699 5376 peccau-

2125 5404 2249 5460 dum
2293 5418 2414 5459 esse
2454 5401 2655 5457 homini
2698 5401 2893 5466 minus,
2936 5415 3003 5456 ne
3039 5400 3177 5455 alius
3214 5405 3403 5477 peccet
3434 5396 3696 5465 amplius;

2127 5495 2363 5567 profecto
2403 5502 2458 5549 et
2498 5492 2650 5547 furtis
2689 5492 2885 5547 nostris
2918 5500 3104 5560 stupra
3146 5489 3477 5545 cavebantur
3504 5485 3698 5545 aliena,

2128 5595 2183 5644 et
2205 5587 2404 5642 incesta
2428 5583 2661 5654 stupris;
2684 5590 2739 5637 et
2763 5581 2807 5635 si
2833 5595 2937 5651 qua
2963 5579 3206 5649 impietas
3228 5577 3338 5633 visa
3367 5576 3524 5632 fuerit
3540 5575 3702 5630 etiam

2130 5680 2280 5752 pejor
2329 5678 2577 5742 incestis,
2620 5675 2818 5730 incesta
2866 5687 3077 5745 quoque
3116 5670 3354 5727 facienda
3392 5669 3632 5724 dicentur
3670 5683 3704 5723 a

2133 5773 2307 5840 nobis,
2338 5771 2382 5829 si
2408 5785 2476 5829 eo
2500 5768 2660 5827 modo
2690 5768 2776 5839 agi
2802 5766 3093 5845 potuerint,
3126 5773 3184 5823 ut
3209 5764 3297 5822 illa
3325 5763 3570 5833 impietas
3596 5773 3701 5817 non
