4140 6216
464 383 560 441 551
897 423 912 450 ε

462 501 825 556 committatur
849 500 914 555 ab
947 497 1099 555 aliis:
1128 507 1179 553 ct
1211 498 1261 552 in
1295 497 1512 568 singulis
1542 495 1836 568 quibusque
1873 509 2040 565 gene-

462 595 611 650 ribus
645 604 1002 664 peccatorum,
1039 602 1092 646 et
1133 592 1269 645 furta
1310 606 1408 662 pro
1451 590 1622 654 furtis,
1653 598 1706 644 ct
1736 599 1915 659 stupra
1947 603 2044 658 pro

462 689 679 756 stupris,
705 696 755 740 et
788 688 985 739 incesta
1017 702 1111 754 pro
1138 685 1374 750 incestis,
1404 692 1454 738 et
1496 682 1770 752 sacrilegia
1810 697 1909 750 pro
1953 695 2042 735 sa-

464 780 693 848 crilegiis
721 779 958 832 facienda
990 779 1347 847 putabuntur:
1373 786 1550 831 nostra
1583 792 1679 847 pro
1704 777 1912 840 alienis,
1937 789 2042 831 non

463 873 631 924 solum
666 871 865 923 minora
897 887 990 940 pro
1019 869 1326 938 majoribus,
1358 883 1538 922 verum
1573 868 1731 921 etiam
1761 866 1802 921 si
1834 865 1898 920 ad
1929 867 2042 936 ipsa

459 982 664 1020 summa
708 974 760 1019 et
802 967 1027 1033 pessima
1067 965 1327 1028 veniatur,
1361 963 1603 1032 pauciora
1637 975 1732 1030 pro
1767 960 2041 1030 pluribus;

459 1060 502 1112 si
535 1074 590 1112 se
632 1059 704 1112 ita
734 1075 910 1111 rerum
949 1068 1124 1111 verset
1168 1055 1429 1118 incursus,
1465 1065 1519 1108 ut
1550 1055 1704 1108 aliter
1732 1054 1818 1107 alii
1851 1069 1954 1107 non
1985 1067 2046 1108 se

463 1152 763 1205 abstineant
784 1166 809 1202 a
835 1150 1086 1219 peccatis,
1114 1149 1211 1202 nisi
1237 1149 1409 1202 minus
1430 1147 1719 1216 aliquanto,
1745 1145 1835 1200 sed
1865 1153 2044 1200 tamen

455 1244 800 1314 peccantibus
816 1243 990 1304 nobis;
1010 1242 1077 1294 ita
1093 1250 1146 1294 ut
1165 1241 1382 1294 omnino
1406 1240 1488 1292 uhi
1505 1239 1950 1292 dixeritinimicus
1968 1236 2042 1307 (τι)

458 1334 548 1404 qui
581 1333 823 1387 habuerit
850 1332 1150 1401 hujusmodi
1183 1339 1494 1401 potestatem
1526 1329 1568 1394 ¹,
1592 1329 1702 1383 Nisi
1734 1338 1787 1382 tu
1817 1330 2045 1383 scelera-

460 1436 546 1479 tus
580 1425 760 1490 fueris,
793 1440 891 1493 ego
922 1424 1231 1476 sceleratior
1261 1438 1374 1484 ero,
1409 1431 1497 1475 aut
1526 1421 1625 1474 nisi
1655 1430 1708 1474 tu
1739 1420 1839 1474 hoc
1867 1418 2043 1474 scelus

459 1518 671 1580 feceris,
698 1532 795 1586 ego
825 1517 943 1570 talia
970 1517 1118 1585 plura
1149 1515 1333 1568 faciant
1357 1532 1368 1577 ;
1395 1513 1569 1568 scelus
1600 1512 1750 1566 nobis
1771 1512 2045 1565 videamur

458 1610 761 1675 admittere,
800 1609 842 1661 si
882 1609 1104 1661 velimus
1138 1607 1204 1658 ab
1236 1606 1435 1660 scelere
1468 1615 1781 1673 temperare.
1814 1603 1925 1656 lloc
1959 1618 2044 1657 sa-

456 1716 586 1772 pere
627 1701 753 1770 quid
791 1710 890 1766 est,
935 1699 1033 1752 nisi
1077 1699 1341 1767 desipere,
1372 1698 1456 1750 vel
1488 1697 1661 1766 potius
1703 1696 1970 1751 insanire?
2002 1697 2044 1749 A

459 1805 577 1847 mea
602 1792 794 1860 quippe
821 1791 1118 1861 iniquitate,
1145 1805 1251 1843 non
1279 1789 1345 1842 ab
1371 1790 1558 1848 aliena,
1590 1789 1701 1843 sive
1726 1789 1776 1842 in
1803 1803 1908 1853 me,
1933 1787 2046 1843 sive

458 1883 513 1936 in
544 1883 675 1936 alios
697 1892 1020 1952 perpetrata,
1045 1881 1173 1934 mihi
1197 1891 1277 1934 est
1300 1880 1532 1935 cavenda
1555 1879 1842 1933 damnatio.
1863 1879 2046 1932 Anima

457 1977 600 2031 enim
629 1993 739 2046 qum
766 1977 1060 2045 peccaverit,
1088 1977 1197 2046 ipsa
1225 1976 1463 2028 morietur
1494 1973 1702 2046 (Ezeclt.
1731 1989 1878 2039 xvttt,
1912 1971 1989 2042 4).

529 2066 619 2121 2|.
661 2068 714 2123 Si
746 2083 874 2135 ergo
915 2083 1134 2137 peccare
1155 2110 1169 2134 ,
1213 2084 1277 2122 ne
1312 2067 1526 2138 gravius
1557 2067 1639 2120 vel
1670 2066 1720 2120 in
1751 2081 1850 2120 nos
1877 2066 1960 2120 vel
1993 2065 2044 2120 in

457 2161 727 2230 quoslibet
769 2160 856 2213 alii
901 2169 1144 2230 peccent,
1178 2159 1364 2230 procul
1405 2159 1564 2214 dubio
1607 2173 1710 2214 ιιοιι
1750 2159 2038 2225 debemus;

459 2253 904 2308 considerandum
924 2264 1004 2307 cst
1029 2254 1080 2307 in
1104 2267 1168 2308 eo
1189 2251 1328 2322 quod
1351 2251 1646 2318 fecitLoth,
1669 2261 1841 2306 utrum
1867 2267 2045 2306 exem-

456 2345 604 2416 plum
645 2345 713 2398 sit
753 2344 891 2414 quod
933 2345 1148 2412 imitari,
1179 2360 1246 2398 an
1272 2341 1450 2415 potius
1476 2344 1618 2414 quod
1646 2345 1813 2398 vitare
1851 2342 2046 2397 debea-

456 2453 596 2491 mus.
613 2435 773 2504 Magis
795 2437 934 2489 enim
954 2436 1159 2489 videtur
1183 2435 1494 2490 intuendum
1519 2444 1571 2489 et
1592 2435 1900 2498 notandum,
1923 2451 2044 2490 cum

457 2537 563 2583 tam
603 2529 928 2584 horrendum
971 2529 1166 2582 malmn
1207 2545 1276 2583 ex
1319 2529 1588 2599 impietate
1634 2530 2043 2601 ﬂagitiosissima

453 2619 850 2676 Sodomitarmn
882 2621 990 2674 suis
1021 2619 1351 2689 impenderet
1375 2620 1692 2688 hospitibus,
1719 2621 1858 2691 quod
1882 2638 2044 2692 cupe-

451 2720 536 2766 ret
557 2711 843 2780 depellere,
866 2729 959 2764 nec
985 2711 1202 2776 valeret,
1234 2711 1310 2764 sic
1335 2711 1493 2764 etiam
1522 2711 1648 2781 justi
1676 2712 1912 2766 animum
1941 2729 2041 2784 p0-

456 2804 623 2858 tuisse
654 2805 871 2866 turbari,
914 2813 968 2856 ut
998 2804 1158 2858 vellet
1189 2803 1360 2858 facere
1397 2805 1537 2873 quod
1581 2821 1686 2857 non
1725 2804 1938 2858 humani
1979 2805 2044 2860 ti-

451 2897 619 2950 moris
653 2896 905 2950 nebulosa
937 2902 1244 2964 tempestas,
1279 2895 1369 2948 SCll
1400 2895 1562 2948 divini
1591 2895 1727 2962 juris
1760 2897 2040 2967 tranquilla

455 2988 734 3052 serenitas,
777 2989 820 3040 si
861 2988 1169 3040 consulatur
1192 3003 1220 3039 a
1250 2986 1422 3052 nobis,
1461 2986 1756 3042 faciendmn
1791 3005 1892 3044 non
1922 3005 2041 3047 esse

455 3081 738 3145 clamabit;
769 3089 821 3133 et
847 3079 1053 3148 juhehit
1097 3079 1271 3147 potius
1302 3089 1358 3132 ut
1388 3079 1464 3134 sic
1493 3091 1671 3134 nostra
1706 3091 1918 3152 peccata
1949 3099 2040 3138 ca-

451 3188 775 3236 veamus,ne
823 3171 1051 3224 ullorum
1100 3187 1317 3240 prorsus
1359 3172 1652 3227 alienorum
1702 3184 2037 3244 peccatorum

455 3265 645 3318 timore
670 3280 971 3334 peccemus.
998 3265 1181 3317 Aliena
1210 3267 1404 3335 quippe
1432 3267 1517 3320 ille
1541 3268 1623 3321 vir
1643 3268 1818 3338 justus
1852 3271 2042 3326 timcnd

455 3355 522 3412 do
547 3368 780 3426 ιιιξῡ(·;ιῐλι,
807 3373 923 3426 qua)
943 3353 1041 3409 nisi
1066 3358 1462 3411 consentientes
1488 3358 1763 3429 inquinare
1785 3378 1886 3414 non
1911 3377 2037 3432 pos-

453 3458 598 3514 sunt,
628 3449 960 3517 perturbatus
994 3464 1096 3500 non
1128 3449 1354 3502 attendit
1377 3464 1554 3516 suum,
1579 3468 1684 3518 quo
1715 3454 1879 3506 voluit
1908 3454 2037 3509 sub-

454 3541 582 3597 dere
615 3542 746 3594 lilias
777 3542 1080 3594 libidinibus
1109 3541 1412 3610 impiorum.
1435 3541 1559 3596 lltee
1581 3545 1791 3612 quando
1817 3547 1864 3599 in
1891 3548 2036 3602 Scri-

455 3635 625 3704 pturis
651 3635 847 3687 sanctis
877 3634 1121 3703 legimus,
1154 3649 1257 3685 non
1301 3633 1421 3688 ideo
1455 3635 1574 3703 quia
1609 3633 1740 3689 facta
1770 3637 2040 3694 credimus

453 3724 612 3780 etiam
639 3723 879 3777 facienda
907 3722 1221 3785 credamus;
1247 3740 1315 3777 ne
1334 3724 1588 3778 violemus
1609 3737 1891 3796 pra‘ccpta,
1911 3728 2038 3784 dum

451 3817 648 3887 passim
679 3826 943 3870 sectamur
967 3814 1232 3884 exen'ipla.
1252 3815 1331 3868 An
1355 3831 1482 3870 vero
1508 3816 1628 3886 quia
1657 3818 1852 3886 juravit
1876 3819 2038 3876 David

450 3924 510 3964 se
557 3909 858 3963 occisurum
904 3923 1024 3962 esse
1068 3905 1252 3972 Nabal,
1303 3917 1355 3962 et
1403 3908 1686 3962 clementia
1730 3910 2037 3965 Considera-

449 4000 584 4056 tiore
613 4004 631 4031 ⁹
657 4017 763 4054 ιιοιι
792 4001 918 4054 fecit
943 4002 985 4067 (Ι
1018 4001 1142 4071 Reg.
1177 4017 1309 4067 xxv,
1336 4000 1552 4072 22-55),
1585 4014 1859 4072 propterea
1890 4005 2037 4060 illum

449 4093 763 4148 imitandum
795 4110 912 4146 esse
934 4093 1194 4160 dicemus,
1227 4103 1286 4146 ut
1313 4101 1513 4146 temere
1539 4095 1777 4162 jnremus
1800 4112 1894 4149 nos
1920 4112 2038 4152 esse

448 4183 702 4247 facturos,
735 4183 873 4250 quod
917 4199 1018 4235 non
1047 4199 1162 4236 esse
1191 4183 1487 4238 faciendum
1520 4195 1698 4253 postea
1728 4187 2037 4242 videamus?

449 4274 556 4329 Sed
587 4275 723 4326 sicut
751 4273 898 4326 illum
933 4275 1108 4337 timor,
1139 4283 1196 4326 ut
1225 4277 1543 4344 prostituere
1576 4277 1710 4332 tilias
1740 4281 1926 4342 vellet;
1961 4277 2037 4333 sic

453 4368 635 4432 istum,
668 4377 723 4419 ut
756 4377 951 4421 temere
976 4368 1212 4437 jnraret,
1253 4368 1328 4422 ira
1359 4369 1606 4424 turbavit.
1635 4372 1868 4444 Denique
1900 4377 1940 4426 si
1970 4374 2036 4431 de

447 4461 710 4516 ambobus
740 4460 1114 4530 interrogando
1148 4472 1201 4514 ut
1233 4461 1471 4517 dicerent
1510 4481 1603 4519 cur
1642 4465 1753 4520 lucc
1793 4467 2030 4533 fecerint,

448 4556 528 4610 fas
577 4557 728 4611 nobis
780 4566 923 4610 esset
970 4557 1268 4624 inrptirere,
1319 4568 1501 4628 posset
1548 4560 1634 4612 ille
1685 4561 2030 4629 respondere,

447 4649 622 4705 Timor
652 4661 695 4703 ct
728 4661 912 4703 tremor
942 4660 1179 4705 venerunt
1207 4668 1358 4720 super
1388 4669 1484 4718 me,
1516 4663 1562 4706 et
1600 4665 1920 4708 contexerant
1958 4673 2034 4708 me

446 4746 661 4800 tenebnr
700 4745 870 4812 (Paul.
897 4761 1000 4810 LIV,
1035 4744 1120 4815 (5);
1149 4755 1328 4813 posset
1357 4747 1514 4800 etiam
1544 4747 1723 4801 dicere
1751 4748 1871 4815 iste,
1903 4747 2032 4803 Tur-

446 4835 594 4890 batus
615 4849 684 4888 est
709 4852 814 4906 pra:
838 4837 915 4888 ira
937 4837 1110 4888 oculus
1139 4852 1275 4890 meus
1299 4835 1470 4904 (Psal.
1496 4854 1566 4904 vt,
1593 4838 1648 4908 8)
1675 4857 1686 4891 :
1714 4848 1769 4892 ut
1797 4855 1898 4894 non
1930 4841 2029 4895 mi-

447 4943 689 4983 raremur
714 4927 793 4980 vel
817 4928 960 4981 illmn
993 4928 1044 4981 in
1076 4927 1282 4981 timoris
1305 4928 1558 4992 tenebris,
1585 4931 1667 4983 vel
1698 4932 1853 4985 istum
1876 4934 2031 4988 oculo

447 5018 661 5072 turbato
693 5033 795 5071 non
828 5019 1024 5073 vidisse
1050 5020 1189 5088 quod
1219 5019 1505 5074 videndum
1536 5019 1669 5087 fuit,
1702 5039 1769 5078 ne
1794 5022 2032 5080 facerent

442 5111 583 5182 quod
618 5109 914 5165 faciendum
946 5127 1050 5164 non
1082 5109 1198 5164 fuit.

513 5201 604 5256 2'2.
647 5201 715 5255 Et
762 5211 945 5254 sancto
996 5201 1209 5271 quidem
1258 5201 1421 5256 David
1464 5203 1659 5273 justius
1703 5205 1805 5260 dici
1857 5209 2031 5277 potuit

445 5293 584 5364 quod
630 5308 730 5346 nec
769 5291 926 5347 irasci
957 5293 1158 5360 debuit,
1195 5297 1436 5364 quamvis
1476 5295 1681 5366 ingrato
1710 5307 1762 5352 et
1789 5299 2028 5355 reddenti

445 5388 585 5442 mala
614 5403 710 5457 pro
735 5386 920 5452 bonis;
946 5387 1038 5442 sed
1067 5389 1164 5443 etsi
1198 5398 1253 5442 ut
1275 5388 1472 5444 homini
1499 5392 1579 5445 ira
1605 5392 1892 5464 subrepsit,
1922 5409 2029 5450 non

440 5479 626 5549 utique
658 5488 861 5533 tantum
893 5478 1075 5534 debuit
1105 5482 1414 5550 praevalere,
1456 5493 1514 5536 ut
1556 5499 1614 5538 se
1654 5483 1913 5540 facturum
1940 5487 2027 5555 ju-

443 5581 610 5635 taret,
640 5572 779 5641 quod
809 5582 898 5626 aut
923 5574 1192 5629 StL‘ViettdO
1221 5575 1441 5642 faceret,
1475 5585 1565 5631 aut
1595 5577 1883 5646 pejorando
1921 5593 2025 5632 non

440 5664 640 5722 faceret
669 5686 680 5718 :
709 5668 783 5720 illi
812 5677 988 5721 autem
1018 5670 1154 5724 inter
1182 5668 1493 5724 libidinosas
1520 5671 1754 5726 insanias
1781 5672 2031 5726 Sodomi-

503 5759 521 5822 ξ
557 5759 772 5822 Nonnulli
796 5760 1006 5822 codices,
1029 5759 1172 5822 Intjns
1195 5762 1380 5822 mundi.

504 5820 524 5850 ³
549 5820 622 5867 sic
643 5826 747 5868 Mss.
774 5826 829 5869 At
853 5820 988 5879 editi,
1014 5820 1234 5872 cteinenti
1255 5820 1653 5874 consideratione.

505 5881 577 5942 (α)
609 5887 768 5940 Forte,
791 5879 999 5942 iniquus.

1485 380 1754 436 CONTRA
1797 379 2219 452 MENDACIUM,
2262 383 2322 443 S.
2363 382 2730 442 AUGUSTlNl

3649 393 3758 454 553

2155 504 2327 552 tarum
2357 497 2646 553 constituto
2674 497 2792 569 quis
2818 496 3039 554 auderet
3067 497 3268 565 dicere,
3293 499 3517 558 Etiamsi
3545 503 3620 559 tui
3641 503 3749 560 ho-

2159 592 2324 660 Spites
2351 592 2404 645 in
2437 600 2522 646 tua
2550 592 2734 659 domo,
2771 607 2876 662 quo
2915 608 3008 648 eos
3052 593 3252 650 intrare
3282 594 3610 654 humanitate
3635 598 3751 655 vio-

2157 682 2449 737 lentissima
2504 685 2838 754 compulisti,
2877 685 2944 740 ab
2992 684 3276 756 impudicis
3323 689 3642 760 apprehensi
3696 698 3752 752 et

2158 773 2398 843 oppressi
2425 775 2702 830 muliebria
2724 777 3012 845 patiantur,
3031 775 3162 832 nihil
3184 778 3397 846 timeas,
3418 779 3548 835 nihil
3569 797 3759 850 curcsu

2155 879 2260 919 non
2302 880 2643 934 expavescas,
2680 881 2781 921 non
2815 866 3125 934 horrescas,
3167 885 3271 923 non
3314 874 3742 930 contremiscas?

2155 958 2272 1028 quis
2305 959 2418 1012 hinc
2445 961 2526 1012 vel
2560 960 2769 1013 illorum
2812 962 3194 1016 sceleratorum
3228 963 3404 1017 socius
3435 963 3628 1034 hospiti
3661 966 3748 1035 pio

2154 1053 2333 1106 dicere
2375 1052 2631 1106 auderet?
2655 1053 2760 1108 Sed
2793 1054 2952 1124 plane
2993 1057 3290 1112 rectissime
3317 1055 3603 1124 diceretur,
3636 1060 3748 1130 Age

2153 1143 2405 1214 quidquid
2435 1153 2605 1213 potes,
2639 1162 2705 1200 ne
2735 1145 2825 1199 tiat
2850 1146 2988 1215 quod
3018 1148 3210 1202 merito
3235 1149 3390 1204 times
3418 1169 3429 1203 :
3455 1151 3545 1205 sed
3565 1167 3669 1205 non
3694 1160 3746 1210 te

2157 1234 2314 1289 timor
2342 1236 2438 1290 iste
2467 1237 2770 1304 compellat,
2806 1245 2863 1291 ut
2900 1237 3063 1293 facias
3091 1240 3229 1309 quod
3279 1240 3333 1294 in
3377 1255 3437 1296 se
3483 1242 3600 1296 ﬁlice
3641 1251 3744 1298 tua:

2155 1326 2268 1381 ﬁeri
2312 1328 2356 1381 si
2397 1328 2679 1396 voluerint,
2729 1330 2925 1384 facient
2974 1345 3092 1385 cum
3121 1331 3414 1388 Sodomitis
3446 1343 3496 1388 te
3526 1343 3743 1392 auctore

2154 1419 2477 1489 nequitiam;
2508 1421 2550 1473 si
2576 1429 2750 1474 autem
2783 1422 3071 1487 noluerint,
3103 1415 3376 1491 patientur
3396 1438 3424 1476 a
3452 1423 3741 1482 Sodomitis

2154 1518 2206 1564 te
2253 1521 2470 1566 auctore
2514 1512 2844 1566 violentiam.
2888 1513 3002 1567 Noli
3050 1513 3229 1568 facere
3277 1530 3525 1584 magnum
3567 1516 3741 1572 scelus

2154 1611 2322 1668 tuum,
2351 1603 2475 1656 dum
2510 1604 2678 1673 majus
2709 1605 2724 1634 ¹
2755 1603 3025 1658 horrescis
3050 1605 3276 1660 alienum
3312 1625 3324 1660 :
3355 1607 3742 1675 quantumlibet

2153 1699 2295 1752 enim
2325 1698 2485 1754 distet
2514 1699 2652 1752 inter
2682 1709 2828 1753 tuum
2859 1708 2911 1753 et
2941 1700 3193 1765 alienum,
3224 1699 3325 1754 hoc
3351 1701 3452 1755 erit
3483 1708 3652 1768 tuum,
3680 1702 3740 1756 il-

2152 1789 2240 1844 lud
2278 1791 2527 1843 alienmn.
2553 1789 2662 1843 Nisi
2694 1789 2829 1844 forte
2855 1805 2951 1860 pro
2990 1789 3299 1845 defensioue
3344 1789 3500 1861 hujus
3539 1791 3638 1846 viri
3685 1790 3741 1848 in

2152 1896 2243 1936 eas
2267 1895 2323 1934 se
2346 1883 2609 1952 quispiam
2633 1890 2869 1936 coarctet
2893 1883 3182 1952 angustias,
3207 1894 3261 1935 ut
3284 1883 3455 1937 dicat:
3475 1882 3742 1950 Quoniam

2151 1975 2394 2044 accipere
2423 1991 2580 2045 quam
2615 1975 2790 2031 facere
2823 1986 3038 2046 prtestat
3075 1975 3342 2047 iujuriam,
3373 1976 3610 2048 hospites
3646 1994 3742 2034 au-

2153 2073 2257 2119 tem
2303 2065 2377 2119 illi
2418 2081 2524 2120 non
2561 2076 2712 2121 erant
2751 2067 2932 2138 utique
2971 2068 3157 2123 facturi
3201 2069 3467 2138 injuriam,
3497 2070 3587 2124 sed
3616 2086 3742 2141 pas-

2151 2156 2258 2211 suri
2283 2173 2297 2223 ;
2327 2158 2508 2212 maluit
2539 2159 2618 2211 vir
2641 2158 2816 2229 justus
2850 2159 2983 2214 filias
3010 2174 3132 2213 suas
3159 2160 3405 2229 injuriam
3433 2162 3559 2230 pali,
3581 2177 3740 2232 quam

2152 2247 2388 2318 hospites
2417 2265 2563 2316 suos,
2591 2265 2656 2305 eo
2691 2250 2809 2320 jure
2835 2267 2940 2322 quo
2971 2251 3196 2306 filiarum
3225 2253 3473 2311 dominus
3506 2261 3655 2322 erat;
3685 2262 3743 2312 et

2151 2351 2370 2396 noverat
2401 2357 2504 2396 non
2533 2358 2622 2396 cas
2655 2358 2908 2412 peccare,
2941 2345 2982 2397 si
3015 2343 3065 2398 id
3100 2343 3269 2413 ﬁeret,
3301 2346 3425 2414 quia
3458 2355 3740 2416 peccantes

2152 2434 2346 2502 potius,
2374 2435 2568 2504 quibus
2596 2452 2701 2489 non
2729 2439 3112 2501 consentirent,
3138 2437 3252 2492 sine
3283 2449 3499 2508 peccato
3524 2440 3740 2510 proprio

2149 2525 2493 2580 sustinerent.
2527 2526 2763 2595 Denique
2794 2543 2899 2580 non
2933 2543 2991 2583 se
3026 2530 3151 2596 ipse
3183 2529 3519 2600 stupraudas,
3556 2545 3740 2601 quam-

2148 2617 2228 2671 vis
2255 2633 2348 2686 pro
2379 2619 2630 2674 masculis
2661 2619 2901 2686 feminas,
2936 2637 3032 2692 pro
3061 2621 3163 2674 illis
3192 2621 3491 2692 hospitibus
3527 2623 3740 2680 obtule-

2149 2721 2290 2775 runt,
2319 2727 2383 2764 ne
2414 2727 2533 2766 reas
2561 2728 2652 2766 eas
2682 2712 2877 2768 faceret
2906 2729 3009 2767 non
3038 2715 3311 2784 perpessio
3338 2714 3570 2771 libidinis
3605 2716 3737 2771 alie.

2148 2820 2249 2869 nos,
2271 2803 2361 2857 sed
2381 2818 2489 2856 suae
2507 2805 2787 2858 consensio
2807 2803 3110 2858 voluntatis.
3133 2804 3246 2860 Nec
3269 2816 3417 2875 pater
3434 2822 3617 2861 earum
3633 2805 3737 2864 hoc

2147 2899 2199 2952 in
2246 2914 2303 2953 se
2349 2898 2460 2952 ﬁeri
2505 2901 2863 2970 permittebat,
2893 2917 3014 2956 eum
3059 2901 3160 2956 hoc
3201 2901 3374 2958 facere
3411 2915 3735 2962 conarentur

2145 2988 2340 3060 quibus
2381 2991 2618 3061 hospites
2664 3008 2768 3046 non
2814 2993 3101 3064 prodebat;
3133 2996 3372 3065 quamvis
3399 2995 3572 3051 minus
3603 2997 3734 3056 mali

2146 3091 2286 3137 esset
2329 3083 2470 3152 quod
2521 3083 2572 3136 in
2621 3100 2746 3146 uno,
2785 3099 2942 3155 qnam
2991 3085 3032 3138 si
3077 3084 3226 3139 fieret
3273 3086 3325 3140 in
3370 3085 3735 3146 duobuszscd

2146 3184 2399 3246 quantum
2433 3185 2641 3246 poterat
2682 3176 2984 3244 resistebat,
3028 3194 3095 3232 ne
3136 3177 3306 3248 ipsum
3348 3196 3558 3250 quoque
3597 3180 3735 3238 ullus

2146 3267 2393 3335 proprius
2425 3268 2715 3321 macularet
2744 3283 3013 3333 assensus,
3043 3285 3199 3340 quem
3232 3270 3546 3328 libidinosus
3585 3272 3735 3330 furor

2146 3360 2357 3415 etiamsi
2413 3361 2782 3430 praevaluisset
2831 3363 3073 3433 corporis
3119 3364 3354 3433 viribus,
3400 3376 3574 3421 tamen
3627 3385 3733 3424 non

2144 3453 2566 3507 consentientem
2597 3471 2700 3507 non
2730 3455 3047 3511 maculasset
3077 3456 3302 3511 alienus.
3329 3455 3383 3512 ln
3414 3459 3620 3515 filiabus
3640 3476 3734 3516 au-

2147 3553 2253 3600 tem
2279 3560 2380 3599 non
2408 3547 2747 3615 peccantibus
2777 3563 2875 3602 nec
2904 3548 3015 3618 ipse
3049 3551 3317 3619 peccabat,
3355 3553 3475 3622 quia
3505 3569 3608 3607 non
3641 3570 3733 3612 eas

2144 3654 2365 3709 peccare
2396 3639 2439 3694 si
2470 3641 2899 3710 opprimerentur
2925 3643 3123 3710 invitae,
3155 3643 3246 3697 sed
3282 3655 3564 3714 peccantes
3592 3644 3733 3704 ferre

2145 3733 2365 3788 faciebat
2395 3752 2408 3786 :
2439 3742 2687 3803 tanquam
2716 3735 2758 3787 si
2784 3733 2851 3788 ab
2883 3733 3138 3804 improbis
3167 3745 3222 3788 nt
3250 3734 3330 3790 sui
3375 3738 3515 3792 servi
3557 3737 3733 3795 cmde-

2144 3836 2328 3880 rentur
2352 3825 2591 3891 olTerrct,
2624 3841 2689 3882 ne
2717 3827 2954 3895 hospites
2980 3828 3093 3895 ejus
3124 3836 3426 3896 paterentur
3451 3829 3612 3884 caedis
3650 3830 3731 3885 in-

2139 3917 2354 3986 juriam.
2379 3919 2453 3972 De
2483 3935 2584 3988 qua
2636 3935 2693 3972 re
2743 3935 2844 3972 non
2875 3918 3174 3988 disputabo,
3203 3919 3322 3988 quia
3368 3919 3577 3990 longum
3620 3931 3723 3990 est,

2143 4021 2320 4065 utrum
2353 4011 2432 4064 vel
2464 4011 2712 4066 dominus
2732 4011 2853 4082 jure
2883 4027 2993 4066 sua:
3017 4013 3292 4083 potestatis
3319 4021 3462 4066 recte
3499 4012 3576 4066 sic
3608 4023 3727 4068 uta-

2145 4113 2228 4157 lur
2258 4105 2309 4157 in
2340 4120 2518 4171 servo,
2540 4113 2592 4156 ut
2611 4118 2821 4158 servum
2848 4120 3002 4157 suum
3029 4105 3156 4158 caxdi
3184 4103 3340 4158 faciat
3367 4105 3722 4174 innocentem,

2144 4214 2209 4252 ne
2251 4199 2452 4252 amicus
2493 4198 2607 4264 ejus
2639 4197 2798 4250 etiam
2832 4198 2941 4266 ipse
2983 4196 3237 4252 innocens
3277 4197 3328 4251 in
3365 4195 3524 4252 domo
3552 4198 3666 4267 ejus
3696 4213 3727 4253 a

2141 4291 2388 4345 violentis
2438 4291 2695 4360 improbis
2745 4290 2974 4359 vapulet.
3017 4287 3120 4345 Sed
3174 4299 3321 4344 certe
3367 4288 3530 4343 David
3579 4287 3726 4346 nullo

2141 4382 2301 4437 modo
2334 4392 2476 4438 recte
2506 4383 2700 4436 dicitur
2719 4382 2898 4452 jurare
2928 4381 3174 4436 debuisse
3201 4397 3260 4436 se
3288 4395 3406 4435 esse
3436 4379 3722 4450 facturum,

2139 4475 2280 4543 quod
2323 4484 2508 4543 postea
2548 4483 2798 4528 cerneret
2846 4489 2905 4528 se
2953 4473 3128 4528 facere
3179 4488 3283 4528 non
3328 4469 3541 4528 debere.
3569 4473 3726 4532 Unde

2139 4578 2346 4622 constat
2371 4569 2512 4637 quod
2541 4583 2645 4622 non
2673 4569 2849 4622 omnia
2881 4584 2997 4636 qute
3029 4581 3054 4618 a
3083 4567 3280 4620 sanctis
3300 4564 3382 4618 vel
3406 4566 3565 4634 justis
3598 4568 3727 4622 viris

2140 4660 2362 4729 legimus
2413 4659 2584 4726 facta,
2631 4659 2918 4713 transferre
2968 4656 3225 4710 debemus
3273 4656 3325 4710 in
3375 4672 3585 4723 mores;
3631 4659 3727 4716 sed

2139 4755 2297 4808 etiam
2322 4753 2444 4806 hinc
2465 4753 2670 4807 discere
2691 4768 2848 4822 quam
2881 4751 2985 4804 late
3014 4757 3210 4818 pateat,
3235 4759 3289 4804 et
3309 4749 3375 4804 ad
3402 4766 3536 4820 quos
3559 4767 3725 4821 usque

2137 4847 2412 4915 perveniat
2439 4845 2580 4914 quod
2611 4846 2900 4914 Apostolus
2927 4843 3000 4898 ait
3023 4860 3035 4895 :
3065 4840 3292 4907 Fratres,
3319 4852 3367 4895 et
3393 4843 3435 4896 si
3465 4858 3724 4913 praeoccu-

2136 4948 2282 5008 patus
2323 4939 2473 5008 fuerit
2505 4939 2652 4992 homo
2683 4940 2734 4991 in
2767 4939 2938 5004 aliqua
2963 4937 3168 5001 delicto,
3199 4952 3282 4990 vos
3316 4937 3401 5006 qui
3437 4935 3724 5004 spirituum

2135 5032 2280 5097 estis,
2313 5031 2543 5084 insta-uite
2583 5031 2873 5095 huiusmodi
2901 5031 2953 5083 in
2979 5030 3162 5098 spiritu
3189 5029 3429 5094 lenitatis,
3462 5027 3724 5083 intendens

2136 5133 2183 5177 te
2217 5125 2402 5192 ipsum,
2433 5140 2495 5176 ne
2520 5133 2564 5176 et
2595 5133 2647 5174 tu
2677 5123 2876 5176 temeri:
2907 5124 2926 5191 (
2955 5120 3124 5174 Galat.
3150 5137 3223 5186 vr,
3253 5121 3276 5174 1
3383 5122 3698 5189 Praeoccupa

2138 5217 2306 5270 tiones
2355 5216 2494 5268 enim
2550 5223 2676 5269 sunt
2734 5214 2847 5267 ista:
2899 5213 2948 5265 in
2991 5213 3188 5281 quibus
3229 5212 3569 5280 delinquitur,
3599 5209 3725 5266 dum

2136 5307 2258 5377 quid
2290 5305 2586 5360 faciendum
2625 5307 2697 5360 sit
2724 5314 2816 5359 aut
2843 5305 2910 5359 ad
2942 5305 3126 5360 horam
3158 5319 3264 5362 non
3293 5304 3522 5366 videtur,
3553 5313 3644 5358 aut
3671 5314 3727 5358 et

2133 5401 2223 5469 qui
2275 5399 2464 5453 viderit
2511 5398 2770 5462 vincitur;
2804 5406 2862 5450 ut
2903 5396 3105 5450 scilicet
3149 5395 3237 5448 ﬁat
3278 5404 3576 5463 peccatum,
3601 5409 3724 5450 cum

2135 5492 2220 5547 vel
2250 5493 2378 5546 latet
2409 5491 2624 5552 veritas,
2651 5489 2728 5543 vel
2755 5488 3032 5556 compellit
3059 5487 3363 5541 inﬁrmitas.

2205 5584 2428 5640 CAPUT
2463 5584 2526 5638 Χ.
2573 5613 2645 5622 --
2671 5583 2758 5636 ‘25.
2803 5580 3055 5650 Eaempla
3083 5597 3173 5648 pro
3222 5579 3482 5633 mendacio
3511 5578 3725 5646 quaesita

2135 5680 2185 5732 in
2215 5676 2492 5744 Script-nris
2533 5674 2879 5743 expendenda.
2921 5671 3074 5724 Aliud
3115 5679 3185 5724 est
3231 5671 3482 5723 occultare
3544 5671 3727 5722 verita-

2139 5768 2422 5833 tem,'oliud
2452 5769 2676 5836 proferre
2714 5763 3050 5817 mendacium.
3077 5762 3331 5816 Abraham
3374 5772 3420 5817 et
3449 5760 3598 5816 Isaac
3631 5761 3729 5818 de.

2203 5884 2219 5914 ι
2253 5882 2325 5931 sic
2347 5889 2445 5930 Am.
2473 5886 2524 5930 et
2549 5885 2651 5928 Mss.
2678 5882 2735 5928 At
2755 5883 2830 5928 Er.
2857 5882 2909 5926 et
2929 5881 3062 5938 ων..
3085 5874 3254 5938 magis.
