4140 6216
365 409 474 484 533'

362 536 642 614 {cuduntur
665 553 697 593 a
747 535 1029 591 mendacio.
1072 533 1468 589 FactumJacab
1491 550 1590 589 non
1611 549 1716 589 esse
1745 533 1952 587 menda-

363 636 517 690 cium.
540 631 696 702 Tropi
716 646 814 685 non
831 641 947 684 sunt
963 629 1244 683 mendacia.
1270 627 1590 698 Metaplzora.
1612 627 1728 680 Anti
1733 625 1950 696 phrasis.

366 726 523 797 Tropi
571 725 623 778 in
666 722 950 793 Scriptnris
975 737 1146 791 quare.
1179 719 1235 774 In
1262 719 1510 774 omnibus
1549 727 1722 773 autem
1751 718 1954 772 actibus

368 820 564 874 nostris
613 817 844 872 maxime
887 815 1046 869 etiam
1088 814 1256 868 bonos
1305 813 1515 867 turbant
1556 812 1953 882 compensativa

365 921 582 983 peccata
609 925 622 974 ;
655 909 726 963 ita
758 915 814 962 ut
841 923 937 962 nec
965 916 1179 979 peccata
1228 907 1621 972 existimentur,
1651 907 1695 960 si
1727 905 1955 961 habeant

367 1003 502 1060 tales
528 1017 720 1058 causas
747 1010 966 1072 propter
995 1015 1124 1071 quas
1151 999 1277 1054 ﬁant
1297 1043 1310 1068 ,
1341 1009 1393 1055 et
1420 1001 1470 1054 in
1498 1000 1686 1071 quibus
1711 999 1955 1054 videatur

368 1097 576 1169 peccari
611 1097 784 1166 potius
806 1095 850 1150 si
884 1110 987 1148 non
1012 1093 1159 1148 ﬁant.
1191 1093 1256 1148 Et
1280 1095 1544 1163 prtecipue
1571 1092 1638 1147 de
1665 1093 1955 1148 mendaciis

369 1189 469 1246 hoc
500 1191 550 1243 in
578 1187 856 1242 hominum
895 1187 1146 1256 opinione
1176 1185 1487 1256 prazvaluit,
1521 1192 1576 1239 ut
1604 1195 1816 1254 peccata
1848 1199 1954 1239 non

370 1291 619 1352 putentur
648 1281 733 1334 illa
778 1278 1051 1334 mendacia
1078 1321 1092 1344 ,
1130 1277 1369 1348 quinimo
1411 1285 1463 1331 et
1493 1284 1637 1330 recte
1675 1274 1809 1330 facta
1838 1289 1956 1328 esse

369 1371 675 1436 credantur,
705 1369 914 1439 quando
943 1370 1166 1440 quisque
1207 1382 1303 1438 pro
1333 1367 1448 1437 ejus
1491 1368 1574 1421 cui
1609 1366 1717 1419 falli
1744 1364 1958 1433 expedit

369 1465 601 1519 utilitate
653 1463 908 1517 mentitur
928 1503 941 1528 ,
972 1470 1062 1515 aut
1088 1475 1155 1515 ne
1199 1460 1316 1514 aliis
1346 1467 1535 1514 noceat
1561 1458 1649 1528 qui
1682 1457 1956 1511 nociturus

369 1555 602 1623 videtur,
635 1554 734 1609 nisi
778 1552 1070 1607 mendaciis
1098 1552 1345 1607 evitetur.
1383 1550 1463 1606 Ad
1497 1550 1610 1604 lucc
1654 1549 1959 1604 mendacio-

372 1662 489 1703 rum
521 1661 713 1716 genera
763 1643 1096 1699 defendenda
1118 1686 1131 1710 ,
1158 1644 1385 1715 plurima
1426 1641 1492 1696 de
1521 1641 1808 1711 Scripturis
1838 1655 1958 1695 san-

369 1743 468 1794 ctis
495 1737 769 1808 sull'ragari
812 1745 1066 1806 putantur
1096 1735 1354 1804 exempla.
1385 1733 1504 1787 Non
1527 1742 1700 1786 autem
1733 1733 1833 1785 hoc
1877 1737 1960 1785 est

370 1831 640 1887 occultare
670 1829 965 1892 veritatem,
1000 1827 1143 1898 quod
1191 1835 1272 1882 est
1322 1825 1559 1896 proferre
1599 1823 1954 1879 mendacium.

369 1923 621 1994 Quamvis
647 1923 789 1979 enim
835 1922 1010 1976 omnis
1054 1921 1144 1992 qui
1169 1920 1420 1976 mentitur
1451 1920 1576 1976 velit
1615 1919 1788 1974 celare
1815 1916 1958 1986 quod

370 2030 550 2070 verum
578 2023 698 2078 est,
731 2027 836 2067 non
878 1998 1054 2067 tamen
1097 2013 1271 2066 omnis
1316 2010 1546 2080 quivult
1581 2009 1722 2080 quod
1770 2023 1955 2062 verum

371 2115 450 2160 εει
477 2104 654 2160 celare
683 2103 959 2158 mentitur.
990 2102 1308 2170 Plerumque
1353 2100 1494 2154 enim
1523 2115 1645 2152 vera
1673 2113 1774 2152 non
1809 2113 1960 2152 men-

374 2197 550 2253 tiendo
575 2195 870 2252 occulimus
891 2237 905 2260 ,
932 2194 1024 2249 sed
1053 2194 1297 2248 tacendo.
1328 2193 1510 2262 Neque
1535 2193 1673 2248 enim
1707 2191 1959 2246 mentitus

371 2297 453 2345 est
484 2289 744 2344 Dominus
765 2331 779 2355 ,
811 2289 899 2343 ubi
926 2289 997 2342 ait
1024 2306 1036 2341 :
1070 2287 1239 2340 Multa
1267 2287 1422 2340 habeo
1468 2287 1603 2341 vobis
1641 2288 1806 2340 dicere
1827 2328 1839 2350 ,
1871 2285 1960 2339 sed

372 2398 470 2436 non
504 2382 710 2451 potestis
757 2381 848 2435 illa
880 2389 1080 2451 portare
1112 2379 1259 2433 modo
1289 2377 1477 2450 (Joan.
1515 2394 1602 2432 xvt
1624 2421 1638 2445 ,
1662 2375 1790 2449 19.).
1823 2377 1960 2432 Vera

373 2473 572 2540 tacuit,
595 2488 704 2528 non
734 2472 862 2526 falsa
894 2473 1099 2528 loeutus
1129 2480 1243 2537 est;
1277 2471 1470 2542 quibus
1497 2471 1634 2526 veris
1681 2469 1960 2526 audiendis

372 2580 465 2622 eos
499 2566 677 2621 minus
704 2567 926 2621 idoneos
951 2565 1224 2635 judicavit.
1258 2566 1409 2634 Quod
1457 2566 1502 2619 si
1551 2565 1629 2620 eis
1655 2565 1759 2622 hoc
1788 2567 1960 2636 ipsum

375 2674 479 2714 non
527 2659 813 2713 indicasset
837 2699 853 2726 ,
883 2657 933 2711 id
978 2668 1094 2726 est,
1125 2672 1229 2712 non
1278 2672 1371 2711 cos
1401 2672 1559 2727 posse
1606 2666 1817 2726 portare
1845 2671 1961 2726 quae

372 2749 550 2806 dicere
582 2749 785 2816 noluit,
821 2748 1112 2803 occultaret
1135 2747 1348 2820 quidem
1385 2746 1728 2800 nihilominus
1764 2743 1962 2817 aliquid

372 2843 738 2910 Veritatis,sed
766 2858 920 2913 posse
947 2842 1047 2897 hoc
1069 2851 1211 2896 reete
1232 2841 1346 2895 ﬁeri
1375 2839 1960 2906 forsitannesciremus,

373 2945 460 2991 aut
486 2951 594 2991 non
649 2943 795 2990 tanto
827 2933 1161 2988 ﬁrmarentur
1201 2931 1468 2999 exemplo.
1511 2931 1658 2985 Unde
1687 2930 1773 3000 qui
1818 2946 1964 2984 assc—

374 3036 498 3085 runt
527 3025 817 3097 aliquando
859 3040 978 3080 esse
1016 3021 1414 3084 mentiendum,
1451 3037 1555 3076 non
1583 3022 1964 3077 Convenienter

379 3125 803 3182 commemorant
852 3115 1120 3171 Abraham
1167 3114 1265 3168 hoc
1297 3112 1486 3168 fecisse
1513 3112 1578 3166 de
1603 3113 1733 3166 Sara
1760 3154 1774 3179 ,
1805 3127 1962 3182 quam

378 3227 619 3269 sororem
651 3226 801 3266 suam
839 3209 991 3264 dixit.
1020 3207 1135 3262 Non
1184 3207 1325 3262 enim
1368 3205 1532 3271 dixit,
1563 3203 1675 3258 Non
1720 3215 1799 3258 est
1833 3219 1966 3259 uxor

377 3318 524 3370 mea;
549 3299 646 3358 sed
667 3302 800 3357 dixit
823 3343 838 3368 ,
865 3300 1023 3356 Soror
1050 3315 1160 3354 mea
1191 3303 1263 3352 est
1291 3314 1309 3351 :
1335 3295 1474 3368 quod
1503 3306 1619 3351 erat
1646 3312 1831 3350 revera
1859 3306 1964 3351 tam

380 3395 674 3474 propinqua
700 3407 914 3465 genere,
936 3399 994 3446 ut
1021 3405 1174 3446 soror
1196 3406 1300 3445 non
1328 3387 1653 3444 mendaciter
1675 3388 1962 3444 diceretur.

378 3487 528 3565 Quod
579 3496 635 3544 et
683 3495 865 3558 postea
890 3483 1000 3558 jam
1047 3482 1148 3539 sibi
1199 3484 1265 3538 ab
1313 3484 1403 3538 illo
1436 3483 1523 3552 qui
1564 3482 1864 3537 abduxerat
1904 3497 1965 3538 ea

378 3578 584 3637 reddita
633 3577 1003 3642 confirmavit,
1050 3574 1380 3648 respondens
1428 3574 1502 3627 illi
1554 3581 1600 3628 el
1647 3573 1865 3639 dicens,
1898 3572 1967 3629 Et

377 3690 486 3730 vere
506 3690 652 3730 soror
677 3689 785 3730 mea
815 3682 885 3727 est
911 3671 972 3725 de
991 3679 1132 3742 patre
1150 3711 1165 3737 ,
1194 3686 1294 3723 non
1321 3668 1383 3722 de
1408 3677 1564 3721 matre
1595 3665 1744 3738 (Gen.
1769 3684 1840 3720 xx
1866 3708 1880 3732 ,
1908 3665 1964 3736 2,

379 3767 472 3840 12)
504 3784 519 3821 :
548 3766 653 3821 hoc
677 3773 759 3821 est
804 3763 870 3820 de
908 3773 1129 3834 paterno
1166 3777 1398 3832 genere,
1452 3777 1554 3814 non
1597 3759 1662 3814 de
1701 3768 1962 3814 materno.

378 3857 590 3932 Aliquid
613 3873 740 3930 ergo
757 3857 867 3912 veri
899 3855 1080 3921 tacuit,
1103 3871 1206 3908 non
1235 3852 1558 3922 falsialiquid
1577 3852 1728 3918 dixit,
1754 3849 1967 3921 quando

380 3954 539 4011 tacuit
568 3968 812 4023 uxorem,
838 3951 974 4007 dixit
1011 3965 1272 4008 sororem.
1309 3947 1420 4003 Hoc
1447 3955 1498 4002 et
1522 3947 1661 4002 ﬁlius
1692 3947 1807 4016 ejus
1841 3945 1968 4000 fecit

378 4042 526 4103 Isaac
559 4063 574 4104 ;
604 4061 725 4100 nam
741 4053 793 4100 et
821 4043 992 4114 ipsum
1014 4043 1257 4098 novimus
1286 4040 1631 4112 propinquam
1661 4053 1811 4091 suam
1840 4051 1967 4089 con-

376 4137 558 4214 iugem
608 4135 775 4194 fuisse
829 4137 1075 4192 sortitum
1127 4131 1238 4205 (Id.
1270 4147 1393 4188 xxvi
1416 4171 1430 4197 ,
1459 4131 1522 4193 7,
1554 4139 1599 4182 et
1643 4125 1818 4199 xxiv).
1851 4127 1965 4181 Non

380 4243 464 4288 εει
489 4244 619 4302 ergo
645 4226 978 4283 mendacium
1004 4241 1123 4282 cum
1159 4223 1363 4277 silendo
1389 4219 1734 4276 absconditur
1758 4233 1962 4284 verum,

379 4321 474 4382 sed
503 4337 625 4378 cum
655 4318 919 4392 loquendo
941 4317 1202 4389 promitur
1230 4314 1442 4369 falsum.

445 4414 538 4471 24.
567 4413 731 4470 Iacob
756 4419 932 4466 autem
977 4409 1116 4482 quod
1145 4417 1315 4463 matre
1352 4407 1476 4462 fecit
1505 4412 1721 4460 auctore
1747 4447 1761 4472 ,
1790 4412 1844 4458 ut
1877 4420 1967 4476 pa-

380 4517 514 4570 trem
540 4505 724 4562 fallcre
745 4503 1016 4568 videretur
1035 4545 1048 4571 ,
1079 4501 1123 4556 si
1151 4501 1433 4572 diligenter
1461 4508 1514 4554 et
1542 4498 1765 4554 ﬁdeliter
1795 4505 1967 4553 atten-

379 4602 558 4671 datur,
590 4617 697 4657 non
744 4606 827 4656 est
856 4596 1190 4653 mendacium
1213 4638 1226 4660 ,
1274 4594 1365 4648 sed
1402 4593 1732 4664 mysterium.
1768 4591 1896 4659 Qum
1923 4591 1967 4645 si

379 4693 658 4758 mendacia
688 4691 1202 4754 dixerimus,omnes
1227 4687 1385 4742 etiam
1407 4685 1669 4757 parabolae
1693 4701 1755 4738 ac
1784 4685 1967 4754 figura:

380 4785 849 4859 signiﬁcandarum
893 4795 1346 4852 quarumcumque
1398 4793 1597 4844 rerum,
1632 4793 1748 4846 qua:
1778 4773 1969 4832 nonad

382 4882 763 4958 preprietatem
802 4873 1125 4948 accipiendae
1178 4881 1337 4936 sunt,
1369 4871 1461 4924 sed
1491 4869 1541 4926 in
1591 4869 1670 4923 eis
1722 4867 1865 4922 aliud
1904 4882 1970 4958 ex

383 4957 487 5030 alio
514 4981 600 5029 est
624 4967 1049 5040 intelligendum,
1069 4966 1312 5020 dicentur
1337 4978 1456 5018 esse
1487 4961 1759 5015 merulacia
1788 4979 1800 5014 :
1830 4957 1970 5028 quod

383 5065 518 5124 absit
541 5063 784 5124 omnino.
816 5060 949 5116 Nam
974 5059 1064 5132 qui
1093 5055 1194 5110 hoc
1220 5064 1394 5124 putat,
1431 5055 1645 5123 tropicis
1676 5055 1834 5106 etiam
1865 5065 1970 5106 tam

384 5155 566 5213 multis
606 5153 964 5210 locutionibus
1008 5148 1254 5206 omnibus
1295 5156 1469 5220 potest
1500 5146 1635 5200 hanc
1685 5145 1973 5212 hnportare

382 5247 730 5318 calumniam;
752 5247 825 5302 ita
851 5255 908 5301 ut
935 5253 991 5300 et
1018 5243 1129 5315 ipsa
1163 5256 1277 5311 quae
1309 5237 1602 5310 appellatur
1628 5236 1967 5310 metaphora,

386 5341 486 5397 hoc
514 5351 598 5398 est
625 5339 694 5396 de
717 5355 777 5394 re
805 5339 1020 5409 propria
1043 5334 1108 5390 ad
1143 5349 1252 5388 rem
1282 5348 1386 5386 non
1412 5330 1676 5400 prOpriam
1707 5329 1850 5384 verbi
1887 5329 1976 5382 ali-

384 5433 539 5508 cujus
569 5439 823 5503 usurpata
855 5428 1153 5492 translatio,
1192 5423 1361 5499 possit
1382 5423 1480 5476 ista
1526 5421 1734 5476 ratione
1759 5421 1974 5475 menda-

385 5527 524 5582 cium
553 5522 869 5596 nuncupari.
900 5520 1032 5576 Cum
1057 5520 1196 5572 enim
1220 5517 1443 5572 dicimus
1469 5515 1725 5569 ﬂuctuare
1747 5523 1973 5584 segetes,

386 5630 662 5688 gemmare
693 5613 833 5668 vites
856 5653 872 5680 ,
907 5611 1146 5665 ﬂoridam
1196 5609 1526 5679 juventutem
1549 5648 1562 5671 ,
1593 5605 1798 5658 niveam
1830 5606 1975 5659 cani-

387 5709 537 5772 tiem;
567 5705 754 5776 procul
780 5703 942 5758 dubio
970 5703 1161 5757 ﬂuctus
1181 5742 1194 5765 ,
1225 5715 1483 5770 gemmas,
1516 5698 1724 5761 ﬂorem,
1759 5698 1932 5752 nivem
1958 5743 1973 5766 ,

387 5800 512 5871 quia
543 5798 598 5852 in
637 5796 722 5852 his
748 5796 907 5851 rebus
934 5809 1039 5849 non
1070 5795 1389 5859 invenimus,
1422 5793 1472 5846 in
1501 5806 1633 5861 quas
1675 5791 1787 5846 hzec
1816 5794 1980 5850 verba

386 5891 609 5967 aliunde
652 5889 1018 5948 transtulimus
1041 5887 1152 5969 ,ﬂab
1177 5888 1290 5946 istis
1317 5885 1586 5944 mendacia
1633 5887 1977 5972 putabuntur.

1784 415 1988 473 LIBER
2030 415 2227 476 UNUS.

3549 436 3662 493 554-

2065 534 2134 590 Ει
2163 543 2311 607 petra
2351 537 2589 595 Christus
2621 541 2820 615 (lCor.
2849 561 2900 611 x,
2924 546 3014 618 4),
3047 555 3101 602 ει
3143 562 3235 604 cor
3272 548 3534 622 lapideum
3562 551 3656 608 Ju-

2065 627 2300 684 dazorum
2332 631 2541 699 (Esca/2.
2562 652 2748 703 xxxvi,
2779 638 2871 707 26)
2899 640 3057 694 :itcm
3085 641 3167 696 leo
3196 642 3436 698 Christus
3466 645 3650 718 (Apoc.

2064 737 2115 787 v,
2149 722 2233 793 5),
2267 733 2319 778 ει
2351 725 2434 779 Ιεο
2462 726 2702 782 diabolus
2731 728 2782 799 (Ι
2816 729 2955 785 Pctr.
2986 749 3036 792 v,
3067 732 3140 800 8),
3167 742 3218 786 et
3246 734 3650 795 innumerabilia

2066 813 2188 867 talia
2215 815 2456 869 dicentur
2497 832 2614 872 esse
2649 819 2940 874 mendacia.
2974 821 3109 888 Quid
3138 823 3276 894 quod
3308 825 3418 878 haec
3447 827 3650 895 tropica

2068 906 2266 961 locutio
2290 924 2457 979 usque
2495 910 2559 964 ad
2591 927 2705 965 eam
2741 914 2976 982 pervenit
3003 957 3016 980 ,
3045 932 3162 986 quin
3191 917 3486 985 appellatur
3515 921 3654 972 anti-

2063 998 2270 1068 phrasis
2298 1043 2312 1066 ,
2347 1012 2402 1055 ut
2429 1003 2631 1057 dicatur
2657 1005 2925 1060 abundare
2964 1007 3104 1076 quod
3151 1025 3253 1062 non
3305 1018 3417 1074 est,
3448 1009 3655 1066 dicatur

2065 1088 2217 1145 dulce
2271 1094 2409 1162 quod
2468 1094 2676 1148 acidum
2723 1107 2837 1161 est;
2889 1098 3036 1154 lucus
3082 1098 3220 1168 quod
3282 1116 3382 1153 non
3440 1099 3650 1169 luceat,

2065 1181 2244 1237 Parca:
2270 1185 2406 1254 quod
2435 1203 2536 1239 non
2571 1199 2806 1255 parcant.
2838 1188 2988 1244 Unde
3021 1189 3146 1243 illud
3173 1200 3252 1244 est
3281 1193 3331 1245 in
3361 1192 3653 1264 Scripturis

2065 1275 2294 1341 sanctis,
2330 1277 2390 1330 Si
2419 1296 2517 1330 non
2559 1280 2606 1331 in
2639 1281 2814 1348 {aciem
2844 1281 3142 1334 benedixerit
3175 1283 3261 1336 tibi
3296 1283 3416 1354 (Job
3443 1301 3479 1338 ιι
3503 1328 3518 1349 ,
3638 1305 3651 1338 :

2066 1366 2204 1434 quod
2235 1366 2479 1421 diabolus
2526 1369 2598 1422 ait
2645 1371 2867 1424 Domino
2893 1371 2958 1426 de
3003 1382 3185 1427 sancto
3212 1373 3343 1439 Joh,
3376 1385 3429 1430 et
3455 1377 3654 1432 intelli-

2066 1457 2224 1526 gitur,
2257 1458 2600 1514 lllaledixerit.
2644 1463 2758 1528 Quo
2791 1464 2952 1518 verbo
2983 1476 3033 1519 et
3055 1465 3316 1521 Nabuthei
3348 1469 3524 1522 fictum
3547 1471 3652 1524 eri--

2068 1566 2186 1604 men
2233 1566 2260 1604 a
2315 1553 2759 1609 cahimniautilms
2804 1556 3127 1612 nominatum
3183 1568 3282 1614 est.
3317 1559 3522 1615 Dictum
3573 1571 3654 1615 est

2067 1642 2208 1696 enim
2249 1645 2386 1713 quod
2442 1645 2769 1702 benedixerit
2814 1649 2921 1718 regi
2955 1648 3040 1722 (Ill
3074 1651 3195 1721 Reg.
3230 1668 3318 1706 xxt
3345 1695 3358 1718 ,
3392 1653 3512 1722 l5);
3552 1653 3654 1707 hoc

2067 1741 2179 1798 est,
2224 1733 2578 1790 tnaledixcrit.
2632 1737 2691 1790 lli
2734 1755 2918 1793 ()lllllCS
2963 1741 3105 1793 modi
3144 1741 3467 1798 locutionum
3501 1760 3654 1798 men-

2068 1824 2211 1880 dacia
2236 1825 2577 1895 putabuntur,
2613 1830 2654 1882 si
2689 1829 2883 1884 locutio
2905 1831 2984 1884 vel
3013 1831 3150 1885 actio
3183 1831 3401 1903 ﬁgurata
3430 1836 3479 1888 in
3509 1852 3655 1892 men-

2066 1915 2220 1972 dacio
2273 1918 2629 1988 deputabitur.
2683 1921 2737 1974 Si
2782 1931 2957 1975 autem
3011 1938 3116 1976 non
3160 1935 3239 1978 est
3286 1926 3654 1994 mendaciinn,

2067 2009 2278 2080 quando
2318 2011 2379 2063 ad
2413 2010 2815 2082 intelligentiam
2850 2013 3090 2067 veritatis
3113 2013 3253 2068 aliud
3285 2032 3346 2069 cx
3371 2015 3471 2068 alio
3495 2016 3656 2084 signi-

2067 2101 2278 2157 ﬁcantia
2309 2102 2644 2171 referuntur;
2678 2104 2912 2174 profecto
2945 2123 3046 2159 non
3076 2109 3247 2162 solum
3284 2108 3331 2163 id
3365 2111 3502 2180 quod
3533 2111 3659 2164 fecit

2067 2205 2157 2249 aut
2180 2195 2311 2249 dixit
2330 2196 2493 2249 Jacob
2521 2197 2653 2267 patri
2680 2209 2735 2251 ut
2759 2198 3181 2265 benedicerctur,
3206 2201 3298 2256 sed
3331 2218 3500 2272 neque
3532 2203 3658 2258 illud

2067 2287 2206 2358 quod
2233 2287 2426 2356 Joseph
2448 2289 2588 2341 velut
2611 2290 2890 2344 illudendis
2909 2292 3112 2346 loeutus
3133 2303 3210 2346 est
3235 2292 3481 2348 fratribus
3500 2295 3655 2363 (Gen.

2068 2379 2204 2452 xui)
2230 2421 2244 2447 ,
2273 2397 2443 2451 neque
2477 2382 2615 2450 quod
2648 2382 2809 2436 David
2851 2384 3118 2438 simulavit
3152 2385 3408 2439 insaniam
3443 2386 3494 2455 (Ι
3527 2387 3655 2457 [ἔρῃ.

2070 2490 2168 2528 xxI
2193 2516 2206 2540 ,
2240 2473 2348 2544 1-3),
2383 2490 2480 2527 nec
2511 2485 2704 2528 cetera
2737 2475 3054 2544 hujusmodi,
3079 2477 3350 2531 mendacia
3375 2478 3660 2546 judicanda

2069 2574 2226 2630 sunt,
2275 2563 2369 2618 sed
2419 2565 2712 2619 locutiones
2742 2567 3086 2637 actionesque
3119 2568 3439 2638 propheta-te
3483 2571 3548 2623 ad
3595 2586 3660 2624 ea

2069 2671 2186 2724 qum
2213 2671 2333 2710 vera
2361 2664 2483 2709 sunt
2511 2657 2849 2728 intelligenda
2880 2659 3190 2714 referendae.
3224 2665 3350 2727 Qua:
3377 2675 3658 2730 prepterea

2071 2747 2307 2817 figuratis
2349 2748 2492 2802 velut
2534 2750 2812 2806 amictibus
2864 2753 3200 2821 obtcguntur,
3234 2762 3289 2808 ut
3333 2770 3545 2810 sensum
3577 2756 3663 2826 pie

2070 2841 2356 2910 qurercntis
2401 2851 2718 2910 exerceant,
2767 2853 2817 2896 et
2859 2860 2924 2900 ne
2970 2843 3107 2897 nuda
3143 2861 3204 2898 ac
3246 2857 3487 2915 prompta
3530 2847 3661 2904 vile-

2069 2940 2238 2988 scant.
2289 2931 2539 2998 Quamvis
2568 2949 2683 3002 qtae
2724 2933 2841 2987 aliis
2873 2934 3002 2988 locis
3048 2945 3230 3002 aperte
3275 2950 3337 2989 ac
3385 2936 3664 2992 manifeste

2071 3020 2210 3075 dicta
2236 3021 2516 3075 didicimus
2537 3063 2552 3088 ,
2581 3039 2700 3075 cum
2732 3039 2794 3077 ca
2826 3025 2932 3092 ipsa
2960 3024 3026 3079 dc
3065 3026 3257 3080 abditis
3287 3036 3562 3094 eruuntur,
3608 3030 3664 3085 in

2072 3124 2255 3166 nostra
2294 3113 2521 3182 quodam
2555 3114 2714 3166 modo
2759 3116 3059 3185 cognitione
3089 3128 3411 3172 renovantur
3433 3159 3449 3184 ,
3481 3130 3534 3174 et
3577 3136 3665 3175 re-

2071 3213 2261 3260 novata
2290 3205 2620 3259 dulcescunt.
2663 3204 2771 3259 Nec
2813 3204 3114 3261 invidentur
3144 3207 3490 3278 discentibus,
3520 3211 3662 3280 quod

2073 3297 2156 3354 his
2184 3297 2356 3352 modis
2403 3298 2754 3352 obscurantur
2784 3317 2794 3352 :
2827 3300 2919 3354 sed
2969 3301 3408 3377 commendantur
3453 3305 3619 3375 magis
3643 3347 3658 3372 ,

2072 3401 2130 3447 ιιι
2157 3391 2309 3462 quasi
2356 3391 2623 3446 subtracta
2679 3391 3050 3448 desiderentur
3095 3393 3368 3450 ardentius
3389 3437 3401 3458 ,
3434 3405 3486 3450 ct
3518 3398 3663 3452 inve-

2071 3484 2287 3541 niantur
2323 3483 2621 3540 desiderata
2657 3483 2959 3553 jucundius.
2990 3485 3187 3540 Tamen
3226 3502 3372 3554 vera,
3400 3504 3505 3542 non
3534 3490 3663 3544 falsa

2073 3577 2342 3645 dicuntur;
2373 3578 2623 3647 quoniam
2651 3594 2774 3632 vera
2797 3621 2812 3644 ,
2843 3595 2946 3634 non
2981 3579 3109 3634 falsa
3155 3581 3537 3649 signiﬁcantur,
3569 3598 3664 3642 seu

2073 3669 2237 3724 verbo
2266 3684 2359 3723 seu
2389 3669 2524 3722 facto
2553 3687 2565 3722 :
2590 3661 2707 3736 quae
2730 3671 3093 3739 signiﬁcantur
3127 3672 3267 3728 enim
3287 3714 3301 3736 ,
3331 3675 3510 3743 utique
3549 3676 3662 3743 ipsa

2073 3759 2338 3818 dicuntur.
2374 3761 2635 3815 Putantur
2659 3770 2834 3814 autem
2865 3762 3159 3825 mendacia,
3197 3764 3446 3830 quoniam
3471 3781 3575 3818 non
3597 3781 3660 3819 ca

2071 3867 2190 3924 qum
2213 3852 2364 3906 vcra‘
2387 3851 2770 3919 signiﬁcantur,
2786 3852 2922 3906 dicta
2946 3852 3305 3920 intelliguntur
3322 3871 3335 3918 ;
3351 3853 3443 3907 sed
3465 3869 3526 3907 ea
3542 3870 3662 3923 qtae

2071 3940 2203 3996 falsa
2225 3947 2377 4005 sunt,
2417 3939 2554 3992 dicta
2583 3954 2700 3992 esse
2728 3939 3033 3994 credentur.
3067 3941 3179 3996 lloc
3207 3950 3262 3994 ut
3288 3945 3546 4014 exetnplis
3573 3944 3664 3999 ﬁat

2073 4032 2280 4104 planius
2303 4072 2320 4096 ,
2353 4031 2579 4101 idipsum
2611 4031 2750 4100 quod
2781 4032 2945 4090 Jacob
2969 4032 3090 4087 fecit
3113 4074 3127 4101 ,
3155 4034 3389 4096 attende.
3425 4035 3661 4092 llredinis

2072 4136 2217 4189 certe
2247 4126 2470 4195 pellibus
2494 4127 2728 4180 membra
2756 4128 2989 4182 contexit
3018 4147 3028 4180 :
3058 4128 3103 4182 si
3129 4142 3340 4182 causam
3367 4129 3661 4198 proximam

2072 4201 2402 4292 requiramus
2423 4263 2436 4285 ,
2480 4221 2755 4276 mentitum
2800 4223 3131 4291 putabimus;
3163 4222 3261 4278 hoc
3289 4223 3428 4280 enim
3459 4224 3574 4279 fecit
3607 4233 3665 4282 ut

2073 4322 2347 4384 putaretur
2375 4329 2493 4368 esse
2520 4314 2607 4384 qui
2637 4329 2740 4370 non
2772 4324 2887 4370 erat
2917 4335 2930 4369 :
2965 4317 3008 4371 si
3035 4327 3210 4380 autem
3237 4316 3338 4372 hoc
3381 4317 3573 4372 factum
3597 4318 3663 4372 ad

2073 4407 2201 4464 illud
2235 4416 2450 4478 propter
2477 4407 2618 4477 quod
2665 4409 3069 4478 signiﬁcandum
3115 4426 3298 4476 revera
3344 4411 3534 4464 factum
3579 4419 3660 4464 est

2073 4500 2366 4566 referatur;
2407 4515 2502 4568 per
2529 4499 2764 4554 hazdiuas
2790 4501 2953 4567 pelles
2981 4509 3192 4567 peccata
3214 4541 3230 4565 ,
3263 4515 3358 4568 per
3385 4516 3505 4562 cum
3533 4516 3661 4556 vero

2073 4592 2166 4663 qui
2193 4593 2271 4647 eis
2296 4608 2354 4645 se
2393 4592 2634 4660 operuit,
2667 4592 2754 4644 ille
2783 4592 3109 4658 significatus
3149 4601 3230 4644 est
3261 4593 3345 4658 qui
3376 4608 3480 4644 non
3529 4607 3624 4651 sua
3644 4633 3659 4656 ,

2074 4684 2167 4740 sed
2216 4682 2387 4736 aliena
2437 4693 2650 4749 peccata
2695 4681 2940 4748 portavit.
2980 4681 3146 4734 Verax
3191 4695 3322 4748 ergo
3348 4681 3661 4746 signiﬁcatio

2075 4773 2222 4832 nullo
2262 4771 2420 4826 modo
2468 4771 2799 4825 mendacium
2843 4781 2988 4830 recte
3015 4771 3117 4824 dici
3148 4781 3341 4838 potest.
3376 4770 3443 4829 Ut
3484 4781 3660 4825 autem

2074 4868 2128 4932 in
2157 4866 2314 4928 iacto,
2339 4864 2410 4918 ita
2440 4875 2492 4918 et
2533 4865 2583 4918 in
2617 4863 2796 4920 verbo.
2827 4863 2958 4916 Nam
2982 4878 3101 4917 ειιιιι
3130 4863 3179 4918 ei
3226 4873 3376 4932 pater
3399 4861 3659 4931 dixisset,

2077 4958 2205 5025 Quis
2231 4974 2281 5012 es
2306 4967 2359 5011 tu
2377 4999 2391 5024 ,
2429 4958 2506 5026 [ili
2527 4956 2550 5010 .9
2577 4957 2662 5013 ille
2703 4955 2974 5024 rt:5pondit
2993 4996 3005 5019 ,
3034 4953 3148 5024 Ego
3171 4973 3284 5010 sum
3309 4955 3444 5010 Esau
3471 4958 3661 5024 primo-

2075 5052 2274 5122 genitae
2300 5059 2413 5106 tuus
2444 5048 2595 5118 (Gen.
2623 5065 2768 5103 xxvii
2793 5090 2806 5112 ,
2844 5047 3056 5117 lii-l9).
3089 5048 3204 5104 ΙΙοε
3241 5047 3285 5101 si
3313 5047 3576 5105 referatur
3595 5051 3662 5104 ad

2077 5140 2212 5204 duos
2252 5141 2366 5194 illos
2392 5140 2634 5208 geminos
2653 5181 2670 5206 ,
2701 5138 3032 5194 utendaeinm
3061 5137 3326 5194 videbitur
3357 5157 3371 5191 :
3401 5140 3447 5195 si
3483 5152 3662 5194 autem

2076 5234 2145 5288 ad
2173 5233 2301 5290 illud
2335 5244 2551 5302 prepter
2585 5233 2721 5302 quod
2751 5231 3152 5302 signiﬁcandum
3196 5233 3292 5286 ista
3319 5242 3465 5301 gesta
3491 5233 3663 5287 dicta-

2077 5343 2183 5396 que
2205 5327 2505 5396 conscripta
2526 5335 2649 5382 sunt
2667 5368 2680 5390 ,
2709 5327 2797 5382 ille
2833 5334 2917 5380 est
2958 5326 3045 5381 hie
3065 5326 3437 5395 intelligendus
3464 5327 3518 5380 in
3543 5342 3668 5382 eor-

2079 5433 2210 5488 pore
2255 5433 2387 5482 suo,
2432 5419 2570 5486 quod
2607 5427 2688 5473 est
2715 5418 2829 5488 ejus
2866 5418 3124 5483 Ecclesia,
3155 5418 3242 5486 qui
3274 5417 3340 5470 de
3363 5416 3466 5471 hac
3493 5433 3553 5472 re
3583 5419 3666 5473 lo-

2079 5525 2250 5580 quens
2279 5509 2351 5564 ait
2377 5552 2390 5575 ,
2422 5509 2547 5564 Cum
2573 5510 2793 5564 videritis
2821 5510 3105 5575 Abraham,
3135 5509 3382 5575 et‘lsaac,
3413 5519 3461 5562 et
3483 5510 3664 5578 Iacob,

2079 5611 2130 5658 ιι
2149 5619 2317 5657 attines
2353 5602 2632 5671 Prop/tetas
2655 5605 2707 5656 in
2735 5619 2888 5674 regno
2917 5603 3045 5668 Dei,
3075 5619 3162 5656 vos
3185 5612 3354 5656 autem
3381 5605 3564 5674 expelli
3585 5605 3668 5673 fo-

2085 5712 2188 5750 ras.
2222 5695 2288 5749 Et
2313 5697 2502 5749 venient
2523 5697 2584 5748 ab
2614 5697 2801 5751 oriente
2824 5706 2868 5750 et
2895 5697 3148 5751 occidente
3175 5704 3223 5750 et
3247 5697 3481 5767 aquilone
3507 5709 3552 5751 et
3577 5715 3670 5750 au-

2086 5797 2210 5856 stro,
2242 5797 2285 5841 ct
2313 5790 2595 5842 accumbent
2624 5790 2677 5844 in
2698 5808 2849 5861 regno
2891 5790 2985 5849 Dei
3010 5808 3030 5848 :
3053 5801 3101 5849 et
3129 5808 3242 5849 ecce
3273 5801 3392 5849 sunt
3417 5793 3672 5850 novissimi

2157 5902 2174 5932 ι
2209 5900 2313 5955 sola
2337 5901 2483 5954 editio
2504 5909 2630 5967 bov.,
2658 5915 2782 5955 vere.
