4140 6216
1874 266 1885 278 _,
1902 255 1957 281 Γ

466 371 619 486 ξεῖνε

512 489 600 562 qni
625 497 764 546 erant
789 488 965 561 primi,
994 495 1039 543 et
1064 495 1179 543 sunt
1200 486 1351 558 primi
1373 487 1458 557 qui
1482 495 1625 540 erant
1642 487 1898 541 novissimi
1930 486 2077 560 (Luc.

512 598 607 638 xm
628 624 643 649 ,
665 581 874 652 28-50).
902 579 988 637 Sic
1031 580 1169 635 enim
1217 578 1443 649 quodam
1485 578 1641 635 modo
1670 580 1842 634 minor
1868 579 2083 650 majoris

510 675 789 744 primatum
817 671 978 726 frater
999 671 1213 729 abstulit
1240 681 1395 741 atque
1422 671 1474 726 in
1509 687 1567 726 se
1594 673 1858 726 transtulit
1881 671 2076 727 fratris.

506 762 640 820 Cum
669 764 825 835 igitur
852 771 956 819 tam
1006 778 1129 817 vera
1165 770 1375 832 tamque
1406 760 1765 832 signiﬁcentur
1790 762 2078 829 veraciter,

507 853 631 925 quid
644 853 729 909 hic
741 852 897 910 debet
914 853 1080 925 putari
1099 852 1290 908 factum
1306 853 1570 906 dictumve
1583 852 1938 906 mendaciter?
1952 852 2081 906 Cum

505 948 647 1003 enim
666 960 785 1018 qua:
801 945 1181 1017 signiﬁcantur,
1201 960 1303 999 non
1322 944 1501 1014 utique
1518 955 1619 997 non
1635 946 1819 998 suntin
1837 943 2078 1006 veritate.

502 1036 596 1095 sed
619 1047 741 1094 sunt
765 1051 857 1093 seu
877 1035 1163 1106 praeterita,
1192 1050 1285 1091 seu
1304 1035 1710 1105 praesentia,seu
1735 1034 1936 1099 futura;
1957 1048 2082 1104 pro-

504 1130 591 1188 cul
610 1129 771 1186 dubio
795 1142 916 1183 vera
943 1126 1251 1199 signiﬁcatio
1276 1135 1379 1196 est,
1401 1126 1704 1197 nullumque
1724 1127 2077 1181 mendacium.

503 1220 610 1279 Sed
641 1222 795 1278 nimis
815 1220 1027 1291 longum
1071 1229 1151 1275 est
1181 1219 1232 1273 in
1275 1220 1373 1273 hae
1420 1218 1801 1289 signiﬁcatione
1845 1216 2078 1287 prophe-

506 1314 609 1371 tica
661 1311 934 1368 enucleate
974 1322 1163 1368 cuncta
1195 1311 1405 1376 rimari,
1436 1311 1486 1364 in
1513 1310 1702 1380 quibus
1726 1309 1953 1379 palmam
1988 1324 2082 1366 ve-

503 1404 633 1459 ritas
660 1403 849 1470 habet,
880 1402 999 1473 quia
1039 1411 1097 1456 ut
1138 1400 1483 1473 signiﬁcando
1533 1401 1882 1470 praenuntiata
1924 1409 2077 1466 sunt,

502 1495 576 1555 ita
626 1495 996 1567 consequendo
1029 1495 1354 1550 claruerunt.

574 1584 800 1644 CAPUT
837 1585 926 1645 XI.
949 1584 1133 1641 —95.
1170 1584 1450 1655 Triparlita
1480 1584 1611 1637 ratio
1655 1583 1945 1654 disputandi
1982 1583 2079 1636 ad-

502 1693 676 1734 versus
694 1693 779 1732 eos
798 1678 882 1747 qui
908 1676 1195 1747 Scripturas
1217 1674 1413 1729 divinas
1428 1675 1700 1729 mendaciis
1720 1674 1823 1728 suis
1845 1673 2082 1729 adhibere

502 1778 744 1843 patronus
770 1767 961 1823 volunt.
989 1766 1169 1837 Neque
1191 1765 1241 1821 id
1272 1767 1373 1821 isto
1398 1780 1642 1821 sermone
1667 1765 1909 1835 suscepi,
1940 1765 2080 1836 quod

501 1858 572 1914 ad
602 1867 653 1914 te
691 1859 856 1930 magis
885 1857 1143 1928 pertinet,
1186 1857 1272 1928 qui
1301 1856 1818 1911 Priscillianistarum
1850 1855 2078 1911 latebras

503 1951 792 2022 aperuisti,
832 1959 1085 2021 quantum
1119 1950 1184 2004 ad
1228 1965 1412 2004 eorum
1459 1950 1645 2004 attinet
1678 1949 1919 2020 dogmata
1944 1948 2075 2002 falsa

504 2049 665 2112 atque
688 2056 955 2112 perversa;
981 2056 1048 2097 ne
1070 2041 1140 2095 ita
1171 2041 1479 2111 investigata
1497 2040 1771 2095 videantur
1807 2041 1954 2111 quasi
1986 2039 2082 2094 do«

502 2131 673 2188 cenda
697 2131 925 2197 fuerint,
957 2139 1011 2187 et
1054 2147 1158 2185 non
1185 2130 1565 2201 redarguenda.
1606 2130 1767 2200 Magis
1800 2145 1927 2200 ergo
1956 2131 1971 2160 ¹
2000 2130 2077 2184 fac

503 2232 564 2279 ut
587 2233 879 2295 expugnata
912 2223 1123 2293 jaceant
1144 2265 1159 2290 ,
1186 2238 1306 2293 quae
1333 2222 1496 2277 fecisti
1530 2231 1581 2274 ut
1607 2221 1806 2289 prodita
1830 2229 2038 2289 pateant
2062 2238 2074 2272 :

502 2333 573 2374 ne
616 2318 741 2373 dum
764 2316 1007 2372 volumus
1043 2316 1107 2371 ad
1151 2315 1447 2385 indaginem
1492 2313 1764 2368 hominum
1815 2311 2078 2366 fallacium

502 2407 816 2479 pervenire,
849 2407 989 2477 ipsas
1028 2405 1284 2461 falsitates
1325 2407 1559 2460 sinamus
1585 2413 1829 2474 tanquam
1862 2405 2078 2472 insupe-

501 2499 696 2555 rabiles
730 2513 1072 2568 permanere;
1102 2512 1220 2552 cum
1245 2498 1420 2567 potius
1446 2496 1729 2551 debeamus
1752 2506 1803 2550 et
1834 2496 1885 2549 in
1915 2495 2081 2548 laten-

502 2591 633 2647 tium
677 2589 924 2645 cordibus
970 2588 1245 2643 destruere
1284 2585 1572 2649 falsitates,
1614 2601 1769 2655 quam
1812 2583 2080 2656 parcendo

501 2682 817 2739 falsitatibus
845 2681 1085 2736 invenire
1113 2680 1343 2733 fallaces.
1365 2679 1528 2732 Porro
1558 2677 1697 2730 inter
1721 2676 1808 2730 illa
1831 2675 2077 2746 dogmata

502 2788 724 2837 eorum,
754 2787 872 2843 quae
901 2770 1250 2826 subvertenda
1291 2778 1443 2835 sunt,
1475 2769 1630 2822 etiam
1665 2767 1765 2821 hoc
1788 2776 1869 2820 est
1899 2767 2077 2835 utique

501 2864 645 2935 quod
683 2862 1072 2933 dogmatizaut,
1101 2860 1165 2915 ad
1210 2857 1573 2913 occultandam
1617 2857 1920 2928 religionem
1947 2856 2078 2911 reli-

502 2954 681 3024 giosos
706 2952 900 3008 debere
946 2950 1189 3018 mentiri,
1227 2950 1277 3003 in
1308 2958 1505 3003 tantum
1551 2956 1607 3001 ut
1650 2964 1752 3001 non
1797 2947 1965 3002 solum
2012 2944 2079 3000 de

501 3044 621 3101 aliis
649 3043 810 3099 rebus
828 3044 893 3096 ad
918 3041 1210 3097 doctrinam
1242 3040 1510 3110 religionis
1532 3054 1635 3093 non
1669 3037 2071 3108 pertinentibus,

502 3134 598 3189 sed
626 3133 693 3188 de
721 3134 832 3202 ipsa
862 3148 1070 3203 quoque
1096 3131 1346 3201 religione
1376 3130 1732 3185 mentiendum
1760 3129 1864 3193 sit,
1888 3144 1955 3183 ue
1985 3142 2076 3199 pa-

503 3232 673 3281 tescat
698 3222 914 3290 alienis;
943 3231 1000 3277 ut
1025 3222 1263 3277 videlicet
1299 3221 1567 3290 negandus
1596 3221 1664 3274 sit
1692 3220 1949 3281 Christus,
1975 3234 2078 3288 quo

503 3315 673 3386 possit
698 3315 834 3369 inter
874 3313 1114 3367 inimicos
1160 3326 1285 3365 suos
1314 3311 1477 3365 latere
1513 3310 1849 3365 christianus.
1906 3310 2076 3364 Etiam

503 3405 643 3470 hoc,
672 3405 893 3460 obsecro
935 3412 988 3457 te
1010 3444 1025 3468 ,
1053 3402 1241 3473 dogma
1285 3401 1499 3469 impium
1547 3399 1909 3469 nefariumque
1949 3399 2077 3454 sub-

504 3506 672 3560 verte,
705 3502 921 3565 propter
963 3492 1104 3562 quod
1159 3489 1498 3545 astruendum
1542 3497 1968 3559 argumentantes
2010 3487 2076 3544 de

503 3586 792 3655 Scripturis
815 3583 1069 3653 colligunt
1097 3580 1394 3635 testimonia
1414 3619 1427 3642 ,
1456 3578 1649 3648 quibus
1674 3578 1951 3634 videantur
1971 3593 2074 3633 non
2113 3594 2118 3598 ·

503 3677 678 3734 solum
705 3673 1023 3746 ignoscenda
1051 3672 1134 3727 vel
1163 3671 1431 3727 toleranda
1450 3712 1465 3737 ,
1488 3685 1669 3724 verum
1695 3678 1748 3724 et
1768 3669 2075 3725 honoranda

503 3767 799 3833 mendacia.
831 3765 908 3820 Ad
936 3772 986 3819 te
1013 3762 1169 3835 igitur
1198 3762 1461 3833 pertinet,
1488 3768 1683 3815 sectam
1711 3758 2076 3816 detestabilem

507 3875 628 3916 eum
658 3858 876 3924 refellis,
896 3858 972 3912 sic
998 3853 1301 3926 accipienda
1324 3861 1621 3908 monstrare
1648 3853 1746 3906 ista
1777 3853 2075 3908 testimonia

506 3955 917 4026 Scripturarum,
947 3963 1005 4009 ut
1030 3953 1108 4008 vel
1137 3952 1329 4008 doceas
1365 3965 1471 4006 non
1520 3965 1636 4005 esse
1673 3964 1790 4020 quae
1832 3959 2079 4019 putantur

504 4062 625 4104 esse
668 4045 939 4119 mendacia
958 4086 974 4111 ,
1004 4044 1048 4099 si
1069 4059 1134 4100 eo
1154 4043 1313 4098 modo
1342 4042 1693 4111 intelligantur
1711 4083 1724 4105 ,
1753 4056 1856 4111 quo
1882 4042 2079 4098 intelli-

505 4143 675 4207 genda
714 4143 865 4199 sunt;
898 4134 984 4188 vel
1021 4133 1269 4187 imitanda
1297 4148 1401 4186 non
1427 4146 1546 4186 esse
1587 4133 1743 4186 etiam
1769 4149 1886 4207 qua:
1913 4135 2082 4189 mani-

508 4229 702 4285 festum
724 4237 805 4284 est
833 4243 952 4283 esse
972 4229 1278 4296 mendacia;
1307 4230 1388 4284 vel
1428 4240 1571 4285 certe
1593 4230 1658 4283 ad
1691 4241 1984 4286 extremum
2012 4233 2078 4285 de

509 4319 595 4375 his
624 4319 810 4374 saltem
845 4319 1003 4375 rebus
1050 4336 1166 4391 quae
1191 4319 1257 4375 ad
1288 4320 1578 4374 doctrinam
1619 4322 1887 4393 religionis
1915 4321 2072 4390 perti-

509 4418 639 4466 nent
661 4451 676 4476 ,
706 4409 849 4464 nullo
878 4409 1035 4464 modo
1078 4424 1197 4465 esse
1241 4410 1623 4465 mentiendum.
1667 4412 1753 4465 Sic
1780 4412 1919 4465 enint
1955 4425 2082 4466 vere

510 4499 750 4557 funditus
777 4508 1104 4568 evertuntur,
1134 4501 1257 4554 dum
1312 4501 1568 4555 evertitur
1605 4502 1693 4557 ubi
1718 4501 2076 4556 delitescunt:

508 4604 566 4650 ut
587 4609 651 4650 eo
682 4595 794 4663 ipso
820 4594 1036 4649 minime
1081 4594 1318 4650 sectandi
1351 4604 1404 4649 et
1431 4595 1655 4649 maxime
1693 4593 1910 4650 cavendi
1937 4594 2080 4664 judi-

508 4695 717 4753 centur,
746 4702 851 4757 quo
874 4701 933 4741 se
971 4685 1037 4741 ad
1073 4685 1434 4741 occultandam
1465 4687 1708 4741 haeresim
1740 4701 1885 4740 suam
1918 4686 2080 4754 protl-

456 4815 477 4839 ς
510 4787 690 4835 tentur
714 4792 834 4834 esse
881 4777 1183 4835 mendaces.
1212 4776 1323 4831 Hoc
1348 4778 1399 4830 in
1434 4778 1512 4832 eis
1538 4786 1618 4831 est
1648 4777 1887 4846 primitus
1915 4792 2080 4846 expu-

506 4868 797 4940 gnandum,
845 4868 945 4922 hoc
990 4883 1173 4922 eorum
1217 4867 1359 4921 velut
1396 4866 1644 4922 idoneum
1698 4867 2081 4921 munimentum

507 4959 746 5017 veritatis
772 4959 961 5014 ictibus
978 4957 1265 5013 feriendum
1294 4967 1450 5026 atque
1475 4956 1843 5026 dejiciendum.
1876 4955 1983 5011 Nec
2004 4958 2081 5011 eis

508 5066 667 5122 quam
694 5064 801 5105 non
824 5048 1126 5112 habebant,
1156 5048 1257 5102 alia
1294 5046 1490 5102 latebra
1528 5062 1632 5117 quo
1658 5046 1963 5115 confugiant
2000 5055 2084 5101 est

510 5139 796 5213 prtebenda
817 5154 831 5192 :
856 5148 914 5193 ut
941 5138 984 5193 si
1014 5136 1148 5193 forte
1176 5136 1242 5191 ab
1273 5137 1352 5191 his
1373 5137 1670 5207 produntur
1693 5179 1707 5203 ,
1736 5151 1869 5205 quos
1907 5137 2081 5193 conati

510 5231 708 5287 fuerint
732 5229 986 5285 seducere
1002 5269 1017 5293 ,
1043 5244 1140 5285 nec
1159 5229 1450 5298 potuerint,
1482 5228 1689 5294 dicant,
1713 5228 1940 5282 Tentare
1968 5228 2084 5283 illos

510 5321 809 5384 voluimus,
838 5320 1084 5390 quoniam
1113 5319 1395 5388 prudentes
1419 5320 1661 5374 catholici
1682 5319 1979 5374 docuerunt
2015 5320 2082 5375 ad

512 5411 859 5473 inveniendos
915 5409 1189 5464 luereticos
1240 5408 1291 5463 id
1321 5425 1436 5464 esse
1481 5410 1793 5464 faciendum.
1835 5408 1938 5464 Sed
1988 5410 2086 5463 ali-

511 5512 711 5573 quanto
734 5498 1153 5557 commendatius
1179 5508 1387 5569 oportet
1409 5509 1462 5552 ut
1485 5499 1677 5564 dicam,
1705 5513 1802 5554 cur
1831 5499 1927 5553 ista
1955 5499 2083 5553 mihi

515 5593 761 5648 videatur
786 5593 1042 5661 tripertita
1068 5592 1205 5646 ratio
1240 5590 1541 5661 diSputandi
1582 5590 1836 5645 adversus
1876 5591 2081 5660 cos-qui

514 5693 767 5757 patronas
792 5683 1078 5739 mendaciis
1096 5683 1207 5737 suis
1234 5683 1417 5736 volunt
1434 5680 1685 5735 adhibere
1710 5680 1912 5735 divinas
1941 5682 2085 5735 Scri-

580 5814 596 5847 ¹
631 5815 915 5866 Sorbonicus
934 5821 1038 5878 Ms,
1055 5820 1101 5864 et
1121 5828 1212 5866 non
1231 5816 1384 5880 magis
1406 5812 1757 5876 redarguenda.
1779 5821 1915 5877 Ergo,
1942 5822 2036 5866 etc.

1490 372 1756 430 CONTRA
1806 368 2220 441 MENOACIUM,
2261 370 2319 426 S.
2354 367 2714 428 AUGUSTINI

2190 495 2407 557 pturas:
2440 494 2498 541 ut
2521 484 2666 555 prius
2693 484 3034 542 ostendamus
3054 485 3306 543 nonnulla
3335 502 3453 560 quae
3468 489 3542 548 ibi
3569 500 3763 564 putan.

2190 587 2274 634 tur
2296 595 2413 635 esse
2437 578 2737 643 mendacia,
2769 593 2871 633 non
2918 593 3038 634 esse
3066 579 3205 650 quod
3234 591 3513 650 putantur,
3539 585 3585 640 si
3614 595 3762 644 recte

2187 669 2571 739 intelligantur;
2598 669 2817 735 deinde,
2844 669 2889 725 si
2917 684 3018 740 qua
3061 670 3132 726 ibi
3166 671 3439 728 mendacia
3477 675 3757 734 manifesta

2186 767 2335 826 sunt,
2368 759 2618 815 imitanda
2648 774 2753 815 non
2798 774 2956 824 esse;
2989 760 3177 827 tertio,
3207 771 3392 817 contra
3436 779 3623 821 omnes
3646 781 3763 821 om-

2186 852 2328 908 nium
2355 852 2659 922 opiniones,
2688 850 2879 921 quibus
2918 850 3122 906 videtur
3141 851 3206 906 ad
3238 853 3336 907 viri
3379 853 3503 909 boni
3524 853 3759 911 ofﬁcium

2186 944 2449 1014 pertinere
2476 941 2757 1012 aliquando
2787 943 2994 997 mentiri
3015 984 3029 1006 ,
3058 943 3203 997 omni
3241 943 3399 999 modo
3432 946 3715 1001 tenendum
3740 988 3761 1012 ,

2186 1035 2237 1089 iu
2273 1034 2511 1088 doctrina
2540 1035 2805 1104 religionis
2832 1034 2977 1090 nullo
3014 1035 3173 1091 modo
3215 1051 3333 1092 esse
3373 1038 3761 1094 mentiendum.

2186 1124 2309 1180 llaec
2333 1127 2471 1180 enim
2494 1128 2593 1181 tria
2625 1126 2715 1181 tibi
2739 1128 2756 1158 ¹
2785 1127 3117 1199 exsequenda
3143 1128 3301 1200 paulo
3330 1140 3453 1187 ante
3492 1146 3768 1192 comment

2186 1216 2302 1272 davi
2323 1259 2339 1284 ,
2366 1228 2418 1273 et
2441 1218 2667 1288 quodam
2695 1219 2853 1273 modo
2879 1220 3098 1289 injunxi.
3478 1226 3485 1233 ‘

2257 1309 2478 1365 CAPUT
2520 1311 2632 1365 ΧΠ.
2662 1342 2729 1351 -—
2755 1310 2844 1366 26.
2872 1310 3121 1384 Exempla
3150 1315 3416 1369 mentiendi
3442 1319 3671 1386 quantum
3696 1334 3762 1373 ex

2185 1402 2423 1456 veteribus
2461 1402 2741 1473 Scriptnris
2777 1419 2889 1459 vere
2926 1403 3081 1469 talia,
3120 1422 3183 1459 ea:
3212 1405 3360 1460 Novo
3386 1418 3551 1462 autem
3579 1407 3760 1463 Testa—

2184 1503 2349 1548 mento
2379 1494 2519 1548 nulla
2547 1494 2783 1563 proferri.
2818 1494 3089 1549 Simulatio
3126 1494 3268 1551 Petri
3305 1507 3350 1551 et
3376 1497 3624 1553 Barnabw
3656 1516 3759 1554 me-

2182 1586 2280 1639 rito
2322 1586 2620 1654 reprehensa
2660 1602 2691 1638 α
2738 1584 2927 1641 Paulo.
2977 1585 3097 1641 Non
3143 1576 3448 1644 mendaciter
3488 1591 3783 1647 observatur

2183 1693 2216 1730 a
2244 1675 2410 1730 Paulo
2444 1676 2593 1748 Legis
2630 1678 2860 1749 quaedam
2897 1680 3220 1733 casremoniw.
3257 1678 3449 1735 Paulus
3483 1698 3582 1736 non
3612 1699 3758 1737 men-

2184 1768 2372 1833 tiendo,
2401 1768 2488 1822 sed
2513 1768 2859 1838 contpatiendo
2886 1769 3113 1824 omnibus
3136 1769 3302 1823 omnia
3327 1772 3510 1841 factus.
3541 1770 3758 1827 Menda-

2184 1857 2314 1909 cium
2342 1857 2464 1927 quid
2490 1860 2572 1911 sit.
2606 1857 2682 1912 Ad
2722 1858 3046 1913 ostendenda
3083 1873 3209 1930 ergo
3237 1859 3476 1930 quredam
3497 1877 3625 1933 qua:
3651 1878 3757 1933 pu-

2183 1954 2361 2001 tantur
2387 1950 2438 2002 in
2464 1949 2749 2018 Scripturis
2773 1965 2892 2004 esse
2919 1950 3212 2017 mendacia,
3242 1965 3346 2006 non
3376 1966 3437 2006 ea
3466 1928 3584 2007 esse
3613 1952 3756 2023 quod

2183 2049 2464 2110 putantur,
2494 2041 2537 2095 si
2578 2051 2720 2096 recte
2756 2041 3144 2112 intelligantur;
3187 2058 3294 2097 non
3334 2043 3425 2098 tibi
3454 2058 3639 2113 parum
3664 2043 3760 2099 ad-

2182 2147 2367 2188 versus
2398 2132 2528 2186 istos
2553 2133 2726 2188 valere
2751 2133 3011 2201 videatur,
3039 2133 3180 2203 quod
3207 2150 3311 2189 non
3341 2133 3408 2190 de
3432 2137 3753 2205 apostolicis,

2180 2222 2275 2278 sed
2319 2223 2384 2278 de
2425 2222 2745 2293 propheticis
2781 2224 2994 2281 Litteris
3032 2225 3305 2282 inveniunt
3343 2228 3483 2283 velut
3515 2230 3756 2299 exempla

2183 2315 2491 2371 mentiendi.
2521 2316 2610 2370 llla
2637 2316 2829 2387 quippe
2850 2317 3024 2371 omnia
3052 2335 3167 2388 qua:
3192 2321 3502 2375 nominatim
3524 2336 3757 2377 commc-

2182 2416 2392 2463 moraut
2418 2408 2501 2462 ubi
2529 2409 2596 2462 sit
2620 2408 2841 2478 quisque
2867 2410 3147 2477 mentitus,
3177 2412 3228 2464 in
3259 2411 3339 2467 eis
3367 2411 3540 2467 Libris
3571 2412 3755 2484 legun-

2183 2509 2294 2567 tur,
2328 2502 2381 2555 in
2416 2501 2608 2572 quibus
2643 2517 2752 2555 non
2782 2502 2949 2556 solum
2981 2500 3149 2569 dicta,
3195 2519 3379 2558 verum
3421 2504 3577 2559 etiam
3620 2504 3756 2561 facta

2180 2595 2355 2663 multa
2373 2596 2587 2666 ﬁgurata
2614 2599 2912 2667 conscripta
2939 2606 3061 2652 sunt
3079 2599 3121 2664 ¹,
3149 2597 3270 2667 quia
3295 2607 3348 2652 et
3372 2582 3590 2669 ﬁgurate
3610 2609 3761 2669 gesta“

2181 2695 2325 2744 sunt.
2352 2688 2406 2742 ln
2430 2686 2608 2758 ﬁguris
2626 2698 2802 2744 autem
2830 2689 2968 2759 quod
2991 2689 3133 2744 velut
3152 2690 3484 2745 mendacium
3502 2690 3522 2721 '
3541 2690 3754 2757 dicitur,

2181 2776 2316 2832 bene
2353 2776 2675 2832 intellectum
2718 2794 2899 2832 verum
2940 2779 3222 2834 invenitur.
3256 2780 3493 2851 Apostoli
3532 2795 3658 2835 vero
3701 2782 3756 2837 in

2180 2872 2431 2942 Epistolis
2461 2870 2569 2924 suis
2607 2869 2761 2924 aliter
2795 2868 2955 2924 locuti
2994 2879 3148 2936 sunt,
3178 2870 3434 2941 aliterque
3470 2872 3754 2943 conscripti

2180 2965 2343 3021 Actus
2364 2962 2760 3033 Apostolorum,
2781 2961 2892 3031 jam
2908 2960 3151 3016 videlicet
3170 2962 3402 3016 revelato
3417 2961 3755 3018 Testamento

2179 3053 2347 3120 Novo,
2370 3052 2507 3123 quod
2533 3051 2636 3105 illis
2658 3050 2840 3121 ﬁguris
2861 3050 3185 3121 propheticis
3205 3051 3493 3106 velabatur.
3518 3052 3754 3122 Denique

2180 3146 2233 3202 in
2261 3154 2337 3201 tot
2363 3143 2612 3213 Epistolis
2638 3141 2942 3211 apostolicis
2964 3182 2979 3207 ,
3018 3150 3176 3213 atque
3214 3141 3266 3196 in
3297 3142 3412 3214 ipso
3439 3151 3541 3198 tam
3568 3145 3754 3214 grandi

2179 3242 2316 3299 libro
2339 3245 2389 3298 in
2413 3259 2518 3314 quo
2539 3252 2686 3300 actus
2710 3258 2893 3298 eorum
2922 3242 3176 3311 canonica
3207 3244 3425 3298 veritate
3453 3253 3752 3309 narrantur,

2180 3350 2285 3389 non
2312 3335 2577 3389 invenitur
2602 3334 2720 3389 talis
2743 3334 2933 3411 aliquis
2957 3334 3243 3401 mentiens,
3266 3342 3325 3390 ut
3349 3334 3416 3390 de
3440 3335 3530 3391 illo
3552 3335 3620 3391 ab
3639 3337 3754 3392 istis

2178 3423 2245 3478 ad
2273 3423 2558 3479 mentiendi
2589 3423 2852 3479 licentiam
2881 3430 3209 3494 proponatur
3232 3425 3552 3494 exemplum.
3578 3425 3755 3492 Quan-

2179 3512 2463 3583 doquidem
2490 3513 2576 3568 illa
2607 3513 2746 3567 Petri
2776 3521 2832 3568 et
2857 3513 3111 3569 Barnaba:
3138 3514 3404 3570 simulatio
3431 3530 3531 3585 qua
3557 3514 3755 3572 Gentes

2174 3605 2445 3676 judaizare
2474 3605 2749 3675 cogebant,
2782 3605 2972 3661 merito
2996 3607 3316 3676 reprehensa
3340 3615 3497 3679 atque
3517 3618 3754 3673 correcta

2179 3705 2260 3751 est
2278 3737 2293 3761 ,
2323 3705 2376 3751 et
2405 3712 2470 3750 ne
2499 3704 2622 3750 tunc
2649 3704 2893 3763 noceret,
2924 3704 2979 3752 et
3004 3713 3070 3752 ne
3094 3698 3321 3769 posteris
3348 3698 3415 3755 ad
3442 3698 3755 3755 imitandum

2182 3789 2397 3842 valeret.
2423 3786 2555 3842 Cum
2580 3787 2720 3843 enim
2747 3787 2967 3843 vidisset
2988 3789 3257 3859 apostolus
3281 3789 3473 3843 Paulus
3498 3791 3618 3860 quia
3647 3805 3753 3847 non

2179 3890 2323 3936 recte
2354 3880 2717 3951 ingrediuntur
2742 3881 2809 3935 ad
2833 3881 3104 3936 veritatem
3130 3880 3414 3953 Evangelii,
3442 3881 3571 3935 dixit
3594 3882 3754 3938 Petro

2180 3990 2358 4029 coram
2385 3974 2628 4030 omnibus
2660 3993 2672 4028 :
2703 3974 2765 4030 Si
2793 3985 2847 4028 tu
2880 3991 2992 4028 cunt
3028 3976 3097 4030 sis
3133 3975 3344 4029 Judazus
3364 4017 3378 4040 ,
3421 3972 3683 4028 Gentiliter
3705 3982 3754 4028 et

2181 4084 2282 4121 non
2326 4066 2541 4122 Iudaico
2590 4067 2745 4131 viris;
2797 4067 3044 4131 qumodo
3090 4065 3269 4122 Gentes
3310 4065 3447 4138 cogis
3488 4064 3754 4137 iudaizare

2183 4159 2374 4232 (Galat.
2400 4177 2454 4223 ιι,
2484 4160 2565 4224 15,
2598 4158 2728 4229 16)?
2756 4157 2807 4213 Id
2835 4166 3008 4213 autem
3039 4159 3179 4231 quod
3208 4158 3319 4230 ipse
3343 4156 3487 4227 fecit,
3516 4166 3573 4212 ut
3595 4171 3755 4229 quas-

2182 4252 2302 4307 dam
2354 4253 2750 4308 ohservationes
2804 4252 3063 4322 legitimas
3107 4251 3316 4321 judaica
3372 4248 3754 4308 consuetudine

2184 4345 2459 4401 retinendo
2485 4354 2536 4400 et
2560 4344 2762 4415 agendo
2788 4360 2890 4398 non
2919 4359 2976 4399 se
3003 4344 3269 4398 inimicum
3295 4342 3420 4414 Legi
3446 4340 3754 4411 Propltetis-

2182 4451 2286 4508 que
2309 4445 2644 4500 monstraret,
2676 4435 2811 4491 absit
2840 4444 2896 4490 ut
2924 4432 3250 4490 mendaCiter
3273 4449 3393 4489 eum
3424 4432 3611 4488 fecisse
3634 4446 3756 4489 cre-

2183 4528 2387 4584 damus.
2418 4528 2489 4582 De
2513 4527 2612 4582 hac
2634 4529 2826 4598 quippe
2852 4541 2909 4581 re
2931 4527 3058 4581 satis
3084 4532 3166 4580 est
3189 4525 3300 4595 ejus
3323 4533 3443 4580 nota
3463 4524 3751 4594 sententia,

2184 4633 2284 4691 qua
2316 4619 2480 4672 fuerat
2510 4619 2871 4684 constitutum,
2901 4631 2996 4670 nec
3020 4614 3232 4671 Iudaeos
3256 4616 3343 4687 qui
3369 4624 3495 4672 tunc
3520 4617 3575 4672 in
3601 4614 3758 4673 Chri-

2184 4725 2321 4772 stum
2348 4715 2631 4769 crcdcbant
2655 4712 3011 4785 prohibendos
3038 4726 3156 4766 esse
3184 4726 3214 4766 a
3242 4711 3476 4781 paternis
3510 4711 3755 4769 traditio-

2188 4806 2358 4874 nibus,
2385 4822 2480 4860 ncc
2501 4805 2564 4859 ad
2589 4820 2680 4861 eas
2701 4805 2935 4861 Gentiles
2956 4819 3072 4857 eum
3094 4801 3377 4858 ChriStiani
3405 4802 3613 4872 ﬁerent,
3637 4818 3756 4860 esse

2186 4898 2449 4968 cogendos
2478 4916 2490 4951 :
2523 4906 2577 4951 ut
2606 4897 2692 4951 illa
2720 4904 3045 4952 sacramenta
3074 4910 3193 4965 qua:
3220 4894 3470 4951 divinitus
3492 4905 3757 4967 praecepta

2186 5004 2303 5045 esse
2331 4998 2628 5056 constaret,
2665 5004 2771 5043 non
2813 4997 3061 5059 tanquam
3101 4987 3372 5060 sacrilegia
3411 4988 3755 5059 ingerentur;

2187 5096 2284 5136 nec
2311 5090 2482 5134 tamen
2509 5090 2818 5151 putarentur
2841 5079 2917 5135 sic
2948 5079 3241 5135 necessaria
3266 5079 3374 5150 jam
3400 5078 3545 5134 Novo
3565 5078 3758 5136 Testa-

2187 5184 2366 5228 mento
2397 5175 2648 5239 revelato,
2683 5184 2930 5244 tanquam
2961 5172 3074 5226 sine
3104 5172 3167 5227 iis
3196 5172 3507 5242 quicumque
3534 5185 3762 5227 conver-

2188 5272 2427 5320 terentur
2451 5264 2513 5319 ad
2546 5266 2706 5318 Deum
2732 5264 2860 5319 salvi
2887 5278 3005 5318 esse
3036 5279 3139 5316 non
3172 5272 3403 5332 possent.
3427 5262 3591 5317 Erant
3614 5262 3762 5320 enim

2189 5355 2275 5426 qui
2304 5354 2403 5408 hoc
2431 5356 2681 5425 putabant
2706 5363 2862 5423 atque
2889 5354 3265 5424 prmdieabant,
3287 5353 3526 5424 quamvis
3542 5352 3653 5422 jam
3674 5368 3761 5410 res

2189 5456 2341 5517 cepto
2371 5446 2561 5500 Christi
2586 5445 2890 5515 Evangelia,
2921 5454 2974 5499 et
3001 5444 3077 5499 cis
3106 5444 3348 5498 simulate
3381 5453 3764 5500 consenserant

2190 5539 2375 5594 Petrus
2402 5547 2453 5594 et
2479 5537 2780 5601 Barnabas;
2819 5537 3044 5606 ideoque
3076 5535 3332 5607 cogebant
3361 5534 3555 5591 Gentes
3581 5533 3763 5605 judai-

2254 5697 2271 5764 ξ
2304 5701 2432 5764 l.ov.,
2461 5694 2653 5764 tria
2680 5694 2761 5742 Alii
2785 5696 2995 5764 codices,
3020 5693 3123 5744 tibi.

2254 5759 2273 5819 ξ
2307 5763 2405 5806 Duo
2427 5765 2551 5816 Mss,
2581 5757 2784 5819 ﬁgurate
2807 5757 3077 5819 cmscripta
3099 5760 3225 5805 sunt.

2255 5818 2275 5849 ³
2308 5826 2406 5868 .tm.
2434 5826 2504 5868 lir.
2534 5816 2589 5868 et
2608 5816 2773 5883 plures
2799 5827 2921 5877 Vss,
2950 5816 3071 5868 velut
3095 5817 3335 5868 mendum.
