  <div class='ocr_page' id='page_1' title='image "/cluster/home/n/w/nwhite01/storage/ocr_20150623/40/hvd.32044096580626/276.png"; bbox 0 0 4140 6216; ppageno 0'>
   <div class='ocr_carea' id='block_1_1' title="bbox 330 346 441 407">
    <p class='ocr_par' dir='ltr' id='par_1_1' title="bbox 330 346 441 407">
     <span class='ocr_line' id='line_1_1' title="bbox 330 346 441 407; baseline -0.027 -1"><span class='ocrx_word' id='word_1_1' title='bbox 330 346 441 407; x_wconf 74' lang='lat'><strong>557</strong></span> 
     </span>
    </p>
   </div>
   <div class='ocr_carea' id='block_1_2' title="bbox 326 454 1918 529">
    <p class='ocr_par' dir='ltr' id='par_1_2' title="bbox 326 454 1918 529">
     <span class='ocr_line' id='line_1_2' title="bbox 326 454 1918 529; baseline -0.005 -11"><span class='ocrx_word' id='word_1_2' title='bbox 326 476 475 518; x_wconf 80' lang='lat' dir='ltr'><strong>zare.</strong></span> <span class='ocrx_word' id='word_1_3' title='bbox 496 458 555 517; x_wconf 91' lang='lat' dir='ltr'><strong>Id</strong></span> <span class='ocrx_word' id='word_1_4' title='bbox 575 466 693 516; x_wconf 89' lang='lat' dir='ltr'><strong>erat</strong></span> <span class='ocrx_word' id='word_1_5' title='bbox 709 456 852 513; x_wconf 87' lang='lat' dir='ltr'><strong>enim</strong></span> <span class='ocrx_word' id='word_1_6' title='bbox 872 468 1085 529; x_wconf 90' lang='lat' dir='ltr'><strong>cogere,</strong></span> <span class='ocrx_word' id='word_1_7' title='bbox 1106 455 1183 512; x_wconf 85' lang='lat' dir='ltr'><strong>sic</strong></span> <span class='ocrx_word' id='word_1_8' title='bbox 1203 468 1265 512; x_wconf 91' lang='lat' dir='ltr'><strong>ea</strong></span> <span class='ocrx_word' id='word_1_9' title='bbox 1284 456 1580 513; x_wconf 84' lang='lat' dir='ltr'><strong>necessaria</strong></span> <span class='ocrx_word' id='word_1_10' title='bbox 1604 454 1918 526; x_wconf 60' lang='lat' dir='ltr'><strong>praedicare,</strong></span> 
     </span>
    </p>
   </div>
   <div class='ocr_carea' id='block_1_3' title="bbox 328 533 1922 626">
    <p class='ocr_par' dir='ltr' id='par_1_3' title="bbox 328 533 1922 626">
     <span class='ocr_line' id='line_1_3' title="bbox 328 533 1922 626; baseline -0.007 -15"><span class='ocrx_word' id='word_1_11' title='bbox 328 533 585 626; x_wconf 78' lang='lat' dir='ltr'><strong>tanquam</strong></span> <span class='ocrx_word' id='word_1_12' title='bbox 625 561 681 608; x_wconf 91' lang='lat' dir='ltr'><strong>et</strong></span> <span class='ocrx_word' id='word_1_13' title='bbox 708 559 923 620; x_wconf 72' lang='lat' dir='ltr'><strong>recepto</strong></span> <span class='ocrx_word' id='word_1_14' title='bbox 952 547 1240 618; x_wconf 85' lang='lat' dir='ltr'><strong>Evangelio</strong></span> <span class='ocrx_word' id='word_1_15' title='bbox 1286 548 1429 602; x_wconf 91' lang='lat' dir='ltr'><strong>nulla</strong></span> <span class='ocrx_word' id='word_1_16' title='bbox 1476 548 1592 601; x_wconf 84' lang='lat' dir='ltr'><strong>sine</strong></span> <span class='ocrx_word' id='word_1_17' title='bbox 1635 546 1737 600; x_wconf 87' lang='lat' dir='ltr'><strong>illis</strong></span> <span class='ocrx_word' id='word_1_18' title='bbox 1777 547 1922 600; x_wconf 89' lang='lat' dir='ltr'><strong>salus</strong></span> 
     </span>
    </p>
   </div>
   <div class='ocr_carea' id='block_1_4' title="bbox 325 639 1921 709">
    <p class='ocr_par' dir='ltr' id='par_1_4' title="bbox 325 639 1921 709">
     <span class='ocr_line' id='line_1_4' title="bbox 325 639 1921 709; baseline -0.007 -6"><span class='ocrx_word' id='word_1_19' title='bbox 325 653 478 703; x_wconf 88' lang='lat' dir='ltr'><strong>esset</strong></span> <span class='ocrx_word' id='word_1_20' title='bbox 507 644 560 699; x_wconf 88' lang='lat' dir='ltr'><strong>in</strong></span> <span class='ocrx_word' id='word_1_21' title='bbox 588 642 820 698; x_wconf 91' lang='lat' dir='ltr'><strong>Christo.</strong></span> <span class='ocrx_word' id='word_1_22' title='bbox 857 640 965 694; x_wconf 89' lang='lat' dir='ltr'><strong>Iloc-</strong></span> <span class='ocrx_word' id='word_1_23' title='bbox 991 655 1145 695; x_wconf 90' lang='lat' dir='ltr'><strong>error</strong></span> <span class='ocrx_word' id='word_1_24' title='bbox 1172 639 1520 709; x_wconf 87' lang='lat' dir='ltr'><strong>quorumdam</strong></span> <span class='ocrx_word' id='word_1_25' title='bbox 1553 639 1788 709; x_wconf 89' lang='lat' dir='ltr'><strong>putabat,</strong></span> <span class='ocrx_word' id='word_1_26' title='bbox 1822 639 1921 692; x_wconf 88' lang='lat' dir='ltr'><strong>hoc</strong></span> 
     </span>
    </p>
   </div>
   <div class='ocr_carea' id='block_1_5' title="bbox 326 731 1918 803">
    <p class='ocr_par' dir='ltr' id='par_1_5' title="bbox 326 731 1918 803">
     <span class='ocr_line' id='line_1_5' title="bbox 326 731 1918 803; baseline -0.004 -10"><span class='ocrx_word' id='word_1_27' title='bbox 326 737 496 793; x_wconf 86' lang='lat' dir='ltr'><strong>timor</strong></span> <span class='ocrx_word' id='word_1_28' title='bbox 517 735 657 790; x_wconf 88' lang='lat' dir='ltr'><strong>Petri</strong></span> <span class='ocrx_word' id='word_1_29' title='bbox 680 732 982 796; x_wconf 89' lang='lat' dir='ltr'><strong>simulabat,</strong></span> <span class='ocrx_word' id='word_1_30' title='bbox 1012 732 1115 787; x_wconf 87' lang='lat' dir='ltr'><strong>hoc</strong></span> <span class='ocrx_word' id='word_1_31' title='bbox 1134 732 1351 787; x_wconf 90' lang='lat' dir='ltr'><strong>libertas</strong></span> <span class='ocrx_word' id='word_1_32' title='bbox 1372 731 1521 786; x_wconf 82' lang='lat' dir='ltr'><strong>Pauli</strong></span> <span class='ocrx_word' id='word_1_33' title='bbox 1549 731 1918 803; x_wconf 85' lang='lat' dir='ltr'><strong>redarguchat.</strong></span> 
     </span>
    </p>
   </div>
   <div class='ocr_carea' id='block_1_6' title="bbox 326 821 1923 897">
    <p class='ocr_par' dir='ltr' id='par_1_6' title="bbox 326 821 1923 897">
     <span class='ocr_line' id='line_1_6' title="bbox 326 821 1923 897; baseline -0.004 -14"><span class='ocrx_word' id='word_1_34' title='bbox 326 826 486 895; x_wconf 83' lang='lat' dir='ltr'><strong>Quod</strong></span> <span class='ocrx_word' id='word_1_35' title='bbox 514 840 643 897; x_wconf 87' lang='lat' dir='ltr'><strong>ergo</strong></span> <span class='ocrx_word' id='word_1_36' title='bbox 672 825 779 890; x_wconf 90' lang='lat' dir='ltr'><strong>ait,</strong></span> <span class='ocrx_word' id='word_1_37' title='bbox 815 821 1059 877; x_wconf 70' lang='lat' dir='ltr'><strong>Omnibus</strong></span> <span class='ocrx_word' id='word_1_38' title='bbox 1088 822 1258 876; x_wconf 84' lang='lat' dir='ltr'><strong>omnia</strong></span> <span class='ocrx_word' id='word_1_39' title='bbox 1296 823 1463 894; x_wconf 81' lang='lat' dir='ltr'><strong>factus</strong></span> <span class='ocrx_word' id='word_1_40' title='bbox 1498 839 1639 888; x_wconf 88' lang='lat' dir='ltr'><strong>sum,</strong></span> <span class='ocrx_word' id='word_1_41' title='bbox 1672 833 1725 875; x_wconf 86' lang='lat' dir='ltr'><strong>ut</strong></span> <span class='ocrx_word' id='word_1_42' title='bbox 1753 837 1923 876; x_wconf 84' lang='lat' dir='ltr'><strong>onmes</strong></span> 
     </span>
    </p>
   </div>
   <div class='ocr_carea' id='block_1_7' title="bbox 328 912 1919 986">
    <p class='ocr_par' dir='ltr' id='par_1_7' title="bbox 328 912 1919 986">
     <span class='ocr_line' id='line_1_7' title="bbox 328 912 1919 986; baseline -0.004 -14"><span class='ocrx_word' id='word_1_43' title='bbox 328 918 717 986; x_wconf 62' lang='lat' dir='ltr'><strong>lucrifacercm;</strong></span> <span class='ocrx_word' id='word_1_44' title='bbox 748 912 1119 986; x_wconf 86' lang='lat' dir='ltr'><strong>compatiendo</strong></span> <span class='ocrx_word' id='word_1_45' title='bbox 1160 913 1211 968; x_wconf 93' lang='lat' dir='ltr'><strong>id</strong></span> <span class='ocrx_word' id='word_1_46' title='bbox 1252 914 1407 977; x_wconf 88' lang='lat' dir='ltr'><strong>fecit,</strong></span> <span class='ocrx_word' id='word_1_47' title='bbox 1449 929 1551 968; x_wconf 88' lang='lat' dir='ltr'><strong>nou</strong></span> <span class='ocrx_word' id='word_1_48' title='bbox 1592 913 1919 968; x_wconf 86' lang='lat' dir='ltr'><strong>mentiendo.</strong></span> 
     </span>
    </p>
   </div>
   <div class='ocr_carea' id='block_1_8' title="bbox 329 1004 1917 1079">
    <p class='ocr_par' dir='ltr' id='par_1_8' title="bbox 329 1004 1917 1079">
     <span class='ocr_line' id='line_1_8' title="bbox 329 1004 1917 1079; baseline -0.003 -15"><span class='ocrx_word' id='word_1_49' title='bbox 329 1008 420 1064; x_wconf 83' lang='lat' dir='ltr'><strong>Fit</strong></span> <span class='ocrx_word' id='word_1_50' title='bbox 457 1009 600 1065; x_wconf 88' lang='lat' dir='ltr'><strong>enim</strong></span> <span class='ocrx_word' id='word_1_51' title='bbox 640 1007 866 1079; x_wconf 86' lang='lat' dir='ltr'><strong>quisque</strong></span> <span class='ocrx_word' id='word_1_52' title='bbox 911 1016 1158 1077; x_wconf 85' lang='lat' dir='ltr'><strong>tanquam</strong></span> <span class='ocrx_word' id='word_1_53' title='bbox 1204 1006 1293 1061; x_wconf 91' lang='lat' dir='ltr'><strong>ille</strong></span> <span class='ocrx_word' id='word_1_54' title='bbox 1342 1006 1426 1061; x_wconf 90' lang='lat' dir='ltr'><strong>cui</strong></span> <span class='ocrx_word' id='word_1_55' title='bbox 1467 1006 1577 1060; x_wconf 91' lang='lat' dir='ltr'><strong>vult</strong></span> <span class='ocrx_word' id='word_1_56' title='bbox 1618 1004 1917 1068; x_wconf 84' lang='lat' dir='ltr'><strong>subvenire,</strong></span> 
     </span>
    </p>
   </div>
   <div class='ocr_carea' id='block_1_9' title="bbox 328 1096 1922 1173">
    <p class='ocr_par' dir='ltr' id='par_1_9' title="bbox 328 1096 1922 1173">
     <span class='ocr_line' id='line_1_9' title="bbox 328 1096 1922 1173; baseline -0.005 -16"><span class='ocrx_word' id='word_1_57' title='bbox 328 1102 548 1173; x_wconf 84' lang='lat' dir='ltr'><strong>quando</strong></span> <span class='ocrx_word' id='word_1_58' title='bbox 579 1111 721 1154; x_wconf 86' lang='lat' dir='ltr'><strong>tanta</strong></span> <span class='ocrx_word' id='word_1_59' title='bbox 750 1097 1110 1154; x_wconf 91' lang='lat' dir='ltr'><strong>misericordia</strong></span> <span class='ocrx_word' id='word_1_60' title='bbox 1141 1097 1416 1164; x_wconf 86' lang='lat' dir='ltr'><strong>subvenit,</strong></span> <span class='ocrx_word' id='word_1_61' title='bbox 1450 1106 1642 1169; x_wconf 89' lang='lat' dir='ltr'><strong>quanta</strong></span> <span class='ocrx_word' id='word_1_62' title='bbox 1670 1097 1768 1151; x_wconf 83' lang='lat' dir='ltr'><strong>sibi</strong></span> <span class='ocrx_word' id='word_1_63' title='bbox 1794 1096 1922 1151; x_wconf 85' lang='lat' dir='ltr'><strong>sub-</strong></span> 
     </span>
    </p>
   </div>
   <div class='ocr_carea' id='block_1_10' title="bbox 329 1189 1921 1261">
    <p class='ocr_par' dir='ltr' id='par_1_10' title="bbox 329 1189 1921 1261">
     <span class='ocr_line' id='line_1_10' title="bbox 329 1189 1921 1261; baseline -0.003 -13"><span class='ocrx_word' id='word_1_64' title='bbox 329 1195 504 1249; x_wconf 81' lang='lat' dir='ltr'><strong>veniri</strong></span> <span class='ocrx_word' id='word_1_65' title='bbox 534 1194 712 1253; x_wconf 85' lang='lat' dir='ltr'><strong>vcllet,</strong></span> <span class='ocrx_word' id='word_1_66' title='bbox 740 1191 783 1246; x_wconf 93' lang='lat' dir='ltr'><strong>si</strong></span> <span class='ocrx_word' id='word_1_67' title='bbox 811 1200 952 1246; x_wconf 88' lang='lat' dir='ltr'><strong>esset</strong></span> <span class='ocrx_word' id='word_1_68' title='bbox 982 1190 1095 1261; x_wconf 89' lang='lat' dir='ltr'><strong>ipse</strong></span> <span class='ocrx_word' id='word_1_69' title='bbox 1125 1192 1176 1245; x_wconf 89' lang='lat' dir='ltr'><strong>in</strong></span> <span class='ocrx_word' id='word_1_70' title='bbox 1205 1189 1391 1245; x_wconf 89' lang='lat' dir='ltr'><strong>eadem</strong></span> <span class='ocrx_word' id='word_1_71' title='bbox 1422 1190 1633 1244; x_wconf 80' lang='lat' dir='ltr'><strong>miseria</strong></span> <span class='ocrx_word' id='word_1_72' title='bbox 1662 1190 1921 1244; x_wconf 79' lang='lat' dir='ltr'><strong>constitu-</strong></span> 
     </span>
    </p>
   </div>
   <div class='ocr_carea' id='block_1_11' title="bbox 333 1281 1923 1356">
    <p class='ocr_par' dir='ltr' id='par_1_11' title="bbox 333 1281 1923 1356">
     <span class='ocr_line' id='line_1_11' title="bbox 333 1281 1923 1356; baseline -0.002 -16"><span class='ocrx_word' id='word_1_73' title='bbox 333 1295 438 1342; x_wconf 90' lang='lat' dir='ltr'><strong>tus.</strong></span> <span class='ocrx_word' id='word_1_74' title='bbox 474 1285 653 1356; x_wconf 83' lang='lat' dir='ltr'><strong>Itaque</strong></span> <span class='ocrx_word' id='word_1_75' title='bbox 683 1283 741 1338; x_wconf 89' lang='lat' dir='ltr'><strong>ﬁt</strong></span> <span class='ocrx_word' id='word_1_76' title='bbox 770 1293 1019 1353; x_wconf 81' lang='lat' dir='ltr'><strong>tanquam</strong></span> <span class='ocrx_word' id='word_1_77' title='bbox 1050 1282 1159 1348; x_wconf 90' lang='lat' dir='ltr'><strong>ille,</strong></span> <span class='ocrx_word' id='word_1_78' title='bbox 1190 1298 1293 1337; x_wconf 92' lang='lat' dir='ltr'><strong>non</strong></span> <span class='ocrx_word' id='word_1_79' title='bbox 1319 1283 1441 1353; x_wconf 85' lang='lat' dir='ltr'><strong>quia</strong></span> <span class='ocrx_word' id='word_1_80' title='bbox 1469 1281 1598 1336; x_wconf 87' lang='lat' dir='ltr'><strong>fallit</strong></span> <span class='ocrx_word' id='word_1_81' title='bbox 1628 1282 1798 1348; x_wconf 88' lang='lat' dir='ltr'><strong>illum,</strong></span> <span class='ocrx_word' id='word_1_82' title='bbox 1829 1282 1923 1337; x_wconf 82' lang='lat' dir='ltr'><strong>sed</strong></span> 
     </span>
    </p>
   </div>
   <div class='ocr_carea' id='block_1_12' title="bbox 331 1375 1924 1450">
    <p class='ocr_par' dir='ltr' id='par_1_12' title="bbox 331 1375 1924 1450">
     <span class='ocr_line' id='line_1_12' title="bbox 331 1375 1924 1450; baseline -0.001 -19"><span class='ocrx_word' id='word_1_83' title='bbox 331 1378 455 1450; x_wconf 87' lang='lat' dir='ltr'><strong>quia</strong></span> <span class='ocrx_word' id='word_1_84' title='bbox 483 1393 541 1433; x_wconf 88' lang='lat' dir='ltr'><strong>se</strong></span> <span class='ocrx_word' id='word_1_85' title='bbox 568 1378 763 1448; x_wconf 84' lang='lat' dir='ltr'><strong>cogitat</strong></span> <span class='ocrx_word' id='word_1_86' title='bbox 801 1376 939 1432; x_wconf 88' lang='lat' dir='ltr'><strong>sicut</strong></span> <span class='ocrx_word' id='word_1_87' title='bbox 976 1376 1145 1431; x_wconf 91' lang='lat' dir='ltr'><strong>illum.</strong></span> <span class='ocrx_word' id='word_1_88' title='bbox 1178 1375 1332 1432; x_wconf 87' lang='lat' dir='ltr'><strong>Unde</strong></span> <span class='ocrx_word' id='word_1_89' title='bbox 1359 1376 1486 1430; x_wconf 90' lang='lat' dir='ltr'><strong>illud</strong></span> <span class='ocrx_word' id='word_1_90' title='bbox 1516 1385 1599 1430; x_wconf 87' lang='lat' dir='ltr'><strong>est</strong></span> <span class='ocrx_word' id='word_1_91' title='bbox 1637 1376 1754 1446; x_wconf 86' lang='lat' dir='ltr'><strong>ejus</strong></span> <span class='ocrx_word' id='word_1_92' title='bbox 1791 1391 1924 1447; x_wconf 88' lang='lat' dir='ltr'><strong>apo-</strong></span> 
     </span>
    </p>
   </div>
   <div class='ocr_carea' id='block_1_13' title="bbox 332 1465 1924 1539">
    <p class='ocr_par' dir='ltr' id='par_1_13' title="bbox 332 1465 1924 1539">
     <span class='ocr_line' id='line_1_13' title="bbox 332 1465 1924 1539; baseline -0.003 -14"><span class='ocrx_word' id='word_1_93' title='bbox 332 1470 456 1525; x_wconf 83' lang='lat' dir='ltr'><strong>stoli</strong></span> <span class='ocrx_word' id='word_1_94' title='bbox 478 1511 494 1535; x_wconf 89' lang='lat'><strong>,</strong></span> <span class='ocrx_word' id='word_1_95' title='bbox 524 1469 664 1539; x_wconf 83' lang='lat' dir='ltr'><strong>quod</strong></span> <span class='ocrx_word' id='word_1_96' title='bbox 699 1468 809 1537; x_wconf 92' lang='lat' dir='ltr'><strong>jam</strong></span> <span class='ocrx_word' id='word_1_97' title='bbox 848 1483 1006 1537; x_wconf 81' lang='lat' dir='ltr'><strong>supra</strong></span> <span class='ocrx_word' id='word_1_98' title='bbox 1047 1467 1460 1521; x_wconf 84' lang='lat' dir='ltr'><strong>commemoravi</strong></span> <span class='ocrx_word' id='word_1_99' title='bbox 1492 1484 1505 1521; x_wconf 90' lang='lat'>:</span> <span class='ocrx_word' id='word_1_100' title='bbox 1536 1465 1742 1521; x_wconf 72' lang='lat' dir='ltr'><strong>Fratres</strong></span> <span class='ocrx_word' id='word_1_101' title='bbox 1762 1507 1776 1531; x_wconf 96' lang='lat'><strong>,</strong></span> <span class='ocrx_word' id='word_1_102' title='bbox 1804 1474 1851 1520; x_wconf 86' lang='lat' dir='ltr'><strong>ct</strong></span> <span class='ocrx_word' id='word_1_103' title='bbox 1879 1468 1924 1521; x_wconf 93' lang='lat' dir='ltr'><strong>si</strong></span> 
     </span>
    </p>
   </div>
   <div class='ocr_carea' id='block_1_14' title="bbox 332 1556 1925 1633">
    <p class='ocr_par' dir='ltr' id='par_1_14' title="bbox 332 1556 1925 1633">
     <span class='ocr_line' id='line_1_14' title="bbox 332 1556 1925 1633; baseline -0.004 -18"><span class='ocrx_word' id='word_1_104' title='bbox 332 1570 715 1633; x_wconf 72' lang='lat' dir='ltr'><strong>prmoccupalus</strong></span> <span class='ocrx_word' id='word_1_105' title='bbox 740 1559 890 1631; x_wconf 79' lang='lat' dir='ltr'><strong>fuerit</strong></span> <span class='ocrx_word' id='word_1_106' title='bbox 915 1558 1062 1611; x_wconf 80' lang='lat' dir='ltr'><strong>homo</strong></span> <span class='ocrx_word' id='word_1_107' title='bbox 1089 1558 1141 1611; x_wconf 88' lang='lat' dir='ltr'><strong>in</strong></span> <span class='ocrx_word' id='word_1_108' title='bbox 1167 1558 1333 1628; x_wconf 86' lang='lat' dir='ltr'><strong>aliqua</strong></span> <span class='ocrx_word' id='word_1_109' title='bbox 1362 1556 1564 1624; x_wconf 78' lang='lat' dir='ltr'><strong>delicto,</strong></span> <span class='ocrx_word' id='word_1_110' title='bbox 1592 1571 1679 1610; x_wconf 81' lang='lat' dir='ltr'><strong>vos</strong></span> <span class='ocrx_word' id='word_1_111' title='bbox 1703 1557 1790 1627; x_wconf 85' lang='lat' dir='ltr'><strong>qui</strong></span> <span class='ocrx_word' id='word_1_112' title='bbox 1817 1556 1925 1626; x_wconf 87' lang='lat' dir='ltr'><strong>spi-</strong></span> 
     </span>
    </p>
   </div>
   <div class='ocr_carea' id='block_1_15' title="bbox 332 1654 1923 1724">
    <p class='ocr_par' dir='ltr' id='par_1_15' title="bbox 332 1654 1923 1724">
     <span class='ocr_line' id='line_1_15' title="bbox 332 1654 1923 1724; baseline -0.004 -14"><span class='ocrx_word' id='word_1_113' title='bbox 332 1656 546 1710; x_wconf 82' lang='lat' dir='ltr'><strong>rituales</strong></span> <span class='ocrx_word' id='word_1_114' title='bbox 585 1656 728 1719; x_wconf 85' lang='lat' dir='ltr'><strong>estis,</strong></span> <span class='ocrx_word' id='word_1_115' title='bbox 758 1655 988 1708; x_wconf 84' lang='lat' dir='ltr'><strong>instruite</strong></span> <span class='ocrx_word' id='word_1_116' title='bbox 1014 1654 1306 1721; x_wconf 75' lang='lat' dir='ltr'><strong>huiusmodi</strong></span> <span class='ocrx_word' id='word_1_117' title='bbox 1343 1654 1396 1707; x_wconf 83' lang='lat' dir='ltr'><strong>in</strong></span> <span class='ocrx_word' id='word_1_118' title='bbox 1427 1654 1606 1724; x_wconf 78' lang='lat' dir='ltr'><strong>spiritu</strong></span> <span class='ocrx_word' id='word_1_119' title='bbox 1635 1660 1923 1706; x_wconf 83' lang='lat' dir='ltr'><strong>mansuetu-</strong></span> 
     </span>
    </p>
   </div>
   <div class='ocr_carea' id='block_1_16' title="bbox 334 1743 1918 1817">
    <p class='ocr_par' dir='ltr' id='par_1_16' title="bbox 334 1743 1918 1817">
     <span class='ocr_line' id='line_1_16' title="bbox 334 1743 1918 1817; baseline -0.002 -16"><span class='ocrx_word' id='word_1_120' title='bbox 334 1748 490 1814; x_wconf 83' lang='lat' dir='ltr'><strong>dinis,</strong></span> <span class='ocrx_word' id='word_1_121' title='bbox 507 1748 767 1801; x_wconf 81' lang='lat' dir='ltr'><strong>intendens</strong></span> <span class='ocrx_word' id='word_1_122' title='bbox 788 1757 834 1800; x_wconf 87' lang='lat' dir='ltr'><strong>te</strong></span> <span class='ocrx_word' id='word_1_123' title='bbox 859 1748 1046 1817; x_wconf 86' lang='lat' dir='ltr'><strong>ipsum,</strong></span> <span class='ocrx_word' id='word_1_124' title='bbox 1064 1763 1126 1801; x_wconf 85' lang='lat' dir='ltr'><strong>ne</strong></span> <span class='ocrx_word' id='word_1_125' title='bbox 1149 1756 1194 1800; x_wconf 84' lang='lat' dir='ltr'><strong>et</strong></span> <span class='ocrx_word' id='word_1_126' title='bbox 1221 1755 1273 1800; x_wconf 89' lang='lat' dir='ltr'><strong>tu</strong></span> <span class='ocrx_word' id='word_1_127' title='bbox 1302 1746 1502 1800; x_wconf 82' lang='lat' dir='ltr'><strong>tenteris</strong></span> <span class='ocrx_word' id='word_1_128' title='bbox 1533 1743 1726 1811; x_wconf 84' lang='lat' dir='ltr'><strong>(Galat.</strong></span> <span class='ocrx_word' id='word_1_129' title='bbox 1753 1759 1821 1809; x_wconf 81' lang='lat' dir='ltr'><strong>VI,</strong></span> <span class='ocrx_word' id='word_1_130' title='bbox 1845 1744 1918 1815; x_wconf 82' lang='grc'><strong>1).</strong></span> 
     </span>
    </p>
   </div>
   <div class='ocr_carea' id='block_1_17' title="bbox 331 1836 1920 1908">
    <p class='ocr_par' dir='ltr' id='par_1_17' title="bbox 331 1836 1920 1908">
     <span class='ocr_line' id='line_1_17' title="bbox 331 1836 1920 1908; baseline -0.003 -14"><span class='ocrx_word' id='word_1_131' title='bbox 331 1837 465 1895; x_wconf 81' lang='lat' dir='ltr'><strong>Nam</strong></span> <span class='ocrx_word' id='word_1_132' title='bbox 494 1840 538 1893; x_wconf 89' lang='lat' dir='ltr'><strong>si</strong></span> <span class='ocrx_word' id='word_1_133' title='bbox 568 1849 848 1908; x_wconf 83' lang='lat' dir='ltr'><strong>preptcrea</strong></span> <span class='ocrx_word' id='word_1_134' title='bbox 879 1838 997 1907; x_wconf 89' lang='lat' dir='ltr'><strong>quia</strong></span> <span class='ocrx_word' id='word_1_135' title='bbox 1029 1837 1195 1902; x_wconf 81' lang='lat' dir='ltr'><strong>dixit,</strong></span> <span class='ocrx_word' id='word_1_136' title='bbox 1230 1836 1422 1891; x_wconf 82' lang='lat' dir='ltr'><strong>Factus</strong></span> <span class='ocrx_word' id='word_1_137' title='bbox 1451 1853 1560 1892; x_wconf 87' lang='lat' dir='ltr'><strong>sum</strong></span> <span class='ocrx_word' id='word_1_138' title='bbox 1587 1836 1784 1891; x_wconf 72' lang='lat' dir='ltr'><strong>Iudaeis</strong></span> <span class='ocrx_word' id='word_1_139' title='bbox 1806 1846 1920 1890; x_wconf 82' lang='lat' dir='ltr'><strong>tan-</strong></span> 
     </span>
    </p>
   </div>
   <div class='ocr_carea' id='block_1_18' title="bbox 332 1928 1923 2003">
    <p class='ocr_par' dir='ltr' id='par_1_18' title="bbox 332 1928 1923 2003">
     <span class='ocr_line' id='line_1_18' title="bbox 332 1928 1923 2003; baseline -0.003 -19"><span class='ocrx_word' id='word_1_140' title='bbox 332 1948 485 2003; x_wconf 74' lang='lat' dir='ltr'><strong>quam</strong></span> <span class='ocrx_word' id='word_1_141' title='bbox 513 1929 727 1985; x_wconf 71' lang='lat' dir='ltr'><strong>Juda’us</strong></span> <span class='ocrx_word' id='word_1_142' title='bbox 748 1973 761 1997; x_wconf 91' lang='lat'><strong>,</strong></span> <span class='ocrx_word' id='word_1_143' title='bbox 792 1940 839 1985; x_wconf 89' lang='lat' dir='ltr'><strong>et</strong></span> <span class='ocrx_word' id='word_1_144' title='bbox 868 1931 929 1985; x_wconf 90' lang='lat' dir='ltr'><strong>iis</strong></span> <span class='ocrx_word' id='word_1_145' title='bbox 955 1931 1040 2001; x_wconf 83' lang='lat' dir='ltr'><strong>qui</strong></span> <span class='ocrx_word' id='word_1_146' title='bbox 1068 1932 1159 1984; x_wconf 88' lang='lat' dir='ltr'><strong>sub</strong></span> <span class='ocrx_word' id='word_1_147' title='bbox 1189 1928 1322 2001; x_wconf 82' lang='lat' dir='ltr'><strong>Lege</strong></span> <span class='ocrx_word' id='word_1_148' title='bbox 1351 1938 1494 1983; x_wconf 82' lang='lat' dir='ltr'><strong>erant</strong></span> <span class='ocrx_word' id='word_1_149' title='bbox 1513 1971 1527 1995; x_wconf 94' lang='lat'><strong>,</strong></span> <span class='ocrx_word' id='word_1_150' title='bbox 1558 1938 1793 1998; x_wconf 87' lang='lat' dir='ltr'><strong>tanquam</strong></span> <span class='ocrx_word' id='word_1_151' title='bbox 1831 1928 1923 1981; x_wconf 85' lang='lat' dir='ltr'><strong>sub</strong></span> 
     </span>
    </p>
   </div>
   <div class='ocr_carea' id='block_1_19' title="bbox 332 2016 1923 2095">
    <p class='ocr_par' dir='ltr' id='par_1_19' title="bbox 332 2016 1923 2095">
     <span class='ocr_line' id='line_1_19' title="bbox 332 2016 1923 2095; baseline -0.004 -18"><span class='ocrx_word' id='word_1_152' title='bbox 332 2021 467 2094; x_wconf 82' lang='lat' dir='ltr'><strong>Lege</strong></span> <span class='ocrx_word' id='word_1_153' title='bbox 499 2020 540 2095; x_wconf 92' lang='grc' dir='ltr'><strong>(Ι</strong></span> <span class='ocrx_word' id='word_1_154' title='bbox 566 2020 682 2077; x_wconf 89' lang='lat' dir='ltr'><strong>Cor.</strong></span> <span class='ocrx_word' id='word_1_155' title='bbox 712 2038 786 2087; x_wconf 82' lang='grc' dir='ltr'>ιιι,</span> <span class='ocrx_word' id='word_1_156' title='bbox 809 2016 1032 2092; x_wconf 66' lang='lat'><strong>20-22);</strong></span> <span class='ocrx_word' id='word_1_157' title='bbox 1059 2019 1179 2074; x_wconf 88' lang='lat' dir='ltr'><strong>ideo</strong></span> <span class='ocrx_word' id='word_1_158' title='bbox 1204 2018 1467 2089; x_wconf 88' lang='lat' dir='ltr'><strong>putandus</strong></span> <span class='ocrx_word' id='word_1_159' title='bbox 1495 2028 1576 2074; x_wconf 85' lang='lat' dir='ltr'><strong>est</strong></span> <span class='ocrx_word' id='word_1_160' title='bbox 1597 2018 1923 2073; x_wconf 79' lang='lat' dir='ltr'><strong>mendaciter</strong></span> 
     </span>
    </p>
   </div>
   <div class='ocr_carea' id='block_1_20' title="bbox 335 2106 1921 2193">
    <p class='ocr_par' dir='ltr' id='par_1_20' title="bbox 335 2106 1921 2193">
     <span class='ocr_line' id='line_1_20' title="bbox 335 2106 1921 2193; baseline -0.003 -26"><span class='ocrx_word' id='word_1_161' title='bbox 335 2113 635 2182; x_wconf 88' lang='lat' dir='ltr'><strong>suscepisse</strong></span> <span class='ocrx_word' id='word_1_162' title='bbox 668 2111 822 2182; x_wconf 88' lang='lat' dir='ltr'><strong>Legis</strong></span> <span class='ocrx_word' id='word_1_163' title='bbox 855 2110 1049 2166; x_wconf 86' lang='lat' dir='ltr'><strong>veteris</strong></span> <span class='ocrx_word' id='word_1_164' title='bbox 1084 2106 1457 2193; x_wconf 47' lang='lat' dir='ltr'><strong>sacramenta;</strong></span> <span class='ocrx_word' id='word_1_165' title='bbox 1489 2108 1671 2164; x_wconf 88' lang='lat' dir='ltr'><strong>debuit</strong></span> <span class='ocrx_word' id='word_1_166' title='bbox 1699 2116 1753 2163; x_wconf 90' lang='lat' dir='ltr'><strong>et</strong></span> <span class='ocrx_word' id='word_1_167' title='bbox 1780 2107 1921 2164; x_wconf 84' lang='lat' dir='ltr'><strong>Gen-</strong></span> 
     </span>
    </p>
   </div>
   <div class='ocr_carea' id='block_1_21' title="bbox 335 2202 1918 2271">
    <p class='ocr_par' dir='ltr' id='par_1_21' title="bbox 335 2202 1918 2271">
     <span class='ocr_line' id='line_1_21' title="bbox 335 2202 1918 2271; baseline -0.003 -11"><span class='ocrx_word' id='word_1_168' title='bbox 335 2205 465 2261; x_wconf 89' lang='lat' dir='ltr'><strong>tium</strong></span> <span class='ocrx_word' id='word_1_169' title='bbox 494 2205 851 2259; x_wconf 84' lang='lat' dir='ltr'><strong>idololatriam</strong></span> <span class='ocrx_word' id='word_1_170' title='bbox 883 2203 1070 2259; x_wconf 90' lang='lat' dir='ltr'><strong>eodem</strong></span> <span class='ocrx_word' id='word_1_171' title='bbox 1101 2203 1260 2258; x_wconf 86' lang='lat' dir='ltr'><strong>modo</strong></span> <span class='ocrx_word' id='word_1_172' title='bbox 1291 2202 1597 2258; x_wconf 90' lang='lat' dir='ltr'><strong>mentiendo</strong></span> <span class='ocrx_word' id='word_1_173' title='bbox 1626 2202 1918 2271; x_wconf 87' lang='lat' dir='ltr'><strong>suscipere,</strong></span> 
     </span>
    </p>
   </div>
   <div class='ocr_carea' id='block_1_22' title="bbox 333 2295 1922 2369">
    <p class='ocr_par' dir='ltr' id='par_1_22' title="bbox 333 2295 1922 2369">
     <span class='ocr_line' id='line_1_22' title="bbox 333 2295 1922 2369; baseline -0.001 -17"><span class='ocrx_word' id='word_1_174' title='bbox 333 2297 454 2369; x_wconf 88' lang='lat' dir='ltr'><strong>quia</strong></span> <span class='ocrx_word' id='word_1_175' title='bbox 488 2297 621 2352; x_wconf 83' lang='lat' dir='ltr'><strong>dixit</strong></span> <span class='ocrx_word' id='word_1_176' title='bbox 644 2296 897 2352; x_wconf 76' lang='lat' dir='ltr'><strong>etiam‘iis</strong></span> <span class='ocrx_word' id='word_1_177' title='bbox 924 2296 1012 2367; x_wconf 89' lang='lat' dir='ltr'><strong>qui</strong></span> <span class='ocrx_word' id='word_1_178' title='bbox 1043 2296 1160 2351; x_wconf 86' lang='lat' dir='ltr'><strong>sine</strong></span> <span class='ocrx_word' id='word_1_179' title='bbox 1183 2296 1323 2367; x_wconf 83' lang='lat' dir='ltr'><strong>Lege</strong></span> <span class='ocrx_word' id='word_1_180' title='bbox 1351 2304 1500 2352; x_wconf 90' lang='lat' dir='ltr'><strong>erant</strong></span> <span class='ocrx_word' id='word_1_181' title='bbox 1529 2304 1778 2365; x_wconf 88' lang='lat' dir='ltr'><strong>tanquam</strong></span> <span class='ocrx_word' id='word_1_182' title='bbox 1806 2295 1922 2351; x_wconf 87' lang='lat' dir='ltr'><strong>sine</strong></span> 
     </span>
    </p>
   </div>
   <div class='ocr_carea' id='block_1_23' title="bbox 334 2385 1922 2459">
    <p class='ocr_par' dir='ltr' id='par_1_23' title="bbox 334 2385 1922 2459">
     <span class='ocr_line' id='line_1_23' title="bbox 334 2385 1922 2459; baseline -0.003 -14"><span class='ocrx_word' id='word_1_183' title='bbox 334 2387 475 2459; x_wconf 82' lang='lat' dir='ltr'><strong>Lege</strong></span> <span class='ocrx_word' id='word_1_184' title='bbox 498 2403 557 2442; x_wconf 90' lang='lat' dir='ltr'><strong>se</strong></span> <span class='ocrx_word' id='word_1_185' title='bbox 586 2387 802 2453; x_wconf 87' lang='lat' dir='ltr'><strong>factum,</strong></span> <span class='ocrx_word' id='word_1_186' title='bbox 832 2398 888 2441; x_wconf 92' lang='lat' dir='ltr'><strong>ut</strong></span> <span class='ocrx_word' id='word_1_187' title='bbox 914 2402 1008 2442; x_wconf 85' lang='lat' dir='ltr'><strong>eos</strong></span> <span class='ocrx_word' id='word_1_188' title='bbox 1035 2385 1370 2442; x_wconf 89' lang='lat' dir='ltr'><strong>lucrifacerct</strong></span> <span class='ocrx_word' id='word_1_189' title='bbox 1400 2403 1413 2439; x_wconf 90' lang='lat'><strong>:</strong></span> <span class='ocrx_word' id='word_1_190' title='bbox 1442 2386 1583 2457; x_wconf 87' lang='lat' dir='ltr'><strong>quod</strong></span> <span class='ocrx_word' id='word_1_191' title='bbox 1608 2386 1789 2458; x_wconf 88' lang='lat' dir='ltr'><strong>utique</strong></span> <span class='ocrx_word' id='word_1_192' title='bbox 1816 2402 1922 2442; x_wconf 90' lang='lat' dir='ltr'><strong>non</strong></span> 
     </span>
    </p>
   </div>
   <div class='ocr_carea' id='block_1_24' title="bbox 333 2476 1923 2544">
    <p class='ocr_par' dir='ltr' id='par_1_24' title="bbox 333 2476 1923 2544">
     <span class='ocr_line' id='line_1_24' title="bbox 333 2476 1923 2544; baseline -0.001 -10"><span class='ocrx_word' id='word_1_193' title='bbox 333 2479 477 2535; x_wconf 84' lang='lat' dir='ltr'><strong>fecit.</strong></span> <span class='ocrx_word' id='word_1_194' title='bbox 500 2477 618 2533; x_wconf 84' lang='lat' dir='ltr'><strong>Non</strong></span> <span class='ocrx_word' id='word_1_195' title='bbox 645 2479 788 2533; x_wconf 91' lang='lat' dir='ltr'><strong>enim</strong></span> <span class='ocrx_word' id='word_1_196' title='bbox 814 2477 1007 2532; x_wconf 85' lang='lat' dir='ltr'><strong>alicubi</strong></span> <span class='ocrx_word' id='word_1_197' title='bbox 1034 2476 1352 2532; x_wconf 87' lang='lat' dir='ltr'><strong>sacriﬁcavit</strong></span> <span class='ocrx_word' id='word_1_198' title='bbox 1377 2477 1550 2544; x_wconf 89' lang='lat' dir='ltr'><strong>idolis,</strong></span> <span class='ocrx_word' id='word_1_199' title='bbox 1573 2485 1662 2532; x_wconf 88' lang='lat' dir='ltr'><strong>aut</strong></span> <span class='ocrx_word' id='word_1_200' title='bbox 1684 2478 1923 2533; x_wconf 81' lang='lat' dir='ltr'><strong>adoravit</strong></span> 
     </span>
    </p>
   </div>
   <div class='ocr_carea' id='block_1_25' title="bbox 333 2570 1923 2642">
    <p class='ocr_par' dir='ltr' id='par_1_25' title="bbox 333 2570 1923 2642">
     <span class='ocr_line' id='line_1_25' title="bbox 333 2570 1923 2642; baseline -0.003 -13"><span class='ocrx_word' id='word_1_201' title='bbox 333 2574 419 2635; x_wconf 86' lang='lat' dir='ltr'><strong>illa</strong></span> <span class='ocrx_word' id='word_1_202' title='bbox 450 2575 735 2641; x_wconf 83' lang='lat' dir='ltr'><strong>ﬁgmenta;</strong></span> <span class='ocrx_word' id='word_1_203' title='bbox 778 2586 842 2626; x_wconf 91' lang='lat' dir='ltr'><strong>ac</strong></span> <span class='ocrx_word' id='word_1_204' title='bbox 870 2588 974 2626; x_wconf 90' lang='lat' dir='ltr'><strong>non</strong></span> <span class='ocrx_word' id='word_1_205' title='bbox 1006 2570 1180 2642; x_wconf 90' lang='lat' dir='ltr'><strong>potius</strong></span> <span class='ocrx_word' id='word_1_206' title='bbox 1224 2570 1389 2626; x_wconf 90' lang='lat' dir='ltr'><strong>libere</strong></span> <span class='ocrx_word' id='word_1_207' title='bbox 1433 2582 1680 2642; x_wconf 89' lang='lat' dir='ltr'><strong>tanquam</strong></span> <span class='ocrx_word' id='word_1_208' title='bbox 1722 2580 1923 2642; x_wconf 81' lang='lat' dir='ltr'><strong>martyr</strong></span> 
     </span>
    </p>
   </div>
   <div class='ocr_carea' id='block_1_26' title="bbox 333 2661 1922 2720">
    <p class='ocr_par' dir='ltr' id='par_1_26' title="bbox 333 2661 1922 2720">
     <span class='ocr_line' id='line_1_26' title="bbox 333 2661 1922 2720; baseline -0.002 0"><span class='ocrx_word' id='word_1_209' title='bbox 333 2663 531 2720; x_wconf 88' lang='lat' dir='ltr'><strong>Christi</strong></span> <span class='ocrx_word' id='word_1_210' title='bbox 571 2662 885 2719; x_wconf 85' lang='lat' dir='ltr'><strong>detestanda</strong></span> <span class='ocrx_word' id='word_1_211' title='bbox 930 2669 983 2717; x_wconf 91' lang='lat' dir='ltr'><strong>et</strong></span> <span class='ocrx_word' id='word_1_212' title='bbox 1022 2661 1233 2715; x_wconf 88' lang='lat' dir='ltr'><strong>vitanda</strong></span> <span class='ocrx_word' id='word_1_213' title='bbox 1281 2662 1610 2717; x_wconf 81' lang='lat' dir='ltr'><strong>monstravit.</strong></span> <span class='ocrx_word' id='word_1_214' title='bbox 1652 2662 1727 2716; x_wconf 87' lang='lat' dir='ltr'><strong>De</strong></span> <span class='ocrx_word' id='word_1_215' title='bbox 1766 2661 1922 2717; x_wconf 89' lang='lat' dir='ltr'><strong>nullis</strong></span> 
     </span>
    </p>
   </div>
   <div class='ocr_carea' id='block_1_27' title="bbox 332 2753 1920 2828">
    <p class='ocr_par' dir='ltr' id='par_1_27' title="bbox 332 2753 1920 2828">
     <span class='ocr_line' id='line_1_27' title="bbox 332 2753 1920 2828; baseline 0 -17"><span class='ocrx_word' id='word_1_216' title='bbox 332 2755 493 2828; x_wconf 81' lang='lat' dir='ltr'><strong>igitur</strong></span> <span class='ocrx_word' id='word_1_217' title='bbox 540 2754 846 2826; x_wconf 84' lang='lat' dir='ltr'><strong>apostolicis</strong></span> <span class='ocrx_word' id='word_1_218' title='bbox 888 2753 1095 2810; x_wconf 86' lang='lat' dir='ltr'><strong>actibus</strong></span> <span class='ocrx_word' id='word_1_219' title='bbox 1136 2754 1249 2809; x_wconf 83' lang='lat' dir='ltr'><strong>sive</strong></span> <span class='ocrx_word' id='word_1_220' title='bbox 1290 2755 1625 2811; x_wconf 85' lang='lat' dir='ltr'><strong>sermonibus</strong></span> <span class='ocrx_word' id='word_1_221' title='bbox 1670 2755 1755 2810; x_wconf 92' lang='lat' dir='ltr'><strong>isti</strong></span> <span class='ocrx_word' id='word_1_222' title='bbox 1796 2770 1920 2825; x_wconf 86' lang='lat' dir='ltr'><strong>pro-</strong></span> 
     </span>
    </p>
   </div>
   <div class='ocr_carea' id='block_1_28' title="bbox 334 2845 1923 2917">
    <p class='ocr_par' dir='ltr' id='par_1_28' title="bbox 334 2845 1923 2917">
     <span class='ocr_line' id='line_1_28' title="bbox 334 2845 1923 2917; baseline 0 -15"><span class='ocrx_word' id='word_1_223' title='bbox 334 2849 508 2904; x_wconf 89' lang='lat' dir='ltr'><strong>ferunt</strong></span> <span class='ocrx_word' id='word_1_224' title='bbox 552 2845 805 2902; x_wconf 87' lang='lat' dir='ltr'><strong>imitanda</strong></span> <span class='ocrx_word' id='word_1_225' title='bbox 848 2846 1092 2917; x_wconf 81' lang='lat' dir='ltr'><strong>exempla</strong></span> <span class='ocrx_word' id='word_1_226' title='bbox 1134 2845 1445 2901; x_wconf 86' lang='lat' dir='ltr'><strong>mentiendi.</strong></span> <span class='ocrx_word' id='word_1_227' title='bbox 1494 2847 1566 2902; x_wconf 90' lang='lat' dir='ltr'><strong>De</strong></span> <span class='ocrx_word' id='word_1_228' title='bbox 1596 2846 1923 2917; x_wconf 86' lang='lat' dir='ltr'><strong>propheticis</strong></span> 
     </span>
    </p>
   </div>
   <div class='ocr_carea' id='block_1_29' title="bbox 334 2936 1921 3011">
    <p class='ocr_par' dir='ltr' id='par_1_29' title="bbox 334 2936 1921 3011">
     <span class='ocr_line' id='line_1_29' title="bbox 334 2936 1921 3011; baseline -0.003 -15"><span class='ocrx_word' id='word_1_229' title='bbox 334 2953 459 3011; x_wconf 87' lang='lat' dir='ltr'><strong>ergo</strong></span> <span class='ocrx_word' id='word_1_230' title='bbox 498 2937 652 2993; x_wconf 84' lang='lat' dir='ltr'><strong>factis</strong></span> <span class='ocrx_word' id='word_1_231' title='bbox 690 2952 783 2992; x_wconf 85' lang='lat' dir='ltr'><strong>seu</strong></span> <span class='ocrx_word' id='word_1_232' title='bbox 819 2936 976 2992; x_wconf 89' lang='lat' dir='ltr'><strong>dictis</strong></span> <span class='ocrx_word' id='word_1_233' title='bbox 1003 2937 1125 2991; x_wconf 90' lang='lat' dir='ltr'><strong>ideo</strong></span> <span class='ocrx_word' id='word_1_234' title='bbox 1150 2936 1249 2992; x_wconf 90' lang='lat' dir='ltr'><strong>sibi</strong></span> <span class='ocrx_word' id='word_1_235' title='bbox 1280 2936 1528 2991; x_wconf 84' lang='lat' dir='ltr'><strong>videntur</strong></span> <span class='ocrx_word' id='word_1_236' title='bbox 1554 2936 1752 2992; x_wconf 88' lang='lat' dir='ltr'><strong>habere</strong></span> <span class='ocrx_word' id='word_1_237' title='bbox 1780 2937 1921 3006; x_wconf 89' lang='lat' dir='ltr'><strong>quod</strong></span> 
     </span>
    </p>
   </div>
   <div class='ocr_carea' id='block_1_30' title="bbox 333 3028 1922 3101">
    <p class='ocr_par' dir='ltr' id='par_1_30' title="bbox 333 3028 1922 3101">
     <span class='ocr_line' id='line_1_30' title="bbox 333 3028 1922 3101; baseline -0.001 -16"><span class='ocrx_word' id='word_1_238' title='bbox 333 3029 643 3101; x_wconf 88' lang='lat' dir='ltr'><strong>proferant,</strong></span> <span class='ocrx_word' id='word_1_239' title='bbox 689 3028 809 3098; x_wconf 88' lang='lat' dir='ltr'><strong>quia</strong></span> <span class='ocrx_word' id='word_1_240' title='bbox 857 3029 1053 3098; x_wconf 87' lang='lat' dir='ltr'><strong>ﬁguras</strong></span> <span class='ocrx_word' id='word_1_241' title='bbox 1092 3028 1527 3099; x_wconf 65' lang='lat' dir='ltr'><strong>praenuntiativas</strong></span> <span class='ocrx_word' id='word_1_242' title='bbox 1574 3036 1758 3097; x_wconf 89' lang='lat' dir='ltr'><strong>putant</strong></span> <span class='ocrx_word' id='word_1_243' title='bbox 1801 3042 1922 3084; x_wconf 88' lang='lat' dir='ltr'><strong>esse</strong></span> 
     </span>
    </p>
   </div>
   <div class='ocr_carea' id='block_1_31' title="bbox 334 3118 1920 3193">
    <p class='ocr_par' dir='ltr' id='par_1_31' title="bbox 334 3118 1920 3193">
     <span class='ocr_line' id='line_1_31' title="bbox 334 3118 1920 3193; baseline -0.004 -13"><span class='ocrx_word' id='word_1_244' title='bbox 334 3123 606 3180; x_wconf 87' lang='lat' dir='ltr'><strong>mendacia</strong></span> <span class='ocrx_word' id='word_1_245' title='bbox 629 3165 644 3189; x_wconf 90' lang='lat'><strong>,</strong></span> <span class='ocrx_word' id='word_1_246' title='bbox 690 3137 756 3178; x_wconf 90' lang='lat' dir='ltr'><strong>eo</strong></span> <span class='ocrx_word' id='word_1_247' title='bbox 796 3120 937 3193; x_wconf 91' lang='lat' dir='ltr'><strong>quod</strong></span> <span class='ocrx_word' id='word_1_248' title='bbox 979 3120 1271 3176; x_wconf 87' lang='lat' dir='ltr'><strong>mendaciis</strong></span> <span class='ocrx_word' id='word_1_249' title='bbox 1309 3121 1412 3175; x_wconf 91' lang='lat' dir='ltr'><strong>sint</strong></span> <span class='ocrx_word' id='word_1_250' title='bbox 1450 3119 1732 3189; x_wconf 89' lang='lat' dir='ltr'><strong>aliquando</strong></span> <span class='ocrx_word' id='word_1_251' title='bbox 1770 3118 1920 3174; x_wconf 88' lang='lat' dir='ltr'><strong>simi-</strong></span> 
     </span>
    </p>
   </div>
   <div class='ocr_carea' id='block_1_32' title="bbox 333 3214 1922 3290">
    <p class='ocr_par' dir='ltr' id='par_1_32' title="bbox 333 3214 1922 3290">
     <span class='ocr_line' id='line_1_32' title="bbox 333 3214 1922 3290; baseline -0.003 -17"><span class='ocrx_word' id='word_1_252' title='bbox 333 3216 398 3273; x_wconf 87' lang='lat' dir='ltr'><strong>lia</strong></span> <span class='ocrx_word' id='word_1_253' title='bbox 420 3216 525 3290; x_wconf 90' lang='lat' dir='ltr'><strong>(a).</strong></span> <span class='ocrx_word' id='word_1_254' title='bbox 553 3215 661 3273; x_wconf 90' lang='lat' dir='ltr'><strong>Sed</strong></span> <span class='ocrx_word' id='word_1_255' title='bbox 699 3232 821 3272; x_wconf 89' lang='lat' dir='ltr'><strong>eum</strong></span> <span class='ocrx_word' id='word_1_256' title='bbox 865 3215 1170 3271; x_wconf 88' lang='lat' dir='ltr'><strong>referuntur</strong></span> <span class='ocrx_word' id='word_1_257' title='bbox 1209 3214 1274 3269; x_wconf 92' lang='lat' dir='ltr'><strong>ad</strong></span> <span class='ocrx_word' id='word_1_258' title='bbox 1314 3229 1406 3269; x_wconf 89' lang='lat' dir='ltr'><strong>cas</strong></span> <span class='ocrx_word' id='word_1_259' title='bbox 1434 3230 1520 3268; x_wconf 87' lang='lat' dir='ltr'><strong>res</strong></span> <span class='ocrx_word' id='word_1_260' title='bbox 1548 3223 1763 3285; x_wconf 88' lang='lat' dir='ltr'><strong>propter</strong></span> <span class='ocrx_word' id='word_1_261' title='bbox 1790 3228 1922 3284; x_wconf 90' lang='lat' dir='ltr'><strong>quas</strong></span> 
     </span>
    </p>
   </div>
   <div class='ocr_carea' id='block_1_33' title="bbox 334 3304 1921 3381">
    <p class='ocr_par' dir='ltr' id='par_1_33' title="bbox 334 3304 1921 3381">
     <span class='ocr_line' id='line_1_33' title="bbox 334 3304 1921 3381; baseline -0.004 -16"><span class='ocrx_word' id='word_1_262' title='bbox 334 3307 711 3381; x_wconf 84' lang='lat' dir='ltr'><strong>signiticandas</strong></span> <span class='ocrx_word' id='word_1_263' title='bbox 740 3308 810 3361; x_wconf 91' lang='lat' dir='ltr'><strong>ita</strong></span> <span class='ocrx_word' id='word_1_264' title='bbox 842 3305 979 3361; x_wconf 87' lang='lat' dir='ltr'><strong>facta</strong></span> <span class='ocrx_word' id='word_1_265' title='bbox 1010 3306 1093 3362; x_wconf 87' lang='lat' dir='ltr'><strong>vel</strong></span> <span class='ocrx_word' id='word_1_266' title='bbox 1122 3306 1262 3361; x_wconf 89' lang='lat' dir='ltr'><strong>dicta</strong></span> <span class='ocrx_word' id='word_1_267' title='bbox 1293 3314 1448 3371; x_wconf 90' lang='lat' dir='ltr'><strong>sunt,</strong></span> <span class='ocrx_word' id='word_1_268' title='bbox 1481 3305 1819 3375; x_wconf 89' lang='lat' dir='ltr'><strong>reperiuntur</strong></span> <span class='ocrx_word' id='word_1_269' title='bbox 1844 3304 1921 3358; x_wconf 86' lang='lat' dir='ltr'><strong>si-</strong></span> 
     </span>
    </p>
   </div>
   <div class='ocr_carea' id='block_1_34' title="bbox 332 3396 1922 3472">
    <p class='ocr_par' dir='ltr' id='par_1_34' title="bbox 332 3396 1922 3472">
     <span class='ocr_line' id='line_1_34' title="bbox 332 3396 1922 3472; baseline -0.001 -17"><span class='ocrx_word' id='word_1_270' title='bbox 332 3400 702 3472; x_wconf 86' lang='lat' dir='ltr'><strong>gniﬁcationes</strong></span> <span class='ocrx_word' id='word_1_271' title='bbox 723 3414 842 3455; x_wconf 89' lang='lat' dir='ltr'><strong>esse</strong></span> <span class='ocrx_word' id='word_1_272' title='bbox 866 3413 1102 3465; x_wconf 84' lang='lat' dir='ltr'><strong>veraces,</strong></span> <span class='ocrx_word' id='word_1_273' title='bbox 1129 3413 1191 3452; x_wconf 90' lang='lat' dir='ltr'><strong>ac</strong></span> <span class='ocrx_word' id='word_1_274' title='bbox 1218 3404 1313 3469; x_wconf 74' lang='lat' dir='ltr'><strong>per</strong></span> <span class='ocrx_word' id='word_1_275' title='bbox 1332 3397 1435 3452; x_wconf 88' lang='lat' dir='ltr'><strong>hoc</strong></span> <span class='ocrx_word' id='word_1_276' title='bbox 1458 3398 1605 3451; x_wconf 90' lang='lat' dir='ltr'><strong>nullo</strong></span> <span class='ocrx_word' id='word_1_277' title='bbox 1627 3396 1785 3452; x_wconf 85' lang='lat' dir='ltr'><strong>modo</strong></span> <span class='ocrx_word' id='word_1_278' title='bbox 1804 3410 1922 3453; x_wconf 87' lang='lat' dir='ltr'><strong>esse</strong></span> 
     </span>
    </p>
   </div>
   <div class='ocr_carea' id='block_1_35' title="bbox 333 3486 1921 3559">
    <p class='ocr_par' dir='ltr' id='par_1_35' title="bbox 333 3486 1921 3559">
     <span class='ocr_line' id='line_1_35' title="bbox 333 3486 1921 3559; baseline -0.005 -11"><span class='ocrx_word' id='word_1_279' title='bbox 333 3491 629 3548; x_wconf 68' lang='lat' dir='ltr'><strong>mendacia.</strong></span> <span class='ocrx_word' id='word_1_280' title='bbox 676 3488 1002 3545; x_wconf 81' lang='lat' dir='ltr'><strong>Mendacium</strong></span> <span class='ocrx_word' id='word_1_281' title='bbox 1051 3498 1135 3544; x_wconf 91' lang='lat' dir='ltr'><strong>est</strong></span> <span class='ocrx_word' id='word_1_282' title='bbox 1182 3490 1377 3559; x_wconf 83' lang='lat' dir='ltr'><strong>quippe</strong></span> <span class='ocrx_word' id='word_1_283' title='bbox 1428 3487 1554 3542; x_wconf 84' lang='lat' dir='ltr'><strong>falsa</strong></span> <span class='ocrx_word' id='word_1_284' title='bbox 1604 3486 1921 3557; x_wconf 89' lang='lat' dir='ltr'><strong>signiﬁcatio</strong></span> 
     </span>
    </p>
   </div>
   <div class='ocr_carea' id='block_1_36' title="bbox 331 3578 1922 3649">
    <p class='ocr_par' dir='ltr' id='par_1_36' title="bbox 331 3578 1922 3649">
     <span class='ocr_line' id='line_1_36' title="bbox 331 3578 1922 3649; baseline -0.006 -7"><span class='ocrx_word' id='word_1_285' title='bbox 331 3601 448 3642; x_wconf 90' lang='lat' dir='ltr'><strong>cum</strong></span> <span class='ocrx_word' id='word_1_286' title='bbox 486 3584 757 3645; x_wconf 87' lang='lat' dir='ltr'><strong>voluntate</strong></span> <span class='ocrx_word' id='word_1_287' title='bbox 799 3582 1034 3638; x_wconf 90' lang='lat' dir='ltr'><strong>fallendi.</strong></span> <span class='ocrx_word' id='word_1_288' title='bbox 1067 3581 1181 3636; x_wconf 74' lang='lat' dir='ltr'><strong>Non</strong></span> <span class='ocrx_word' id='word_1_289' title='bbox 1222 3589 1304 3637; x_wconf 86' lang='lat' dir='ltr'><strong>cst</strong></span> <span class='ocrx_word' id='word_1_290' title='bbox 1342 3588 1517 3636; x_wconf 89' lang='lat' dir='ltr'><strong>autem</strong></span> <span class='ocrx_word' id='word_1_291' title='bbox 1560 3578 1692 3634; x_wconf 84' lang='lat' dir='ltr'><strong>falsa</strong></span> <span class='ocrx_word' id='word_1_292' title='bbox 1722 3579 1922 3649; x_wconf 80' lang='lat' dir='ltr'><strong>signiti-</strong></span> 
     </span>
    </p>
   </div>
   <div class='ocr_carea' id='block_1_37' title="bbox 331 3670 1921 3741">
    <p class='ocr_par' dir='ltr' id='par_1_37' title="bbox 331 3670 1921 3741">
     <span class='ocr_line' id='line_1_37' title="bbox 331 3670 1921 3741; baseline -0.005 -10"><span class='ocrx_word' id='word_1_293' title='bbox 331 3670 503 3739; x_wconf 78' lang='lat' dir='ltr'><strong>catio,</strong></span> <span class='ocrx_word' id='word_1_294' title='bbox 532 3672 623 3728; x_wconf 88' lang='lat' dir='ltr'><strong>ubi</strong></span> <span class='ocrx_word' id='word_1_295' title='bbox 666 3674 763 3728; x_wconf 90' lang='lat' dir='ltr'><strong>etsi</strong></span> <span class='ocrx_word' id='word_1_296' title='bbox 805 3671 946 3727; x_wconf 90' lang='lat' dir='ltr'><strong>aliud</strong></span> <span class='ocrx_word' id='word_1_297' title='bbox 987 3687 1051 3727; x_wconf 81' lang='lat' dir='ltr'><strong>ex</strong></span> <span class='ocrx_word' id='word_1_298' title='bbox 1092 3672 1196 3726; x_wconf 90' lang='lat' dir='ltr'><strong>alio</strong></span> <span class='ocrx_word' id='word_1_299' title='bbox 1225 3671 1584 3741; x_wconf 83' lang='lat' dir='ltr'><strong>signiﬁcatur,</strong></span> <span class='ocrx_word' id='word_1_300' title='bbox 1616 3684 1799 3724; x_wconf 89' lang='lat' dir='ltr'><strong>verum</strong></span> <span class='ocrx_word' id='word_1_301' title='bbox 1838 3677 1921 3724; x_wconf 91' lang='lat' dir='ltr'><strong>est</strong></span> 
     </span>
    </p>
   </div>
   <div class='ocr_carea' id='block_1_38' title="bbox 331 3762 1671 3838">
    <p class='ocr_par' dir='ltr' id='par_1_38' title="bbox 331 3762 1671 3838">
     <span class='ocr_line' id='line_1_38' title="bbox 331 3762 1671 3838; baseline -0.004 -16"><span class='ocrx_word' id='word_1_302' title='bbox 331 3776 507 3823; x_wconf 84' lang='lat' dir='ltr'><strong>tamen</strong></span> <span class='ocrx_word' id='word_1_303' title='bbox 535 3764 678 3838; x_wconf 86' lang='lat' dir='ltr'><strong>quod</strong></span> <span class='ocrx_word' id='word_1_304' title='bbox 704 3763 1051 3836; x_wconf 85' lang='lat' dir='ltr'><strong>signiﬁcatur,</strong></span> <span class='ocrx_word' id='word_1_305' title='bbox 1080 3763 1123 3818; x_wconf 91' lang='lat' dir='ltr'><strong>si</strong></span> <span class='ocrx_word' id='word_1_306' title='bbox 1154 3770 1300 3818; x_wconf 90' lang='lat' dir='ltr'><strong>recte</strong></span> <span class='ocrx_word' id='word_1_307' title='bbox 1331 3762 1671 3832; x_wconf 86' lang='lat' dir='ltr'><strong>intelligatur.</strong></span> 
     </span>
    </p>
   </div>
   <div class='ocr_carea' id='block_1_39' title="bbox 395 3853 1920 3926">
    <p class='ocr_par' dir='ltr' id='par_1_39' title="bbox 395 3853 1920 3926">
     <span class='ocr_line' id='line_1_39' title="bbox 395 3853 1920 3926; baseline -0.007 -9"><span class='ocrx_word' id='word_1_308' title='bbox 395 3859 627 3918; x_wconf 84' lang='lat' dir='ltr'><strong>CAPUT</strong></span> <span class='ocrx_word' id='word_1_309' title='bbox 654 3857 790 3913; x_wconf 79' lang='lat' dir='ltr'><strong>XIII.</strong></span> <span class='ocrx_word' id='word_1_310' title='bbox 815 3888 885 3899; x_wconf 92' lang='lat'><strong>—-</strong></span> <span class='ocrx_word' id='word_1_311' title='bbox 909 3856 998 3912; x_wconf 77' lang='grc'><strong>27.</strong></span> <span class='ocrx_word' id='word_1_312' title='bbox 1024 3855 1375 3910; x_wconf 84' lang='lat' dir='ltr'><strong>Discutiuntttr</strong></span> <span class='ocrx_word' id='word_1_313' title='bbox 1395 3855 1505 3909; x_wconf 81' lang='lat' dir='ltr'><strong>lora</strong></span> <span class='ocrx_word' id='word_1_314' title='bbox 1527 3853 1789 3926; x_wconf 84' lang='lat' dir='ltr'><strong>Evangelii</strong></span> <span class='ocrx_word' id='word_1_315' title='bbox 1809 3868 1920 3923; x_wconf 65' lang='lat' dir='ltr'><strong>quae</strong></span> 
     </span>
    </p>
   </div>
   <div class='ocr_carea' id='block_1_40' title="bbox 329 3946 1920 4023">
    <p class='ocr_par' dir='ltr' id='par_1_40' title="bbox 329 3946 1920 4023">
     <span class='ocr_line' id='line_1_40' title="bbox 329 3946 1920 4023; baseline -0.006 -16"><span class='ocrx_word' id='word_1_316' title='bbox 329 3952 565 4007; x_wconf 70' lang='lat' dir='ltr'><strong>uidentur</strong></span> <span class='ocrx_word' id='word_1_317' title='bbox 593 3950 904 4023; x_wconf 88' lang='lat' dir='ltr'><strong>patrocinari</strong></span> <span class='ocrx_word' id='word_1_318' title='bbox 927 3948 1209 4003; x_wconf 82' lang='lat' dir='ltr'><strong>mendacio.</strong></span> <span class='ocrx_word' id='word_1_319' title='bbox 1238 3947 1468 4003; x_wconf 85' lang='lat' dir='ltr'><strong>Christus</strong></span> <span class='ocrx_word' id='word_1_320' title='bbox 1493 3948 1707 4018; x_wconf 84' lang='lat' dir='ltr'><strong>ﬁgurate</strong></span> <span class='ocrx_word' id='word_1_321' title='bbox 1732 3946 1920 3999; x_wconf 84' lang='lat' dir='ltr'><strong>nescire</strong></span> 
     </span>
    </p>
   </div>
   <div class='ocr_carea' id='block_1_41' title="bbox 329 4037 1920 4112">
    <p class='ocr_par' dir='ltr' id='par_1_41' title="bbox 329 4037 1920 4112">
     <span class='ocr_line' id='line_1_41' title="bbox 329 4037 1920 4112; baseline -0.004 -14"><span class='ocrx_word' id='word_1_322' title='bbox 329 4059 380 4098; x_wconf 82' lang='lat' dir='ltr'><strong>se</strong></span> <span class='ocrx_word' id='word_1_323' title='bbox 418 4042 573 4112; x_wconf 72' lang='lat' dir='ltr'><strong>finxit</strong></span> <span class='ocrx_word' id='word_1_324' title='bbox 613 4042 749 4110; x_wconf 82' lang='lat' dir='ltr'><strong>quod</strong></span> <span class='ocrx_word' id='word_1_325' title='bbox 789 4040 994 4095; x_wconf 83' lang='lat' dir='ltr'><strong>sciebat.</strong></span> <span class='ocrx_word' id='word_1_326' title='bbox 1038 4038 1169 4093; x_wconf 86' lang='lat' dir='ltr'><strong>Item</strong></span> <span class='ocrx_word' id='word_1_327' title='bbox 1211 4037 1499 4109; x_wconf 64' lang='lat' dir='ltr'><strong>prejrltetice</strong></span> <span class='ocrx_word' id='word_1_328' title='bbox 1535 4046 1580 4091; x_wconf 87' lang='lat' dir='ltr'><strong>et</strong></span> <span class='ocrx_word' id='word_1_329' title='bbox 1618 4037 1831 4108; x_wconf 84' lang='lat' dir='ltr'><strong>ﬁgurate</strong></span> <span class='ocrx_word' id='word_1_330' title='bbox 1865 4052 1920 4091; x_wconf 82' lang='lat' dir='ltr'><strong>se</strong></span> 
     </span>
    </p>
   </div>
   <div class='ocr_carea' id='block_1_42' title="bbox 331 4126 1916 4205">
    <p class='ocr_par' dir='ltr' id='par_1_42' title="bbox 331 4126 1916 4205">
     <span class='ocr_line' id='line_1_42' title="bbox 331 4126 1916 4205; baseline -0.004 -17"><span class='ocrx_word' id='word_1_331' title='bbox 331 4134 478 4205; x_wconf 66' lang='lat' dir='ltr'><strong>finxit</strong></span> <span class='ocrx_word' id='word_1_332' title='bbox 506 4132 708 4205; x_wconf 85' lang='lat' dir='ltr'><strong>longius</strong></span> <span class='ocrx_word' id='word_1_333' title='bbox 744 4133 836 4186; x_wconf 86' lang='lat' dir='ltr'><strong>ire.</strong></span> <span class='ocrx_word' id='word_1_334' title='bbox 870 4131 1004 4187; x_wconf 86' lang='lat' dir='ltr'><strong>Sunt</strong></span> <span class='ocrx_word' id='word_1_335' title='bbox 1042 4130 1283 4202; x_wconf 63' lang='lat' dir='ltr'><strong>quaedam</strong></span> <span class='ocrx_word' id='word_1_336' title='bbox 1324 4128 1584 4199; x_wconf 87' lang='lat' dir='ltr'><strong>ejusmodi</strong></span> <span class='ocrx_word' id='word_1_337' title='bbox 1613 4128 1771 4184; x_wconf 87' lang='lat' dir='ltr'><strong>etiam</strong></span> <span class='ocrx_word' id='word_1_338' title='bbox 1797 4126 1916 4183; x_wconf 83' lang='lat' dir='ltr'><strong>Sal-</strong></span> 
     </span>
    </p>
   </div>
   <div class='ocr_carea' id='block_1_43' title="bbox 329 4219 1918 4297">
    <p class='ocr_par' dir='ltr' id='par_1_43' title="bbox 329 4219 1918 4297">
     <span class='ocr_line' id='line_1_43' title="bbox 329 4219 1918 4297; baseline -0.006 -14"><span class='ocrx_word' id='word_1_339' title='bbox 329 4227 530 4283; x_wconf 82' lang='lat' dir='ltr'><strong>vatoris</strong></span> <span class='ocrx_word' id='word_1_340' title='bbox 558 4226 611 4281; x_wconf 91' lang='lat' dir='ltr'><strong>in</strong></span> <span class='ocrx_word' id='word_1_341' title='bbox 640 4225 945 4297; x_wconf 84' lang='lat' dir='ltr'><strong>Evangelio,</strong></span> <span class='ocrx_word' id='word_1_342' title='bbox 976 4224 1101 4295; x_wconf 84' lang='lat' dir='ltr'><strong>quia</strong></span> <span class='ocrx_word' id='word_1_343' title='bbox 1129 4233 1183 4278; x_wconf 89' lang='lat' dir='ltr'><strong>et</strong></span> <span class='ocrx_word' id='word_1_344' title='bbox 1207 4223 1321 4292; x_wconf 72' lang='lat' dir='ltr'><strong>ipse</strong></span> <span class='ocrx_word' id='word_1_345' title='bbox 1347 4221 1604 4277; x_wconf 89' lang='lat' dir='ltr'><strong>Dominus</strong></span> <span class='ocrx_word' id='word_1_346' title='bbox 1624 4219 1918 4290; x_wconf 83' lang='lat' dir='ltr'><strong>Propheta-</strong></span> 
     </span>
    </p>
   </div>
   <div class='ocr_carea' id='block_1_44' title="bbox 330 4309 1915 4387">
    <p class='ocr_par' dir='ltr' id='par_1_44' title="bbox 330 4309 1915 4387">
     <span class='ocr_line' id='line_1_44' title="bbox 330 4309 1915 4387; baseline -0.008 -11"><span class='ocrx_word' id='word_1_347' title='bbox 330 4335 449 4376; x_wconf 90' lang='lat' dir='ltr'><strong>rum</strong></span> <span class='ocrx_word' id='word_1_348' title='bbox 485 4317 752 4387; x_wconf 80' lang='lat' dir='ltr'><strong>PrOpbeta</strong></span> <span class='ocrx_word' id='word_1_349' title='bbox 791 4330 913 4372; x_wconf 89' lang='lat' dir='ltr'><strong>esse</strong></span> <span class='ocrx_word' id='word_1_350' title='bbox 940 4314 1189 4385; x_wconf 89' lang='lat' dir='ltr'><strong>dignatus</strong></span> <span class='ocrx_word' id='word_1_351' title='bbox 1216 4324 1316 4369; x_wconf 89' lang='lat' dir='ltr'><strong>est.</strong></span> <span class='ocrx_word' id='word_1_352' title='bbox 1349 4311 1494 4368; x_wconf 87' lang='lat' dir='ltr'><strong>Talia</strong></span> <span class='ocrx_word' id='word_1_353' title='bbox 1526 4320 1650 4367; x_wconf 91' lang='lat' dir='ltr'><strong>sunt</strong></span> <span class='ocrx_word' id='word_1_354' title='bbox 1679 4311 1795 4377; x_wconf 88' lang='lat' dir='ltr'><strong>illa,</strong></span> <span class='ocrx_word' id='word_1_355' title='bbox 1828 4309 1915 4366; x_wconf 88' lang='lat' dir='ltr'><strong>ubi</strong></span> 
     </span>
    </p>
   </div>
   <div class='ocr_carea' id='block_1_45' title="bbox 331 4395 1916 4479">
    <p class='ocr_par' dir='ltr' id='par_1_45' title="bbox 331 4395 1916 4479">
     <span class='ocr_line' id='line_1_45' title="bbox 331 4395 1916 4479; baseline -0.006 -12"><span class='ocrx_word' id='word_1_356' title='bbox 331 4409 395 4467; x_wconf 87' lang='lat' dir='ltr'><strong>de</strong></span> <span class='ocrx_word' id='word_1_357' title='bbox 416 4409 646 4465; x_wconf 86' lang='lat' dir='ltr'><strong>muliere</strong></span> <span class='ocrx_word' id='word_1_358' title='bbox 665 4423 784 4479; x_wconf 67' lang='lat' dir='ltr'><strong>quae</strong></span> <span class='ocrx_word' id='word_1_359' title='bbox 802 4395 1303 4478; x_wconf 51' lang='lat' dir='ltr'><strong>ﬁuxum‘sanguinis</strong></span> <span class='ocrx_word' id='word_1_360' title='bbox 1330 4405 1641 4476; x_wconf 88' lang='lat' dir='ltr'><strong>patiebatur,</strong></span> <span class='ocrx_word' id='word_1_361' title='bbox 1670 4403 1764 4470; x_wconf 89' lang='lat' dir='ltr'><strong>ait,</strong></span> <span class='ocrx_word' id='word_1_362' title='bbox 1790 4403 1916 4471; x_wconf 78' lang='lat' dir='ltr'><strong>Quis</strong></span> 
     </span>
    </p>
   </div>
   <div class='ocr_carea' id='block_1_46' title="bbox 332 4490 1914 4574">
    <p class='ocr_par' dir='ltr' id='par_1_46' title="bbox 332 4490 1914 4574">
     <span class='ocr_line' id='line_1_46' title="bbox 332 4490 1914 4574; baseline -0.008 -14"><span class='ocrx_word' id='word_1_363' title='bbox 332 4520 408 4559; x_wconf 79' lang='lat' dir='ltr'><strong>me</strong></span> <span class='ocrx_word' id='word_1_364' title='bbox 434 4503 597 4574; x_wconf 84' lang='lat' dir='ltr'><strong>tetigit</strong></span> <span class='ocrx_word' id='word_1_365' title='bbox 625 4499 776 4573; x_wconf 87' lang='lat' dir='ltr'><strong>(Luc.</strong></span> <span class='ocrx_word' id='word_1_366' title='bbox 804 4515 898 4556; x_wconf 88' lang='lat' dir='ltr'><strong>vnt</strong></span> <span class='ocrx_word' id='word_1_367' title='bbox 920 4541 933 4563; x_wconf 94' lang='lat'><strong>,</strong></span> <span class='ocrx_word' id='word_1_368' title='bbox 962 4500 1053 4570; x_wconf 74' lang='grc'><strong>45)</strong></span> <span class='ocrx_word' id='word_1_369' title='bbox 1071 4500 1096 4554; x_wconf 85' lang='lat'><strong>?</strong></span> <span class='ocrx_word' id='word_1_370' title='bbox 1117 4508 1172 4555; x_wconf 89' lang='lat' dir='ltr'><strong>et</strong></span> <span class='ocrx_word' id='word_1_371' title='bbox 1195 4498 1261 4554; x_wconf 86' lang='lat' dir='ltr'><strong>de</strong></span> <span class='ocrx_word' id='word_1_372' title='bbox 1285 4497 1518 4564; x_wconf 82' lang='lat' dir='ltr'><strong>Lazaro,</strong></span> <span class='ocrx_word' id='word_1_373' title='bbox 1556 4495 1653 4551; x_wconf 87' lang='lat' dir='ltr'><strong>Ubi</strong></span> <span class='ocrx_word' id='word_1_374' title='bbox 1680 4490 1914 4567; x_wconf 79' lang='lat' dir='ltr'><strong>posuistis</strong></span> 
     </span>
    </p>
   </div>
   <div class='ocr_carea' id='block_1_47' title="bbox 333 4588 1916 4668">
    <p class='ocr_par' dir='ltr' id='par_1_47' title="bbox 333 4588 1916 4668">
     <span class='ocr_line' id='line_1_47' title="bbox 333 4588 1916 4668; baseline -0.004 -19"><span class='ocrx_word' id='word_1_375' title='bbox 333 4611 441 4649; x_wconf 78' lang='lat' dir='ltr'><strong>eum</strong></span> <span class='ocrx_word' id='word_1_376' title='bbox 472 4592 654 4668; x_wconf 82' lang='lat' dir='ltr'><strong>(Joan.</strong></span> <span class='ocrx_word' id='word_1_377' title='bbox 686 4607 777 4658; x_wconf 68' lang='grc' dir='ltr'><strong>χι,</strong></span> <span class='ocrx_word' id='word_1_378' title='bbox 819 4590 1075 4663; x_wconf 69' lang='grc' dir='ltr'><strong>54γῖεὸἰο</strong></span> <span class='ocrx_word' id='word_1_379' title='bbox 1111 4590 1307 4661; x_wconf 87' lang='lat' dir='ltr'><strong>quippe</strong></span> <span class='ocrx_word' id='word_1_380' title='bbox 1348 4588 1723 4658; x_wconf 84' lang='lat' dir='ltr'><strong>interrogavit,</strong></span> <span class='ocrx_word' id='word_1_381' title='bbox 1766 4588 1916 4658; x_wconf 90' lang='lat' dir='ltr'><strong>quasi</strong></span> 
     </span>
    </p>
   </div>
   <div class='ocr_carea' id='block_1_48' title="bbox 333 4678 1916 4755">
    <p class='ocr_par' dir='ltr' id='par_1_48' title="bbox 333 4678 1916 4755">
     <span class='ocr_line' id='line_1_48' title="bbox 333 4678 1916 4755; baseline -0.006 -12"><span class='ocrx_word' id='word_1_382' title='bbox 333 4685 581 4743; x_wconf 85' lang='lat' dir='ltr'><strong>nesciens</strong></span> <span class='ocrx_word' id='word_1_383' title='bbox 616 4683 759 4755; x_wconf 89' lang='lat' dir='ltr'><strong>quod</strong></span> <span class='ocrx_word' id='word_1_384' title='bbox 802 4684 983 4754; x_wconf 91' lang='lat' dir='ltr'><strong>utique</strong></span> <span class='ocrx_word' id='word_1_385' title='bbox 1021 4681 1241 4737; x_wconf 87' lang='lat' dir='ltr'><strong>sciebat.</strong></span> <span class='ocrx_word' id='word_1_386' title='bbox 1272 4681 1349 4736; x_wconf 89' lang='lat' dir='ltr'><strong>Ac</strong></span> <span class='ocrx_word' id='word_1_387' title='bbox 1377 4695 1470 4751; x_wconf 90' lang='lat' dir='ltr'><strong>per</strong></span> <span class='ocrx_word' id='word_1_388' title='bbox 1496 4678 1599 4734; x_wconf 88' lang='lat' dir='ltr'><strong>hoc</strong></span> <span class='ocrx_word' id='word_1_389' title='bbox 1628 4679 1833 4734; x_wconf 87' lang='lat' dir='ltr'><strong>nescire</strong></span> <span class='ocrx_word' id='word_1_390' title='bbox 1857 4693 1916 4734; x_wconf 87' lang='lat' dir='ltr'><strong>se</strong></span> 
     </span>
    </p>
   </div>
   <div class='ocr_carea' id='block_1_49' title="bbox 334 4771 1916 4846">
    <p class='ocr_par' dir='ltr' id='par_1_49' title="bbox 334 4771 1916 4846">
     <span class='ocr_line' id='line_1_49' title="bbox 334 4771 1916 4846; baseline -0.005 -13"><span class='ocrx_word' id='word_1_391' title='bbox 334 4777 483 4833; x_wconf 81' lang='lat' dir='ltr'><strong>ﬁnxit</strong></span> <span class='ocrx_word' id='word_1_392' title='bbox 502 4819 516 4843; x_wconf 92' lang='lat'><strong>,</strong></span> <span class='ocrx_word' id='word_1_393' title='bbox 545 4786 605 4831; x_wconf 92' lang='lat' dir='ltr'><strong>ut</strong></span> <span class='ocrx_word' id='word_1_394' title='bbox 633 4774 829 4846; x_wconf 88' lang='lat' dir='ltr'><strong>aliquid</strong></span> <span class='ocrx_word' id='word_1_395' title='bbox 856 4773 997 4829; x_wconf 89' lang='lat' dir='ltr'><strong>aliud</strong></span> <span class='ocrx_word' id='word_1_396' title='bbox 1024 4773 1111 4828; x_wconf 90' lang='lat' dir='ltr'><strong>illa</strong></span> <span class='ocrx_word' id='word_1_397' title='bbox 1139 4774 1285 4829; x_wconf 87' lang='lat' dir='ltr'><strong>velut</strong></span> <span class='ocrx_word' id='word_1_398' title='bbox 1313 4773 1606 4844; x_wconf 83' lang='lat' dir='ltr'><strong>ignorantia</strong></span> <span class='ocrx_word' id='word_1_399' title='bbox 1635 4786 1729 4826; x_wconf 90' lang='lat' dir='ltr'><strong>sua</strong></span> <span class='ocrx_word' id='word_1_400' title='bbox 1755 4771 1916 4842; x_wconf 81' lang='lat' dir='ltr'><strong>signi-</strong></span> 
     </span>
    </p>
   </div>
   <div class='ocr_carea' id='block_1_50' title="bbox 336 4866 1916 4940">
    <p class='ocr_par' dir='ltr' id='par_1_50' title="bbox 336 4866 1916 4940">
     <span class='ocr_line' id='line_1_50' title="bbox 336 4866 1916 4940; baseline -0.006 -16"><span class='ocrx_word' id='word_1_401' title='bbox 336 4870 517 4927; x_wconf 87' lang='lat' dir='ltr'><strong>ﬁcaret</strong></span> <span class='ocrx_word' id='word_1_402' title='bbox 543 4886 559 4924; x_wconf 92' lang='lat'><strong>:</strong></span> <span class='ocrx_word' id='word_1_403' title='bbox 588 4884 707 4940; x_wconf 68' lang='lat' dir='ltr'><strong>quae</strong></span> <span class='ocrx_word' id='word_1_404' title='bbox 749 4868 1067 4937; x_wconf 81' lang='lat' dir='ltr'><strong>signiﬁcatio</strong></span> <span class='ocrx_word' id='word_1_405' title='bbox 1108 4866 1357 4936; x_wconf 91' lang='lat' dir='ltr'><strong>quoniam</strong></span> <span class='ocrx_word' id='word_1_406' title='bbox 1397 4881 1556 4921; x_wconf 80' lang='lat' dir='ltr'><strong>verax</strong></span> <span class='ocrx_word' id='word_1_407' title='bbox 1586 4873 1733 4930; x_wconf 89' lang='lat' dir='ltr'><strong>erat,</strong></span> <span class='ocrx_word' id='word_1_408' title='bbox 1764 4879 1916 4919; x_wconf 83' lang='lat' dir='ltr'><strong>men-</strong></span> 
     </span>
    </p>
   </div>
   <div class='ocr_carea' id='block_1_51' title="bbox 333 4956 1912 5034">
    <p class='ocr_par' dir='ltr' id='par_1_51' title="bbox 333 4956 1912 5034">
     <span class='ocr_line' id='line_1_51' title="bbox 333 4956 1912 5034; baseline -0.006 -17"><span class='ocrx_word' id='word_1_409' title='bbox 333 4961 540 5019; x_wconf 85' lang='lat' dir='ltr'><strong>dacium</strong></span> <span class='ocrx_word' id='word_1_410' title='bbox 567 4959 807 5034; x_wconf 86' lang='lat' dir='ltr'><strong>profecto</strong></span> <span class='ocrx_word' id='word_1_411' title='bbox 835 4973 939 5014; x_wconf 91' lang='lat' dir='ltr'><strong>nou</strong></span> <span class='ocrx_word' id='word_1_412' title='bbox 969 4966 1102 5014; x_wconf 90' lang='lat' dir='ltr'><strong>erat.</strong></span> <span class='ocrx_word' id='word_1_413' title='bbox 1145 4958 1251 5013; x_wconf 85' lang='lat' dir='ltr'><strong>Eos</strong></span> <span class='ocrx_word' id='word_1_414' title='bbox 1278 4972 1502 5028; x_wconf 88' lang='lat' dir='ltr'><strong>namque</strong></span> <span class='ocrx_word' id='word_1_415' title='bbox 1529 4956 1912 5026; x_wconf 86' lang='lat' dir='ltr'><strong>signiﬁcabant,</strong></span> 
     </span>
    </p>
   </div>
   <div class='ocr_carea' id='block_1_52' title="bbox 333 5047 1918 5120">
    <p class='ocr_par' dir='ltr' id='par_1_52' title="bbox 333 5047 1918 5120">
     <span class='ocr_line' id='line_1_52' title="bbox 333 5047 1918 5120; baseline -0.004 -13"><span class='ocrx_word' id='word_1_416' title='bbox 333 5053 441 5108; x_wconf 86' lang='lat' dir='ltr'><strong>sive</strong></span> <span class='ocrx_word' id='word_1_417' title='bbox 468 5053 558 5108; x_wconf 86' lang='lat' dir='ltr'><strong>illa</strong></span> <span class='ocrx_word' id='word_1_418' title='bbox 589 5051 787 5107; x_wconf 78' lang='lat' dir='ltr'><strong>ﬁuxum</strong></span> <span class='ocrx_word' id='word_1_419' title='bbox 823 5049 1096 5120; x_wconf 86' lang='lat' dir='ltr'><strong>sanguinis</strong></span> <span class='ocrx_word' id='word_1_420' title='bbox 1136 5048 1372 5117; x_wconf 88' lang='lat' dir='ltr'><strong>patiens,</strong></span> <span class='ocrx_word' id='word_1_421' title='bbox 1414 5047 1526 5101; x_wconf 89' lang='lat' dir='ltr'><strong>sive</strong></span> <span class='ocrx_word' id='word_1_422' title='bbox 1564 5047 1650 5102; x_wconf 90' lang='lat' dir='ltr'><strong>illc</strong></span> <span class='ocrx_word' id='word_1_423' title='bbox 1679 5056 1918 5101; x_wconf 87' lang='lat' dir='ltr'><strong>mortuus</strong></span> 
     </span>
    </p>
   </div>
   <div class='ocr_carea' id='block_1_53' title="bbox 334 5136 1916 5214">
    <p class='ocr_par' dir='ltr' id='par_1_53' title="bbox 334 5136 1916 5214">
     <span class='ocr_line' id='line_1_53' title="bbox 334 5136 1916 5214; baseline -0.005 -15"><span class='ocrx_word' id='word_1_424' title='bbox 334 5142 712 5214; x_wconf 83' lang='lat' dir='ltr'><strong>quatriduauus</strong></span> <span class='ocrx_word' id='word_1_425' title='bbox 732 5182 748 5209; x_wconf 92' lang='lat'><strong>,</strong></span> <span class='ocrx_word' id='word_1_426' title='bbox 776 5155 912 5212; x_wconf 92' lang='lat' dir='ltr'><strong>quos</strong></span> <span class='ocrx_word' id='word_1_427' title='bbox 937 5141 1097 5196; x_wconf 88' lang='lat' dir='ltr'><strong>etiam</strong></span> <span class='ocrx_word' id='word_1_428' title='bbox 1129 5138 1218 5208; x_wconf 89' lang='lat' dir='ltr'><strong>qui</strong></span> <span class='ocrx_word' id='word_1_429' title='bbox 1246 5146 1435 5193; x_wconf 89' lang='lat' dir='ltr'><strong>cuncta</strong></span> <span class='ocrx_word' id='word_1_430' title='bbox 1463 5136 1666 5192; x_wconf 88' lang='lat' dir='ltr'><strong>sciebat</strong></span> <span class='ocrx_word' id='word_1_431' title='bbox 1688 5138 1916 5207; x_wconf 89' lang='lat' dir='ltr'><strong>quodam</strong></span> 
     </span>
    </p>
   </div>
   <div class='ocr_carea' id='block_1_54' title="bbox 335 5227 1917 5299">
    <p class='ocr_par' dir='ltr' id='par_1_54' title="bbox 335 5227 1917 5299">
     <span class='ocr_line' id='line_1_54' title="bbox 335 5227 1917 5299; baseline -0.004 -10"><span class='ocrx_word' id='word_1_432' title='bbox 335 5234 492 5289; x_wconf 85' lang='lat' dir='ltr'><strong>modo</strong></span> <span class='ocrx_word' id='word_1_433' title='bbox 535 5232 829 5289; x_wconf 86' lang='lat' dir='ltr'><strong>nesciebat.</strong></span> <span class='ocrx_word' id='word_1_434' title='bbox 873 5231 1005 5286; x_wconf 84' lang='lat' dir='ltr'><strong>Nam</strong></span> <span class='ocrx_word' id='word_1_435' title='bbox 1053 5238 1108 5285; x_wconf 90' lang='lat' dir='ltr'><strong>et</strong></span> <span class='ocrx_word' id='word_1_436' title='bbox 1149 5229 1236 5284; x_wconf 88' lang='lat' dir='ltr'><strong>illa</strong></span> <span class='ocrx_word' id='word_1_437' title='bbox 1275 5235 1458 5299; x_wconf 87' lang='lat' dir='ltr'><strong>typum</strong></span> <span class='ocrx_word' id='word_1_438' title='bbox 1499 5227 1716 5298; x_wconf 86' lang='lat' dir='ltr'><strong>gerebat</strong></span> <span class='ocrx_word' id='word_1_439' title='bbox 1747 5227 1917 5297; x_wconf 89' lang='lat' dir='ltr'><strong>plebis</strong></span> 
     </span>
    </p>
   </div>
   <div class='ocr_carea' id='block_1_55' title="bbox 334 5316 1919 5394">
    <p class='ocr_par' dir='ltr' id='par_1_55' title="bbox 334 5316 1919 5394">
     <span class='ocr_line' id='line_1_55' title="bbox 334 5316 1919 5394; baseline -0.004 -14"><span class='ocrx_word' id='word_1_440' title='bbox 334 5323 581 5380; x_wconf 84' lang='lat' dir='ltr'><strong>Gentium</strong></span> <span class='ocrx_word' id='word_1_441' title='bbox 600 5365 615 5389; x_wconf 93' lang='lat'><strong>,</strong></span> <span class='ocrx_word' id='word_1_442' title='bbox 647 5323 788 5378; x_wconf 90' lang='lat' dir='ltr'><strong>unde</strong></span> <span class='ocrx_word' id='word_1_443' title='bbox 814 5322 1088 5394; x_wconf 71' lang='lat' dir='ltr'><strong>prarmissa</strong></span> <span class='ocrx_word' id='word_1_444' title='bbox 1130 5320 1301 5375; x_wconf 88' lang='lat' dir='ltr'><strong>fuerat</strong></span> <span class='ocrx_word' id='word_1_445' title='bbox 1332 5317 1606 5389; x_wconf 85' lang='lat' dir='ltr'><strong>prophetia</strong></span> <span class='ocrx_word' id='word_1_446' title='bbox 1628 5360 1643 5384; x_wconf 90' lang='lat'><strong>,</strong></span> <span class='ocrx_word' id='word_1_447' title='bbox 1687 5316 1919 5386; x_wconf 82' lang='lat' dir='ltr'><strong>Populus</strong></span> 
     </span>
    </p>
   </div>
   <div class='ocr_carea' id='block_1_56' title="bbox 335 5407 1920 5484">
    <p class='ocr_par' dir='ltr' id='par_1_56' title="bbox 335 5407 1920 5484">
     <span class='ocr_line' id='line_1_56' title="bbox 335 5407 1920 5484; baseline -0.004 -16"><span class='ocrx_word' id='word_1_448' title='bbox 335 5429 478 5484; x_wconf 79' lang='lat' dir='ltr'><strong>quem</strong></span> <span class='ocrx_word' id='word_1_449' title='bbox 515 5429 617 5468; x_wconf 86' lang='lat' dir='ltr'><strong>non</strong></span> <span class='ocrx_word' id='word_1_450' title='bbox 650 5412 895 5484; x_wconf 81' lang='lat' dir='ltr'><strong>cognovi,</strong></span> <span class='ocrx_word' id='word_1_451' title='bbox 934 5411 1134 5467; x_wconf 80' lang='lat' dir='ltr'><strong>servivit</strong></span> <span class='ocrx_word' id='word_1_452' title='bbox 1171 5410 1296 5464; x_wconf 85' lang='lat' dir='ltr'><strong>mihi</strong></span> <span class='ocrx_word' id='word_1_453' title='bbox 1340 5408 1508 5474; x_wconf 86' lang='lat' dir='ltr'><strong>(Psal.</strong></span> <span class='ocrx_word' id='word_1_454' title='bbox 1537 5424 1675 5473; x_wconf 65' lang='grc' dir='ltr'>χιιι,</span> <span class='ocrx_word' id='word_1_455' title='bbox 1704 5407 1795 5478; x_wconf 72' lang='grc'><strong>45)</strong></span> <span class='ocrx_word' id='word_1_456' title='bbox 1826 5425 1837 5461; x_wconf 91' lang='lat'><strong>:</strong></span> <span class='ocrx_word' id='word_1_457' title='bbox 1865 5417 1920 5463; x_wconf 91' lang='lat' dir='ltr'><strong>et</strong></span> 
     </span>
    </p>
   </div>
   <div class='ocr_carea' id='block_1_57' title="bbox 336 5500 1920 5573">
    <p class='ocr_par' dir='ltr' id='par_1_57' title="bbox 336 5500 1920 5573">
     <span class='ocr_line' id='line_1_57' title="bbox 336 5500 1920 5573; baseline -0.003 -12"><span class='ocrx_word' id='word_1_458' title='bbox 336 5503 570 5561; x_wconf 81' lang='lat' dir='ltr'><strong>Lazarus</strong></span> <span class='ocrx_word' id='word_1_459' title='bbox 592 5513 831 5561; x_wconf 88' lang='lat' dir='ltr'><strong>remotus</strong></span> <span class='ocrx_word' id='word_1_460' title='bbox 852 5519 884 5560; x_wconf 74' lang='grc' dir='ltr'><strong>ιι</strong></span> <span class='ocrx_word' id='word_1_461' title='bbox 904 5503 1201 5560; x_wconf 83' lang='lat' dir='ltr'><strong>viventibus</strong></span> <span class='ocrx_word' id='word_1_462' title='bbox 1227 5512 1474 5573; x_wconf 85' lang='lat' dir='ltr'><strong>tanquam</strong></span> <span class='ocrx_word' id='word_1_463' title='bbox 1500 5501 1569 5556; x_wconf 87' lang='lat' dir='ltr'><strong>ibi</strong></span> <span class='ocrx_word' id='word_1_464' title='bbox 1592 5500 1801 5571; x_wconf 90' lang='lat' dir='ltr'><strong>jacebat</strong></span> <span class='ocrx_word' id='word_1_465' title='bbox 1826 5515 1920 5570; x_wconf 89' lang='lat' dir='ltr'><strong>per</strong></span> 
     </span>
    </p>
   </div>
   <div class='ocr_carea' id='block_1_58' title="bbox 335 5591 1916 5669">
    <p class='ocr_par' dir='ltr' id='par_1_58' title="bbox 335 5591 1916 5669">
     <span class='ocr_line' id='line_1_58' title="bbox 335 5591 1916 5669; baseline -0.004 -17"><span class='ocrx_word' id='word_1_466' title='bbox 335 5596 741 5669; x_wconf 85' lang='lat' dir='ltr'><strong>signiﬁcativam</strong></span> <span class='ocrx_word' id='word_1_467' title='bbox 779 5594 1209 5660; x_wconf 87' lang='lat' dir='ltr'><strong>similitudinem,</strong></span> <span class='ocrx_word' id='word_1_468' title='bbox 1252 5593 1341 5649; x_wconf 89' lang='lat' dir='ltr'><strong>ubi</strong></span> <span class='ocrx_word' id='word_1_469' title='bbox 1380 5593 1469 5649; x_wconf 91' lang='lat' dir='ltr'><strong>ille</strong></span> <span class='ocrx_word' id='word_1_470' title='bbox 1506 5591 1657 5662; x_wconf 89' lang='lat' dir='ltr'><strong>cujus</strong></span> <span class='ocrx_word' id='word_1_471' title='bbox 1685 5606 1785 5646; x_wconf 81' lang='lat' dir='ltr'><strong>vox</strong></span> <span class='ocrx_word' id='word_1_472' title='bbox 1815 5599 1916 5658; x_wconf 89' lang='lat' dir='ltr'><strong>est,</strong></span> 
     </span>
    </p>
   </div>
   <div class='ocr_carea' id='block_1_59' title="bbox 334 5745 1919 5870">
    <p class='ocr_par' dir='ltr' id='par_1_59' title="bbox 334 5745 1919 5870">
     <span class='ocr_line' id='line_1_59' title="bbox 334 5745 1919 5870; baseline -0.003 -66"><span class='ocrx_word' id='word_1_473' title='bbox 334 5751 949 5870; x_wconf 35' lang='lat' dir='ltr'><strong>Aajlmegendum</strong></span> <span class='ocrx_word' id='word_1_474' title='bbox 971 5787 988 5815; x_wconf 88' lang='lat'><strong>,</strong></span> <span class='ocrx_word' id='word_1_475' title='bbox 1023 5762 1080 5804; x_wconf 84' lang='lat' dir='ltr'><strong>eo</strong></span> <span class='ocrx_word' id='word_1_476' title='bbox 1116 5749 1244 5815; x_wconf 84' lang='lat' dir='ltr'><strong>quod</strong></span> <span class='ocrx_word' id='word_1_477' title='bbox 1281 5748 1544 5825; x_wconf 72' lang='lat' dir='ltr'><strong>mendaciis</strong></span> <span class='ocrx_word' id='word_1_478' title='bbox 1596 5746 1691 5800; x_wconf 78' lang='lat' dir='ltr'><strong>sint</strong></span> <span class='ocrx_word' id='word_1_479' title='bbox 1753 5745 1919 5811; x_wconf 85' lang='lat' dir='ltr'><strong>aliqua</strong></span> 
     </span>
    </p>
   </div>
   <div class='ocr_carea' id='block_1_60' title="bbox 1758 339 2199 403">
    <p class='ocr_par' dir='ltr' id='par_1_60' title="bbox 1758 339 2199 403">
     <span class='ocr_line' id='line_1_60' title="bbox 1758 339 2199 403; baseline 0.009 -4"><span class='ocrx_word' id='word_1_480' title='bbox 1758 339 1962 399; x_wconf 81' lang='lat' dir='ltr'><strong>LIBER</strong></span> <span class='ocrx_word' id='word_1_481' title='bbox 2002 340 2199 403; x_wconf 86' lang='lat' dir='ltr'><strong>UNUS.</strong></span> 
     </span>
    </p>
   </div>
   <div class='ocr_carea' id='block_1_61' title="bbox 3508 369 3615 429">
    <p class='ocr_par' dir='ltr' id='par_1_61' title="bbox 3508 369 3615 429">
     <span class='ocr_line' id='line_1_61' title="bbox 3508 369 3615 429; baseline 0 -2"><span class='ocrx_word' id='word_1_482' title='bbox 3508 369 3615 429; x_wconf 75' lang='lat'><strong>558</strong></span> 
     </span>
    </p>
   </div>
   <div class='ocr_carea' id='block_1_62' title="bbox 2032 456 3610 547">
    <p class='ocr_par' dir='ltr' id='par_1_62' title="bbox 2032 456 3610 547">
     <span class='ocr_line' id='line_1_62' title="bbox 2032 456 3610 547; baseline 0.017 -37"><span class='ocrx_word' id='word_1_483' title='bbox 2032 456 2299 531; x_wconf 69' lang='lat' dir='ltr'><strong>Profectus</strong></span> <span class='ocrx_word' id='word_1_484' title='bbox 2318 478 2427 518; x_wconf 88' lang='lat' dir='ltr'><strong>sum</strong></span> <span class='ocrx_word' id='word_1_485' title='bbox 2448 481 2479 519; x_wconf 75' lang='grc' dir='ltr'>τι</span> <span class='ocrx_word' id='word_1_486' title='bbox 2499 466 2629 535; x_wconf 85' lang='lat' dir='ltr'><strong>[acie</strong></span> <span class='ocrx_word' id='word_1_487' title='bbox 2649 467 2909 524; x_wconf 82' lang='lat' dir='ltr'><strong>oculorum</strong></span> <span class='ocrx_word' id='word_1_488' title='bbox 2930 476 3129 528; x_wconf 86' lang='lat' dir='ltr'><strong>tuorum</strong></span> <span class='ocrx_word' id='word_1_489' title='bbox 3150 472 3321 547; x_wconf 83' lang='lat' dir='ltr'><strong>(Psal.</strong></span> <span class='ocrx_word' id='word_1_490' title='bbox 3341 493 3467 545; x_wconf 72' lang='lat' dir='ltr'><strong>xxx,</strong></span> <span class='ocrx_word' id='word_1_491' title='bbox 3487 456 3610 545; x_wconf 62' lang='lat'><strong>23).</strong></span> 
     </span>
    </p>
   </div>
   <div class='ocr_carea' id='block_1_63' title="bbox 2033 550 3612 641">
    <p class='ocr_par' dir='ltr' id='par_1_63' title="bbox 2033 550 3612 641">
     <span class='ocr_line' id='line_1_63' title="bbox 2033 550 3612 641; baseline 0.015 -36"><span class='ocrx_word' id='word_1_492' title='bbox 2033 550 2099 605; x_wconf 84' lang='lat' dir='ltr'><strong>Et</strong></span> <span class='ocrx_word' id='word_1_493' title='bbox 2138 552 2256 608; x_wconf 92' lang='lat' dir='ltr'><strong>ideo</strong></span> <span class='ocrx_word' id='word_1_494' title='bbox 2296 565 2541 627; x_wconf 89' lang='lat' dir='ltr'><strong>tanquam</strong></span> <span class='ocrx_word' id='word_1_495' title='bbox 2584 560 2881 631; x_wconf 80' lang='lat' dir='ltr'><strong>nesciretur</strong></span> <span class='ocrx_word' id='word_1_496' title='bbox 2922 577 2953 616; x_wconf 93' lang='lat' dir='ltr'><strong>a</strong></span> <span class='ocrx_word' id='word_1_497' title='bbox 2998 562 3245 634; x_wconf 79' lang='lat' dir='ltr'><strong>Christo,</strong></span> <span class='ocrx_word' id='word_1_498' title='bbox 3283 578 3336 623; x_wconf 87' lang='lat' dir='ltr'><strong>et</strong></span> <span class='ocrx_word' id='word_1_499' title='bbox 3372 568 3458 624; x_wconf 87' lang='lat' dir='ltr'><strong>illa</strong></span> <span class='ocrx_word' id='word_1_500' title='bbox 3491 588 3612 641; x_wconf 75' lang='lat' dir='ltr'><strong>qua:</strong></span> 
     </span>
    </p>
   </div>
   <div class='ocr_carea' id='block_1_64' title="bbox 2031 642 3613 731">
    <p class='ocr_par' dir='ltr' id='par_1_64' title="bbox 2031 642 3613 731">
     <span class='ocr_line' id='line_1_64' title="bbox 2031 642 3613 731; baseline 0.014 -35"><span class='ocrx_word' id='word_1_501' title='bbox 2031 642 2218 710; x_wconf 79' lang='lat' dir='ltr'><strong>fuerit,</strong></span> <span class='ocrx_word' id='word_1_502' title='bbox 2246 655 2301 700; x_wconf 89' lang='lat' dir='ltr'><strong>et</strong></span> <span class='ocrx_word' id='word_1_503' title='bbox 2328 647 2426 702; x_wconf 89' lang='lat' dir='ltr'><strong>iste</strong></span> <span class='ocrx_word' id='word_1_504' title='bbox 2456 649 2539 702; x_wconf 90' lang='lat' dir='ltr'><strong>ubi</strong></span> <span class='ocrx_word' id='word_1_505' title='bbox 2574 652 2775 719; x_wconf 84' lang='lat' dir='ltr'><strong>positus</strong></span> <span class='ocrx_word' id='word_1_506' title='bbox 2802 651 2957 707; x_wconf 87' lang='lat' dir='ltr'><strong>fuerit</strong></span> <span class='ocrx_word' id='word_1_507' title='bbox 2976 695 2990 718; x_wconf 93' lang='lat'><strong>,</strong></span> <span class='ocrx_word' id='word_1_508' title='bbox 3020 656 3196 711; x_wconf 87' lang='lat' dir='ltr'><strong>verbis</strong></span> <span class='ocrx_word' id='word_1_509' title='bbox 3234 658 3613 731; x_wconf 85' lang='lat' dir='ltr'><strong>interrogantis</strong></span> 
     </span>
    </p>
   </div>
   <div class='ocr_carea' id='block_1_65' title="bbox 2031 736 3612 820">
    <p class='ocr_par' dir='ltr' id='par_1_65' title="bbox 2031 736 3612 820">
     <span class='ocr_line' id='line_1_65' title="bbox 2031 736 3612 820; baseline 0.013 -31"><span class='ocrx_word' id='word_1_510' title='bbox 2031 746 2113 790; x_wconf 45' lang='lat' dir='ltr'><strong>est</strong></span> <span class='ocrx_word' id='word_1_511' title='bbox 2139 736 2444 805; x_wconf 88' lang='lat' dir='ltr'><strong>liguratum,</strong></span> <span class='ocrx_word' id='word_1_512' title='bbox 2478 751 2531 795; x_wconf 87' lang='lat' dir='ltr'><strong>ct</strong></span> <span class='ocrx_word' id='word_1_513' title='bbox 2567 755 2727 798; x_wconf 88' lang='lat' dir='ltr'><strong>omne</strong></span> <span class='ocrx_word' id='word_1_514' title='bbox 2763 744 2984 800; x_wconf 85' lang='lat' dir='ltr'><strong>vitatum</strong></span> <span class='ocrx_word' id='word_1_515' title='bbox 3020 748 3197 803; x_wconf 89' lang='lat' dir='ltr'><strong>veraci</strong></span> <span class='ocrx_word' id='word_1_516' title='bbox 3224 749 3612 820; x_wconf 88' lang='lat' dir='ltr'><strong>signiﬁcatione</strong></span> 
     </span>
    </p>
   </div>
   <div class='ocr_carea' id='block_1_66' title="bbox 2030 826 2383 881">
    <p class='ocr_par' dir='ltr' id='par_1_66' title="bbox 2030 826 2383 881">
     <span class='ocr_line' id='line_1_66' title="bbox 2030 826 2383 881; baseline 0.006 -2"><span class='ocrx_word' id='word_1_517' title='bbox 2030 826 2383 881; x_wconf 89' lang='lat' dir='ltr'><strong>mendacium.</strong></span> 
     </span>
    </p>
   </div>
   <div class='ocr_carea' id='block_1_67' title="bbox 2098 917 3613 999">
    <p class='ocr_par' dir='ltr' id='par_1_67' title="bbox 2098 917 3613 999">
     <span class='ocr_line' id='line_1_67' title="bbox 2098 917 3613 999; baseline 0.013 -28"><span class='ocrx_word' id='word_1_518' title='bbox 2098 917 2186 973; x_wconf 76' lang='lat'><strong>28.</strong></span> <span class='ocrx_word' id='word_1_519' title='bbox 2223 919 2354 975; x_wconf 84' lang='lat' dir='ltr'><strong>Hinc</strong></span> <span class='ocrx_word' id='word_1_520' title='bbox 2390 929 2472 976; x_wconf 90' lang='lat' dir='ltr'><strong>est</strong></span> <span class='ocrx_word' id='word_1_521' title='bbox 2508 923 2664 978; x_wconf 88' lang='lat' dir='ltr'><strong>etiam</strong></span> <span class='ocrx_word' id='word_1_522' title='bbox 2705 925 2833 980; x_wconf 90' lang='lat' dir='ltr'><strong>illud</strong></span> <span class='ocrx_word' id='word_1_523' title='bbox 2874 927 3013 999; x_wconf 85' lang='lat' dir='ltr'><strong>quod</strong></span> <span class='ocrx_word' id='word_1_524' title='bbox 3052 932 3480 989; x_wconf 82' lang='lat' dir='ltr'><strong>commemorasti</strong></span> <span class='ocrx_word' id='word_1_525' title='bbox 3519 949 3613 990; x_wconf 82' lang='lat' dir='ltr'><strong>eos</strong></span> 
     </span>
    </p>
   </div>
   <div class='ocr_carea' id='block_1_68' title="bbox 2028 1008 3612 1089">
    <p class='ocr_par' dir='ltr' id='par_1_68' title="bbox 2028 1008 3612 1089">
     <span class='ocr_line' id='line_1_68' title="bbox 2028 1008 3612 1089; baseline 0.011 -26"><span class='ocrx_word' id='word_1_526' title='bbox 2028 1008 2225 1075; x_wconf 85' lang='lat' dir='ltr'><strong>dicere,</strong></span> <span class='ocrx_word' id='word_1_527' title='bbox 2258 1012 2534 1069; x_wconf 89' lang='lat' dir='ltr'><strong>Dominum</strong></span> <span class='ocrx_word' id='word_1_528' title='bbox 2560 1014 2761 1082; x_wconf 88' lang='lat' dir='ltr'><strong>Jcsum,</strong></span> <span class='ocrx_word' id='word_1_529' title='bbox 2791 1027 3130 1089; x_wconf 87' lang='lat' dir='ltr'><strong>posteaquam</strong></span> <span class='ocrx_word' id='word_1_530' title='bbox 3161 1023 3471 1089; x_wconf 81' lang='lat' dir='ltr'><strong>resurrexit,</strong></span> <span class='ocrx_word' id='word_1_531' title='bbox 3497 1040 3612 1080; x_wconf 86' lang='lat' dir='ltr'><strong>am-</strong></span> 
     </span>
    </p>
   </div>
   <div class='ocr_carea' id='block_1_69' title="bbox 2028 1103 3611 1186">
    <p class='ocr_par' dir='ltr' id='par_1_69' title="bbox 2028 1103 3611 1186">
     <span class='ocr_line' id='line_1_69' title="bbox 2028 1103 3611 1186; baseline 0.009 -28"><span class='ocrx_word' id='word_1_532' title='bbox 2028 1103 2241 1159; x_wconf 85' lang='lat' dir='ltr'><strong>bulasse</strong></span> <span class='ocrx_word' id='word_1_533' title='bbox 2270 1104 2320 1159; x_wconf 90' lang='lat' dir='ltr'><strong>in</strong></span> <span class='ocrx_word' id='word_1_534' title='bbox 2352 1105 2539 1161; x_wconf 89' lang='lat' dir='ltr'><strong>itinere</strong></span> <span class='ocrx_word' id='word_1_535' title='bbox 2581 1122 2700 1162; x_wconf 91' lang='lat' dir='ltr'><strong>cum</strong></span> <span class='ocrx_word' id='word_1_536' title='bbox 2743 1108 2947 1165; x_wconf 90' lang='lat' dir='ltr'><strong>duobus</strong></span> <span class='ocrx_word' id='word_1_537' title='bbox 2985 1110 3286 1183; x_wconf 89' lang='lat' dir='ltr'><strong>discipulis;</strong></span> <span class='ocrx_word' id='word_1_538' title='bbox 3316 1122 3363 1168; x_wconf 91' lang='lat' dir='ltr'><strong>et</strong></span> <span class='ocrx_word' id='word_1_539' title='bbox 3398 1116 3611 1186; x_wconf 91' lang='lat' dir='ltr'><strong>propin-</strong></span> 
     </span>
    </p>
   </div>
   <div class='ocr_carea' id='block_1_70' title="bbox 2029 1196 3611 1276">
    <p class='ocr_par' dir='ltr' id='par_1_70' title="bbox 2029 1196 3611 1276">
     <span class='ocr_line' id='line_1_70' title="bbox 2029 1196 3611 1276; baseline 0.01 -29"><span class='ocrx_word' id='word_1_540' title='bbox 2029 1196 2310 1265; x_wconf 89' lang='lat' dir='ltr'><strong>quantibus</strong></span> <span class='ocrx_word' id='word_1_541' title='bbox 2339 1199 2417 1252; x_wconf 88' lang='lat' dir='ltr'><strong>eis</strong></span> <span class='ocrx_word' id='word_1_542' title='bbox 2444 1200 2662 1254; x_wconf 89' lang='lat' dir='ltr'><strong>castello</strong></span> <span class='ocrx_word' id='word_1_543' title='bbox 2690 1215 2794 1271; x_wconf 90' lang='lat' dir='ltr'><strong>quo</strong></span> <span class='ocrx_word' id='word_1_544' title='bbox 2821 1201 2993 1266; x_wconf 89' lang='lat' dir='ltr'><strong>ibant,</strong></span> <span class='ocrx_word' id='word_1_545' title='bbox 3027 1204 3172 1258; x_wconf 90' lang='lat' dir='ltr'><strong>illum</strong></span> <span class='ocrx_word' id='word_1_546' title='bbox 3204 1204 3408 1276; x_wconf 88' lang='lat' dir='ltr'><strong>longius</strong></span> <span class='ocrx_word' id='word_1_547' title='bbox 3435 1221 3493 1262; x_wconf 90' lang='lat' dir='ltr'><strong>se</strong></span> <span class='ocrx_word' id='word_1_548' title='bbox 3530 1207 3611 1264; x_wconf 90' lang='lat' dir='ltr'><strong>ire</strong></span> 
     </span>
    </p>
   </div>
   <div class='ocr_carea' id='block_1_71' title="bbox 2030 1287 3610 1368">
    <p class='ocr_par' dir='ltr' id='par_1_71' title="bbox 2030 1287 3610 1368">
     <span class='ocr_line' id='line_1_71' title="bbox 2030 1287 3610 1368; baseline 0.009 -29"><span class='ocrx_word' id='word_1_549' title='bbox 2030 1287 2247 1344; x_wconf 85' lang='lat' dir='ltr'><strong>ﬁnxisse</strong></span> <span class='ocrx_word' id='word_1_550' title='bbox 2278 1308 2290 1343; x_wconf 93' lang='lat'><strong>:</strong></span> <span class='ocrx_word' id='word_1_551' title='bbox 2321 1290 2405 1344; x_wconf 90' lang='lat' dir='ltr'><strong>ubi</strong></span> <span class='ocrx_word' id='word_1_552' title='bbox 2445 1291 2763 1360; x_wconf 89' lang='lat' dir='ltr'><strong>evangelista</strong></span> <span class='ocrx_word' id='word_1_553' title='bbox 2802 1292 3010 1358; x_wconf 89' lang='lat' dir='ltr'><strong>dicens,</strong></span> <span class='ocrx_word' id='word_1_554' title='bbox 3041 1292 3164 1365; x_wconf 85' lang='lat' dir='ltr'><strong>Ipse</strong></span> <span class='ocrx_word' id='word_1_555' title='bbox 3188 1307 3354 1350; x_wconf 88' lang='lat' dir='ltr'><strong>autem</strong></span> <span class='ocrx_word' id='word_1_556' title='bbox 3381 1313 3435 1351; x_wconf 87' lang='lat' dir='ltr'><strong>se</strong></span> <span class='ocrx_word' id='word_1_557' title='bbox 3461 1298 3610 1368; x_wconf 75' lang='lat' dir='ltr'><strong>finxit</strong></span> 
     </span>
    </p>
   </div>
   <div class='ocr_carea' id='block_1_72' title="bbox 2031 1377 3609 1459">
    <p class='ocr_par' dir='ltr' id='par_1_72' title="bbox 2031 1377 3609 1459">
     <span class='ocr_line' id='line_1_72' title="bbox 2031 1377 3609 1459; baseline 0.008 -28"><span class='ocrx_word' id='word_1_558' title='bbox 2031 1377 2227 1451; x_wconf 83' lang='lat' dir='ltr'><strong>longius</strong></span> <span class='ocrx_word' id='word_1_559' title='bbox 2256 1380 2328 1433; x_wconf 86' lang='lat' dir='ltr'><strong>ire</strong></span> <span class='ocrx_word' id='word_1_560' title='bbox 2357 1380 2504 1451; x_wconf 90' lang='lat' dir='ltr'><strong>(Luc.</strong></span> <span class='ocrx_word' id='word_1_561' title='bbox 2528 1398 2677 1446; x_wconf 81' lang='lat' dir='ltr'><strong>xxrv,</strong></span> <span class='ocrx_word' id='word_1_562' title='bbox 2706 1381 2828 1457; x_wconf 75' lang='lat'><strong>28);</strong></span> <span class='ocrx_word' id='word_1_563' title='bbox 2861 1385 3020 1439; x_wconf 90' lang='lat' dir='ltr'><strong>etiam</strong></span> <span class='ocrx_word' id='word_1_564' title='bbox 3052 1385 3221 1456; x_wconf 90' lang='lat' dir='ltr'><strong>ipsum</strong></span> <span class='ocrx_word' id='word_1_565' title='bbox 3251 1388 3468 1443; x_wconf 90' lang='lat' dir='ltr'><strong>verbum</strong></span> <span class='ocrx_word' id='word_1_566' title='bbox 3508 1403 3609 1459; x_wconf 90' lang='lat' dir='ltr'><strong>po-</strong></span> 
     </span>
    </p>
   </div>
   <div class='ocr_carea' id='block_1_73' title="bbox 2030 1472 3609 1552">
    <p class='ocr_par' dir='ltr' id='par_1_73' title="bbox 2030 1472 3609 1552">
     <span class='ocr_line' id='line_1_73' title="bbox 2030 1472 3609 1552; baseline 0.008 -26"><span class='ocrx_word' id='word_1_567' title='bbox 2030 1472 2132 1526; x_wconf 89' lang='lat' dir='ltr'><strong>suit</strong></span> <span class='ocrx_word' id='word_1_568' title='bbox 2152 1513 2167 1539; x_wconf 93' lang='lat'><strong>,</strong></span> <span class='ocrx_word' id='word_1_569' title='bbox 2198 1489 2302 1543; x_wconf 92' lang='lat' dir='ltr'><strong>quo</strong></span> <span class='ocrx_word' id='word_1_570' title='bbox 2333 1475 2613 1531; x_wconf 84' lang='lat' dir='ltr'><strong>mendaces</strong></span> <span class='ocrx_word' id='word_1_571' title='bbox 2642 1477 2862 1531; x_wconf 90' lang='lat' dir='ltr'><strong>nimium</strong></span> <span class='ocrx_word' id='word_1_572' title='bbox 2901 1478 3263 1545; x_wconf 86' lang='lat' dir='ltr'><strong>delectantur,</strong></span> <span class='ocrx_word' id='word_1_573' title='bbox 3301 1489 3358 1535; x_wconf 90' lang='lat' dir='ltr'><strong>ut</strong></span> <span class='ocrx_word' id='word_1_574' title='bbox 3394 1480 3609 1552; x_wconf 86' lang='lat' dir='ltr'><strong>impune</strong></span> 
     </span>
    </p>
   </div>
   <div class='ocr_carea' id='block_1_74' title="bbox 2030 1566 3606 1645">
    <p class='ocr_par' dir='ltr' id='par_1_74' title="bbox 2030 1566 3606 1645">
     <span class='ocr_line' id='line_1_74' title="bbox 2030 1566 3606 1645; baseline 0.008 -28"><span class='ocrx_word' id='word_1_575' title='bbox 2030 1566 2352 1619; x_wconf 88' lang='lat' dir='ltr'><strong>mentiantur</strong></span> <span class='ocrx_word' id='word_1_576' title='bbox 2376 1584 2388 1619; x_wconf 92' lang='lat'><strong>:</strong></span> <span class='ocrx_word' id='word_1_577' title='bbox 2412 1568 2560 1637; x_wconf 84' lang='lat' dir='ltr'><strong>quasi</strong></span> <span class='ocrx_word' id='word_1_578' title='bbox 2582 1568 2911 1624; x_wconf 91' lang='lat' dir='ltr'><strong>mendacium</strong></span> <span class='ocrx_word' id='word_1_579' title='bbox 2940 1572 3007 1625; x_wconf 85' lang='lat' dir='ltr'><strong>sit</strong></span> <span class='ocrx_word' id='word_1_580' title='bbox 3032 1586 3189 1628; x_wconf 90' lang='lat' dir='ltr'><strong>omne</strong></span> <span class='ocrx_word' id='word_1_581' title='bbox 3208 1573 3351 1643; x_wconf 92' lang='lat' dir='ltr'><strong>quod</strong></span> <span class='ocrx_word' id='word_1_582' title='bbox 3374 1572 3606 1645; x_wconf 91' lang='lat' dir='ltr'><strong>ﬁngitur,</strong></span> 
     </span>
    </p>
   </div>
   <div class='ocr_carea' id='block_1_75' title="bbox 2028 1659 3609 1735">
    <p class='ocr_par' dir='ltr' id='par_1_75' title="bbox 2028 1659 3609 1735">
     <span class='ocr_line' id='line_1_75' title="bbox 2028 1659 3609 1735; baseline 0.009 -25"><span class='ocrx_word' id='word_1_583' title='bbox 2028 1672 2148 1711; x_wconf 88' lang='lat' dir='ltr'><strong>cum</strong></span> <span class='ocrx_word' id='word_1_584' title='bbox 2190 1659 2449 1714; x_wconf 86' lang='lat' dir='ltr'><strong>veraciter</strong></span> <span class='ocrx_word' id='word_1_585' title='bbox 2489 1660 2628 1715; x_wconf 90' lang='lat' dir='ltr'><strong>aliud</strong></span> <span class='ocrx_word' id='word_1_586' title='bbox 2675 1677 2739 1716; x_wconf 80' lang='lat' dir='ltr'><strong>ex</strong></span> <span class='ocrx_word' id='word_1_587' title='bbox 2781 1662 2885 1717; x_wconf 90' lang='lat' dir='ltr'><strong>alio</strong></span> <span class='ocrx_word' id='word_1_588' title='bbox 2930 1664 3257 1735; x_wconf 83' lang='lat' dir='ltr'><strong>signiﬁcandi</strong></span> <span class='ocrx_word' id='word_1_589' title='bbox 3299 1681 3456 1722; x_wconf 90' lang='lat' dir='ltr'><strong>causa</strong></span> <span class='ocrx_word' id='word_1_590' title='bbox 3501 1670 3609 1724; x_wconf 86' lang='lat' dir='ltr'><strong>tam</strong></span> 
     </span>
    </p>
   </div>
   <div class='ocr_carea' id='block_1_76' title="bbox 2028 1751 3610 1829">
    <p class='ocr_par' dir='ltr' id='par_1_76' title="bbox 2028 1751 3610 1829">
     <span class='ocr_line' id='line_1_76' title="bbox 2028 1751 3610 1829; baseline 0.006 -24"><span class='ocrx_word' id='word_1_591' title='bbox 2028 1753 2191 1806; x_wconf 84' lang='lat' dir='ltr'><strong>multa</strong></span> <span class='ocrx_word' id='word_1_592' title='bbox 2220 1751 2497 1823; x_wconf 86' lang='lat' dir='ltr'><strong>ﬁngantur.</strong></span> <span class='ocrx_word' id='word_1_593' title='bbox 2529 1753 2586 1810; x_wconf 89' lang='lat' dir='ltr'><strong>Si</strong></span> <span class='ocrx_word' id='word_1_594' title='bbox 2610 1769 2735 1824; x_wconf 88' lang='lat' dir='ltr'><strong>ergo</strong></span> <span class='ocrx_word' id='word_1_595' title='bbox 2763 1755 2895 1810; x_wconf 88' lang='lat' dir='ltr'><strong>nihil</strong></span> <span class='ocrx_word' id='word_1_596' title='bbox 2919 1756 3061 1811; x_wconf 87' lang='lat' dir='ltr'><strong>aliud</strong></span> <span class='ocrx_word' id='word_1_597' title='bbox 3086 1756 3435 1829; x_wconf 87' lang='lat' dir='ltr'><strong>signiﬁcasset</strong></span> <span class='ocrx_word' id='word_1_598' title='bbox 3452 1759 3610 1815; x_wconf 78' lang='lat' dir='ltr'><strong>lesus</strong></span> 
     </span>
    </p>
   </div>
   <div class='ocr_carea' id='block_1_77' title="bbox 2029 1842 3609 1920">
    <p class='ocr_par' dir='ltr' id='par_1_77' title="bbox 2029 1842 3609 1920">
     <span class='ocr_line' id='line_1_77' title="bbox 2029 1842 3609 1920; baseline 0.007 -24"><span class='ocrx_word' id='word_1_599' title='bbox 2029 1842 2081 1897; x_wconf 92' lang='lat' dir='ltr'><strong>in</strong></span> <span class='ocrx_word' id='word_1_600' title='bbox 2122 1859 2187 1898; x_wconf 91' lang='lat' dir='ltr'><strong>eo</strong></span> <span class='ocrx_word' id='word_1_601' title='bbox 2225 1844 2363 1914; x_wconf 91' lang='lat' dir='ltr'><strong>quod</strong></span> <span class='ocrx_word' id='word_1_602' title='bbox 2405 1845 2610 1915; x_wconf 89' lang='lat' dir='ltr'><strong>longius</strong></span> <span class='ocrx_word' id='word_1_603' title='bbox 2655 1846 2731 1901; x_wconf 91' lang='lat' dir='ltr'><strong>ire</strong></span> <span class='ocrx_word' id='word_1_604' title='bbox 2767 1860 2826 1901; x_wconf 82' lang='lat' dir='ltr'><strong>se</strong></span> <span class='ocrx_word' id='word_1_605' title='bbox 2860 1846 3039 1915; x_wconf 82' lang='lat' dir='ltr'><strong>ﬁnxit,</strong></span> <span class='ocrx_word' id='word_1_606' title='bbox 3071 1849 3261 1905; x_wconf 87' lang='lat' dir='ltr'><strong>merito</strong></span> <span class='ocrx_word' id='word_1_607' title='bbox 3285 1849 3609 1920; x_wconf 84' lang='lat' dir='ltr'><strong>judicaretur</strong></span> 
     </span>
    </p>
   </div>
   <div class='ocr_carea' id='block_1_78' title="bbox 2026 1934 3611 2011">
    <p class='ocr_par' dir='ltr' id='par_1_78' title="bbox 2026 1934 3611 2011">
     <span class='ocr_line' id='line_1_78' title="bbox 2026 1934 3611 2011; baseline 0.006 -23"><span class='ocrx_word' id='word_1_608' title='bbox 2026 1948 2145 1989; x_wconf 85' lang='lat' dir='ltr'><strong>esse</strong></span> <span class='ocrx_word' id='word_1_609' title='bbox 2167 1934 2497 1989; x_wconf 89' lang='lat' dir='ltr'><strong>mendacium</strong></span> <span class='ocrx_word' id='word_1_610' title='bbox 2524 1954 2536 1989; x_wconf 88' lang='lat'><strong>:</strong></span> <span class='ocrx_word' id='word_1_611' title='bbox 2561 1951 2719 2005; x_wconf 82' lang='lat' dir='ltr'><strong>porro</strong></span> <span class='ocrx_word' id='word_1_612' title='bbox 2745 1946 2921 1991; x_wconf 88' lang='lat' dir='ltr'><strong>autem</strong></span> <span class='ocrx_word' id='word_1_613' title='bbox 2951 1938 2996 1992; x_wconf 89' lang='lat' dir='ltr'><strong>si</strong></span> <span class='ocrx_word' id='word_1_614' title='bbox 3026 1938 3161 1993; x_wconf 89' lang='lat' dir='ltr'><strong>bene</strong></span> <span class='ocrx_word' id='word_1_615' title='bbox 3190 1939 3529 2011; x_wconf 87' lang='lat' dir='ltr'><strong>intelligatur,</strong></span> <span class='ocrx_word' id='word_1_616' title='bbox 3554 1950 3611 1997; x_wconf 93' lang='lat' dir='ltr'><strong>et</strong></span> 
     </span>
    </p>
   </div>
   <div class='ocr_carea' id='block_1_79' title="bbox 2026 2025 3611 2099">
    <p class='ocr_par' dir='ltr' id='par_1_79' title="bbox 2026 2025 3611 2099">
     <span class='ocr_line' id='line_1_79' title="bbox 2026 2025 3611 2099; baseline 0.006 -19"><span class='ocrx_word' id='word_1_617' title='bbox 2026 2025 2091 2080; x_wconf 89' lang='lat' dir='ltr'><strong>ad</strong></span> <span class='ocrx_word' id='word_1_618' title='bbox 2124 2027 2175 2081; x_wconf 91' lang='lat' dir='ltr'><strong>id</strong></span> <span class='ocrx_word' id='word_1_619' title='bbox 2205 2028 2341 2098; x_wconf 91' lang='lat' dir='ltr'><strong>quod</strong></span> <span class='ocrx_word' id='word_1_620' title='bbox 2369 2028 2535 2083; x_wconf 87' lang='lat' dir='ltr'><strong>voluit</strong></span> <span class='ocrx_word' id='word_1_621' title='bbox 2558 2028 2859 2099; x_wconf 87' lang='lat' dir='ltr'><strong>signiﬁcare</strong></span> <span class='ocrx_word' id='word_1_622' title='bbox 2887 2028 3168 2098; x_wconf 81' lang='lat' dir='ltr'><strong>referatur,</strong></span> <span class='ocrx_word' id='word_1_623' title='bbox 3201 2032 3467 2088; x_wconf 88' lang='lat' dir='ltr'><strong>invenitur</strong></span> <span class='ocrx_word' id='word_1_624' title='bbox 3488 2046 3611 2090; x_wconf 71' lang='lat' dir='ltr'><strong>esse</strong></span> 
     </span>
    </p>
   </div>
   <div class='ocr_carea' id='block_1_80' title="bbox 2027 2118 3612 2196">
    <p class='ocr_par' dir='ltr' id='par_1_80' title="bbox 2027 2118 3612 2196">
     <span class='ocr_line' id='line_1_80' title="bbox 2027 2118 3612 2196; baseline 0.005 -24"><span class='ocrx_word' id='word_1_625' title='bbox 2027 2118 2359 2189; x_wconf 83' lang='lat' dir='ltr'><strong>mysterium.</strong></span> <span class='ocrx_word' id='word_1_626' title='bbox 2383 2119 2628 2191; x_wconf 84' lang='lat' dir='ltr'><strong>Alioquin</strong></span> <span class='ocrx_word' id='word_1_627' title='bbox 2649 2129 2808 2176; x_wconf 91' lang='lat' dir='ltr'><strong>erunt</strong></span> <span class='ocrx_word' id='word_1_628' title='bbox 2827 2131 3016 2177; x_wconf 89' lang='lat' dir='ltr'><strong>cuneta</strong></span> <span class='ocrx_word' id='word_1_629' title='bbox 3037 2122 3331 2191; x_wconf 89' lang='lat' dir='ltr'><strong>mendacia,</strong></span> <span class='ocrx_word' id='word_1_630' title='bbox 3354 2140 3472 2195; x_wconf 83' lang='lat' dir='ltr'><strong>quae</strong></span> <span class='ocrx_word' id='word_1_631' title='bbox 3492 2140 3612 2196; x_wconf 85' lang='lat' dir='ltr'><strong>pro-</strong></span> 
     </span>
    </p>
   </div>
   <div class='ocr_carea' id='block_1_81' title="bbox 2025 2212 3607 2285">
    <p class='ocr_par' dir='ltr' id='par_1_81' title="bbox 2025 2212 3607 2285">
     <span class='ocr_line' id='line_1_81' title="bbox 2025 2212 3607 2285; baseline 0.005 -21"><span class='ocrx_word' id='word_1_632' title='bbox 2025 2220 2146 2281; x_wconf 89' lang='lat' dir='ltr'><strong>pter</strong></span> <span class='ocrx_word' id='word_1_633' title='bbox 2171 2212 2453 2282; x_wconf 90' lang='lat' dir='ltr'><strong>quamdam</strong></span> <span class='ocrx_word' id='word_1_634' title='bbox 2483 2228 2661 2268; x_wconf 92' lang='lat' dir='ltr'><strong>rcrum</strong></span> <span class='ocrx_word' id='word_1_635' title='bbox 2691 2212 3157 2285; x_wconf 86' lang='lat' dir='ltr'><strong>signiﬁcandarum</strong></span> <span class='ocrx_word' id='word_1_636' title='bbox 3186 2215 3607 2284; x_wconf 88' lang='lat' dir='ltr'><strong>similitudinem,</strong></span> 
     </span>
    </p>
   </div>
   <div class='ocr_carea' id='block_1_82' title="bbox 2026 2297 3612 2374">
    <p class='ocr_par' dir='ltr' id='par_1_82' title="bbox 2026 2297 3612 2374">
     <span class='ocr_line' id='line_1_82' title="bbox 2026 2297 3612 2374; baseline 0.005 -19"><span class='ocrx_word' id='word_1_637' title='bbox 2026 2315 2148 2355; x_wconf 91' lang='lat' dir='ltr'><strong>eum</strong></span> <span class='ocrx_word' id='word_1_638' title='bbox 2170 2313 2315 2372; x_wconf 84' lang='lat' dir='ltr'><strong>gesta</strong></span> <span class='ocrx_word' id='word_1_639' title='bbox 2338 2318 2440 2357; x_wconf 92' lang='lat' dir='ltr'><strong>non</strong></span> <span class='ocrx_word' id='word_1_640' title='bbox 2462 2303 2588 2370; x_wconf 91' lang='lat' dir='ltr'><strong>sint,</strong></span> <span class='ocrx_word' id='word_1_641' title='bbox 2608 2312 2855 2374; x_wconf 89' lang='lat' dir='ltr'><strong>tanquam</strong></span> <span class='ocrx_word' id='word_1_642' title='bbox 2872 2297 3020 2374; x_wconf 83' lang='lat' dir='ltr'><strong>gesta</strong></span> <span class='ocrx_word' id='word_1_643' title='bbox 3040 2314 3339 2361; x_wconf 90' lang='lat' dir='ltr'><strong>narrantur.</strong></span> <span class='ocrx_word' id='word_1_644' title='bbox 3357 2306 3511 2363; x_wconf 88' lang='lat' dir='ltr'><strong>Unde</strong></span> <span class='ocrx_word' id='word_1_645' title='bbox 3525 2317 3612 2363; x_wconf 88' lang='lat' dir='ltr'><strong>est</strong></span> 
     </span>
    </p>
   </div>
   <div class='ocr_carea' id='block_1_83' title="bbox 2027 2393 3609 2470">
    <p class='ocr_par' dir='ltr' id='par_1_83' title="bbox 2027 2393 3609 2470">
     <span class='ocr_line' id='line_1_83' title="bbox 2027 2393 3609 2470; baseline 0.004 -23"><span class='ocrx_word' id='word_1_646' title='bbox 2027 2393 2113 2448; x_wconf 91' lang='lat' dir='ltr'><strong>illa</strong></span> <span class='ocrx_word' id='word_1_647' title='bbox 2142 2393 2210 2449; x_wconf 90' lang='lat' dir='ltr'><strong>de</strong></span> <span class='ocrx_word' id='word_1_648' title='bbox 2235 2394 2442 2448; x_wconf 87' lang='lat' dir='ltr'><strong>duobus</strong></span> <span class='ocrx_word' id='word_1_649' title='bbox 2464 2396 2620 2450; x_wconf 90' lang='lat' dir='ltr'><strong>unius</strong></span> <span class='ocrx_word' id='word_1_650' title='bbox 2646 2395 2878 2451; x_wconf 85' lang='lat' dir='ltr'><strong>hominis</strong></span> <span class='ocrx_word' id='word_1_651' title='bbox 2904 2396 3045 2464; x_wconf 91' lang='lat' dir='ltr'><strong>ﬁliis,</strong></span> <span class='ocrx_word' id='word_1_652' title='bbox 3078 2399 3279 2466; x_wconf 88' lang='lat' dir='ltr'><strong>majore</strong></span> <span class='ocrx_word' id='word_1_653' title='bbox 3302 2399 3389 2470; x_wconf 91' lang='lat' dir='ltr'><strong>qui</strong></span> <span class='ocrx_word' id='word_1_654' title='bbox 3416 2399 3609 2455; x_wconf 88' lang='lat' dir='ltr'><strong>mansit</strong></span> 
     </span>
    </p>
   </div>
   <div class='ocr_carea' id='block_1_84' title="bbox 2025 2486 3609 2562">
    <p class='ocr_par' dir='ltr' id='par_1_84' title="bbox 2025 2486 3609 2562">
     <span class='ocr_line' id='line_1_84' title="bbox 2025 2486 3609 2562; baseline 0.004 -22"><span class='ocrx_word' id='word_1_655' title='bbox 2025 2486 2162 2556; x_wconf 90' lang='lat' dir='ltr'><strong>apud</strong></span> <span class='ocrx_word' id='word_1_656' title='bbox 2191 2495 2392 2557; x_wconf 88' lang='lat' dir='ltr'><strong>patrem</strong></span> <span class='ocrx_word' id='word_1_657' title='bbox 2423 2501 2598 2555; x_wconf 91' lang='lat' dir='ltr'><strong>suum,</strong></span> <span class='ocrx_word' id='word_1_658' title='bbox 2632 2495 2687 2542; x_wconf 89' lang='lat' dir='ltr'><strong>ct</strong></span> <span class='ocrx_word' id='word_1_659' title='bbox 2713 2488 2918 2544; x_wconf 89' lang='lat' dir='ltr'><strong>minore</strong></span> <span class='ocrx_word' id='word_1_660' title='bbox 2945 2489 3033 2559; x_wconf 90' lang='lat' dir='ltr'><strong>qui</strong></span> <span class='ocrx_word' id='word_1_661' title='bbox 3063 2488 3219 2561; x_wconf 89' lang='lat' dir='ltr'><strong>longe</strong></span> <span class='ocrx_word' id='word_1_662' title='bbox 3242 2491 3609 2562; x_wconf 87' lang='lat' dir='ltr'><strong>peregrinatus</strong></span> 
     </span>
    </p>
   </div>
   <div class='ocr_carea' id='block_1_85' title="bbox 2026 2580 3610 2657">
    <p class='ocr_par' dir='ltr' id='par_1_85' title="bbox 2026 2580 3610 2657">
     <span class='ocr_line' id='line_1_85' title="bbox 2026 2580 3610 2657; baseline 0.004 -22"><span class='ocrx_word' id='word_1_663' title='bbox 2026 2589 2127 2645; x_wconf 89' lang='lat' dir='ltr'><strong>est,</strong></span> <span class='ocrx_word' id='word_1_664' title='bbox 2164 2590 2267 2635; x_wconf 88' lang='lat' dir='ltr'><strong>tam</strong></span> <span class='ocrx_word' id='word_1_665' title='bbox 2299 2580 2500 2652; x_wconf 80' lang='lat' dir='ltr'><strong>prolixa</strong></span> <span class='ocrx_word' id='word_1_666' title='bbox 2528 2581 2763 2637; x_wconf 88' lang='lat' dir='ltr'><strong>narratio</strong></span> <span class='ocrx_word' id='word_1_667' title='bbox 2789 2581 2901 2652; x_wconf 87' lang='lat' dir='ltr'><strong>(Id.</strong></span> <span class='ocrx_word' id='word_1_668' title='bbox 2931 2597 3025 2650; x_wconf 82' lang='lat' dir='ltr'><strong>xv,</strong></span> <span class='ocrx_word' id='word_1_669' title='bbox 3053 2582 3270 2654; x_wconf 69' lang='lat'><strong>11-52).</strong></span> <span class='ocrx_word' id='word_1_670' title='bbox 3298 2584 3355 2639; x_wconf 84' lang='lat' dir='ltr'><strong>in</strong></span> <span class='ocrx_word' id='word_1_671' title='bbox 3384 2599 3490 2656; x_wconf 90' lang='lat' dir='ltr'><strong>quo</strong></span> <span class='ocrx_word' id='word_1_672' title='bbox 3517 2601 3610 2657; x_wconf 84' lang='lat' dir='ltr'><strong>ge—</strong></span> 
     </span>
    </p>
   </div>
   <div class='ocr_carea' id='block_1_86' title="bbox 2026 2672 3609 2743">
    <p class='ocr_par' dir='ltr' id='par_1_86' title="bbox 2026 2672 3609 2743">
     <span class='ocr_line' id='line_1_86' title="bbox 2026 2672 3609 2743; baseline 0.002 -16"><span class='ocrx_word' id='word_1_673' title='bbox 2026 2687 2153 2727; x_wconf 91' lang='lat' dir='ltr'><strong>nere</strong></span> <span class='ocrx_word' id='word_1_674' title='bbox 2178 2672 2404 2743; x_wconf 89' lang='lat' dir='ltr'><strong>ﬁngendi</strong></span> <span class='ocrx_word' id='word_1_675' title='bbox 2436 2672 2664 2727; x_wconf 90' lang='lat' dir='ltr'><strong>humana</strong></span> <span class='ocrx_word' id='word_1_676' title='bbox 2693 2673 2852 2729; x_wconf 90' lang='lat' dir='ltr'><strong>etiam</strong></span> <span class='ocrx_word' id='word_1_677' title='bbox 2882 2673 3019 2729; x_wconf 87' lang='lat' dir='ltr'><strong>facta</strong></span> <span class='ocrx_word' id='word_1_678' title='bbox 3047 2674 3128 2729; x_wconf 89' lang='lat' dir='ltr'><strong>vel</strong></span> <span class='ocrx_word' id='word_1_679' title='bbox 3155 2674 3298 2731; x_wconf 88' lang='lat' dir='ltr'><strong>dicta</strong></span> <span class='ocrx_word' id='word_1_680' title='bbox 3327 2675 3609 2732; x_wconf 83' lang='lat' dir='ltr'><strong>irrationa-</strong></span> 
     </span>
    </p>
   </div>
   <div class='ocr_carea' id='block_1_87' title="bbox 2027 2761 3610 2823">
    <p class='ocr_par' dir='ltr' id='par_1_87' title="bbox 2027 2761 3610 2823">
     <span class='ocr_line' id='line_1_87' title="bbox 2027 2761 3610 2823; baseline 0.004 -7"><span class='ocrx_word' id='word_1_681' title='bbox 2027 2761 2165 2817; x_wconf 89' lang='lat' dir='ltr'><strong>libus</strong></span> <span class='ocrx_word' id='word_1_682' title='bbox 2192 2763 2545 2818; x_wconf 87' lang='lat' dir='ltr'><strong>animantibus</strong></span> <span class='ocrx_word' id='word_1_683' title='bbox 2574 2773 2628 2819; x_wconf 89' lang='lat' dir='ltr'><strong>et</strong></span> <span class='ocrx_word' id='word_1_684' title='bbox 2656 2763 2818 2819; x_wconf 87' lang='lat' dir='ltr'><strong>rebus</strong></span> <span class='ocrx_word' id='word_1_685' title='bbox 2846 2777 3005 2820; x_wconf 84' lang='lat' dir='ltr'><strong>sensu</strong></span> <span class='ocrx_word' id='word_1_686' title='bbox 3034 2764 3337 2820; x_wconf 88' lang='lat' dir='ltr'><strong>carentibus</strong></span> <span class='ocrx_word' id='word_1_687' title='bbox 3366 2765 3610 2823; x_wconf 85' lang='lat' dir='ltr'><strong>homines</strong></span> 
     </span>
    </p>
   </div>
   <div class='ocr_carea' id='block_1_88' title="bbox 2025 2853 3611 2925">
    <p class='ocr_par' dir='ltr' id='par_1_88' title="bbox 2025 2853 3611 2925">
     <span class='ocr_line' id='line_1_88' title="bbox 2025 2853 3611 2925; baseline 0.004 -17"><span class='ocrx_word' id='word_1_688' title='bbox 2025 2853 2360 2920; x_wconf 84' lang='lat' dir='ltr'><strong>addiderunt,</strong></span> <span class='ocrx_word' id='word_1_689' title='bbox 2388 2863 2447 2909; x_wconf 90' lang='lat' dir='ltr'><strong>ut</strong></span> <span class='ocrx_word' id='word_1_690' title='bbox 2469 2854 2728 2925; x_wconf 89' lang='lat' dir='ltr'><strong>ejusmodi</strong></span> <span class='ocrx_word' id='word_1_691' title='bbox 2756 2854 2891 2909; x_wconf 89' lang='lat' dir='ltr'><strong>ﬁctis</strong></span> <span class='ocrx_word' id='word_1_692' title='bbox 2911 2855 3319 2921; x_wconf 89' lang='lat' dir='ltr'><strong>narrationibus,</strong></span> <span class='ocrx_word' id='word_1_693' title='bbox 3342 2858 3434 2912; x_wconf 89' lang='lat' dir='ltr'><strong>sed</strong></span> <span class='ocrx_word' id='word_1_694' title='bbox 3458 2872 3611 2914; x_wconf 87' lang='lat' dir='ltr'><strong>vera-</strong></span> 
     </span>
    </p>
   </div>
   <div class='ocr_carea' id='block_1_89' title="bbox 2025 2947 3609 3018">
    <p class='ocr_par' dir='ltr' id='par_1_89' title="bbox 2025 2947 3609 3018">
     <span class='ocr_line' id='line_1_89' title="bbox 2025 2947 3609 3018; baseline 0.003 -16"><span class='ocrx_word' id='word_1_695' title='bbox 2025 2947 2174 3002; x_wconf 91' lang='lat' dir='ltr'><strong>cibus</strong></span> <span class='ocrx_word' id='word_1_696' title='bbox 2220 2947 2724 3018; x_wconf 90' lang='lat' dir='ltr'><strong>signiﬁcationibus,</strong></span> <span class='ocrx_word' id='word_1_697' title='bbox 2776 2948 2917 3018; x_wconf 91' lang='lat' dir='ltr'><strong>quod</strong></span> <span class='ocrx_word' id='word_1_698' title='bbox 2953 2949 3151 3006; x_wconf 88' lang='lat' dir='ltr'><strong>vellent</strong></span> <span class='ocrx_word' id='word_1_699' title='bbox 3190 2951 3609 3007; x_wconf 89' lang='lat' dir='ltr'><strong>commendatius</strong></span> 
     </span>
    </p>
   </div>
   <div class='ocr_carea' id='block_1_90' title="bbox 2027 3038 3606 3110">
    <p class='ocr_par' dir='ltr' id='par_1_90' title="bbox 2027 3038 3606 3110">
     <span class='ocr_line' id='line_1_90' title="bbox 2027 3038 3606 3110; baseline 0.003 -18"><span class='ocrx_word' id='word_1_700' title='bbox 2027 3038 2349 3094; x_wconf 89' lang='lat' dir='ltr'><strong>intimarent.</strong></span> <span class='ocrx_word' id='word_1_701' title='bbox 2398 3038 2505 3094; x_wconf 88' lang='lat' dir='ltr'><strong>Nec</strong></span> <span class='ocrx_word' id='word_1_702' title='bbox 2551 3038 2690 3110; x_wconf 90' lang='lat' dir='ltr'><strong>apud</strong></span> <span class='ocrx_word' id='word_1_703' title='bbox 2737 3049 2984 3096; x_wconf 86' lang='lat' dir='ltr'><strong>auctores</strong></span> <span class='ocrx_word' id='word_1_704' title='bbox 3027 3048 3230 3096; x_wconf 88' lang='lat' dir='ltr'><strong>tantum</strong></span> <span class='ocrx_word' id='word_1_705' title='bbox 3273 3041 3606 3099; x_wconf 83' lang='lat' dir='ltr'><strong>saecularium</strong></span> 
     </span>
    </p>
   </div>
   <div class='ocr_carea' id='block_1_91' title="bbox 2025 3130 3611 3203">
    <p class='ocr_par' dir='ltr' id='par_1_91' title="bbox 2025 3130 3611 3203">
     <span class='ocr_line' id='line_1_91' title="bbox 2025 3130 3611 3203; baseline 0.003 -17"><span class='ocrx_word' id='word_1_706' title='bbox 2025 3131 2319 3186; x_wconf 89' lang='lat' dir='ltr'><strong>litterarum</strong></span> <span class='ocrx_word' id='word_1_707' title='bbox 2338 3172 2351 3196; x_wconf 93' lang='lat'><strong>,</strong></span> <span class='ocrx_word' id='word_1_708' title='bbox 2386 3140 2442 3184; x_wconf 92' lang='lat' dir='ltr'><strong>ut</strong></span> <span class='ocrx_word' id='word_1_709' title='bbox 2471 3131 2608 3201; x_wconf 90' lang='lat' dir='ltr'><strong>apud</strong></span> <span class='ocrx_word' id='word_1_710' title='bbox 2641 3130 2936 3197; x_wconf 84' lang='lat' dir='ltr'><strong>Horatium,</strong></span> <span class='ocrx_word' id='word_1_711' title='bbox 2968 3148 3086 3187; x_wconf 91' lang='lat' dir='ltr'><strong>mus</strong></span> <span class='ocrx_word' id='word_1_712' title='bbox 3109 3133 3345 3203; x_wconf 88' lang='lat' dir='ltr'><strong>loquitur</strong></span> <span class='ocrx_word' id='word_1_713' title='bbox 3368 3133 3526 3202; x_wconf 91' lang='lat' dir='ltr'><strong>muri,</strong></span> <span class='ocrx_word' id='word_1_714' title='bbox 3553 3143 3611 3190; x_wconf 87' lang='lat' dir='ltr'><strong>et</strong></span> 
     </span>
    </p>
   </div>
   <div class='ocr_carea' id='block_1_92' title="bbox 2025 3221 3607 3293">
    <p class='ocr_par' dir='ltr' id='par_1_92' title="bbox 2025 3221 3607 3293">
     <span class='ocr_line' id='line_1_92' title="bbox 2025 3221 3607 3293; baseline 0.003 -18"><span class='ocrx_word' id='word_1_715' title='bbox 2025 3223 2249 3275; x_wconf 88' lang='lat' dir='ltr'><strong>mustela</strong></span> <span class='ocrx_word' id='word_1_716' title='bbox 2279 3222 2605 3293; x_wconf 75' lang='lat' dir='ltr'><strong>vulpeculzn,</strong></span> <span class='ocrx_word' id='word_1_717' title='bbox 2636 3230 2694 3276; x_wconf 92' lang='lat' dir='ltr'><strong>ut</strong></span> <span class='ocrx_word' id='word_1_718' title='bbox 2735 3237 2829 3292; x_wconf 90' lang='lat' dir='ltr'><strong>per</strong></span> <span class='ocrx_word' id='word_1_719' title='bbox 2867 3221 3224 3279; x_wconf 86' lang='lat' dir='ltr'><strong>narrationem</strong></span> <span class='ocrx_word' id='word_1_720' title='bbox 3254 3222 3428 3279; x_wconf 88' lang='lat' dir='ltr'><strong>ﬁctam</strong></span> <span class='ocrx_word' id='word_1_721' title='bbox 3456 3223 3523 3279; x_wconf 87' lang='lat' dir='ltr'><strong>ad</strong></span> <span class='ocrx_word' id='word_1_722' title='bbox 3553 3224 3607 3279; x_wconf 89' lang='lat' dir='ltr'><strong>id</strong></span> 
     </span>
    </p>
   </div>
   <div class='ocr_carea' id='block_1_93' title="bbox 2024 3312 3604 3388">
    <p class='ocr_par' dir='ltr' id='par_1_93' title="bbox 2024 3312 3604 3388">
     <span class='ocr_line' id='line_1_93' title="bbox 2024 3312 3604 3388; baseline 0.004 -21"><span class='ocrx_word' id='word_1_723' title='bbox 2024 3312 2164 3384; x_wconf 89' lang='lat' dir='ltr'><strong>quod</strong></span> <span class='ocrx_word' id='word_1_724' title='bbox 2191 3314 2382 3384; x_wconf 88' lang='lat' dir='ltr'><strong>agitur,</strong></span> <span class='ocrx_word' id='word_1_725' title='bbox 2413 3329 2537 3369; x_wconf 89' lang='lat' dir='ltr'><strong>vera</strong></span> <span class='ocrx_word' id='word_1_726' title='bbox 2566 3314 2881 3385; x_wconf 88' lang='lat' dir='ltr'><strong>signiﬁcatio</strong></span> <span class='ocrx_word' id='word_1_727' title='bbox 2904 3313 3164 3370; x_wconf 88' lang='lat' dir='ltr'><strong>referatur</strong></span> <span class='ocrx_word' id='word_1_728' title='bbox 3184 3314 3405 3388; x_wconf 83' lang='lat' dir='ltr'><strong>(Horat.</strong></span> <span class='ocrx_word' id='word_1_729' title='bbox 3433 3316 3604 3374; x_wconf 85' lang='lat' dir='ltr'><strong>Serm.</strong></span> 
     </span>
    </p>
   </div>
   <div class='ocr_carea' id='block_1_94' title="bbox 2027 3403 3647 3479">
    <p class='ocr_par' dir='ltr' id='par_1_94' title="bbox 2027 3403 3647 3479">
     <span class='ocr_line' id='line_1_94' title="bbox 2027 3403 3647 3479; baseline 0.004 -21"><span class='ocrx_word' id='word_1_730' title='bbox 2027 3403 2113 3458; x_wconf 89' lang='lat' dir='ltr'><strong>lib.</strong></span> <span class='ocrx_word' id='word_1_731' title='bbox 2136 3403 2190 3469; x_wconf 67' lang='grc' dir='ltr'><strong>ἓ,</strong></span> <span class='ocrx_word' id='word_1_732' title='bbox 2218 3414 2315 3459; x_wconf 87' lang='lat' dir='ltr'><strong>sat.</strong></span> <span class='ocrx_word' id='word_1_733' title='bbox 2339 3405 2408 3470; x_wconf 85' lang='lat'><strong>6;</strong></span> <span class='ocrx_word' id='word_1_734' title='bbox 2439 3413 2483 3460; x_wconf 84' lang='lat' dir='ltr'><strong>et</strong></span> <span class='ocrx_word' id='word_1_735' title='bbox 2511 3404 2675 3477; x_wconf 84' lang='lat' dir='ltr'><strong>Epist.</strong></span> <span class='ocrx_word' id='word_1_736' title='bbox 2703 3405 2790 3459; x_wconf 88' lang='lat' dir='ltr'><strong>lib.</strong></span> <span class='ocrx_word' id='word_1_737' title='bbox 2815 3406 2868 3472; x_wconf 77' lang='lat' dir='ltr'><strong>l,</strong></span> <span class='ocrx_word' id='word_1_738' title='bbox 2894 3407 3042 3475; x_wconf 82' lang='lat' dir='ltr'><strong>epist.</strong></span> <span class='ocrx_word' id='word_1_739' title='bbox 3064 3407 3155 3478; x_wconf 86' lang='lat'><strong>7);</strong></span> <span class='ocrx_word' id='word_1_740' title='bbox 3182 3407 3324 3463; x_wconf 88' lang='lat' dir='ltr'><strong>unde</strong></span> <span class='ocrx_word' id='word_1_741' title='bbox 3348 3417 3401 3463; x_wconf 87' lang='lat' dir='ltr'><strong>et</strong></span> <span class='ocrx_word' id='word_1_742' title='bbox 3421 3406 3607 3479; x_wconf 66' lang='grc' dir='ltr'><strong>ΑἰδοΡί</strong></span> <span class='ocrx_word' id='word_1_743' title='bbox 3644 3464 3647 3465; x_wconf 30' lang='grc' dir='ltr'><em>ν</em></span> 
     </span>
    </p>
   </div>
   <div class='ocr_carea' id='block_1_95' title="bbox 2026 3496 3610 3567">
    <p class='ocr_par' dir='ltr' id='par_1_95' title="bbox 2026 3496 3610 3567">
     <span class='ocr_line' id='line_1_95' title="bbox 2026 3496 3610 3567; baseline 0.004 -16"><span class='ocrx_word' id='word_1_744' title='bbox 2026 3497 2156 3553; x_wconf 86' lang='lat' dir='ltr'><strong>tales</strong></span> <span class='ocrx_word' id='word_1_745' title='bbox 2187 3496 2389 3553; x_wconf 89' lang='lat' dir='ltr'><strong>fabulas</strong></span> <span class='ocrx_word' id='word_1_746' title='bbox 2419 3496 2484 3552; x_wconf 91' lang='lat' dir='ltr'><strong>ad</strong></span> <span class='ocrx_word' id='word_1_747' title='bbox 2510 3512 2633 3553; x_wconf 92' lang='lat' dir='ltr'><strong>eum</strong></span> <span class='ocrx_word' id='word_1_748' title='bbox 2665 3498 2822 3554; x_wconf 83' lang='lat' dir='ltr'><strong>ﬁnem</strong></span> <span class='ocrx_word' id='word_1_749' title='bbox 2849 3498 3066 3567; x_wconf 88' lang='lat' dir='ltr'><strong>relatas,</strong></span> <span class='ocrx_word' id='word_1_750' title='bbox 3095 3500 3274 3556; x_wconf 90' lang='lat' dir='ltr'><strong>nullus</strong></span> <span class='ocrx_word' id='word_1_751' title='bbox 3297 3508 3406 3556; x_wconf 86' lang='lat' dir='ltr'><strong>tam</strong></span> <span class='ocrx_word' id='word_1_752' title='bbox 3431 3501 3610 3557; x_wconf 84' lang='lat' dir='ltr'><strong>ineru-</strong></span> 
     </span>
    </p>
   </div>
   <div class='ocr_carea' id='block_1_96' title="bbox 2023 3587 3605 3661">
    <p class='ocr_par' dir='ltr' id='par_1_96' title="bbox 2023 3587 3605 3661">
     <span class='ocr_line' id='line_1_96' title="bbox 2023 3587 3605 3661; baseline 0.005 -19"><span class='ocrx_word' id='word_1_753' title='bbox 2023 3587 2162 3642; x_wconf 87' lang='lat' dir='ltr'><strong>ditus</strong></span> <span class='ocrx_word' id='word_1_754' title='bbox 2202 3587 2331 3655; x_wconf 88' lang='lat' dir='ltr'><strong>fuit,</strong></span> <span class='ocrx_word' id='word_1_755' title='bbox 2363 3589 2452 3659; x_wconf 92' lang='lat' dir='ltr'><strong>qui</strong></span> <span class='ocrx_word' id='word_1_756' title='bbox 2483 3598 2689 3659; x_wconf 91' lang='lat' dir='ltr'><strong>putaret</strong></span> <span class='ocrx_word' id='word_1_757' title='bbox 2726 3589 3037 3661; x_wconf 87' lang='lat' dir='ltr'><strong>appellanda</strong></span> <span class='ocrx_word' id='word_1_758' title='bbox 3077 3591 3349 3648; x_wconf 86' lang='lat' dir='ltr'><strong>mendacia</strong></span> <span class='ocrx_word' id='word_1_759' title='bbox 3382 3610 3397 3647; x_wconf 90' lang='lat'><strong>:</strong></span> <span class='ocrx_word' id='word_1_760' title='bbox 3427 3592 3521 3649; x_wconf 91' lang='lat' dir='ltr'><strong>sed</strong></span> <span class='ocrx_word' id='word_1_761' title='bbox 3551 3592 3605 3649; x_wconf 91' lang='lat' dir='ltr'><strong>in</strong></span> 
     </span>
    </p>
   </div>
   <div class='ocr_carea' id='block_1_97' title="bbox 2022 3677 3604 3755">
    <p class='ocr_par' dir='ltr' id='par_1_97' title="bbox 2022 3677 3604 3755">
     <span class='ocr_line' id='line_1_97' title="bbox 2022 3677 3604 3755; baseline 0.004 -22"><span class='ocrx_word' id='word_1_762' title='bbox 2022 3677 2238 3733; x_wconf 89' lang='lat' dir='ltr'><strong>Litteris</strong></span> <span class='ocrx_word' id='word_1_763' title='bbox 2266 3693 2479 3748; x_wconf 89' lang='lat' dir='ltr'><strong>quoque</strong></span> <span class='ocrx_word' id='word_1_764' title='bbox 2507 3680 2706 3747; x_wconf 90' lang='lat' dir='ltr'><strong>sacris,</strong></span> <span class='ocrx_word' id='word_1_765' title='bbox 2738 3680 2873 3736; x_wconf 88' lang='lat' dir='ltr'><strong>sicut</strong></span> <span class='ocrx_word' id='word_1_766' title='bbox 2913 3681 2965 3735; x_wconf 89' lang='lat' dir='ltr'><strong>in</strong></span> <span class='ocrx_word' id='word_1_767' title='bbox 3007 3681 3166 3735; x_wconf 89' lang='lat' dir='ltr'><strong>Libro</strong></span> <span class='ocrx_word' id='word_1_768' title='bbox 3192 3682 3434 3738; x_wconf 86' lang='lat' dir='ltr'><strong>Judicum</strong></span> <span class='ocrx_word' id='word_1_769' title='bbox 3464 3683 3604 3755; x_wconf 90' lang='lat' dir='ltr'><strong>ligna</strong></span> 
     </span>
    </p>
   </div>
   <div class='ocr_carea' id='block_1_98' title="bbox 2022 3770 3606 3843">
    <p class='ocr_par' dir='ltr' id='par_1_98' title="bbox 2022 3770 3606 3843">
     <span class='ocr_line' id='line_1_98' title="bbox 2022 3770 3606 3843; baseline 0.004 -18"><span class='ocrx_word' id='word_1_770' title='bbox 2022 3770 2120 3825; x_wconf 88' lang='lat' dir='ltr'><strong>sibi</strong></span> <span class='ocrx_word' id='word_1_771' title='bbox 2153 3786 2330 3842; x_wconf 87' lang='lat' dir='ltr'><strong>regem</strong></span> <span class='ocrx_word' id='word_1_772' title='bbox 2361 3771 2670 3841; x_wconf 89' lang='lat' dir='ltr'><strong>requirunt,</strong></span> <span class='ocrx_word' id='word_1_773' title='bbox 2703 3780 2757 3826; x_wconf 92' lang='lat' dir='ltr'><strong>et</strong></span> <span class='ocrx_word' id='word_1_774' title='bbox 2792 3772 3079 3843; x_wconf 89' lang='lat' dir='ltr'><strong>loquuntur</strong></span> <span class='ocrx_word' id='word_1_775' title='bbox 3112 3773 3177 3828; x_wconf 89' lang='lat' dir='ltr'><strong>ad</strong></span> <span class='ocrx_word' id='word_1_776' title='bbox 3207 3774 3377 3829; x_wconf 88' lang='lat' dir='ltr'><strong>oleam</strong></span> <span class='ocrx_word' id='word_1_777' title='bbox 3398 3815 3413 3842; x_wconf 90' lang='lat'><strong>,</strong></span> <span class='ocrx_word' id='word_1_778' title='bbox 3445 3783 3499 3830; x_wconf 93' lang='lat' dir='ltr'><strong>ct</strong></span> <span class='ocrx_word' id='word_1_779' title='bbox 3535 3775 3606 3831; x_wconf 80' lang='lat' dir='ltr'><strong>ad</strong></span> 
     </span>
    </p>
   </div>
   <div class='ocr_carea' id='block_1_99' title="bbox 2022 3861 3601 3940">
    <p class='ocr_par' dir='ltr' id='par_1_99' title="bbox 2022 3861 3601 3940">
     <span class='ocr_line' id='line_1_99' title="bbox 2022 3861 3601 3940; baseline 0.003 -23"><span class='ocrx_word' id='word_1_780' title='bbox 2022 3864 2180 3919; x_wconf 90' lang='lat' dir='ltr'><strong>ﬁcum</strong></span> <span class='ocrx_word' id='word_1_781' title='bbox 2201 3904 2215 3926; x_wconf 91' lang='lat'><strong>,</strong></span> <span class='ocrx_word' id='word_1_782' title='bbox 2247 3871 2301 3918; x_wconf 91' lang='lat' dir='ltr'><strong>et</strong></span> <span class='ocrx_word' id='word_1_783' title='bbox 2335 3862 2403 3916; x_wconf 89' lang='lat' dir='ltr'><strong>ad</strong></span> <span class='ocrx_word' id='word_1_784' title='bbox 2442 3861 2625 3927; x_wconf 85' lang='lat' dir='ltr'><strong>vitem,</strong></span> <span class='ocrx_word' id='word_1_785' title='bbox 2666 3872 2720 3917; x_wconf 85' lang='lat' dir='ltr'><strong>et</strong></span> <span class='ocrx_word' id='word_1_786' title='bbox 2756 3861 2824 3917; x_wconf 90' lang='lat' dir='ltr'><strong>ad</strong></span> <span class='ocrx_word' id='word_1_787' title='bbox 2861 3863 3048 3918; x_wconf 86' lang='lat' dir='ltr'><strong>rubum</strong></span> <span class='ocrx_word' id='word_1_788' title='bbox 3087 3861 3282 3935; x_wconf 75' lang='lat' dir='ltr'><strong>(Indis.</strong></span> <span class='ocrx_word' id='word_1_789' title='bbox 3313 3879 3394 3929; x_wconf 80' lang='lat' dir='ltr'><strong>rx,</strong></span> <span class='ocrx_word' id='word_1_790' title='bbox 3423 3863 3601 3940; x_wconf 69' lang='grc'><strong>8-15).</strong></span> 
     </span>
    </p>
   </div>
   <div class='ocr_carea' id='block_1_100' title="bbox 2021 3951 3600 4024">
    <p class='ocr_par' dir='ltr' id='par_1_100' title="bbox 2021 3951 3600 4024">
     <span class='ocr_line' id='line_1_100' title="bbox 2021 3951 3600 4024; baseline 0.003 -18"><span class='ocrx_word' id='word_1_791' title='bbox 2021 3952 2170 4022; x_wconf 83' lang='lat' dir='ltr'><strong>Quod</strong></span> <span class='ocrx_word' id='word_1_792' title='bbox 2195 3953 2375 4021; x_wconf 88' lang='lat' dir='ltr'><strong>utique</strong></span> <span class='ocrx_word' id='word_1_793' title='bbox 2400 3961 2566 4007; x_wconf 92' lang='lat' dir='ltr'><strong>totum</strong></span> <span class='ocrx_word' id='word_1_794' title='bbox 2591 3951 2824 4022; x_wconf 87' lang='lat' dir='ltr'><strong>ﬁngitur,</strong></span> <span class='ocrx_word' id='word_1_795' title='bbox 2848 3960 2905 4007; x_wconf 92' lang='lat' dir='ltr'><strong>ut</strong></span> <span class='ocrx_word' id='word_1_796' title='bbox 2922 3951 2989 4007; x_wconf 88' lang='lat' dir='ltr'><strong>ad</strong></span> <span class='ocrx_word' id='word_1_797' title='bbox 3014 3967 3128 4008; x_wconf 91' lang='lat' dir='ltr'><strong>rem</strong></span> <span class='ocrx_word' id='word_1_798' title='bbox 3152 3968 3272 4024; x_wconf 71' lang='lat' dir='ltr'><strong>qua:</strong></span> <span class='ocrx_word' id='word_1_799' title='bbox 3291 3953 3600 4023; x_wconf 89' lang='lat' dir='ltr'><strong>intenditur,</strong></span> 
     </span>
    </p>
   </div>
   <div class='ocr_carea' id='block_1_101' title="bbox 2022 4043 3603 4115">
    <p class='ocr_par' dir='ltr' id='par_1_101' title="bbox 2022 4043 3603 4115">
     <span class='ocr_line' id='line_1_101' title="bbox 2022 4043 3603 4115; baseline 0.003 -16"><span class='ocrx_word' id='word_1_800' title='bbox 2022 4045 2140 4099; x_wconf 87' lang='lat' dir='ltr'><strong>ﬁcta</strong></span> <span class='ocrx_word' id='word_1_801' title='bbox 2166 4043 2378 4115; x_wconf 90' lang='lat' dir='ltr'><strong>quidem</strong></span> <span class='ocrx_word' id='word_1_802' title='bbox 2409 4044 2735 4112; x_wconf 87' lang='lat' dir='ltr'><strong>narratione,</strong></span> <span class='ocrx_word' id='word_1_803' title='bbox 2762 4058 2868 4100; x_wconf 92' lang='lat' dir='ltr'><strong>non</strong></span> <span class='ocrx_word' id='word_1_804' title='bbox 2899 4043 3138 4101; x_wconf 88' lang='lat' dir='ltr'><strong>mendaci</strong></span> <span class='ocrx_word' id='word_1_805' title='bbox 3167 4053 3365 4115; x_wconf 85' lang='lat' dir='ltr'><strong>tamen,</strong></span> <span class='ocrx_word' id='word_1_806' title='bbox 3393 4046 3487 4102; x_wconf 87' lang='lat' dir='ltr'><strong>sed</strong></span> <span class='ocrx_word' id='word_1_807' title='bbox 3509 4061 3603 4103; x_wconf 86' lang='lat' dir='ltr'><strong>ve-</strong></span> 
     </span>
    </p>
   </div>
   <div class='ocr_carea' id='block_1_102' title="bbox 2019 4133 3603 4210">
    <p class='ocr_par' dir='ltr' id='par_1_102' title="bbox 2019 4133 3603 4210">
     <span class='ocr_line' id='line_1_102' title="bbox 2019 4133 3603 4210; baseline 0.003 -18"><span class='ocrx_word' id='word_1_808' title='bbox 2019 4136 2127 4192; x_wconf 91' lang='lat' dir='ltr'><strong>raci</strong></span> <span class='ocrx_word' id='word_1_809' title='bbox 2152 4133 2536 4207; x_wconf 88' lang='lat' dir='ltr'><strong>signiﬁcatione</strong></span> <span class='ocrx_word' id='word_1_810' title='bbox 2556 4135 2820 4192; x_wconf 89' lang='lat' dir='ltr'><strong>veniatur.</strong></span> <span class='ocrx_word' id='word_1_811' title='bbox 2850 4134 2976 4192; x_wconf 73' lang='lat' dir='ltr'><strong>Haec</strong></span> <span class='ocrx_word' id='word_1_812' title='bbox 3000 4134 3111 4192; x_wconf 80' lang='lat' dir='ltr'><strong>dixi</strong></span> <span class='ocrx_word' id='word_1_813' title='bbox 3139 4145 3355 4208; x_wconf 85' lang='lat' dir='ltr'><strong>propter</strong></span> <span class='ocrx_word' id='word_1_814' title='bbox 3382 4136 3436 4192; x_wconf 91' lang='lat' dir='ltr'><strong>id</strong></span> <span class='ocrx_word' id='word_1_815' title='bbox 3459 4138 3603 4210; x_wconf 91' lang='lat' dir='ltr'><strong>quod</strong></span> 
     </span>
    </p>
   </div>
   <div class='ocr_carea' id='block_1_103' title="bbox 2019 4226 3602 4302">
    <p class='ocr_par' dir='ltr' id='par_1_103' title="bbox 2019 4226 3602 4302">
     <span class='ocr_line' id='line_1_103' title="bbox 2019 4226 3602 4302; baseline 0.004 -20"><span class='ocrx_word' id='word_1_816' title='bbox 2019 4228 2272 4298; x_wconf 89' lang='lat' dir='ltr'><strong>scriptum</strong></span> <span class='ocrx_word' id='word_1_817' title='bbox 2300 4236 2383 4283; x_wconf 90' lang='lat' dir='ltr'><strong>est</strong></span> <span class='ocrx_word' id='word_1_818' title='bbox 2410 4228 2476 4283; x_wconf 91' lang='lat' dir='ltr'><strong>de</strong></span> <span class='ocrx_word' id='word_1_819' title='bbox 2501 4226 2626 4284; x_wconf 86' lang='lat' dir='ltr'><strong>Jesu</strong></span> <span class='ocrx_word' id='word_1_820' title='bbox 2646 4269 2662 4296; x_wconf 90' lang='lat'><strong>,</strong></span> <span class='ocrx_word' id='word_1_821' title='bbox 2690 4226 2758 4282; x_wconf 87' lang='lat' dir='ltr'><strong>Et</strong></span> <span class='ocrx_word' id='word_1_822' title='bbox 2781 4228 2889 4301; x_wconf 87' lang='lat' dir='ltr'><strong>ipse</strong></span> <span class='ocrx_word' id='word_1_823' title='bbox 2914 4244 2968 4283; x_wconf 89' lang='lat' dir='ltr'><strong>se</strong></span> <span class='ocrx_word' id='word_1_824' title='bbox 2994 4228 3141 4298; x_wconf 63' lang='lat' dir='ltr'><strong>ﬁnxit</strong></span> <span class='ocrx_word' id='word_1_825' title='bbox 3164 4230 3362 4302; x_wconf 84' lang='lat' dir='ltr'><strong>longius</strong></span> <span class='ocrx_word' id='word_1_826' title='bbox 3388 4232 3463 4286; x_wconf 88' lang='lat' dir='ltr'><strong>ire</strong></span> <span class='ocrx_word' id='word_1_827' title='bbox 3490 4247 3602 4289; x_wconf 90' lang='lat' dir='ltr'><strong>:ne</strong></span> 
     </span>
    </p>
   </div>
   <div class='ocr_carea' id='block_1_104' title="bbox 2019 4319 3601 4391">
    <p class='ocr_par' dir='ltr' id='par_1_104' title="bbox 2019 4319 3601 4391">
     <span class='ocr_line' id='line_1_104' title="bbox 2019 4319 3601 4391; baseline 0.004 -17"><span class='ocrx_word' id='word_1_828' title='bbox 2019 4322 2297 4391; x_wconf 88' lang='lat' dir='ltr'><strong>quisquam</strong></span> <span class='ocrx_word' id='word_1_829' title='bbox 2324 4335 2396 4377; x_wconf 77' lang='lat' dir='ltr'><strong>ex</strong></span> <span class='ocrx_word' id='word_1_830' title='bbox 2426 4319 2529 4376; x_wconf 87' lang='lat' dir='ltr'><strong>hoc</strong></span> <span class='ocrx_word' id='word_1_831' title='bbox 2559 4320 2740 4387; x_wconf 88' lang='lat' dir='ltr'><strong>verbo,</strong></span> <span class='ocrx_word' id='word_1_832' title='bbox 2772 4320 2910 4377; x_wconf 86' lang='lat' dir='ltr'><strong>sicut</strong></span> <span class='ocrx_word' id='word_1_833' title='bbox 2937 4320 3369 4390; x_wconf 69' lang='lat' dir='ltr'><strong>Priscillianistte,</strong></span> <span class='ocrx_word' id='word_1_834' title='bbox 3400 4322 3601 4380; x_wconf 86' lang='lat' dir='ltr'><strong>licitum</strong></span> 
     </span>
    </p>
   </div>
   <div class='ocr_carea' id='block_1_105' title="bbox 2018 4412 3601 4482">
    <p class='ocr_par' dir='ltr' id='par_1_105' title="bbox 2018 4412 3601 4482">
     <span class='ocr_line' id='line_1_105' title="bbox 2018 4412 3601 4482; baseline 0.004 -17"><span class='ocrx_word' id='word_1_835' title='bbox 2018 4413 2203 4469; x_wconf 90' lang='lat' dir='ltr'><strong>volens</strong></span> <span class='ocrx_word' id='word_1_836' title='bbox 2242 4412 2443 4468; x_wconf 87' lang='lat' dir='ltr'><strong>habere</strong></span> <span class='ocrx_word' id='word_1_837' title='bbox 2485 4412 2850 4479; x_wconf 88' lang='lat' dir='ltr'><strong>mendacium,</strong></span> <span class='ocrx_word' id='word_1_838' title='bbox 2894 4412 3112 4482; x_wconf 90' lang='lat' dir='ltr'><strong>insuper</strong></span> <span class='ocrx_word' id='word_1_839' title='bbox 3145 4413 3304 4468; x_wconf 88' lang='lat' dir='ltr'><strong>etiam</strong></span> <span class='ocrx_word' id='word_1_840' title='bbox 3329 4412 3601 4471; x_wconf 82' lang='lat' dir='ltr'><strong>Christum</strong></span> 
     </span>
    </p>
   </div>
   <div class='ocr_carea' id='block_1_106' title="bbox 2019 4504 3600 4575">
    <p class='ocr_par' dir='ltr' id='par_1_106' title="bbox 2019 4504 3600 4575">
     <span class='ocr_line' id='line_1_106' title="bbox 2019 4504 3600 4575; baseline 0 -14"><span class='ocrx_word' id='word_1_841' title='bbox 2019 4506 2306 4562; x_wconf 89' lang='lat' dir='ltr'><strong>contendat</strong></span> <span class='ocrx_word' id='word_1_842' title='bbox 2330 4505 2492 4561; x_wconf 88' lang='lat' dir='ltr'><strong>fuisse</strong></span> <span class='ocrx_word' id='word_1_843' title='bbox 2511 4506 2807 4561; x_wconf 90' lang='lat' dir='ltr'><strong>mentitum.</strong></span> <span class='ocrx_word' id='word_1_844' title='bbox 2831 4504 3080 4575; x_wconf 86' lang='lat' dir='ltr'><strong>Quisquis</strong></span> <span class='ocrx_word' id='word_1_845' title='bbox 3099 4513 3275 4560; x_wconf 89' lang='lat' dir='ltr'><strong>autem</strong></span> <span class='ocrx_word' id='word_1_846' title='bbox 3302 4505 3412 4560; x_wconf 87' lang='lat' dir='ltr'><strong>vult</strong></span> <span class='ocrx_word' id='word_1_847' title='bbox 3439 4505 3600 4562; x_wconf 84' lang='lat' dir='ltr'><strong>intel-</strong></span> 
     </span>
    </p>
   </div>
   <div class='ocr_carea' id='block_1_107' title="bbox 2019 4594 3599 4670">
    <p class='ocr_par' dir='ltr' id='par_1_107' title="bbox 2019 4594 3599 4670">
     <span class='ocr_line' id='line_1_107' title="bbox 2019 4594 3599 4670; baseline 0 -16"><span class='ocrx_word' id='word_1_848' title='bbox 2019 4599 2184 4670; x_wconf 89' lang='lat' dir='ltr'><strong>ligere</strong></span> <span class='ocrx_word' id='word_1_849' title='bbox 2213 4598 2341 4653; x_wconf 90' lang='lat' dir='ltr'><strong>illud</strong></span> <span class='ocrx_word' id='word_1_850' title='bbox 2370 4597 2614 4667; x_wconf 88' lang='lat' dir='ltr'><strong>ﬁngendo</strong></span> <span class='ocrx_word' id='word_1_851' title='bbox 2641 4595 2766 4667; x_wconf 91' lang='lat' dir='ltr'><strong>quid</strong></span> <span class='ocrx_word' id='word_1_852' title='bbox 2798 4594 3178 4666; x_wconf 67' lang='lat' dir='ltr'><strong>praeﬁgurarit,</strong></span> <span class='ocrx_word' id='word_1_853' title='bbox 3203 4595 3439 4651; x_wconf 87' lang='lat' dir='ltr'><strong>attendat</strong></span> <span class='ocrx_word' id='word_1_854' title='bbox 3470 4596 3599 4666; x_wconf 87' lang='lat' dir='ltr'><strong>quid</strong></span> 
     </span>
    </p>
   </div>
   <div class='ocr_carea' id='block_1_108' title="bbox 2018 4676 3599 4764">
    <p class='ocr_par' dir='ltr' id='par_1_108' title="bbox 2018 4676 3599 4764">
     <span class='ocr_line' id='line_1_108' title="bbox 2018 4676 3599 4764; baseline -0.001 -16"><span class='ocrx_word' id='word_1_855' title='bbox 2018 4693 2225 4764; x_wconf 88' lang='lat' dir='ltr'><strong>agendo</strong></span> <span class='ocrx_word' id='word_1_856' title='bbox 2269 4676 2569 4761; x_wconf 86' lang='lat' dir='ltr'><strong>perfecerit.</strong></span> <span class='ocrx_word' id='word_1_857' title='bbox 2600 4689 2831 4759; x_wconf 89' lang='lat' dir='ltr'><strong>Longius</strong></span> <span class='ocrx_word' id='word_1_858' title='bbox 2860 4703 3088 4757; x_wconf 90' lang='lat' dir='ltr'><strong>namque</strong></span> <span class='ocrx_word' id='word_1_859' title='bbox 3121 4696 3303 4757; x_wconf 90' lang='lat' dir='ltr'><strong>postea</strong></span> <span class='ocrx_word' id='word_1_860' title='bbox 3332 4686 3599 4757; x_wconf 87' lang='lat' dir='ltr'><strong>profectus</strong></span> 
     </span>
    </p>
   </div>
   <div class='ocr_carea' id='block_1_109' title="bbox 2019 4778 3599 4855">
    <p class='ocr_par' dir='ltr' id='par_1_109' title="bbox 2019 4778 3599 4855">
     <span class='ocr_line' id='line_1_109' title="bbox 2019 4778 3599 4855; baseline -0.002 -16"><span class='ocrx_word' id='word_1_861' title='bbox 2019 4800 2179 4855; x_wconf 86' lang='lat' dir='ltr'><strong>super</strong></span> <span class='ocrx_word' id='word_1_862' title='bbox 2222 4795 2409 4837; x_wconf 90' lang='lat' dir='ltr'><strong>omnes</strong></span> <span class='ocrx_word' id='word_1_863' title='bbox 2450 4781 2644 4844; x_wconf 75' lang='lat' dir='ltr'><strong>cmlos,</strong></span> <span class='ocrx_word' id='word_1_864' title='bbox 2673 4795 2779 4834; x_wconf 89' lang='lat' dir='ltr'><strong>non</strong></span> <span class='ocrx_word' id='word_1_865' title='bbox 2827 4787 3001 4833; x_wconf 89' lang='lat' dir='ltr'><strong>tamen</strong></span> <span class='ocrx_word' id='word_1_866' title='bbox 3041 4778 3274 4834; x_wconf 88' lang='lat' dir='ltr'><strong>deseruit</strong></span> <span class='ocrx_word' id='word_1_867' title='bbox 3311 4779 3599 4851; x_wconf 89' lang='lat' dir='ltr'><strong>discipulos</strong></span> 
     </span>
    </p>
   </div>
   <div class='ocr_carea' id='block_1_110' title="bbox 2020 4869 3598 4943">
    <p class='ocr_par' dir='ltr' id='par_1_110' title="bbox 2020 4869 3598 4943">
     <span class='ocr_line' id='line_1_110' title="bbox 2020 4869 3598 4943; baseline -0.002 -13"><span class='ocrx_word' id='word_1_868' title='bbox 2020 4890 2164 4932; x_wconf 89' lang='lat' dir='ltr'><strong>suos.</strong></span> <span class='ocrx_word' id='word_1_869' title='bbox 2195 4875 2418 4943; x_wconf 86' lang='lat' dir='ltr'><strong>Propter</strong></span> <span class='ocrx_word' id='word_1_870' title='bbox 2440 4872 2541 4927; x_wconf 92' lang='lat' dir='ltr'><strong>hoc</strong></span> <span class='ocrx_word' id='word_1_871' title='bbox 2566 4869 2968 4943; x_wconf 85' lang='lat' dir='ltr'><strong>signiﬁcandum</strong></span> <span class='ocrx_word' id='word_1_872' title='bbox 2997 4870 3232 4926; x_wconf 89' lang='lat' dir='ltr'><strong>futurum</strong></span> <span class='ocrx_word' id='word_1_873' title='bbox 3250 4870 3503 4926; x_wconf 83' lang='lat' dir='ltr'><strong>divinitus</strong></span> <span class='ocrx_word' id='word_1_874' title='bbox 3523 4871 3598 4928; x_wconf 89' lang='lat' dir='ltr'><strong>fa-</strong></span> 
     </span>
    </p>
   </div>
   <div class='ocr_carea' id='block_1_111' title="bbox 2019 4963 3598 5037">
    <p class='ocr_par' dir='ltr' id='par_1_111' title="bbox 2019 4963 3598 5037">
     <span class='ocr_line' id='line_1_111' title="bbox 2019 4963 3598 5037; baseline -0.001 -14"><span class='ocrx_word' id='word_1_875' title='bbox 2019 4977 2183 5035; x_wconf 91' lang='lat' dir='ltr'><strong>ctum,</strong></span> <span class='ocrx_word' id='word_1_876' title='bbox 2214 4967 2278 5022; x_wconf 88' lang='lat' dir='ltr'><strong>ad</strong></span> <span class='ocrx_word' id='word_1_877' title='bbox 2309 4980 2546 5037; x_wconf 69' lang='lat' dir='ltr'><strong>prmsens</strong></span> <span class='ocrx_word' id='word_1_878' title='bbox 2572 4964 2700 5020; x_wconf 91' lang='lat' dir='ltr'><strong>illud</strong></span> <span class='ocrx_word' id='word_1_879' title='bbox 2724 4974 2809 5019; x_wconf 86' lang='lat' dir='ltr'><strong>est</strong></span> <span class='ocrx_word' id='word_1_880' title='bbox 2839 4963 3143 5019; x_wconf 83' lang='lat' dir='ltr'><strong>humanitus</strong></span> <span class='ocrx_word' id='word_1_881' title='bbox 3168 4963 3366 5019; x_wconf 89' lang='lat' dir='ltr'><strong>ﬁctum.</strong></span> <span class='ocrx_word' id='word_1_882' title='bbox 3389 4964 3456 5019; x_wconf 86' lang='lat' dir='ltr'><strong>Et</strong></span> <span class='ocrx_word' id='word_1_883' title='bbox 3477 4964 3598 5021; x_wconf 91' lang='lat' dir='ltr'><strong>ideo</strong></span> 
     </span>
    </p>
   </div>
   <div class='ocr_carea' id='block_1_112' title="bbox 2019 5054 3598 5129">
    <p class='ocr_par' dir='ltr' id='par_1_112' title="bbox 2019 5054 3598 5129">
     <span class='ocr_line' id='line_1_112' title="bbox 2019 5054 3598 5129; baseline -0.001 -15"><span class='ocrx_word' id='word_1_884' title='bbox 2019 5058 2334 5129; x_wconf 89' lang='lat' dir='ltr'><strong>signiﬁcatio</strong></span> <span class='ocrx_word' id='word_1_885' title='bbox 2374 5071 2531 5111; x_wconf 82' lang='lat' dir='ltr'><strong>verax</strong></span> <span class='ocrx_word' id='word_1_886' title='bbox 2573 5056 2624 5109; x_wconf 90' lang='lat' dir='ltr'><strong>in</strong></span> <span class='ocrx_word' id='word_1_887' title='bbox 2665 5055 2750 5109; x_wconf 90' lang='lat' dir='ltr'><strong>illa</strong></span> <span class='ocrx_word' id='word_1_888' title='bbox 2788 5063 2871 5110; x_wconf 91' lang='lat' dir='ltr'><strong>est</strong></span> <span class='ocrx_word' id='word_1_889' title='bbox 2900 5054 3110 5110; x_wconf 86' lang='lat' dir='ltr'><strong>ﬁctione</strong></span> <span class='ocrx_word' id='word_1_890' title='bbox 3140 5055 3451 5124; x_wconf 61' lang='lat' dir='ltr'><strong>praemissa,</strong></span> <span class='ocrx_word' id='word_1_891' title='bbox 3476 5057 3598 5127; x_wconf 90' lang='lat' dir='ltr'><strong>quia</strong></span> 
     </span>
    </p>
   </div>
   <div class='ocr_carea' id='block_1_113' title="bbox 2022 5145 3600 5220">
    <p class='ocr_par' dir='ltr' id='par_1_113' title="bbox 2022 5145 3600 5220">
     <span class='ocr_line' id='line_1_113' title="bbox 2022 5145 3600 5220; baseline -0.003 -15"><span class='ocrx_word' id='word_1_892' title='bbox 2022 5151 2073 5205; x_wconf 91' lang='lat' dir='ltr'><strong>in</strong></span> <span class='ocrx_word' id='word_1_893' title='bbox 2097 5150 2195 5204; x_wconf 89' lang='lat' dir='ltr'><strong>hac</strong></span> <span class='ocrx_word' id='word_1_894' title='bbox 2221 5147 2545 5220; x_wconf 85' lang='lat' dir='ltr'><strong>profectione</strong></span> <span class='ocrx_word' id='word_1_895' title='bbox 2568 5146 2712 5200; x_wconf 87' lang='lat' dir='ltr'><strong>illius</strong></span> <span class='ocrx_word' id='word_1_896' title='bbox 2734 5153 2817 5200; x_wconf 90' lang='lat' dir='ltr'><strong>est</strong></span> <span class='ocrx_word' id='word_1_897' title='bbox 2839 5145 3236 5215; x_wconf 88' lang='lat' dir='ltr'><strong>signiﬁcationis</strong></span> <span class='ocrx_word' id='word_1_898' title='bbox 3260 5146 3454 5201; x_wconf 76' lang='lat' dir='ltr'><strong>veritas</strong></span> <span class='ocrx_word' id='word_1_899' title='bbox 3473 5146 3600 5201; x_wconf 88' lang='lat' dir='ltr'><strong>sub-</strong></span> 
     </span>
    </p>
   </div>
   <div class='ocr_carea' id='block_1_114' title="bbox 2022 5236 3600 5310">
    <p class='ocr_par' dir='ltr' id='par_1_114' title="bbox 2022 5236 3600 5310">
     <span class='ocr_line' id='line_1_114' title="bbox 2022 5236 3600 5310; baseline -0.003 -12"><span class='ocrx_word' id='word_1_900' title='bbox 2022 5250 2223 5298; x_wconf 89' lang='lat' dir='ltr'><strong>secuta.</strong></span> <span class='ocrx_word' id='word_1_901' title='bbox 2252 5240 2349 5294; x_wconf 88' lang='lat' dir='ltr'><strong>Ille</strong></span> <span class='ocrx_word' id='word_1_902' title='bbox 2376 5239 2535 5310; x_wconf 89' lang='lat' dir='ltr'><strong>igitur</strong></span> <span class='ocrx_word' id='word_1_903' title='bbox 2558 5236 2844 5292; x_wconf 85' lang='lat' dir='ltr'><strong>contendat</strong></span> <span class='ocrx_word' id='word_1_904' title='bbox 2867 5236 3134 5292; x_wconf 89' lang='lat' dir='ltr'><strong>Christum</strong></span> <span class='ocrx_word' id='word_1_905' title='bbox 3167 5237 3443 5293; x_wconf 89' lang='lat' dir='ltr'><strong>mentitum</strong></span> <span class='ocrx_word' id='word_1_906' title='bbox 3479 5250 3600 5293; x_wconf 85' lang='lat' dir='ltr'><strong>esse</strong></span> 
     </span>
    </p>
   </div>
   <div class='ocr_carea' id='block_1_115' title="bbox 2022 5331 3600 5409">
    <p class='ocr_par' dir='ltr' id='par_1_115' title="bbox 2022 5331 3600 5409">
     <span class='ocr_line' id='line_1_115' title="bbox 2022 5331 3600 5409; baseline -0.003 -15"><span class='ocrx_word' id='word_1_907' title='bbox 2022 5337 2300 5409; x_wconf 90' lang='lat' dir='ltr'><strong>ﬁngendo,</strong></span> <span class='ocrx_word' id='word_1_908' title='bbox 2331 5335 2421 5407; x_wconf 90' lang='lat' dir='ltr'><strong>qui</strong></span> <span class='ocrx_word' id='word_1_909' title='bbox 2450 5343 2607 5405; x_wconf 87' lang='lat' dir='ltr'><strong>negat</strong></span> <span class='ocrx_word' id='word_1_910' title='bbox 2642 5348 2762 5388; x_wconf 90' lang='lat' dir='ltr'><strong>eum</strong></span> <span class='ocrx_word' id='word_1_911' title='bbox 2791 5332 2932 5404; x_wconf 86' lang='lat' dir='ltr'><strong>quod</strong></span> <span class='ocrx_word' id='word_1_912' title='bbox 2958 5332 3274 5405; x_wconf 90' lang='lat' dir='ltr'><strong>signiﬁcavit</strong></span> <span class='ocrx_word' id='word_1_913' title='bbox 3298 5331 3600 5403; x_wconf 86' lang='lat' dir='ltr'><strong>implevisse</strong></span> 
     </span>
    </p>
   </div>
   <div class='ocr_carea' id='block_1_116' title="bbox 2105 5429 2282 5485">
    <p class='ocr_par' dir='ltr' id='par_1_116' title="bbox 2105 5429 2282 5485">
     <span class='ocr_line' id='line_1_116' title="bbox 2105 5429 2282 5485; baseline -0.011 0"><span class='ocrx_word' id='word_1_914' title='bbox 2105 5429 2282 5485; x_wconf 89' lang='lat' dir='ltr'><strong>iendo.</strong></span> 
     </span>
    </p>
   </div>
   <div class='ocr_carea' id='block_1_117' title="bbox 2021 5432 3602 5591">
    <p class='ocr_par' dir='ltr' id='par_1_117' title="bbox 2021 5432 3602 5591">
     <span class='ocr_line' id='line_1_117' title="bbox 2021 5432 3602 5591; baseline 0.018 -42"><span class='ocrx_word' id='word_1_915' title='bbox 2021 5432 2318 5577; x_wconf 43' lang='lat' dir='ltr'><strong>inﬁgat</strong></span> <span class='ocrx_word' id='word_1_916' title='bbox 2346 5519 2484 5576; x_wconf 80' lang='lat' dir='ltr'><strong>XIV.</strong></span> <span class='ocrx_word' id='word_1_917' title='bbox 2519 5549 2593 5562; x_wconf 89' lang='lat'><strong>-—-</strong></span> <span class='ocrx_word' id='word_1_918' title='bbox 2622 5518 2712 5575; x_wconf 69' lang='lat'><strong>29.</strong></span> <span class='ocrx_word' id='word_1_919' title='bbox 2746 5517 2996 5589; x_wconf 70' lang='lat' dir='ltr'><strong>Exempla</strong></span> <span class='ocrx_word' id='word_1_920' title='bbox 3019 5517 3299 5591; x_wconf 69' lang='lat' dir='ltr'><strong>Scriptura:</strong></span> <span class='ocrx_word' id='word_1_921' title='bbox 3321 5519 3525 5586; x_wconf 73' lang='lat' dir='ltr'><strong>ueteris,</strong></span> <span class='ocrx_word' id='word_1_922' title='bbox 3556 5518 3602 5576; x_wconf 72' lang='lat' dir='ltr'><strong>si</strong></span> 
     </span>
    </p>
   </div>
   <div class='ocr_carea' id='block_1_118' title="bbox 2023 5611 3601 5687">
    <p class='ocr_par' dir='ltr' id='par_1_118' title="bbox 2023 5611 3601 5687">
     <span class='ocr_line' id='line_1_118' title="bbox 2023 5611 3601 5687; baseline -0.002 -17"><span class='ocrx_word' id='word_1_923' title='bbox 2023 5630 2134 5687; x_wconf 74' lang='lat' dir='ltr'><strong>qua:</strong></span> <span class='ocrx_word' id='word_1_924' title='bbox 2158 5613 2225 5668; x_wconf 83' lang='lat' dir='ltr'><strong>ibi</strong></span> <span class='ocrx_word' id='word_1_925' title='bbox 2251 5623 2525 5667; x_wconf 80' lang='lat' dir='ltr'><strong>narrantur</strong></span> <span class='ocrx_word' id='word_1_926' title='bbox 2551 5611 2809 5666; x_wconf 81' lang='lat' dir='ltr'><strong>hominum</strong></span> <span class='ocrx_word' id='word_1_927' title='bbox 2835 5611 3111 5676; x_wconf 83' lang='lat' dir='ltr'><strong>mendacia,</strong></span> <span class='ocrx_word' id='word_1_928' title='bbox 3146 5627 3245 5665; x_wconf 83' lang='lat' dir='ltr'><strong>non</strong></span> <span class='ocrx_word' id='word_1_929' title='bbox 3273 5627 3376 5666; x_wconf 85' lang='lat' dir='ltr'><strong>esse</strong></span> <span class='ocrx_word' id='word_1_930' title='bbox 3399 5613 3601 5668; x_wconf 83' lang='lat' dir='ltr'><strong>imitan-</strong></span> 
     </span>
    </p>
   </div>
   <div class='ocr_carea' id='block_1_119' title="bbox 2024 5702 3602 5774">
    <p class='ocr_par' dir='ltr' id='par_1_119' title="bbox 2024 5702 3602 5774">
     <span class='ocr_line' id='line_1_119' title="bbox 2024 5702 3602 5774; baseline 0 -15"><span class='ocrx_word' id='word_1_931' title='bbox 2024 5707 2113 5761; x_wconf 86' lang='lat' dir='ltr'><strong>da.</strong></span> <span class='ocrx_word' id='word_1_932' title='bbox 2143 5704 2209 5760; x_wconf 88' lang='lat' dir='ltr'><strong>Ut</strong></span> <span class='ocrx_word' id='word_1_933' title='bbox 2230 5720 2327 5758; x_wconf 87' lang='lat' dir='ltr'><strong>non</strong></span> <span class='ocrx_word' id='word_1_934' title='bbox 2349 5703 2594 5757; x_wconf 85' lang='lat' dir='ltr'><strong>imitanda</strong></span> <span class='ocrx_word' id='word_1_935' title='bbox 2612 5702 2764 5757; x_wconf 73' lang='lat' dir='ltr'><strong>ludar</strong></span> <span class='ocrx_word' id='word_1_936' title='bbox 2783 5702 3065 5774; x_wconf 82' lang='lat' dir='ltr'><strong>fornicatio,</strong></span> <span class='ocrx_word' id='word_1_937' title='bbox 3089 5702 3162 5756; x_wconf 88' lang='lat' dir='ltr'><strong>ita</strong></span> <span class='ocrx_word' id='word_1_938' title='bbox 3180 5718 3269 5757; x_wconf 82' lang='lat' dir='ltr'><strong>nec</strong></span> <span class='ocrx_word' id='word_1_939' title='bbox 3289 5703 3602 5759; x_wconf 80' lang='lat' dir='ltr'><strong>mendacium</strong></span> 
     </span>
    </p>
   </div>
   <div class='ocr_carea' id='block_1_120' title="bbox 2028 5793 3604 5867">
    <p class='ocr_par' dir='ltr' id='par_1_120' title="bbox 2028 5793 3604 5867">
     <span class='ocr_line' id='line_1_120' title="bbox 2028 5793 3604 5867; baseline -0.001 -15"><span class='ocrx_word' id='word_1_940' title='bbox 2028 5796 2269 5854; x_wconf 83' lang='lat' dir='ltr'><strong>Thamar.</strong></span> <span class='ocrx_word' id='word_1_941' title='bbox 2296 5796 2431 5864; x_wconf 75' lang='lat' dir='ltr'><strong>Quia</strong></span> <span class='ocrx_word' id='word_1_942' title='bbox 2461 5809 2589 5867; x_wconf 85' lang='lat' dir='ltr'><strong>ergo</strong></span> <span class='ocrx_word' id='word_1_943' title='bbox 2618 5811 2722 5852; x_wconf 92' lang='lat' dir='ltr'><strong>non</strong></span> <span class='ocrx_word' id='word_1_944' title='bbox 2752 5795 3024 5852; x_wconf 87' lang='lat' dir='ltr'><strong>inveniunt</strong></span> <span class='ocrx_word' id='word_1_945' title='bbox 3057 5793 3340 5851; x_wconf 83' lang='lat' dir='ltr'><strong>mendaces</strong></span> <span class='ocrx_word' id='word_1_946' title='bbox 3368 5793 3604 5852; x_wconf 82' lang='lat' dir='ltr'><strong>haeretici</strong></span> 
     </span>
    </p>
   </div>
  </div>
