4166 6208
557 394 664 461 5'59

558 511 611 568 in
643 508 967 566 Testamenti
992 505 1122 562 Novi
1149 504 1340 560 litteris
1370 501 1619 558 imitanda
1652 501 1892 570 exempla
1920 495 2143 554 menda-

557 603 646 668 cii,
676 600 1070 672 copiosissimos
1110 611 1168 653 se
1205 611 1325 652 esse
1363 596 1668 651 existimant
1697 595 1746 646 in
1780 593 1876 646 hac
1906 592 2142 660 disputa-

557 696 726 759 tione,
755 709 858 764 qua
899 693 1182 761 Opinantur
1219 705 1338 744 esse
1377 687 1737 742 mentiendum
1761 729 1774 751 ,
1809 701 1927 738 cum
1958 683 2022 737 de
2053 697 2143 737 ve-

558 770 1105 853 tel'ibus‘propheticis
1138 781 1338 845 Libris,
1369 781 1489 850 quia
1533 794 1635 831 non
1679 779 1748 831 ihi
1788 785 2004 846 apparet
2045 775 2141 828 nisi

557 875 974 945 intelligentibus
997 873 1177 944 paucis
1199 889 1301 942 quo
1326 873 1619 926 referantur
1640 869 1981 939 significatita
2003 868 2140 921 dicta

555 969 638 1024 vel
671 969 802 1022 facta
832 967 1059 1034 veracia,
1088 967 1248 1021 multa
1276 966 1373 1020 sibi
1405 964 1646 1018 videntur
1673 963 1908 1016 invenire
1935 977 1996 1016 ac
2023 975 2143 1029 pro-

554 1060 695 1118 ferre
716 1058 1011 1114 mendacia.
1029 1056 1134 1113 Sed
1159 1057 1353 1111 habere
1373 1057 1648 1124 cupientes
1673 1055 1861 1123 quibus
1884 1070 1941 1107 se
1966 1064 2142 1106 tuean-

554 1160 640 1210 tur
671 1153 812 1208 velut
841 1150 1090 1205 imitanda
1119 1151 1359 1220 exempla
1403 1149 1651 1214 fallendi,
1681 1164 1736 1201 se
1765 1148 1906 1217 ipsos
1932 1146 2136 1210 fallunt,

552 1255 605 1305 ct
631 1246 885 1300 mentitur
911 1260 1095 1300 eorum
1124 1245 1369 1314 iniquitas
1396 1243 1494 1297 sibi
1525 1240 1693 1314 (Ρδαι.
1719 1256 1871 1306 xsvr,
1897 1240 2005 1310 1:2).
2031 1238 2140 1292 llltc

533 1345 729 1392 autem
759 1351 1028 1406 personat,
1057 1350 1188 1406 quas
1217 1334 1539 1389 credendqu
1570 1333 1638 1386 ibi
1667 1348 1770 1386 non
1798 1340 1881 1386 est
1908 1331 2138 1401 prophe-

551 1438 666 1488 tare
693 1430 956 1496 voluisse,
999 1429 1043 1482 si
1084 1427 1209 1498 quid
1248 1427 1486 1481 faciendo
1515 1425 1595 1479 vel
1626 1423 1849 1479 dicendo
1877 1422 2140 1476 tinxerunt

553 1523 824 1578 voluntate
848 1520 1095 1584 fallendi;
1123 1519 1363 1590 quamvis
1392 1535 1453 1572 ex
1482 1519 1609 1586 ipsis
1633 1531 1841 1584 quoque
1872 1514 2019 1567 factis
2045 1528 2137 1568 ea-

551 1630 668 1668 rum
699 1614 812 1668 sive
841 1613 996 1670 dictis
1031 1612 1227 1682 aliquid
1271 1610 1635 1682 pt‘Opitz'liClllll
1674 1608 1840 1676 possit
1878 1605 2134 1674 exsculpi,

549 1721 646 1776 per
668 1706 806 1760 illius
827 1705 1262 1776 onmipotentiam
1288 1702 1712 1773 pra-seminatqu
1737 1708 1892 1768 atque
1913 1696 2139 1767 diSposi-

553 1809 684 1867 tum,
713 1799 805 1869 qui
829 1800 963 1856 bene
989 1799 1061 1854 uti
1087 1798 1233 1852 novit
1260 1799 1419 1850 etiam
1448 1793 1599 1848 malis
1626 1793 1932 1857 hominum;
1959 1799 2136 1845 tamen

550 1901 806 1960 quantum
843 1891 910 1946 ad
951 1891 1090 1960 ipsas
1123 1889 1340 1952 attinet,
1373 1889 1487 1941 sine
1528 1886 1857 1940 dubitatione
1902 1885 2137 1938 mentita:

548 1992 695 2037 sunt.
721 1981 825 2037 Sed
854 1998 958 2036 non
993 1981 1110 2035 ideo
1149 1980 1345 2036 debent
1372 1979 1620 2033 imitanda
1652 1977 1974 2043 existimari,
2017 1976 2136 2045 quia

550 2076 604 2136 in
633 2077 716 2132 eis
746 2076 1080 2146 reperiuntur
1106 2075 1278 2129 Libris
1316 2074 1403 2144 qui
1443 2072 1610 2126 sancti
1651 2080 1704 2125 et
1741 2070 1904 2125 divini
1947 2070 2136 2124 merito

549 2171 909 2230 nominantur.
936 2171 1144 2228 llabent
1184 2169 1325 2223 enim
1365 2167 1662 2236 conscripta
1702 2173 1756 2220 ct
1794 2164 1931 2218 mala
1959 2163 2133 2217 homi-

548 2275 676 2316 num
702 2269 757 2315 ct
781 2261 952 2325 bona;
982 2261 1067 2314 illa
1096 2258 1304 2314 vitanda
1325 2300 1339 2325 ,
1370 2259 1469 2312 ista
1495 2257 1744 2312 sectanda
1771 2272 1786 2311 :
1816 2266 1868 2310 et
1891 2254 2133 2325 quredam

547 2353 620 2406 ita
651 2353 820 2421 posita
850 2362 906 2406 ut
929 2352 997 2408 de
1022 2352 1126 2408 illis
1154 2353 1312 2408 etiam
1342 2355 1543 2420 prolata
1575 2352 1642 2404 sit
1664 2350 1920 2404 sententia
1940 2390 1952 2413 ,
1983 2365 2132 2418 qua:-

545 2442 668 2506 dutn
697 2458 822 2498 vero
849 2445 1006 2498 tacito
1033 2443 1104 2498 ibi
1124 2443 1325 2512 judicio
1351 2444 1505 2496 nobis
1525 2443 1808 2512 judicanda
1836 2442 2093 2512 permissa
2116 2459 2130 2507 ;

544 2537 798 2606 quoniam
827 2554 932 2592 non
961 2537 1138 2592 Solum
1169 2553 1266 2594 nos
1295 2537 1485 2592 nutriri
1514 2537 1805 2591 inanitestis
1827 2578 1839 2602 ,
1871 2551 2053 2590 verum
2079 2544 2133 2590 et

545 2632 781 2688 exerceri
809 2631 1088 2701 Oportebat
1121 2629 1380 2686 obscuris.

618 2722 706 2779 50.
737 2723 846 2778 Cur
871 2733 1048 2780 autem
1079 2723 1164 2780 isti
1203 2723 1511 2778 imitandam
1539 2723 1638 2776 sibi
1671 2722 1902 2777 Thamar
1945 2723 2131 2778 existi-

545 2824 694 2877 mant
719 2817 1058 2872 mentientem
1083 2857 1098 2881 ,
1127 2825 1184 2872 et
1216 2815 1527 2870 imitandum
1572 2816 1761 2870 Judam
1807 2831 1909 2870 non
1941 2816 2127 2870 existi-

545 2909 1068 2971 ntnntl‘ornicantem
1103 2907 1254 2981 (Gen.
1300 2925 1502 2966 xxxviii
1531 2950 1544 2973 ,
1593 2909 1828 2978 lli-l8)?
1869 2909 1942 2964 lbi
1983 2909 2126 2964 enim

542 3011 829 3073 utrumque
852 3002 1128 3072 legerunt:
1156 3009 1214 3056 et
1237 3001 1369 3056 nihil
1399 3000 1586 3056 horum
1610 3000 1881 3070 Scriptura
1903 3001 1991 3056 illa
2014 3001 2127 3055 sive

542 3097 814 3166 culpavit,
859 3097 972 3152 sive
1007 3095 1275 3160 laudavit;
1308 3095 1402 3150 sed
1434 3095 1798 3150 tantummodo
1845 3105 2127 3165 utrumque

539 3189 795 3254 narravit,
819 3197 873 3243 et
893 3186 1236 3256 iudicandum
1268 3187 1420 3242 nobis
1443 3196 1724 3256 utrumque
1756 3187 1957 3242 dimisit
1985 3206 1997 3240 :
2029 3186 2126 3242 sed

541 3279 738 3338 mirum
765 3279 812 3334 si
835 3279 1036 3347 aliquid
1063 3278 1253 3340 horum
1279 3279 1592 3340 imitandum
1621 3280 1836 3347 impune
1865 3280 2122 3349 permisit.

541 3370 694 3443 Quod
723 3369 865 3426 enim
900 3369 1132 3430 Thamar
1165 3383 1274 3426 non
1314 3369 1687 3428 meretrieandi
1729 3369 1946 3424 libidine
1975 3410 1989 3434 ,
2029 3369 2126 3424 sed

540 3461 875 3533 concipiendi
903 3462 1174 3522 voluntate
1196 3462 1418 3520 mentita
1443 3462 1532 3527 sit,
1564 3461 1826 3517 novimus.
1854 3461 2048 3516 Verum
2073 3469 2126 3516 et

539 3557 840 3622 (ornieatio,
861 3555 1070 3614 etiamsi
1091 3555 1243 3616 ιυιιω
1263 3556 1386 3612 talis
1407 3570 1513 3609 non
1536 3553 1655 3618 fuit,
1682 3561 1859 3624 potest
1883 3570 2002 3610 esse
2025 3571 2126 3610 cu-

535 3650 766 3720 juspiam
786 3665 890 3720 qua
911 3650 1070 3706 faciat
1094 3658 1153 3706 ut
1172 3649 1334 3706 homo
1354 3649 1628 3714 liberetur,
1652 3649 1789 3703 sicut
1810 3649 1948 3703 illius
1969 3663 2124 3704 men-

537 3741 748 3800 daciutn
775 3740 874 3799 fuit
895 3749 954 3798 ut
978 3741 1140 3798 homo
1165 3741 1568 3810 conciperetur:
1587 3741 1843 3810 numquid
1875 3750 2123 3811 propter-

537 3843 602 3888 ea
653 3835 813 3891 etiam
849 3833 1216 3890 lorulcandum
1240 3842 1360 3899 est,
1404 3833 1451 3888 si
1481 3843 1698 3903 propter
1737 3833 1868 3888 illud
1909 3843 2125 3903 putatur

539 3925 703 3984 fuisse
731 3926 1140 3982 mentiendum?
1179 3925 1295 3982 Non
1339 3925 1407 3981 de
1434 3927 1551 3982 solo
1589 3927 1766 3996 itaque
1805 3927 2084 3982 utendacio
2106 3968 2121 3991 ,

536 4020 633 4075 sed
660 4020 728 4075 de
751 4021 1002 4076 onudbus
1027 4019 1277 4089 operibus
1299 4019 1573 4074 hominum
1600 4019 1653 4074 in
1673 4019 1867 4088 quibus
1891 4021 2126 4074 existunt

537 4114 684 4169 velut
705 4113 1102 4182 comparativa
1127 4121 1366 4182 peccata.
1393 4111 1838 4168 considerandum
1861 4120 2124 4181 estquam

537 4203 856 4258 sententiam
880 4202 1120 4272 proferre
1146 4203 1474 4268 debeamus;
1503 4218 1570 4257 ne
1595 4204 1897 4273 aperiamus
1921 4204 2122 4259 aditum

538 4310 646 4350 noti
676 4303 879 4352 tantum
910 4297 1090 4366 parvis
1124 4295 1425 4366 quibusque
1451 4296 1682 4365 peccatis
1703 4337 1718 4362 ,
1747 4312 1932 4352 verum
1962 4297 2124 4350 etiam

536 4388 828 4444 sceleribus
855 4389 1082 4456 cunctis,
1105 4389 1419 4459 nullumque
1447 4397 1722 4444 remaneat
1757 4388 1986 4454 facinus,
2027 4388 2123 4444 lla-

535 4481 742 4551 gitium,
767 4483 1125 4552 sacrilegium,
1159 4482 1209 4535 in
1235 4497 1342 4552 quo
1365 4497 1526 4537 causa
1550 4499 1654 4536 non
1689 4482 1854 4551 possit
1886 4481 2122 4537 existere

535 4589 638 4643 qua
661 4583 803 4629 recte
827 4574 1070 4629 videatur
1085 4589 1206 4630 esse
1226 4575 1546 4639 iaciendum,
1570 4574 1977 4642 universamque
2000 4573 2122 4626 vilic

537 4667 855 4736 probitatem
881 4667 1062 4736 opinio
1092 4668 1192 4722 ista
1217 4666 1511 4722 subvertet.

604 4758 830 4812 CAPUT
870 4757 984 4812 XV.
1013 4787 1083 4798 --
1113 4759 1200 4813 51.
1244 4757 1568 4812 Mendacium
1611 4774 1807 4827 semper
1843 4773 1948 4812 esse
1985 4758 2124 4826 inju-

533 4859 665 4904 stam
689 4889 703 4917 ,
731 4867 845 4904 cum
872 4852 936 4904 sit
963 4860 1219 4920 peccatum
1246 4860 1292 4904 et
1331 4850 1527 4904 veritati
1561 4851 1889 4904 contrarium.
1924 4849 1990 4904 In
2019 4850 2124 4904 Hr-

534 4944 681 4998 bm’is
733 4944 1071 4998 obstetricibus
1093 4953 1144 4997 et
1175 4945 1228 4997 in
1253 4944 1398 4998 Raab
1425 4959 1526 4997 non
1548 4953 1864 5009 remtmerata
1890 4945 2118 5014 fallacia,

535 5037 622 5088 sed
649 5037 1007 5091 benwolentia.
1053 5036 1195 5090 Nihil
1228 5043 1403 5104 autem
1444 5036 1760 5105 judicandus
1793 5046 1877 5092 est
1905 5037 2082 5095 dicere
2103 5081 2116 5104 ,

533 5128 623 5195 qui
652 5127 784 5180 dicit
811 5129 984 5197 aliqua
1013 5127 1153 5196 justa
1181 5143 1301 5183 esse
1327 5127 1625 5194 mendacia,
1657 5129 1758 5182 nisi
1779 5129 1953 5199 aliqua
1975 5129 2118 5199 justa

535 5233 653 5274 esse
693 5229 905 5288 peccata
929 5261 944 5284 ,
981 5235 1045 5273 ac
1071 5235 1167 5288 per
1195 5221 1296 5276 hoc
1319 5221 1497 5290 aliqua
1518 5220 1662 5289 justa
1691 5236 1810 5276 esse
1837 5238 1958 5292 qua:
1980 5223 2120 5292 inju-

533 5323 613 5366 sta
643 5321 768 5367 sunt
797 5330 807 5364 :
836 5326 942 5381 quo
966 5311 1092 5380 quid
1120 5311 1404 5368 absurdius
1429 5312 1532 5368 dici
1563 5315 1773 5382 potest?
1799 5313 1951 5369 Unde
1975 5317 2117 5370 enim

534 5415 612 5457 est
648 5415 941 5474 peccatum,
975 5404 1075 5458 nisi
1103 5405 1224 5472 quia
1258 5403 1478 5472 justitiae
1517 5406 1841 5460 contrarium
1880 5406 2006 5461 est?
2035 5408 2120 5461 Di-

533 5507 726 5551 eantur
754 5513 881 5568 ergo
903 5498 1007 5552 alia
1033 5511 1241 5567 magna,
1267 5497 1368 5550 alia
1394 5511 1552 5566 parva
1575 5513 1696 5554 esse
1721 5508 1968 5568 peccata;
1993 5501 2115 5568 quia

532 5605 716 5642 verum
739 5600 838 5652 est,
873 5606 971 5643 nec
994 5588 1400 5644 auscultandum
1431 5589 1626 5646 Stoicis
1651 5591 1741 5659 qui
1768 5593 1943 5646 omnia
1968 5594 2113 5660 paria

535 5695 656 5733 esse
675 5681 1003 5734 contendunt
1028 5699 1040 5733 :
1065 5681 1246 5736 dicere
1268 5690 1445 5736 autem
1465 5682 1708 5752 qua-adem
1731 5683 1944 5752 injusta,
1971 5700 2116 5754 quae—

534 5769 658 5823 dam
682 5773 819 5839 justa
856 5788 980 5828 esse
1004 5781 1243 5842 peccata,
1283 5775 1412 5844 quid
1452 5783 1536 5829 est
1571 5775 1713 5829 aliud
1739 5792 1900 5844 quam
1939 5777 2117 5832 dicere

539 5861 797 5929 quasdam
835 5877 954 5921 esse
995 5863 1246 5931 injustas,
1291 5864 1546 5933 quasdam
1568 5864 1739 5935 justas
1769 5865 2118 5936 iniquitates?
2165 5940 2172 5945 _

1591 384 1861 441 CONTRA
1902 377 2318 450 MENDACIUM,
2348 381 2404 438 S.
2447 381 2814 441 AUGUSTINI

2255 515 2373 556 cum
2405 501 2547 556 dicat
2571 504 2842 574 apostolus
2867 504 3130 574 Joannes,
3160 495 3340 574 Omnis
3371 511 3461 583 qui
3497 513 3622 586 facit
3655 531 3833 590 pecca-

2250 604 2375 659 tum,
2409 596 2526 665 facit
2552 608 2597 652 et
2636 599 2984 669 iniquitatem;
3027 611 3071 655 et
3105 612 3367 672 peccatum
3405 606 3643 684 iniquitas
3670 621 3743 666 est
3791 612 3832 688 (l

2247 687 2400 742 Joan.
2427 706 2512 756 ιιι,
2542 689 2596 763 4)
2621 691 2644 745 ?
2684 692 2795 748 Non
2819 708 2946 764 ergo
2969 704 3144 764 potest
3165 695 3369 765 justum
3390 681 3509 756 esse
3531 681 3827 775 peceatum,

2247 780 2346 834 nisi
2381 797 2500 836 cum
2547 786 2748 854 peccati
2783 801 2977 842 nomen
3016 789 3070 842 in
3096 790 3200 848 alia
3228 805 3289 847 re
3317 793 3601 872 ponimus,
3646 798 3699 855 in
3729 815 3830 872 qua

2247 872 2473 943 quisque
2499 888 2603 929 non
2645 885 2846 945 peccat.
2883 878 2976 933 sed
3003 888 3093 934 aut
3117 880 3241 936 facit
3267 883 3469 955 aliquid
3493 896 3587 944 aut
3625 890 3825 964 patitur

2247 977 2343 1030 pro
2384 974 2620 1031 peccato.
2653 965 2786 1022 Nam
2830 977 2886 1024 et
2925 970 3185 1028 sacriﬁcia
3215 987 3311 1044 pro
3345 977 3579 1054 peccatis
3608 991 3825 1050 peccata

2246 1055 2506 1123 appellata
2536 1065 2698 1123 sunt,
2741 1067 2796 1114 et
2834 1074 3006 1130 parum
3032 1071 3387 1134 peccatorum
3426 1067 3678 1128 dicuntur
3717 1072 3822 1130 ali-

2245 1150 2457 1219 quando
2481 1162 2714 1220 peccata.
2739 1153 2862 1211 [hee
2879 1156 3033 1226 plane
3051 1167 3274 1227 possunt
3302 1159 3522 1233 intelligi
3539 1161 3679 1232 justo
3701 1180 3828 1238 pec-

2245 1250 2382 1306 cata,
2403 1258 2522 1297 cum
2540 1244 2681 1314 justa
2704 1245 2950 1304 dicuntur
2971 1245 3251 1319 sacriﬁcia,
3277 1254 3360 1310 vel
3379 1254 3518 1326 iusta
3543 1259 3822 1330 supplicia.

2247 1333 2319 1387 Ea
2353 1349 2480 1388 vero
2511 1350 2628 1404 quae
2655 1347 2837 1393 contra
2865 1339 3036 1409 legem
3078 1341 3173 1396 Dei
3204 1341 3336 1401 ﬁunt
3356 1385 3371 1410 ,
3401 1344 3544 1418 iusta
3573 1362 3692 1404 esse
3717 1364 3825 1406 non

2245 1434 2485 1495 possunt.
2514 1427 2721 1483 Dictum
2742 1440 2822 1485 est
2847 1439 3024 1488 autem
3052 1433 3182 1499 Deo,
3205 1433 3314 1491 Lex
3338 1446 3424 1492 tua
3449 1439 3629 1498 veritas
3652 1439 3823 1512 (Psal.

2243 1533 2440 1587 εει-ιιι,
2473 1518 2616 1593 142).
2649 1523 2725 1576 Ac
2751 1538 2844 1593 per
2882 1523 2985 1578 hoc
3012 1525 3153 1596 quod
3183 1536 3267 1583 est
3289 1537 3475 1586 contra
3514 1531 3788 1588 veritatem
3807 1574 3823 1601 ,

2239 1610 2441 1681 justum
2463 1627 2580 1666 esse
2601 1629 2708 1670 non
2733 1623 2925 1684 potest.
2950 1616 3079 1684 Quis
3099 1627 3277 1676 autem
3305 1619 3510 1680 dubitet
3531 1631 3713 1685 contra
3739 1639 3830 1688 ve-

2244 1702 2452 1756 ritatem
2481 1718 2600 1758 esse
2627 1705 2962 1761 mendacium
2997 1709 3199 1766 omne?
3237 1710 3448 1768 Nullum
3475 1727 3604 1784 ergo
3623 1714 3828 1785 justum

2244 1806 2362 1847 esse
2381 1802 2552 1866 potest
2565 1796 2918 1852 mendacium.
2937 1799 3063 1856 Item
3081 1799 3166 1856 cui
3184 1815 3288 1858 non
3305 1803 3503 1860 clareat
3519 1820 3584 1862 ex
3602 1806 3828 1868 veritate

2243 1900 2363 1941 esse
2390 1902 2546 1942 omne
2576 1889 2716 1957 quod
2737 1889 2941 1960 justum
2971 1893 3094 1946 est?
3117 1892 3324 1952 Clamat
3345 1905 3525 1954 autem
3549 1895 3784 1963 Joannes
3810 1940 3826 1968 ,

2247 1974 2406 2030 Omne
2432 1978 2751 2034 mendacium
2776 1998 2878 2036 non
2903 1991 2977 2038 est
3007 1999 3070 2037 ea:
3103 1984 3307 2040 veritate
3347 1981 3393 2054 (ι
3418 1983 3576 2042 Ιοαιι.
3611 2003 3679 2057 ιι,
3705 1988 3824 2070 21).

2242 2068 2412 2125 Omne
2449 2086 2575 2141 ergo
2605 2072 2939 2129 mendacium
2976 2090 3084 2132 non
3121 2083 3207 2131 est
3227 2076 3452 2152 justum.
3490 2068 3826 2153 Quapropter

2240 2163 2452 2232 quando
2480 2164 2632 2220 nobis
2658 2165 2724 2221 de
2761 2163 3050 2237 Scripturis
3078 2170 3275 2226 sanctis
3303 2171 3595 2232 mentiendi
3621 2187 3824 2248 propo-

2241 2261 2438 2307 nuntur
2482 2256 2751 2326 exempla,
2794 2265 2884 2312 aut
2921 2258 3198 2315 mendacia
3239 2275 3346 2318 non
3385 2273 3541 2330 Sunt,
3587 2265 3681 2322 sed
3722 2280 3822 2344 pu-

2241 2356 2421 2404 tantur
2459 2365 2578 2405 esse
2621 2351 2745 2406 dum
2787 2367 2893 2408 non
2931 2353 3451 2426 intelliguntur;aut
3471 2357 3518 2412 si
3542 2357 3820 2424 mendacia

2237 2449 2382 2508 sunt,
2407 2440 2660 2498 imitanda
2684 2459 2792 2499 non
2810 2455 2936 2502 sunt
2953 2485 2969 2514 ,
2991 2446 3114 2519 quia
3134 2448 3276 2519 justa
3299 2464 3419 2506 esse
3439 2465 3546 2512 non
3570 2459 3818 2522 possunt.

2307 2531 2396 2587 52.
2429 2531 2532 2588 Sed
2561 2533 2702 2604 quod
2731 2535 2985 2606 scriptum
3016 2547 3098 2593 est
3120 2538 3258 2596 bene
3284 2539 3452 2597 Deum
3483 2539 3674 2602 fecisse
3697 2557 3820 2598 cum

2237 2621 2476 2680 llebrazis
2506 2624 2882 2682 obstetricibus
2908 2627 3100 2702 (Exod.
3132 2646 3183 2700 ι,
3215 2631 3413 2704 17-20),
3443 2641 3499 2690 et
3526 2649 3646 2692 cum
3674 2635 3822 2694 Raab

2235 2716 2601 2773 Jerichuntina
2628 2721 2912 2777 meretrice
2935 2721 3119 2794 (Iosue
3143 2739 3182 2779 ιι
3211 2735 3258 2778 et
3284 2739 3368 2792 vt,
3396 2724 3489 2802 25)
3517 2767 3533 2797 _,
3562 2742 3668 2782 non
3697 2726 3818 2792 idco

2235 2807 2431 2864 factum
2462 2821 2544 2865 est
2568 2811 2692 2881 quia
2720 2813 2955 2870 mentite
2978 2824 3105 2871 sunt
3125 2856 3142 2884 ,
3182 2816 3281 2877 sed
3309 2817 3429 2890 quia
3475 2819 3528 2873 in
3571 2817 3818 2880 homines

2235 2899 2330 2955 Dei
2354 2901 2728 2960 misericordes
2753 2904 2986 2962 fuerunt.
3013 2906 3130 2963 Non
3156 2916 3238 2966 est
3264 2909 3442 2981 itaque
3465 2909 3517 2966 in
3541 2911 3618 2973 eis
3639 2925 3820 2975 remu-

2235 3005 2418 3050 nerata
2446 2995 2683 3065 fallacia,
2713 2998 2807 3054 sed
2832 2999 3230 3070 benevolentia;
3257 3001 3559 3074 benignitas
3582 3005 3780 3068 meritis
3798 3046 3814 3072 ,

2233 3101 2340 3142 non
2386 3087 2636 3159 iniquitas
2671 3092 2999 3148 mentientis.
3041 3091 3193 3150 Sicut
3217 3095 3360 3158 enim
3391 3095 3584 3160 mirum
3623 3099 3816 3162 absur-

2231 3178 2468 3250 dumque
2495 3195 2600 3237 non
2626 3192 2770 3240 esset
2793 3185 2838 3240 si
2863 3184 2971 3239 alio
2997 3186 3142 3257 prius
3171 3197 3408 3258 tempore
3433 3190 3720 3252 commissa
3745 3191 3814 3253 ab

2233 3268 2312 3326 eis
2355 3273 2530 3342 aliqua
2559 3289 2722 3344 opera
2747 3275 2886 3330 mala
2915 3277 3056 3332 Deus
3086 3287 3304 3349 propter
3329 3281 3622 3349 poSteriora
3648 3297 3814 3356 opera

2230 3363 2371 3422 bona
2396 3364 2555 3420 vellet
2579 3366 2885 3436 ignoscere;
2929 3368 3001 3423 ita
3045 3368 3348 3430 mirandum
3391 3387 3500 3434 non
3545 3381 3630 3437 est
3667 3375 3814 3445 quod

2231 3470 2341 3510 uno
2385 3463 2628 3525 tempore
2659 3457 2713 3512 in
2738 3472 2844 3512 una
2886 3472 3047 3514 causa
3085 3459 3226 3516 Deus
3268 3471 3554 3534 utrumque
3594 3463 3815 3542 conspi-

2227 3546 2399 3615 ciens,
2424 3547 2477 3602 id
2497 3557 2600 3614 est,
2631 3547 2829 3604 factum
2853 3549 3298 3622 misericorditer,
3328 3551 3631 3632 factumque
3657 3555 3815 3620 falla-

2227 3638 2383 3704 citer,
2413 3648 2467 3694 et
2493 3641 2692 3695 bonum
2719 3643 3110 3712 remuneravit,
3141 3652 3196 3700 et
3223 3655 3444 3716 propter
3475 3647 3578 3709 hoc
3615 3648 3813 3713 bonum

2229 3730 2430 3784 malum
2475 3731 2600 3786 illud
2630 3732 2848 3802 ignovit.
2890 3733 2952 3789 Si
2986 3735 3129 3792 enim
3173 3744 3388 3807 peccata
3433 3754 3553 3809 quae
3594 3748 3818 3814 propter

2229 3821 2406 3882 carnis
2436 3823 2926 3893 concupiscentiam
2946 3867 2961 3893 ,
2992 3840 3100 3882 non
3129 3836 3346 3898 propter
3388 3829 3814 3890 misericordiam

2230 3917 2400 3984 ﬁunt,
2440 3928 2660 3988 propter
2695 3921 2994 3989 posteriora
3033 3935 3193 3992 opera
3231 3921 3612 3978 misericordia:
3638 3924 3813 3982 dimit-

2232 4019 2450 4076 tuntur;
2480 4027 2579 4066 cur
2620 4028 2726 4066 non
2769 4015 2960 4068 merito
3001 4014 3381 4072 misericordia
3427 4015 3803 4088 dimittuntur,

2229 4120 2349 4176 quae
2374 4105 2768 4176 prepteripsam
2779 4106 3199 4169 misericordiam
3213 4107 3618 4172 committuntur
3635 4109 3658 4164 i
3677 4107 3816 4173 Gra-

2229 4197 2347 4252 vius
2372 4205 2457 4253 est
2479 4197 2622 4253 enim
2651 4207 2930 4269 peccatum
2957 4197 3102 4270 quod
3125 4199 3308 4256 animo
3333 4200 3612 4270 nocentis,
3651 4214 3813 4272 quam

2229 4289 2371 4355 quod
2400 4290 2580 4346 animo
2604 4291 2966 4352 subvenientis
2989 4293 3236 4350 etﬁcitur.
3265 4299 3343 4349 Ac
3369 4309 3466 4364 per
3489 4293 3591 4348 hoc
3613 4293 3660 4348 si
3679 4293 3814 4352 illud

2227 4383 2440 4440 deletur
2464 4398 2626 4454 opere
2655 4385 3034 4448 misericordia:
3064 4393 3249 4455 postea
3275 4386 3635 4455 subsequente
3651 4423 3671 4456 ,
3714 4399 3817 4450 cur

2227 4472 2334 4530 hoc
2365 4475 2510 4545 quod
2533 4486 2615 4534 est
2638 4476 2826 4544 levius,
2868 4492 2976 4532 non
3007 4475 3216 4534 deletur
3244 4476 3358 4547 ipsa
3383 4474 3614 4534 hominis
3640 4476 3810 4540 misc-

2228 4567 2477 4635 ricordia,
2510 4578 2567 4624 et
2589 4569 2925 4638 praecedente
2951 4578 3011 4624 ut
3038 4577 3220 4638 peccet
3235 4607 3252 4636 ,
3289 4577 3344 4624 et
3368 4568 3664 4631 comitante
3689 4585 3812 4632 cum

2228 4659 2450 4730 peccat?
2480 4658 2553 4714 Ita
2579 4660 2794 4731 quidem
2826 4659 2988 4716 videri
3015 4668 3193 4730 potest
3225 4677 3239 4715 :
3271 4668 3640 4719 verumtamen
3667 4662 3812 4726 aliud

2225 4761 2311 4808 est
2336 4752 2515 4808 dicere
2533 4794 2547 4818 ,
2581 4752 2807 4810 Peccare
2829 4751 3046 4821 quidem
3073 4767 3182 4806 non
3202 4751 3384 4822 debui,
3405 4752 3502 4815 sed
3525 4768 3689 4824 opera
3709 4754 3812 4810 mi-

2224 4845 2531 4902 sericordia;
2555 4845 2763 4912 faciam,
2784 4845 2976 4916 quibus
3001 4846 3209 4907 doleam
3234 4847 3378 4917 quod
3403 4855 3530 4904 ante
3553 4848 3770 4920 peccavi
3794 4865 3810 4917 ;

2225 4947 2283 4994 et
2306 4940 2448 4994 aliud
2477 4950 2559 4996 est
2588 4941 2767 4997 dicere
2784 4983 2800 5006 ,
2835 4941 3064 4998 Peccare
3088 4940 3282 5006 debeo,
3308 4943 3432 5012 quia
3460 4957 3565 5002 non
3596 4957 3812 5013 possum

2225 5030 2382 5085 aliter
2408 5033 2666 5088 misereri.
2700 5031 2854 5089 Aliud
2893 5041 2996 5099 est,
3024 5032 3237 5103 inquam
3255 5072 3273 5100 .
3300 5031 3477 5089 dicere
3500 5071 3515 5100 .
3545 5033 3677 5100 Quia
3703 5034 3814 5103 jam

2225 5125 2582 5194 peccavimus,
2613 5125 3046 5191 benefaciamus;
3075 5135 3132 5182 et
3155 5124 3297 5182 aliud
3325 5133 3408 5186 est
3437 5124 3635 5192 dicere,
3683 5125 3816 5186 Pec-

2225 5231 2428 5282 cemus,
2459 5227 2514 5272 ut
2545 5217 2955 5272 benel‘aciamus.
2985 5216 3060 5272 lbi
3087 5217 3297 5282 dicitur.
3327 5216 3608 5274 Faciamus
3647 5217 3813 5284 bona.

2221 5310 2347 5378 quia
2374 5311 2591 5366 fecimus
2612 5312 2750 5366 mala
2782 5331 2793 5366 :
2825 5311 2912 5367 hic
2939 5321 3139 5380 autem,
3165 5311 3442 5376 Faciamus
3470 5314 3627 5380 mala,
3657 5323 3712 5368 ut
3741 5327 3819 5368 ve-

2224 5404 2365 5456 niant
2396 5404 2523 5457 bona
2561 5405 2736 5474 (Rom.
2763 5420 2854 5472 ιιι,
2887 5405 2966 5475 8).
3001 5408 3078 5460 Ac
3104 5421 3202 5477 per
3228 5406 3330 5462 hoc
3358 5407 3428 5462 ibi
3454 5405 3814 5462 exbaurienda

2223 5505 2306 5551 est
2327 5498 2528 5550 sentina
2556 5498 2781 5566 peccati,
2805 5497 2890 5551 hic
2907 5498 3141 5552 cavenda
3161 5508 3247 5554 est
3263 5499 3502 5555 doctrina
3537 5497 3812 5569 peccandi.

2297 5591 2384 5642 55.
2439 5589 2625 5643 Restat
2679 5588 2860 5656 itaque
2908 5595 2967 5641 ut
3016 5589 3379 5660 intelligamus
3420 5592 3526 5646 illis
3573 5589 3819 5647 mulieri-

2224 5683 2352 5750 bus,
2393 5684 2478 5737 vel
2523 5685 2574 5737 in
2614 5682 2864 5754 ZEgyptO,
2908 5682 2990 5736 vel
3035 5667 3346 5738 in’Jericho
3373 5725 3387 5750 ,
3435 5699 3531 5753 pro
3574 5684 3819 5740 humani-

2225 5784 2331 5830 tate
2378 5783 2431 5830 et
2467 5773 2830 5831 misericordia
2867 5773 3126 5830 redditam
3161 5773 3326 5832 fuisse
3366 5775 3666 5832 mercedem
3710 5776 3817 5832 uti-

2226 5885 2330 5938 que
2380 5867 2748 5938 temporalem,
2785 5881 2905 5938 qute
2935 5867 3148 5938 quidem
3192 5877 3246 5924 et
3281 5868 3396 5939 ipsa
3425 5875 3684 5926 ceteruum
3712 5866 3818 5926 ali-
