4140 6216
327 405 435 465 αι

327 525 457 598 quid
483 524 648 582 etiam
679 524 786 581 illis
814 523 1172 580 nescientibus
1201 513 1505 596 praphetica
1532 524 1924 595 significatione

265 633 302 716 η
330 619 604 692 ligio-aret.
651 617 839 674 Utrum
877 629 1054 673 autem
1096 619 1167 674 sit
1191 619 1472 688 aliquando
1512 620 1594 672 vel
1625 634 1721 688 pro
1749 620 1928 688 cujus-

329 728 490 783 quam
517 711 687 766 salute
713 712 1094 778 mentiendum,
1127 728 1245 768 cum
1271 712 1494 781 quaestio
1517 712 1585 765 sit
1609 712 1660 765 in
1692 727 1791 781 qua
1818 711 1926 766 dis-

329 805 584 862 solvenda
610 804 771 860 etiam
813 805 1105 859 doctissimi
1149 805 1474 874 fatigantur,
1519 804 1670 858 valde
1715 805 1924 857 illarum

332 898 767 953 muliercularum
801 897 850 951 in
878 896 985 951 illis
1027 899 1232 967 populis
1274 897 1680 952 constitutarum
1723 907 1774 949 et
1821 896 1923 949 illis

331 993 569 1050 moribus
595 1001 929 1052 assuetarom
955 991 1247 1045 excedebat
1276 991 1514 1045 modum.
1561 991 1744 1059 Itaque
1791 991 1925 1042 hanc

329 1095 515 1137 earum
547 1082 922 1152 ignorantiam,
956 1082 1091 1135 sicut
1112 1083 1334 1135 aliarum
1362 1097 1538 1136 rerum
1570 1098 1700 1151 quas
1728 1080 1924 1150 pariter

333 1175 662 1239 nesciebant,
689 1175 782 1229 sed
808 1175 1037 1228 scienda:
1061 1185 1186 1228 sunt
1207 1189 1233 1227 a
1260 1176 1379 1230 llliis
1403 1189 1506 1228 non
1533 1174 1690 1242 hujus
1721 1172 1916 1235 smcuii,
1949 1193 1959 1198 -

329 1267 424 1322 sed
453 1267 656 1330 futuri,
690 1267 779 1322 Dei
826 1266 1081 1337 patientia
1125 1266 1423 1321 sustinebat
1453 1284 1463 1317 :
1498 1267 1585 1334 qui
1632 1274 1804 1318 tamen
1846 1265 1923 1318 eis

333 1379 428 1434 pro
460 1363 782 1433 benignitate
809 1363 1058 1428 humana,
1083 1377 1240 1431 qnam
1271 1361 1479 1414 famulis
1503 1361 1620 1430 ejus
1651 1361 1924 1429 impende-

333 1465 453 1512 raut
478 1495 494 1521 ,
537 1455 778 1525 quamvis
805 1455 1024 1510 cmleSte
1054 1453 1250 1522 aliquid
1283 1451 1631 1522 significantia
1659 1493 1672 1517 ,
1706 1452 1922 1520 prmmia

332 1559 547 1602 terrena
581 1546 852 1601 reddebat.
889 1546 956 1600 Et
993 1545 1138 1600 Raab
1177 1545 1392 1614 quidem
1429 1561 1493 1599 ex
1535 1544 1750 1599 Jeriebo
1790 1545 1922 1599 libe—

329 1648 470 1705 rata,
506 1638 558 1690 iu
591 1637 684 1692 Dei
713 1637 963 1706 populant
990 1637 1270 1692 transitum
1302 1635 1426 1690 fecit
1453 1677 1466 1700 ,
1509 1635 1596 1688 ubi
1636 1635 1920 1704 proﬁciens

332 1737 518 1799 posset
557 1728 624 1782 ad
663 1738 858 1782 aiterua
898 1737 952 1782 et
996 1728 1311 1782 immortalia
1343 1742 1563 1781 munera
1608 1727 1913 1795 pervenire,

328 1837 452 1891 qua:
477 1821 628 1875 nullo
656 1827 779 1876 sunt
807 1820 1092 1890 quaerenda
1122 1820 1417 1875 mendacio.

399 1912 630 1973 CAPUT
663 1912 803 1966 XVI.
829 1942 902 1954 —-
926 1912 1073 1966 Sitne
1096 1911 1212 1966 boni
1233 1912 1449 1966 hominis
1473 1910 1749 1982 aliquando
1790 1925 1921 1963 men-

331 2004 414 2059 tin'
442 2021 535 2075 pro
564 2004 773 2060 alterius
801 2004 981 2057 salute.
1013 2001 1158 2056 Tunc
1187 2014 1362 2056 tamen
1392 2003 1603 2072 quando
1630 2001 1758 2055 illud
1785 2017 1920 2071 opus

329 2095 530 2158 hortm
557 2105 613 2151 et
637 2113 734 2166 pro
763 2111 873 2156 suae
901 2098 1019 2150 vita:
1049 2097 1353 2150 conditione
1377 2095 1641 2148 laudabile
1669 2094 1919 2148 lsraelitis

330 2188 756 2260 exploratoribus
789 2187 1062 2257 praestitit,
1095 2187 1330 2240 nondum
1376 2194 1491 2241 erat
1535 2187 1651 2239 talis
1681 2195 1737 2238 nt
1767 2187 1832 2240 ab
1855 2201 1916 2240 ea

329 2279 652 2351 exigeretur,
697 2280 780 2335 Sit
821 2281 875 2332 in
916 2296 1002 2334 ore
1051 2290 1251 2345 vestro,
1303 2279 1416 2341 Est,
1468 2289 1574 2341 est;
1629 2277 1769 2346 Non,
1818 2294 1919 2332 non

334 2371 546 2444 (lauit.
581 2385 646 2438 ν,
674 2372 785 2443 57).
815 2371 1139 2427 Obstetrices
1181 2379 1358 2426 autem
1397 2373 1499 2425 illre
1525 2373 1765 2441 quamvis
1809 2371 1916 2426 lle-

332 2464 491 2520 brm
510 2505 526 2530 ,
556 2466 602 2519 si
632 2465 923 2519 secundum
953 2480 1166 2520 carnem
1195 2465 1563 2519 tantummodo
1590 2473 1878 2533 sapueruut
1900 2507 1915 2530 ,

330 2557 456 2629 quid
490 2567 584 2613 aut
606 2567 862 2628 quantum
904 2567 986 2613 est
1026 2558 1166 2628 quod
1197 2559 1274 2613 eis
1320 2557 1516 2627 profuit
1561 2558 1919 2612 remuneratio

331 2650 661 2721 temporalis,
688 2651 810 2721 quia
835 2651 1074 2706 fecerunt
1099 2652 1198 2704 sibi
1225 2650 1434 2715 domos,
1461 2651 1560 2703 ubi
1588 2648 1919 2719 proﬁciendo

332 2743 686 2814 minuet-int
728 2743 793 2796 ad
835 2757 952 2798 eam
993 2743 1210 2799 domum
1237 2744 1304 2797 de
1343 2759 1444 2814 qua
1491 2744 1596 2798 Deo
1635 2754 1916 2808 cantatur,

329 2834 476 2890 Beati
505 2836 596 2906 qui
619 2835 844 2892 [latitant
882 2837 934 2889 in
975 2837 1124 2889 domo
1155 2845 1277 2900 tua;
1306 2836 1357 2888 in
1397 2836 1580 2890 sarcula
1619 2835 1920 2890 swcnlorum

332 2927 614 2982 laudabunt
638 2938 683 2982 te
705 2927 874 2998 (Prol.
902 2944 1129 2992 LXXXI“,
1164 2927 1260 3000 5)?
1291 2928 1510 2983 Multum
1539 2937 1713 2983 autem
1743 2927 1918 2984 faten-

332 3020 458 3076 dum
481 3029 570 3076 est
590 3022 945 3091 pmpinquare
965 3021 1208 3091 justitize,
1233 3031 1284 3075 et
1311 3024 1550 3091 quamvis
1572 3037 1630 3076 re
1653 3022 1763 3091 ipsa
1789 3037 1920 3076 non-

334 3111 487 3178 dum,
518 3113 626 3182 jam
652 3121 826 3168 tamen
859 3128 953 3182 spe
983 3122 1143 3183 atque
1173 3113 1352 3167 indole
1381 3114 1616 3167 animum
1645 3129 1764 3167 esse
1804 3114 1919 3167 lau-

335 3202 588 3269 dandum,
620 3204 711 3273 qui
743 3218 1007 3274 nunquam
1040 3205 1139 3258 nisi
1173 3204 1272 3258 hac
1303 3205 1597 3259 intentione
1629 3206 1915 3271 mentitur,

334 3309 435 3367 qua
461 3296 577 3350 vult
618 3296 872 3366 prodesse
899 3297 1052 3352 alieni
1079 3339 1092 3360 ,
1125 3312 1322 3352 nocere
1351 3305 1527 3352 autem
1561 3298 1778 3352 nomini.
1813 3297 1920 3354 Sed

337 3401 431 3442 not
449 3402 573 3443 cum
595 3388 883 3458 quierimns
910 3389 1046 3443 sitne
1068 3389 1187 3442 boni
1211 3387 1441 3442 hominis
1470 3389 1752 3458 aliquando
1773 3405 1920 3444 men-

337 3481 419 3536 tiri
439 3522 454 3547 ,
499 3494 603 3535 non
631 3479 699 3534 de
725 3481 940 3534 homine
965 3481 1252 3550 (poterimus
1281 3481 1454 3534 adhuc
1483 3481 1547 3533 ad
1594 3480 1880 3552 [Egyptum
1903 3525 1916 3549 ,

339 3572 417 3626 vel
452 3571 524 3626 ad
563 3570 810 3636 Jcricbo,
855 3571 939 3624 vel
979 3571 1042 3625 ad
1075 3571 1418 3643 Babyloniam
1465 3573 1792 3641 pertinente,
1837 3575 1919 3628 vel

339 3665 510 3720 adhuc
539 3665 604 3719 ad
637 3665 803 3734 ipsam
834 3663 1126 3719 Jerusalem
1160 3674 1440 3727 terrenam,
1473 3681 1589 3734 qum.
1611 3665 1773 3719 servit
1800 3682 1919 3720 cum

339 3757 458 3812 liliis
483 3758 632 3821 suis;
670 3757 764 3810 sed
793 3755 859 3810 de
883 3757 999 3810 cive
1034 3755 1174 3810 illius
1201 3757 1428 3810 civitatis
1458 3773 1572 3826 quae
1600 3773 1808 3812 sursum
1840 3767 1920 3812 est

336 3851 500 3907 libera
533 3860 706 3905 mater
735 3859 913 3904 nostra
946 3859 1146 3905 aeterna
1180 3850 1230 3904 in
1263 3851 1411 3905 caelis
1452 3847 1644 3923 (Galat.
1680 3867 1729 3904 iv
1753 3893 1765 3912 ,
1811 3850 1916 3917 25,

333 3943 449 4013 26).
481 3942 550 3997 Et
580 3942 932 4012 respondetur
957 3942 1314 4012 qnarrcntibus
1347 3941 1500 3995 nobis
1535 3960 1547 3996 :
1581 3941 1741 3994 Omne
1779 3957 1918 3995 men—

337 4034 537 4088 dacium
556 4049 658 4088 non
695 4041 766 4087 est
800 4049 862 4087 ex
885 4034 1109 4088 veritate.
1139 4032 1254 4086 Filii
1285 4043 1459 4087 autem
1485 4033 1623 4087 illius
1651 4033 1878 4086 civitatis
1902 4076 1915 4099 ,

336 4126 423 4183 ﬁlii
451 4135 578 4182 sunt
609 4128 791 4197 utique
830 4126 1085 4182 veritatis.
1140 4127 1265 4195 Ejus
1310 4127 1536 4180 civitatis
1578 4127 1665 4179 lilii
1699 4133 1821 4179 sunt
1855 4125 1920 4180 de

337 4219 528 4292 quibus
565 4220 822 4290 scriptum
861 4228 968 4283 est,
1005 4220 1030 4273 Ι
1041 4237 1069 4273 η
1099 4236 1184 4273 ore
1212 4237 1380 4273 eorum
1409 4235 1506 4272 non
1556 4228 1625 4272 est
1669 4219 1921 4272 iuventuti:

335 4312 656 4369 mendacium
680 4312 858 4386 (Apoc.
889 4329 983 4367 xw
1005 4356 1019 4380 ,
1053 4313 1108 4383 5)
1139 4331 1150 4365 :
1187 4314 1300 4383 ejus
1325 4315 1552 4367 civitatis
1581 4313 1715 4367 illius
1746 4323 1826 4368 est
1855 4314 1921 4369 de

336 4419 440 4476 quo
463 4405 591 4461 item
617 4405 872 4474 scriptum
899 4414 1000 4470 est,
1035 4405 1247 4459 Verbum
1279 4407 1554 4477 suscipiens
1584 4409 1723 4476 [ilius
1754 4424 1783 4458 (ι
1810 4423 1921 4476 pcr-

331 4496 523 4551 ἇιὲοπε
551 4495 698 4566 longe
723 4496 878 4550 aberit
905 4513 924 4550 :
949 4498 1200 4568 excipiens
1226 4506 1392 4550 autem
1422 4501 1612 4568 excepit
1642 4497 1770 4551 illud
1795 4499 1915 4563 sibi,

337 4598 382 4643 ct
410 4588 542 4643 nihil
569 4587 689 4658 fulsi
714 4604 775 4641 ea:
804 4589 910 4659 ejus
940 4606 1024 4642 ore
1053 4589 1274 4657 procedit
1302 4589 1478 4660 (Prov.
1510 4606 1660 4657 xxix,
1684 4591 1799 4661 ‘27).
1833 4590 1921 4645 llis

335 4680 457 4736 ﬁliis
491 4693 740 4749 superna:
773 4679 1066 4735 Jerusalem
1109 4691 1162 4735 ct
1210 4690 1404 4734 sancta:
1444 4681 1668 4735 civitatis
1710 4691 1922 4735 artcrntc

333 4774 376 4827 si
413 4770 633 4842 quando
657 4780 714 4825 ut
749 4771 1054 4825 hominibus
1095 4773 1303 4842 obrepit
1343 4773 1725 4842 qualecumque
1770 4787 1922 4824 mcu-

332 4863 546 4918 dacium
573 4904 587 4929 ,
628 4872 855 4933 poscunt
891 4863 1157 4917 humiliter
1187 4866 1427 4931 veniam,
1462 4881 1564 4918 non
1611 4865 1732 4920 inde
1775 4882 1921 4935 qua:-

333 4964 457 5010 rtmt
487 4956 708 5022 insuper
731 4955 974 5024 gloriam.

401 5046 634 5103 CAPUT
675 5046 834 5103 XVII.
863 5076 934 5087 --
957 5048 1044 5100 31.
1087 5046 1388 5100 Obstetrices
1427 5047 1655 5101 'lel‘ﬂ’lU
1692 5057 1736 5100 ct
1780 5049 1920 5101 Raab

338 5157 454 5193 num
482 5141 717 5213 fecissent
743 5141 942 5206 melius,
968 5139 1182 5193 nolendo
1211 5140 1427 5192 mentiri.
1465 5140 1659 5210 Regula
1686 5141 1753 5192 ad
1773 5156 1922 5208 quam

334 5231 610 5303 redigenda
637 5247 749 5302 quae
775 5247 839 5284 ex
866 5229 1143 5301 Scripturis
1174 5234 1500 5300 proferuntur
1525 5231 1655 5282 celat
1695 5247 1830 5283 cxcm
1838 5231 1922 5298 pla

334 5324 632 5377 mentiendi.
655 5323 763 5378 Sed
792 5323 932 5377 dicet
959 5323 1149 5392 aliquis
1180 5340 1192 5376 :
1226 5321 1436 5389 Ergone
1475 5322 1789 5375 obstetrices
1820 5321 1922 5375 illa)

325 5425 493 5485 atque
523 5413 673 5469 Raab
696 5415 886 5469 melius
910 5413 1177 5480 iecissent,
1208 5415 1249 5467 si
1283 5414 1476 5466 nullam
1503 5413 1919 5468 n'tiscricordiam

331 5506 708 5575 pmotitissent
731 5546 748 5570 .
797 5505 1028 5560 nolendo
1057 5507 1310 5560 mentiri?
1357 5506 1467 5559 lmo
1498 5520 1628 5559 vero
1660 5506 1762 5559 illa}
1807 5523 1923 5560 mu-

334 5598 498 5653 lieres
527 5597 792 5664 liebrium,
823 5598 869 5653 si
895 5608 1076 5654 essent
1105 5600 1234 5654 tales
1265 5599 1330 5654 de
1363 5599 1607 5667 qualibus
1633 5599 1922 5667 quzcrimns

335 5699 515 5745 utrum
541 5690 614 5744 sit
637 5689 718 5747 eis
738 5691 1025 5761 aliquando
1051 5693 1432 5756 mentiendmu,
1466 5708 1562 5746 nec
1585 5692 1779 5761 aliquid
1805 5693 1921 5748 falsi

335 5780 598 5846 dicerent,
625 5789 684 5837 et
707 5780 848 5837 {teda
875 5785 1163 5839 ministeria
1187 5784 1255 5840 dc
1279 5784 1508 5853 parvulis
1530 5785 1832 5838 occidendis
1861 5785 1924 5839 li-

335 5875 571 5935 barius
597 5886 927 5933 uolarent.
961 5875 1087 5943 Sed,
1133 5876 1339 5946 inquies
1365 5918 1378 5943 ,
1413 5877 1540 5946 ipsae
1565 5887 1917 5934 morerentur.

1762 400 1965 455 LIBER
2005 399 2092 456 ΠΝ
2100 398 2200 456 US.

3519 414 3624 472 5-ὶὲ

2033 523 2104 576 At
2129 520 2250 576 vide
2278 521 2402 591 quid
2428 528 2699 592 sequatur.
2729 523 3063 580 Morerentur
3091 525 3232 581 enim
3263 529 3494 584 etelestts
3523 531 3618 588 ba-

2033 615 2302 669 bitationis
2331 615 2816 685 incomparabiliter
2839 619 3097 687 ampliore
3138 622 3412 689 mercede,
3445 640 3608 693 quam

2032 707 2219 762 domus
2243 708 2344 761 illae
2364 724 2495 777 quas
2515 710 2611 764 sibi
2635 709 2873 764 fecerunt
2899 711 2950 764 in
2979 720 3119 765 terra
3141 727 3258 768 esse
3288 724 3570 783 potuerunt
3601 735 3614 772 :

2031 814 2370 857 morerentur
2399 804 2588 857 latura:
2615 806 2665 857 in
2697 815 2893 859 mterna
2927 806 3176 861 felicitate
3199 849 3211 871 ,
3240 817 3462 862 mortem
3495 826 3617 878 per-

2031 909 2201 963 pessa:
2233 911 2325 963 pro
2356 896 2785 950 innocentissima
2818 900 3058 951 veritate.
3111 899 3244 965 Quid
3278 900 3360 953 illa
3392 902 3443 953 in
3474 901 3621 956 Jeri-

2019 981 2174 1039 'cho?
2204 987 2456 1054 munrpiid
2486 988 2584 1040 hoc
2613 992 2827 1053 posset?
2854 989 3041 1043 Nonne
3069 990 3112 1042 si
3139 1001 3439 1059 qtnereates
3469 994 3616 1049 cives

2031 1078 2334 1132 mentiendo
2363 1094 2467 1131 non
2499 1078 2705 1133 falleret
2725 1122 2739 1146 ,
2787 1096 2972 1135 verum
3006 1082 3230 1137 dicendo
3260 1085 3486 1139 latentes
3516 1087 3614 1140 ho-

2030 1173 2193 1239 Spites
2215 1172 2498 1240 proderet?
2521 1174 2598 1224 Au
2626 1184 2803 1240 posset
2826 1176 3270 1244 interrogantibus
3294 1175 3374 1248 (ιι)
3401 1177 3614 1234 dicere:
3637 1191 3648 1202 '

2030 1261 2150 1317 Scio
2184 1264 2268 1318 ubi
2299 1274 2450 1329 sunt;
2484 1266 2576 1318 sed
2601 1267 2765 1319 Deum
2796 1268 2975 1330 timeo,
3002 1282 3105 1320 non
3132 1283 3225 1322 eos
3248 1270 3413 1336 prodo
3431 1273 3455 1322 Υ
3482 1269 3616 1325 Pos-

2029 1366 2112 1409 set
2139 1356 2238 1409 hoc
2267 1357 2478 1425 quidem
2507 1357 2686 1410 dicere
2706 1400 2718 1423 ,
2754 1359 2794 1410 si
2819 1358 2929 1426 jam
2956 1369 3095 1412 esset
3128 1374 3249 1412 vera
3278 1359 3530 1415 lsraelitis
3563 1362 3615 1416 in

2029 1464 2132 1518 qua
2158 1449 2307 1502 dolus
2335 1465 2440 1502 non
2473 1460 2613 1503 esset
2656 1450 2832 1522 (Joan.
2867 1468 2919 1515 ι,
2958 1451 3046 1522 47)
3084 1471 3095 1505 :
3129 1454 3268 1523 quod
3297 1455 3469 1510 futura
3499 1465 3616 1511 erat

2029 1557 2126 1610 per
2168 1542 2586 1596 misericordiam
2636 1544 2725 1596 Dei
2775 1545 3037 1598 transiens
3077 1545 3143 1598 ad
3186 1546 3452 1601 civitatem
3497 1547 3611 1602 Dei.

2029 1635 2226 1689 Verum
2259 1636 2331 1688 illi
2363 1635 2463 1690 hoc
2483 1636 2684 1698 audito,
2712 1637 2938 1706 inquies,
2975 1639 3116 1691 illam
3145 1639 3487 1707 perimerent,
3512 1640 3613 1696 do-

2029 1742 2175 1780 mum
2203 1736 2582 1781 scrutarentur.
2627 1727 2730 1782 Sed
2761 1729 3010 1797 numquid
3043 1745 3377 1799 consequens
3407 1740 3521 1786 erat
3557 1740 3616 1788 ut

2028 1819 2146 1872 illos
2174 1820 2331 1872 etiam
2371 1834 2502 1887 quos
2547 1819 2828 1888 diligenter
2868 1822 3226 1875 occultaverat
3265 1823 3615 1879 invenirent?

2027 1913 2380 1982 Prospexerat
2406 1916 2545 1967 enim
2575 1916 2880 1970 cautissima
2917 1918 3143 1984 mulier,
3187 1928 3238 1972 ct
3282 1910 3351 1974 ibi
3390 1934 3482 1974 eos
3511 1935 3612 1990 p0-

2027 2015 2205 2060 suerat
2236 2006 2321 2059 ubi
2353 2006 2518 2059 latere
2545 2008 2860 2074 potuissent,
2887 2009 3093 2062 etiamsi
3119 2009 3164 2063 ci
3197 2010 3469 2064 mentienti
3496 2026 3614 2067 crc-

2027 2097 2192 2152 ditnm
2223 2112 2327 2150 non
2357 2097 2560 2151 fuisset.
2597 2097 2667 2150 lta
2700 2108 2750 2151 et
2781 2098 2865 2152 illa
2894 2143 2906 2156 .
2937 2101 2980 2152 si
3011 2111 3183 2154 tamen
3216 2117 3243 2153 a
3275 2102 3382 2154 suis
3407 2100 3614 2158 civibus

2026 2198 2167 2242 esset
2197 2189 2372 2242 occisa
2403 2205 2498 2256 pro
2524 2190 2901 2244 tttisct‘icot'tli;‘e
2932 2207 3092 2260 apere
3116 2235 3128 2256 ,
3163 2193 3323 2246 vitam
3372 2193 3522 2248 istam
3553 2194 3614 2248 li-

2026 2281 2272 2334 niendam
2307 2282 2323 2312 ¹
2354 2283 2587 2349 pretiosa
2619 2283 2670 2335 in
2701 2293 2987 2351 conspectu
3021 2285 3229 2337 Domini
3262 2294 3432 2340 n'iorte
3464 2287 3612 2341 linis-

2025 2382 2107 2426 set
2128 2372 2300 2441 (Paul.
2329 2389 2444 2437 cxv,
2475 2374 2586 2442 15),
2614 2383 2665 2428 et
2689 2392 2810 2444 erga
2838 2376 2954 2428 illos
2977 2378 3091 2442 ejus
3112 2376 3427 2430 beneﬁcium
3455 2377 3612 2433 inane

2025 2478 2130 2517 non
2157 2464 2361 2518 fuisset.
2391 2466 2526 2529 Sed,
2563 2468 2787 2533 implies,
2822 2468 2967 2536 quid,
2999 2469 3042 2520 si
3076 2478 3125 2521 et
3156 2468 3219 2520 ad
3251 2469 3399 2523 illum
3432 2469 3608 2526 locum

2026 2558 2116 2612 ubi
2147 2573 2236 2612 eos
2265 2561 2647 2621 occultaverat,
2681 2561 2711 2612 ii
2754 2576 2779 2612 a
2812 2562 3000 2629 quibus
3032 2563 3438 2631 quatrcbautur,
3481 2581 3610 2636 pcr-

2027 2650 2311 2704 scrntando
2332 2652 2505 2704 omnia
2535 2653 2932 2719 l'lCl‘VCllioSt'flll?
2962 2655 3064 2707 isto
3090 2655 3248 2709 modo
3270 2656 3372 2710 dici
3396 2666 3571 2726 potest
3595 2677 3608 2712 :

2025 2744 2183 2811 Quid,
2217 2745 2258 2796 si
2287 2745 2494 2798 mulieri
2526 2746 2795 2800 vilissima:
2827 2757 2983 2816 atque
3016 2750 3357 2818 turpissimzc,
3391 2768 3493 2807 non
3527 2763 3615 2808 so-

2026 2838 2136 2892 lum
2159 2838 2455 2901 mentienti,
2480 2854 2665 2892 verum
2694 2839 2851 2891 ctiam
2885 2840 3146 2908 pcjeranti
3169 2842 3386 2896 credere
3417 2844 3618 2901 noluis-

2026 2929 2186 2983 sent?
2216 2929 2416 2996 Nempe
2445 2930 2600 2983 etiam
2641 2933 2716 2984 sic
2746 2933 3096 2985 consecutura
3133 2932 3338 2989 fuerant
3374 2952 3490 3006 qua:
3534 2938 3602 2994 ti-

2026 3021 2223 3074 mendo
2263 3023 2481 3076 mentita
2527 3032 2624 3076 est.
2671 3025 2734 3076 Et
2774 3024 2858 3076 ubi
2901 3027 3148 3095 ponimus
3182 3028 3508 3084 voluntatem
3554 3046 3618 3088 ac

2027 3119 2345 3180 potestatem
2387 3112 2520 3164 Dei?
2549 3114 2626 3164 An
2664 3113 2799 3165 forte
2831 3131 2932 3167 non
2964 3124 3205 3182 poterat,
3247 3127 3300 3172 et
3329 3119 3472 3172 illam
3518 3135 3616 3176 nec

2025 3203 2229 3257 civibus
2252 3205 2360 3257 suis
2387 3205 2730 3257 mentientem
2758 3221 2854 3258 nec
2881 3205 3121 3260 homines
3153 3209 3240 3261 Dei
3276 3210 3612 3282 prodentem,

2027 3305 2079 3350 et
2105 3296 2223 3349 illos
2254 3311 2381 3350 suos
2411 3297 2476 3350 ab
2503 3297 2645 3351 οηιηὶ
2670 3298 2906 3358 pernicie
2935 3298 3245 3354 custodire?
3272 3301 3311 3354 Α
3337 3317 3442 3372 quo
3470 3303 3615 3360 enim

2027 3394 2078 3440 et
2106 3394 2225 3456 post
2251 3386 2488 3441 mulieris
2519 3387 2851 3441 mendacium
2882 3389 3129 3444 custoditi
3159 3401 3302 3456 sunt,
3332 3394 3398 3446 ab
3425 3409 3490 3448 eo
3521 3412 3616 3464 po-

2029 3484 2262 3540 tuerunt,
2299 3479 2396 3530 etsi
2432 3478 2518 3531 illa
2548 3479 2766 3533 mentita
2794 3495 2897 3533 non
2935 3492 3094 3546 esset,
3126 3483 3305 3552 utique
3334 3485 3609 3540 custodiri.

2029 3569 2135 3623 Nisi
2165 3570 2299 3623 forte
2329 3571 2479 3625 obliti
2509 3589 2692 3625 smnus
2721 3573 2820 3626 hoc
2851 3572 3011 3628 fuisse
3040 3576 3090 3629 in
3120 3576 3363 3633 Sodomis
3395 3578 3610 3646 factum,

2027 3661 2115 3714 ubi
2147 3662 2366 3714 masculi
2394 3663 2443 3713 in
2470 3664 2736 3716 masculos
2760 3665 2985 3717 nefanda
3015 3665 3231 3720 libidine
3258 3670 3489 3734 accensi,
3515 3685 3613 3726 nec

2027 3756 2220 3809 ostium
2249 3755 2438 3808 domus
2464 3757 2513 3807 in
2544 3771 2643 3824 qua
2677 3765 2829 3810 erant
2856 3774 2988 3825 quos
3018 3760 3345 3827 quaerebant,
3377 3762 3616 3818 invenire

2028 3856 2312 3916 potuerunt
2337 3865 2349 3909 ;
2382 3849 2590 3915 quando
2617 3849 2698 3901 vir
2722 3849 2898 3917 justus
2931 3851 2979 3902 in
3013 3865 3171 3904 causa
3200 3853 3415 3906 omnino
3442 3853 3612 3908 simil-

2027 3939 2150 3992 lima
2174 3953 2270 4007 pro
2292 3939 2399 3992 suis
2428 3938 2721 4006 hospitibus
2752 3941 2960 3992 mentiri
2995 3942 3181 4008 noluit,
3212 3958 3346 4012 quos
3373 3957 3494 3997 esse
3519 3959 3614 3999 an-

2026 4032 2174 4098 gelos
2200 4030 2490 4093 nesciebat,
2525 4038 2577 4083 et
2608 4029 2710 4082 vim
2738 4039 2908 4084 morte
2942 4033 3175 4101 pejorcm
3210 4049 3276 4089 ne
3305 4044 3616 4103 paterentur

2027 4120 2266 4174 timebat.
2301 4122 2364 4174 lit
2391 4130 2535 4175 certe
2562 4132 2766 4190 poterat
2795 4123 2918 4176 talia
2965 4125 3289 4193 respondere
3332 4130 3617 4197 quzerenli-

2025 4215 2159 4280 bus,
2211 4215 2383 4283 qualia
2434 4213 2484 4267 in
2521 4214 2735 4269 Jericho
2783 4217 2973 4271 mulier
3017 4218 3101 4270 illa
3149 4220 3440 4289 respondit.
3483 4219 3616 4278 Nam

2029 4322 2247 4378 prorsus
2275 4308 2516 4362 similiter
2539 4317 2592 4361 et
2623 4309 2694 4360 illi
2728 4310 3103 4380 interrogando
3132 4313 3476 4382 qtnesierunt.
3506 4313 3615 4371 Sed

2027 4400 2188 4455 homo
2212 4401 2383 4470 justus
2415 4402 2582 4455 noluit
2620 4417 2714 4470 pro
2741 4405 3052 4469 corporibus
3081 4404 3343 4475 hospitum
3385 4406 3615 4463 animum

2028 4509 2177 4549 suam
2206 4511 2302 4548 suo
2339 4495 2614 4548 mendacio
2642 4495 2916 4559 maeulari,
2952 4510 3047 4563 pro
3077 4497 3268 4563 quibus
3293 4498 3458 4550 voluit
3494 4514 3616 4552 cor-

2030 4603 2158 4658 pora
2187 4589 2414 4641 filiarum
2455 4588 2641 4640 aliena:
2683 4586 2914 4638 libidinis
2957 4587 3233 4654 iniquitate
3275 4589 3378 4640 vim
3410 4592 3616 4657 perpeti

2031 4681 2183 4751 (Gen.
2217 4695 2306 4733 xxx
2336 4722 2347 4742 ,
2381 4677 2550 4748 5-H).
2584 4677 2763 4730 Faciat
2807 4691 2931 4746 ergo
2960 4677 3121 4730 homo
3165 4678 3322 4731 etiam
3358 4694 3454 4747 pro
3487 4690 3618 4734 lem-

2029 4771 2196 4841 porali
2237 4770 2510 4822 hominum
2554 4768 2722 4821 salute
2762 4767 2902 4837 quod
2933 4776 3149 4835 potest:
3180 4785 3300 4822 cum
3333 4781 3509 4826 autem
3553 4775 3616 4827 ad

2030 4863 2172 4916 hunc
2199 4860 2476 4914 articulum
2501 4869 2717 4913 ventum
2744 4860 2920 4924 fuerit,
2952 4869 3010 4914 ut
3038 4861 3123 4913 tali
3157 4862 3311 4915 saluti
3338 4865 3618 4918 consulere

2030 4954 2128 5010 nisi
2163 4952 2431 5022 peccando
2461 4967 2565 5003 non
2597 4954 2793 5019 possit,
2837 4953 2944 5020 jam
2988 4967 3045 5006 se
3075 4953 3345 5008 existimet
3377 4971 3478 5008 non
3519 4954 3618 5008 ba~

2029 5045 2155 5100 bere
2185 5043 2309 5113 quid
2337 5041 2514 5107 faciat,
2545 5041 2755 5110 quando
2780 5042 2828 5095 id
2857 5044 3116 5112 reliquum
3143 5059 3260 5098 esse
3289 5048 3617 5114 perspexerit

2029 5135 2168 5205 quod
2199 5150 2304 5187 non
2333 5140 2475 5185 recte
2509 5132 2683 5184 faciat.
2718 5132 2946 5186 Proinde
2979 5133 3124 5187 Raab
3155 5135 3205 5186 in
3238 5133 3470 5196 Jericho,
3497 5139 3616 5204 quia

2028 5225 2340 5296 peregrinos
2386 5223 2629 5276 homines
2678 5224 2771 5275 Dei
2811 5225 3043 5293 suscepit
3087 5225 3357 5294 hOSpitio,
3401 5228 3518 5295 quia
3564 5227 3612 5280 iu

2029 5333 2213 5372 eorum
2238 5315 2576 5384 susceptione
2599 5314 2890 5384 periclitata
2911 5326 3009 5382 est,
3028 5318 3147 5386 quia
3169 5318 3218 5370 in
3243 5333 3426 5370 eorum
3451 5317 3611 5370 Deum

2028 5410 2273 5475 credidit,
2301 5409 2419 5478 quia
2437 5408 2718 5476 diligenter
2739 5423 2829 5461 eos
2856 5407 2943 5460 ubi
2969 5409 3134 5477 potuit
3157 5409 3466 5474 occultavit,
3493 5410 3613 5478 quia

2031 5519 2125 5574 per
2143 5505 2298 5558 aliam
2316 5491 3039 5558 viamremeandiconsilium
3067 5500 3609 5568 lidelissiuunndedit,

2030 5600 2189 5655 etiam
2221 5615 2464 5670 superate
2492 5598 2790 5653 Jerusalem
2819 5598 3020 5651 civibus
3061 5597 3313 5650 imitanda
3343 5596 3607 5651 laudetur.

2095 5829 2112 5890 ξ
2147 5826 2332 5889 Aliquot
2350 5834 2480 5890 _Mss.,
2506 5828 2706 5890 foueam.

2095 5887 2166 5950 (η)
2191 5883 2327 5938 t-‘orte
2350 5883 2632 5952 legendum,
2659 5900 2718 5936 an
2752 5899 2842 5936 non
2867 5890 3019 5949 posset
3052 5883 3468 5948 interrogantibus.
