4166 6208
536 438 541 442 ,
563 379 675 439 M3

562 494 717 568 Quod
741 503 918 554 autem
948 494 1167 552 mentita
1196 503 1300 558 est.
1330 494 1539 551 etiamsi
1570 493 1766 564 aliquid
1808 492 1877 547 ibi
1912 490 2143 561 prophe-

566 588 729 645 ticum
757 588 1114 659 intelligenter
1137 589 1425 657 exponitur
1447 629 1462 653 ,
1495 602 1602 641 non
1627 594 1805 640 tamen
1833 584 2146 639 imitandum

563 681 836 750 sapienter
874 679 1187 749 proponitur
1220 696 1233 733 :
1263 679 1507 751 quamvis
1537 679 1678 734 Deus
1719 678 1806 733 illa
1848 680 1984 733 bona
2028 692 2145 732 me-

560 770 895 826 morabiliter
919 770 1262 825 honoraverit
1284 810 1299 835 ,
1329 770 1431 826 hoc
1459 770 1658 826 malum
1683 770 1971 826 clementer
1992 769 2146 840 igno-

561 861 721 917 verit.

632 952 725 1009 55.
751 951 881 1020 Quae
919 966 1042 1008 cum
1073 942 1145 1008 ita
1173 954 1302 1020 sint,
1345 954 1594 1026 quoniam
1622 955 1782 1010 nimis
1808 954 2021 1025 longum
2065 962 2149 1010 est

558 1044 739 1101 omnia
770 1052 1114 1114 pertractare,
1137 1060 1255 1115 quae
1280 1046 1334 1101 in
1360 1046 1448 1103 illa
1478 1045 1633 1102 Libra
1666 1046 1878 1101 Dictinii
1907 1054 2032 1099 sunt
2054 1060 2148 1115 po-

558 1136 663 1193 sita
683 1136 829 1191 velut
872 1134 1125 1191 imitanda
1154 1138 1397 1208 exempla
1425 1136 1715 1193 mentiendi
1747 1156 1760 1190 :
1808 1135 1876 1192 ad
1905 1136 2041 1192 hanc
2061 1152 2146 1192 re-

560 1229 739 1301 gulam
768 1227 898 1283 mihi
926 1228 1172 1286 videntur
1208 1245 1317 1285 non
1337 1230 1511 1285 solum
1532 1229 1655 1295 ista,
1687 1244 1871 1285 verum
1913 1228 2073 1284 etiam
2101 1228 2146 1283 si

561 1335 667 1393 qua
698 1329 826 1376 sunt
855 1321 977 1375 talia
1003 1320 1309 1392 redigenda,
1339 1330 1398 1383 ut
1434 1331 1524 1377 aut
1548 1321 1691 1392 quod
1721 1337 1841 1378 esse
1884 1321 2142 1388 creditur,

562 1411 876 1467 ostendatur
903 1427 1007 1467 non
1025 1428 1142 1469 esse
1163 1412 1533 1479 mendacium;
1563 1412 1677 1469 sive
1709 1414 1795 1469 ubi
1820 1422 2021 1469 tacetur
2051 1427 2144 1467 ve-

560 1517 701 1570 rum,
731 1517 828 1557 nec
871 1502 1065 1558 dicitur
1110 1503 1297 1559 falsum
1329 1521 1344 1571 ;
1370 1503 1484 1559 sive
1514 1503 1605 1559 ubi
1639 1504 1954 1575 signiﬁcatio
1981 1519 2143 1558 verax

558 1593 705 1651 aliud
724 1609 791 1650 ex
816 1594 919 1649 alio
946 1595 1059 1649 vult
1080 1595 1318 1666 intelligi,
1337 1594 1479 1666 quod
1497 1608 1666 1666 genus
1694 1595 2038 1665 ﬁguratorum
2063 1593 2144 1649 vel

559 1682 823 1740 dictorum
847 1684 929 1740 vel
960 1683 1219 1740 factorum
1268 1685 1502 1740 abundat
1543 1686 1594 1740 in
1626 1684 1950 1756 propheticis
1977 1684 2145 1740 Litte-

563 1776 641 1832 ris
668 1794 681 1831 :
709 1786 803 1832 aut
821 1792 939 1848 quae
965 1778 1349 1831 convincuntur
1369 1791 1490 1832 esse
1538 1775 1837 1839 mendacia,
1886 1790 1992 1831 non
2026 1790 2146 1831 esse

559 1866 818 1924 imitanda
849 1878 1232 1933 monstrentur,
1260 1876 1313 1923 ct
1342 1871 1384 1922 si
1410 1883 1513 1938 qua
1543 1868 1698 1924 nobis
1716 1876 1774 1923 ut
1797 1868 1899 1923 alia
1929 1877 2145 1938 peccata

565 1957 951 2027 subrepserint,
984 1972 1089 2011 non
1111 1959 1191 2012 eis
1225 1955 1557 2013 tribuendam
1580 1958 1867 2029 justitiam,
1906 1958 2002 2014 sed
2051 1974 2146 2014 ve-

559 2047 704 2103 niam
729 2048 1119 2118 pustulandam.
1170 2048 1282 2104 lloc
1320 2049 1536 2119 quidem
1567 2051 1696 2103 mihi
1732 2048 1940 2105 videtur
1962 2066 1977 2116 ;
2000 2057 2055 2105 et
2076 2048 2144 2103 ad

557 2140 715 2196 istam
732 2141 1049 2195 sententiam
1072 2155 1158 2195 me
1173 2142 1418 2211 superius
1447 2140 1713 2212 disputata
1730 2142 2077 2212 compellunt.

630 2232 855 2290 CAPUT
895 2232 1079 2287 XVIII.
1110 2263 1181 2273 —
1200 2233 1287 2289 56.
1318 2234 1398 2288 An
1425 2234 1761 2289 mentiendum
1804 2245 1858 2288 ut
1886 2251 2022 2306 wgro
2065 2251 2145 2289 ce-

558 2326 709 2391 letur,
733 2325 867 2393 quod
888 2328 935 2378 ei
956 2334 1163 2379 mortem
1188 2321 1411 2392 afferret.
1441 2324 1564 2380 Non
1591 2327 1866 2381 timendum
1889 2343 1951 2381 ne
1977 2327 2143 2381 hami.

556 2417 674 2471 cida
720 2415 918 2468 dicatur
944 2416 1145 2468 veritas.
1199 2413 1456 2470 Permissa
1486 2416 1746 2470 mendacio
1792 2416 1846 2470 in
1876 2416 2134 2488 proposito

556 2523 699 2575 casu,
726 2523 877 2575 quam
920 2505 1119 2577 difﬁcile
1143 2505 1416 2560 mendaciis
1451 2508 1578 2576 ﬁnes
1603 2508 1829 2579 ﬁguntur
1866 2522 1929 2562 ne
1949 2524 2145 2563 succre-

555 2609 699 2655 scant
741 2614 895 2669 usque
934 2597 1002 2652 ad
1028 2598 1252 2670 perjuria
1286 2608 1332 2651 et
1380 2598 1736 2669 blaspltemias.
1766 2599 1925 2654 Acute
1968 2610 2144 2655 contra

555 2691 806 2746 mendacii
836 2690 1086 2745 doctores.
1126 2690 1320 2745 Verum
1373 2692 1494 2760 quia
1542 2690 1788 2748 homines
1840 2705 2045 2759 sumus,
2090 2703 2145 2749 et

557 2784 699 2841 inter
741 2785 983 2840 homines
1019 2784 1267 2848 vivimus,
1299 2784 1572 2857 fateorque
1623 2799 1708 2839 me
1754 2783 1991 2840 nondum
2021 2800 2144 2841 esse

558 2878 612 2934 in
639 2892 822 2934 eorum
842 2891 1063 2932 numero
1084 2890 1218 2947 quos
1234 2877 1631 2947 compensativa
1649 2884 1864 2946 peccata
1883 2891 1994 2931 non
2025 2884 2139 2932 tur-

557 2967 687 3024 bant
713 2984 729 3035 ;
761 2983 904 3039 saepe
929 2983 1016 3023 me
1038 2968 1089 3022 in
1118 2967 1277 3023 rebus
1297 2966 1542 3023 humanis
1557 2967 1719 3022 vincit
1741 2982 1932 3023 sensus
1955 2966 2144 3023 huma-

558 3075 683 3129 nus,
714 3075 812 3115 nec
841 3060 1092 3116 resistere
1115 3059 1268 3114 valeo
1293 3075 1415 3114 cum
1437 3060 1565 3114 mihi
1592 3059 1785 3116 dicitur
1810 3079 1823 3116 :
1850 3060 1990 3117 Ecce
2011 3076 2141 3133 gra-

558 3153 611 3208 vi
637 3153 824 3210 morbo
868 3151 1198 3222 periclitatur
1231 3159 1483 3222 aegrotus,
1511 3151 1664 3223 cujus
1692 3153 1803 3223 jam
1831 3153 2136 3212 vireslerre

559 3259 667 3300 non
696 3245 919 3316 possint,
937 3244 982 3298 si
1006 3244 1055 3300 ei
1083 3252 1325 3299 mortuus
1346 3244 1536 3299 unicus
1558 3253 1613 3299 et
1635 3244 1979 3303 charisslmus
2005 3247 2145 3303 tilias

559 3339 867 3404 nuntietur;
898 3353 928 3392 a
968 3346 1021 3392 te
1047 3337 1237 3408 quaerit
1276 3353 1342 3391 an
1376 3337 1538 3403 vivat,
1568 3352 1727 3407 quem
1774 3337 1933 3393 vitam
1961 3337 2144 3395 (inisse

560 3439 619 3486 tu
648 3429 825 3493 nosti;
853 3429 979 3499 quid
1027 3428 1396 3499 respondebis,
1440 3430 1651 3499 quando
1705 3430 1961 3502 quidquid
2003 3431 2146 3488 aliud

562 3521 763 3578 dixeris
798 3531 992 3592 pnnter
1038 3537 1198 3576 unum
1246 3521 1314 3576 de
1344 3520 1549 3588 tribus;
1578 3531 1691 3588 aut,
1738 3522 1976 3578 Mortuus
2027 3531 2143 3590 est;

563 3624 676 3679 aut,
704 3615 870 3682 vivit;
896 3623 1007 3679 aut,
1066 3613 1285 3681 nescio;
1315 3614 1447 3670 nihil
1491 3614 1633 3670 aliud
1657 3615 1829 3671 credit
1873 3616 1962 3671 ille
1987 3630 2145 3687 quam

561 3716 832 3765 mortuum
856 3723 871 3775 ;
893 3704 1034 3778 quod
1077 3714 1132 3762 te
1166 3706 1409 3777 intelligit
1443 3706 1631 3762 timere
1677 3706 1882 3775 dicere,
1905 3716 1959 3763 et
2004 3707 2146 3763 nolle

561 3800 815 3858 mentiri?
838 3800 1190 3856 'l‘antumdem
1217 3798 1376 3867 valet,
1427 3798 1633 3854 etiamsi
1673 3798 1819 3853 omni
1867 3798 2027 3853 modo
2059 3809 2141 3854 ta-

561 3893 755 3950 cueris.
788 3892 867 3948 Ex
889 3891 991 3947 illis
1018 3902 1193 3947 autem
1226 3891 1395 3947 tribus
1418 3890 1522 3947 duo
1549 3890 1681 3946 falsa
1693 3901 1835 3958 sunt,
1862 3891 2040 3958 Vivit;
2070 3901 2143 3960 et,

562 3987 777 4053 nescio;
805 4000 906 4041 nec
930 3986 1026 4040 abs
1047 3994 1100 4040 te
1128 3984 1234 4039 dici
1277 3993 1502 4054 possunt
1532 3983 1633 4038 nisi
1658 3982 1987 4039 mentiendo.
2013 3984 2147 4041 Illud

560 4089 736 4133 autem
767 4093 928 4132 unum
957 4092 1163 4141 verum,
1183 4075 1234 4130 id
1263 4084 1367 4144 est,
1386 4087 1656 4131 mortuum
1681 4090 1825 4145 esse,
1846 4076 1891 4131 si
1921 4077 2138 4147 dixeris,

563 4178 620 4224 et
642 4167 934 4238 perturbati
976 4168 1202 4222 hominis
1248 4182 1394 4221 mors
1419 4166 1580 4221 fuerit
1630 4168 1938 4237 subsecuta,
1964 4170 2062 4226 abs
2090 4180 2142 4227 te

563 4259 771 4314 occisus
801 4272 919 4312 csse
964 4257 1295 4312 clamabitur.
1327 4258 1389 4311 Et
1417 4258 1537 4327 quis
1555 4256 1688 4312 ferat
1714 4258 1958 4314 homines
1979 4276 2145 4333 exag-

563 4361 810 4419 get-antes
827 4357 1081 4418 quantum
1103 4349 1172 4402 sit
1189 4347 1311 4402 mali
1340 4347 1554 4402 salubre
1580 4347 1913 4402 mendacium
1940 4349 2144 4407 devita-

563 4442 630 4506 ri,
658 4452 709 4497 et
737 4438 1054 4495 homicidam
1094 4439 1238 4510 diligi
1273 4441 1551 4495 veritatem
1578 4439 1601 4493 ἲ
1629 4438 1845 4495 Moveor
1872 4439 1953 4494 his
1982 4459 2148 4514 oppo-

560 4533 679 4591 sitis
708 4535 1073 4600 vehementer,
1102 4531 1196 4587 sed
1215 4532 1408 4588 mirum
1439 4532 1483 4586 si
1515 4531 1674 4587 etiam
1694 4531 1980 4602 sapienter.
2007 4535 2141 4591 Cum

560 4628 703 4684 enim
749 4640 1075 4697 proposuero
1120 4636 1242 4680 ante
1271 4625 1687 4697 qualescumque
1734 4625 1919 4682 oculos
1968 4629 2145 4685 cordis

563 4720 665 4775 mei
694 4718 1074 4790 intelligibilein
1107 4717 1244 4773 illius
1274 4718 1740 4788 pulchritudinem,
1768 4719 1836 4776 de
1859 4720 2011 4790 cujus
2038 4737 2133 4778 ore

560 4812 677 4867 falsi
706 4813 833 4865 nihil
882 4809 1121 4881 procedit
1148 4826 1163 4875 ;
1193 4811 1433 4880 quamvis
1460 4811 1549 4866 ubi
1575 4810 1787 4867 radians
1816 4813 1984 4884 magis
2024 4829 2142 4870 ma-

560 4906 745 4975 gisqne
773 4903 1019 4957 clarescit
1072 4902 1289 4969 veritas,
1342 4901 1411 4956 ibi
1465 4902 1728 4972 palpitans
1788 4919 1907 4959 mea
1956 4921 2144 4961 rever-

562 4997 777 5049 beratur
819 4993 1098 5048 inﬁrmitas
1126 5012 1140 5048 :
1170 5002 1346 5049 tamen
1400 4993 1478 5048 sic
1531 5008 1713 5049 amore
1757 4996 1885 5049 tanti
1936 4995 2145 5054 decoris

562 5087 846 5155 accendor,
871 5096 926 5141 ut
942 5097 1127 5141 cuncta
1141 5102 1259 5157 qua:
1276 5085 1398 5140 inde
1411 5100 1496 5140 me
1510 5098 1758 5141 revocant
1771 5086 1998 5143 humana
2020 5105 2145 5146 con-

563 5178 944 5232 tetnttatn.b'cd
966 5180 1187 5231 multum
1214 5186 1295 5232 est
1322 5187 1378 5232 ut
1425 5178 1524 5232 iste
1550 5177 1602 5232 in
1649 5186 1853 5233 tantum
1882 5196 2140 5251 perseve-

564 5280 646 5327 ret
670 5269 910 5334 allectus,
940 5284 1008 5324 ne
1057 5271 1106 5323 in
1138 5270 1430 5324 tentatione
1458 5268 1599 5324 desit
1649 5270 1889 5327 ell‘ectus.
1921 5272 2031 5328 Nec
2055 5289 2141 5329 me

563 5373 740 5417 mmet
780 5361 1228 5429 contemplantem
1280 5362 1599 5417 luminosnm
1647 5363 1842 5418 bonum
1867 5406 1882 5429 ,
1948 5366 2000 5419 in
2039 5383 2146 5436 quo

562 5453 822 5510 mendacii
879 5454 1112 5508 tenebrae
1155 5455 1313 5510 nullae
1362 5466 1507 5521 sunt,
1548 5456 1689 5526 quod
1738 5459 1889 5513 nobis
1936 5462 2145 5518 mentiri

564 5545 865 5604 nolentibus
894 5557 947 5602 et
976 5546 1280 5605 hominibus
1305 5564 1437 5605 vero
1466 5548 1647 5603 audito
1676 5552 2022 5608 morientibus
2051 5553 2147 5608 ho-

565 5643 759 5700 micida
811 5643 1005 5698 dicitur
1056 5644 1270 5699 veritas.
1320 5644 1584 5710 Numquid
1627 5646 1769 5701 enim
1798 5647 1843 5701 si
1898 5657 2144 5718 stuprum

566 5744 781 5805 expetat
808 5737 1091 5806 impudica,
1115 5747 1169 5791 et
1196 5745 1246 5791 te
1275 5753 1378 5792 non
1406 5740 1792 5805 consentiente,
1818 5754 1961 5795 saevo
1987 5756 2145 5796 amo-

569 5840 631 5883 re
658 5827 960 5897 perturbata
1003 5827 1280 5895 moriatur,
1337 5826 1601 5885 homicida
1629 5829 1731 5884 erit
1782 5838 1837 5887 et
1883 5833 2149 5891 castitas?

1618 377 1887 434 CONI'RA
1926 370 2345 440 MENDACIUM,
2386 370 2443 427 S.
2475 369 2840 429 AUGUSTINI

3740 383 3849 440 δη

2257 490 2339 544 An
2362 502 2491 544 vero
2533 488 2655 560 quia
2704 489 2946 561 legimus,
2976 487 3163 545 Christi
3217 488 3378 545 bonus
3405 490 3535 547 odor
3566 508 3744 552 sumus
3783 499 3840 554 in

2255 582 2390 634 omni
2415 582 2543 645 loco,
2569 590 2614 635 et
2642 582 2695 636 in
2724 582 2784 636 iis
2811 584 2897 653 qui
2924 583 3049 637 salvi
3079 585 3233 653 ﬁunt,
3247 596 3295 639 et
3318 585 3371 639 in
3396 586 3459 641 iis
3485 587 3571 657 qui
3590 601 3799 659 pereunt
3820 608 3845 660 ,'

2254 674 2370 728 aliis
2395 674 2595 743 quidem
2623 675 2752 730 odor
2772 676 2885 731 vitta
2909 676 2963 730 in
2982 676 3158 744 vitam,
3190 678 3305 733 aliis
3324 688 3495 734 autem
3514 681 3642 735 odor
3661 686 3841 740 mortis

2253 765 2305 819 in
2325 776 2533 821 mortem
2559 784 2578 831 ;
2617 767 2778 823 etiam
2793 767 3014 824 odorem
3034 767 3227 824 Christi
3257 773 3717 840 pronuntiabimus
3736 775 3839 832 bo-

2253 855 2537 911 micidam?
2560 855 2666 912 Sed
2686 856 2808 928 quia
2840 858 3083 914 homines
3108 873 3314 923 sumus,
3343 870 3399 916 et
3442 876 3540 917 nos
3568 863 3622 918 in
3649 863 3838 936 hujus-

2253 947 2401 1002 modi
2444 948 2828 1019 quaestionibus
2858 958 2913 1005 et
2961 950 3477 1010 contradictiOnibus
3519 955 3836 1029 plerumque

2253 1050 2468 1110 superat
2491 1048 2582 1096 aut
2608 1040 2790 1112 fatigat
2829 1056 3020 1098 sensus
3044 1041 3332 1110 humanus,
3362 1045 3485 1102 ideo
3512 1063 3637 1104 mox
3665 1058 3722 1105 et
3746 1051 3837 1107 ille

2252 1130 2494 1201 subjecit,
2520 1128 2588 1184 Et
2609 1130 2676 1185 ad
2699 1133 2807 1187 lia'c
2832 1131 2945 1204 quis
2972 1131 3183 1189 idoneus
3205 1133 3272 1206 (ll
3296 1133 3414 1192 Cor.
3448 1153 3507 1202 ιι,
3534 1139 3603 1195 15
3628 1150 3675 1194 ct
3703 1142 3796 1212 lti)
3815 1143 3840 1195 ’ἒ

2325 1222 2411 1277 37.
2442 1221 2556 1277 lluc
2601 1222 2825 1290 accedit,
2857 1224 2945 1279 ubi
2996 1224 3353 1283 miserabilius
3388 1228 3694 1299 ejulandum
3725 1242 3832 1302 est,

2251 1313 2393 1385 quod
2424 1314 2469 1369 si
2495 1316 2917 1370 concesserimus
2960 1331 3057 1387 pro
3087 1318 3259 1374 salute
3287 1318 3429 1375 illius
3453 1321 3581 1391 aegri
3622 1321 3690 1378 de
3723 1324 3832 1381 vita

2252 1406 2474 1477 liliiejus
2489 1405 2650 1463 fuisse
2664 1408 3049 1479 mentiendum,
3064 1409 3136 1465 ita
3160 1411 3409 1481 paulatim
3430 1414 3837 1488 minutatimque

2251 1498 2544 1553 succrescit
2568 1497 2672 1555 hoc
2692 1499 2914 1568 malum,
2937 1508 2996 1557 et
3017 1501 3268 1558 brevibus
3290 1506 3594 1562 accessibus
3618 1507 3685 1562 ad
3713 1518 3835 1564 tan-

2253 1597 2363 1644 tum
2378 1604 2622 1646 acervum
2640 1591 3036 1649 mendaciorum
3051 1594 3432 1651 sceleratorum
3447 1598 3646 1653 sensim
3660 1599 3838 1656 subin-

2252 1682 2440 1738 trando
2460 1683 2784 1755 perducitur,
2804 1691 2862 1740 ut
2875 1700 3141 1757 nunquam
3157 1688 3323 1758 possit
3343 1689 3549 1758 penitus
3574 1690 3797 1748 inveniri
3813 1731 3833 1759 ,

2250 1775 2341 1830 ubi
2388 1784 2546 1831 tantm
2607 1777 2744 1848 pesti
2794 1792 2890 1849 per
2934 1778 3154 1834 minima
3222 1780 3576 1837 additamenta
3628 1783 3683 1838 in
3728 1785 3830 1840 im-

2250 1883 2494 1924 mensum
2540 1870 2928 1925 convalescenti
2980 1872 3150 1941 possit
3191 1872 3396 1928 obsisti.
3443 1872 3596 1930 Unde
3649 1878 3833 1946 provi-

2249 1957 2558 2014 dentissime
2607 1960 2861 2028 scriptum
2906 1971 3024 2015 est:
3056 1961 3154 2028 Qui
3173 1963 3370 2017 modica
3395 1965 3608 2034 spernit,
3639 1967 3831 2036 paula-

2250 2049 2341 2102 tim
2392 2048 2574 2102 decidit
2602 2047 2803 2119 (Eccli.
2836 2052 2996 2119 x1x,l
3029 2054 3069 2122 ).
3115 2051 3288 2121 Quid,
3338 2053 3481 2125 quod
3507 2055 3629 2110 vita:
3670 2055 3827 2127 hujus

2252 2139 2380 2194 tales
2396 2148 2682 2208 amatores,
2709 2150 2764 2196 ut
2791 2157 2909 2197 eam
2941 2157 3046 2198 non
3075 2142 3321 2200 dubitent
3348 2160 3655 2217 prmponere
3681 2149 3827 2205 veri-

2250 2233 2448 2310 tat_i,ne
2469 2232 2629 2287 homo
2648 2233 2926 2302 moriatur,
2970 2233 3078 2289 imo
3103 2244 3162 2291 ιιι
3180 2235 3342 2292 homo
3368 2238 3681 2310 quandoque
3712 2218 3833 2296 mo-

2248 2326 2447 2381 riturus
2499 2326 2768 2398 aliquanto
2788 2326 2960 2383 serius
3003 2328 3281 2396 moriatur,
3311 2344 3416 2385 non
3444 2340 3644 2387 tantum
3670 2347 3828 2389 meu-

2252 2419 2359 2483 tiri,
2391 2417 2485 2474 sed
2514 2419 2674 2473 etiam
2703 2418 2943 2489 pejerare
2991 2433 3087 2474 nos
3114 2420 3335 2487 volunt;
3381 2429 3438 2476 ut
3491 2422 3735 2479 videlicet
3760 2441 3830 2482 ne

2248 2510 2520 2582 aliquanto
2545 2511 2702 2567 citius
2731 2519 2966 2566 transeat
3009 2526 3143 2567 vana
3170 2512 3314 2569 salus
3352 2514 3603 2583 hominis,
3630 2532 3828 2575 nomen

2248 2600 2458 2655 Domini
2489 2601 2582 2656 Dei
2621 2602 2788 2656 nostri
2817 2601 3139 2672 accipiamus
3179 2603 3232 2658 in
3274 2604 3511 2661 vanum?
3540 2608 3607 2663 Et
3622 2617 3750 2681 sunt
3774 2610 3827 2665 in

2247 2693 2325 2748 eis
2364 2692 2527 2759 docti,
2557 2692 2647 2763 qui
2690 2695 2848 2749 etiam
2886 2695 3095 2765 regulas
3134 2697 3297 2767 ligant
3337 2697 3575 2768 ﬁnesque
3620 2701 3827 2756 consti-

2249 2792 2417 2852 tuant,
2442 2784 2653 2856 quando
2680 2784 2891 2853 debeat,
2924 2787 3135 2857 quando
3163 2802 3268 2844 non
3282 2789 3474 2844 debeat
3498 2794 3745 2861 pejerari.
3782 2794 3827 2850 0

2248 2873 2338 2930 ubi
2355 2876 2505 2941 estis,
2529 2874 2702 2931 fontes
2723 2875 3076 2948 laerymarum
3101 2878 3124 2933 ?
3151 2878 3220 2934 Et
3246 2879 3371 2950 quid
3397 2878 3654 2937 iaciemus
3676 2882 3700 2937 ?
3722 2899 3829 2955 quo

2247 2966 2484 3023 ibimus?
2514 2966 2603 3023 ubi
2626 2982 2725 3023 nos
2745 2967 3129 3026 occultabimus
3148 2970 3215 3025 ab
3242 2971 3316 3025 ira
3343 2972 3601 3039 veritatis,
3644 2974 3690 3030 si
3716 2988 3825 3032 non

2247 3057 2422 3114 solum
2449 3059 2763 3131 negligimus
2798 3075 2989 3116 cavere
3016 3060 3313 3128 mendacia,
3344 3063 3438 3119 sed
3461 3063 3717 3121 audemus
3748 3066 3829 3122 in-

2250 3164 2411 3221 super
2454 3149 2645 3206 decere
2672 3150 2944 3222 perjuria?
2975 3149 3216 3206 Viderint
3240 3153 3384 3208 enim
3413 3162 3712 3211 assertores
3733 3155 3830 3213 de-

2249 3242 2592 3313 fensoresque
2638 3241 2896 3297 mendacii
2920 3241 3074 3312 quale
3100 3258 3269 3313 genus
3298 3245 3380 3299 vel
3413 3246 3588 3315 qualia
3630 3262 3826 3317 genera

2248 3332 2540 3388 mentiendi
2566 3332 2965 3402 eosjustiﬁcare
2982 3332 3248 3389 delectet:
3278 3336 3468 3392 saltem
3512 3337 3564 3392 in
3593 3337 3683 3393 Dei
3708 3340 3828 3395 cul-

2251 3431 2307 3477 tu
2348 3421 2642 3477 concedant
2686 3436 2792 3477 non
2821 3436 2940 3477 esse
2968 3422 3330 3479 mentiendum
3361 3441 3375 3493 ;
3403 3426 3592 3481 saltem
3638 3443 3757 3484 sese
3787 3443 3819 3484 a

2252 3513 2496 3585 perjuriis
2515 3512 2966 3583 blasphemiisque
3002 3513 3312 3569 contineant
3341 3530 3356 3580 ;
3402 3516 3592 3571 saltem
3619 3518 3703 3572 ubi
3731 3517 3826 3574 Dei

2251 3619 2466 3671 nomen,
2491 3604 2579 3659 ubi
2603 3604 2743 3660 Deus
2788 3606 2959 3672 testis,
2991 3605 3078 3660 ubi
3123 3606 3213 3661 Dei
3240 3617 3632 3663 sacramentum
3660 3609 3825 3665 inter-

2252 3698 2485 3768 ponitur,
2517 3696 2604 3753 ubi
2620 3696 2687 3752 de
2708 3697 2886 3752 divina
2912 3698 3166 3769 religione
3206 3713 3386 3754 sermo
3429 3702 3689 3770 promitur
3711 3703 3824 3758 sive

2251 3789 2572 3855 conseritur,
2596 3804 2755 3844 nemo
2799 3792 3106 3853 mentiatur,
3133 3806 3290 3845 nemo
3320 3791 3517 3858 laudet,
3542 3809 3700 3849 nemo
3719 3793 3823 3849 do-

2251 3888 2371 3936 ceat
2398 3889 2454 3935 et
2498 3879 2791 3951 praecipiat,
2838 3895 2997 3934 nemo
3039 3880 3241 3950 justum
3270 3883 3411 3936 dicat
3438 3897 3557 3938 esse
3602 3886 3830 3939 utenda-

2251 3973 2393 4028 cium
2427 3990 2440 4026 :
2480 3972 2547 4028 de
2570 3972 2776 4026 caeteris
2795 3972 3193 4028 mendaciorum
3231 3974 3514 4044 generibus
3541 3974 3701 4045 eligat
3723 3976 3829 4033 sibi

2252 4066 2393 4138 quod
2421 4074 2571 4137 putat
2614 4080 2734 4121 esse
2763 4066 3099 4121 mitissimum
3142 4076 3299 4136 atque
3335 4066 3829 4124 innocentissimum

2252 4158 2545 4216 mentiendi
2565 4174 2753 4230 genus,
2804 4161 2889 4216 cui
2938 4162 3109 4230 placet
3133 4175 3250 4216 esse
3297 4162 3687 4218 mentiendum.
3719 4164 3830 4220 lloc

2253 4253 2384 4316 scio,
2413 4250 2555 4322 quod
2582 4252 2743 4306 etiam
2789 4251 2880 4322 qui
2905 4252 3063 4307 docet
3105 4259 3353 4323 oportere
3382 4253 3614 4320 mentiri,
3649 4269 3830 4310 verum

2252 4334 2445 4400 docere
2468 4359 2527 4399 se
2570 4344 2682 4398 vult
2710 4343 2895 4399 videri.
2923 4343 3056 4399 Nam
3089 4345 3132 4399 si
3160 4344 3350 4400 falsum
3372 4354 3453 4400 est
3479 4346 3623 4416 quod
3646 4345 3827 4416 docet,

2251 4438 2369 4509 quis
2391 4438 2534 4492 lalsa:
2559 4437 2687 4493 velit
2723 4436 2940 4493 studere
2966 4436 3243 4503 doctrinm,
3268 4437 3355 4493 ubi
3382 4446 3436 4491 et
3455 4439 3586 4493 fallit
3602 4440 3824 4512 docens,

2251 4541 2305 4587 et
2324 4531 2522 4586 fallitur
2552 4531 2800 4587 discens?
2825 4531 2880 4586 Si
2908 4541 3087 4588 autem
3129 4542 3185 4588 ut
3210 4532 3442 4604 aliquem
3484 4537 3655 4605 possit
3675 4536 3825 4592 inve-

2252 4626 2365 4681 nire
2390 4624 2727 4696 discipulum,
2775 4624 2969 4680 docere
3011 4641 3070 4681 se
3111 4626 3305 4681 asserit
3332 4627 3542 4694 verum,
3569 4643 3693 4685 cum
3717 4628 3819 4685 do-

2250 4727 2371 4773 ceat
2409 4733 2528 4774 esse
2574 4716 2974 4785 mentiendum;
3011 4718 3280 4790 quomodo
3304 4721 3412 4776 erit
3449 4721 3580 4779 illud
3595 4739 3662 4780 ex
3686 4724 3823 4780 veri-

2251 4822 2359 4868 tate
2384 4813 2735 4880 mendacium,
2763 4811 2968 4868 Joanne
2997 4814 3251 4884 Apostolo
3297 4814 3644 4882 reclamante,
3669 4815 3828 4873 Omne

2252 4904 2568 4958 mendacium
2592 4921 2691 4959 non
2712 4914 2860 4959 estea:
2879 4905 3082 4959 veritate
3104 4905 3144 4977 (I
3173 4904 3332 4961 Joan.
3355 4922 3417 4971 tt,
3444 4906 3536 4979 21)
3556 4908 3579 4963 ?
3603 4907 3718 4964 Non
3736 4918 3820 4965 est

2249 5011 2377 5066 ergo
2401 5011 2609 5063 verum,
2655 4997 2940 5068 aliquando
2991 5013 3109 5054 esse
3164 5000 3526 5056 mentiendum
3558 5019 3571 5055 :
3602 5009 3657 5056 et
3684 5002 3826 5073 quod

2249 5105 2359 5144 non
2393 5098 2474 5146 est
2491 5105 2695 5157 verum,
2721 5090 2921 5144 nemini
2951 5103 3033 5145 est
3059 5092 3277 5146 omnino
3303 5089 3656 5148 suadendum.

2320 5181 2545 5239 CAPUT
2585 5182 2728 5238 XIX.
2754 5213 2827 5224 —-
2851 5183 2939 5238 58.
2988 5183 3055 5239 Ut
3098 5185 3397 5254 periclitanti
3424 5184 3747 5247 subveniatur
3786 5188 3833 5244 si

2250 5290 2351 5329 non
2392 5275 2807 5328 committendum
2830 5286 3078 5346 stuprum,
3104 5279 3174 5330 ita
3186 5293 3274 5330 nec
3295 5277 3598 5347 loquendum
3624 5283 3834 5338 utenda-

2250 5366 2402 5419 cium.
2430 5365 2491 5420 Si
2516 5366 2686 5437 aliqua
2709 5368 2857 5421 modo
2886 5369 3241 5438 permittuntur
3284 5371 3565 5437 mendacia,
3611 5384 3832 5430 metuen-

2251 5458 2372 5511 dum
2391 5474 2453 5513 ne
2472 5474 2626 5529 usque
2646 5459 2714 5512 ad
2741 5461 2967 5532 perjuria
2992 5472 3035 5513 et
3060 5461 3400 5532 blasphemias
3415 5467 3824 5535 progrediantur.

2252 5547 2494 5621 Pejerarc
2516 5561 2563 5605 et
2586 5552 2931 5622 blaspltemarr
2956 5571 3026 5623 με
3091 5555 3290 5609 ratione
3310 5553 3574 5623 differant.
3602 5558 3707 5614 Sed
3727 5561 3834 5630 agit

2252 5652 2432 5712 partes
2454 5658 2577 5698 suas
2597 5642 2878 5699 inﬁrmitas
2924 5654 3055 5701 etca
3086 5650 3207 5701 ‘sam
3227 5647 3589 5704 invincibilem
3611 5647 3835 5706 faventi-

2254 5733 2353 5791 bus
2379 5738 2547 5792 turbis
2570 5753 2631 5794 se
2670 5736 2853 5793 habet.
2927 5739 3236 5796 proclamat.
3294 5740 3391 5798 Ubi
3419 5744 3832 5812 contradicit,‘ct

2254 5828 2420 5889 dicit:
2447 5830 2701 5899 Quomod‘
2770 5830 2905 5904 apat'
2962 5834 3230 5906 Wminm,
3256 5838 3349 5907 qui
3378 5840 3567 5909 procul
3593 5838 3754 5899 dubio
3790 5842 3838 5898 si
