4140 6216
279 315 378 378 555

273 454 548 518 falluntur,
584 456 896 510 avertuntur
930 464 961 505 a
993 457 1224 522 pernicie
1264 453 1346 508 vel
1399 453 1570 509 aliena
1617 455 1700 509 vel
1732 470 1849 522 sua,

271 544 695 618 periclitantibus
734 543 1044 599 subvenitur
1080 544 1407 613 hominibus,
1459 548 1502 602 si
1535 564 1631 602 nos
1663 547 1854 601 huma-

273 654 367 693 nus
387 636 456 693 ad
481 633 844 692 mentiendum
885 650 988 690 non
1025 636 1241 692 inclinet
1260 639 1518 694 allectus?
1564 639 1620 694 Si
1648 648 1854 708 patien-

274 740 348 786 ter
381 745 468 785 me
507 728 688 784 audiat
725 728 876 783 turba
909 729 1265 794 mortalitatis,
1301 730 1449 785 turba
1499 730 1855 799 infirmitatis,

271 822 604 894 respondebo
650 821 847 891 aliquid
876 835 976 892 pro
1024 822 1234 892 negotio
1257 823 1515 878 veritatis.
1542 822 1701 878 Certe
1747 825 1855 894 pia,

271 931 391 971 vera
415 958 429 982 ,
493 925 676 971 sancta
719 915 936 970 castitas
990 929 1095 970 non
1127 915 1227 970 nisi
1273 931 1338 970 ex
1367 917 1591 971 veritate
1619 928 1700 971 est
1734 934 1748 970 :
1803 924 1860 972 et

270 1009 512 1079 quisquis
557 1008 812 1063 adversus
841 1021 960 1061 eam
1007 1007 1150 1073 facit,
1171 1006 1410 1077 profecto
1432 1009 1692 1063 adversus
1718 1009 1859 1064 veri-

274 1109 429 1153 tatem
462 1099 606 1153 facit.
633 1099 740 1154 Cur
779 1113 907 1168 ergo
930 1106 984 1152 et
1011 1097 1056 1152 si
1088 1112 1192 1152 non
1237 1100 1404 1168 possit
1449 1100 1602 1155 aliter
1644 1098 1856 1169 pericli-

272 1190 500 1244 tantibus
521 1188 813 1254 subveniri,
841 1203 946 1244 non
975 1190 1251 1244 committo
1267 1200 1531 1261 stuprum,
1561 1190 1702 1260 quod
1727 1189 1850 1246 ideo

271 1292 343 1335 est
372 1281 702 1336 contrarium
725 1279 955 1344 veritati,
984 1281 1104 1351 quia
1127 1281 1452 1336 contrarium
1475 1290 1558 1336 est
1577 1281 1808 1336 castitati
1837 1297 1852 1347 ;

271 1381 393 1426 etut
428 1372 852 1442 periclitantibus
881 1371 1244 1439 subveniatur,
1279 1373 1468 1444 loquor
1494 1372 1851 1439 mendacium,

271 1464 409 1533 quod
438 1465 539 1534 ipsi
587 1463 922 1534 apertissime
948 1473 1032 1519 est
1075 1464 1396 1519 contrarium
1425 1465 1678 1520 veritati?
1718 1465 1854 1531 Quid

270 1570 366 1612 nos
396 1565 601 1610 tantum
630 1555 923 1626 promeruit
947 1556 964 1587 ¹
989 1555 1226 1624 castitas,
1273 1565 1328 1611 et
1353 1555 1582 1612 olfendit
1611 1555 1855 1610 veritas?

271 1663 392 1703 cum
411 1648 587 1702 omnis
598 1662 661 1702 ex
685 1647 910 1703 veritate
929 1648 998 1701 sit
1017 1651 1254 1710 cnstitas,
1285 1656 1337 1702 et
1362 1649 1432 1702 sit
1457 1661 1564 1702 non
1589 1647 1850 1717 corporis,

271 1739 364 1794 sed
412 1740 608 1794 mentis
651 1741 868 1794 castitas
905 1740 1120 1805 veritas,
1149 1748 1308 1809 atque
1354 1738 1408 1794 in
1453 1750 1632 1795 mente
1656 1738 1858 1795 habitet

270 1830 425 1884 etiam
453 1831 696 1900 corporis
733 1831 1015 1886 castitas’.
1050 1831 1348 1897 Postremo,
1411 1831 1552 1902 quod
1605 1841 1660 1887 et
1700 1832 1856 1901 paulo

269 1930 390 1976 ante
407 1921 516 1976 dixi
539 1931 594 1976 et
620 1922 812 1977 iterum
858 1922 1002 1987 dico,
1044 1923 1286 1994 quisquis
1313 1923 1444 1978 mihi
1494 1939 1590 1994 pro
1634 1939 1856 1994 persua-

268 2012 444 2069 dendo
462 2021 517 2069 et
542 2011 879 2071 defendendo
914 2016 1022 2069 ullo
1063 2011 1341 2071 mendacio
1363 2016 1701 2081 contradicit,
1729 2017 1854 2088 quid

267 2106 412 2173 dicit,
441 2107 487 2160 si
514 2123 697 2162 verum
716 2122 820 2162 non
862 2107 1027 2162 dicit?
1052 2107 1108 2162 Si
1138 2118 1315 2164 autem
1347 2118 1624 2180 propterea
1652 2119 1733 2164 est
1763 2126 1857 2164 au-

267 2197 491 2253 diendus
520 2201 772 2268 quoniam
795 2215 977 2254 verum
1020 2199 1168 2266 dicit,
1195 2201 1462 2271 quomodo
1492 2217 1578 2256 me
1622 2203 1734 2256 vult
1771 2200 1854 2256 fa-

263 2302 388 2343 cere
416 2303 602 2343 verum
648 2289 875 2344 dicendo
929 2290 1280 2345 mendacem?
1321 2290 1598 2357 Quomodo
1639 2291 1856 2346 menda-

264 2379 401 2434 cium
434 2391 709 2449 patronam
733 2381 834 2437 sibi
873 2380 1092 2438 adhibet
1119 2382 1396 2437 veritatem
1424 2383 1447 2435 ?
1477 2385 1558 2438 An
1605 2382 1854 2438 adversa-

262 2473 342 2527 rio
368 2488 468 2527 suo
513 2473 696 2540 vincit,
723 2481 838 2528 uta
876 2489 936 2528 se
983 2473 1097 2543 ipsa
1143 2473 1386 2528 vincatur
1414 2472 1486 2526 3?
1533 2473 1665 2541 Quis
1717 2474 1854 2532 hanc

260 2562 644 2619 absurditatem
675 2563 853 2619 ferat?
914 2563 1071 2619 Nullo
1091 2580 1218 2634 ergo
1239 2564 1398 2619 modo
1427 2564 1734 2630 dixerimus,
1759 2582 1854 2623 eos

260 2655 346 2724 qui
367 2663 619 2710 asserunt
659 2655 945 2726 aliquando
968 2670 1089 2711 esse
1111 2655 1499 2721 mentiendum,
1525 2657 1576 2712 id
1599 2673 1852 2713 asseren-

261 2744 328 2799 do
365 2759 490 2800 esse
535 2761 789 2810 veraces;
842 2763 928 2813 ne,
981 2746 1123 2817 quod
1168 2755 1250 2802 est
1297 2747 1736 2804 absurdissimum
1797 2757 1853 2805 et

261 2835 631 2892 stultissimum
659 2836 901 2904 credere,
949 2838 1143 2892 veritas
1165 2851 1262 2892 uos
1313 2837 1501 2892 doceat
1539 2853 1660 2894 esse
1687 2854 1846 2895 men-

259 2925 432 2981 daces.
465 2925 635 2994 Quale
668 2938 747 2982 est
776 2929 941 2992 enim,
981 2936 1036 2982 ut
1087 2942 1208 2983 esse
1254 2927 1661 2983 adulterandum
1692 2945 1849 2984 nemo

259 3016 481 3073 discata
516 3017 781 3085 castitate,
840 3019 1006 3074 Deum
1053 3017 1433 3074 offendendum
1489 3035 1647 3075 nemo
1683 3020 1853 3077 discat

258 3124 285 3162 α
306 3110 526 3178 pietate,
549 3111 796 3180 cuiquam
838 3109 1138 3166 nocendum
1167 3125 1326 3166 nemo
1353 3110 1523 3166 discat
1553 3127 1583 3165 a
1609 3111 1850 3182 benigni-

260 3208 385 3266 tate,
405 3209 608 3256 etesse
639 3201 1000 3257 mentiendum
1027 3202 1294 3258 discamus
1316 3218 1346 3256 a
1376 3203 1640 3258 veritate?
1671 3204 1847 3260 Porro

257 3293 299 3348 si
329 3294 434 3349 hoc
470 3309 578 3349 non
608 3293 764 3350 docet
789 3295 1006 3360 veritas,
1036 3311 1139 3351 non
1171 3303 1254 3351 est
1293 3311 1479 3351 verum
1516 3314 1528 3349 :
1562 3296 1605 3351 si
1634 3312 1739 3352 non
1763 3304 1849 3354 est

256 3398 436 3440 verum
463 3427 478 3452 ,
527 3401 631 3440 non
662 3395 742 3442 est
763 3386 1072 3442 discendum
1105 3404 1117 3438 :
1163 3386 1209 3441 si
1256 3402 1362 3441 non
1390 3395 1474 3444 est
1512 3387 1844 3456 discendum,

260 3495 528 3550 nunquam
557 3489 640 3535 est
669 3474 1238 3550 igitur'tnentiendum.

318 3571 408 3627 39.
441 3569 550 3626 Sed
595 3576 929 3643 perfectorum
957 3582 1054 3640 est,
1088 3572 1162 3626 ait
1214 3573 1425 3644 aliquis,
1470 3573 1662 3630 solidus
1707 3575 1846 3631 cibus

256 3661 274 3732 (
302 3660 459 3716 Hebr.
492 3679 547 3726 v,
581 3663 650 3717 M
677 3661 718 3733 ).
743 3662 902 3717 Multa
932 3663 1073 3717 enim
1103 3663 1396 3719 secundum
1443 3666 1650 3721 veniam
1699 3667 1842 3721 rela-l

257 3764 447 3807 xantur
473 3752 789 3820 infirmitati,
817 3754 1056 3823 quamvis
1082 3754 1461 3828 sincerissima:
1509 3771 1843 3827 nequaquam

254 3845 494 3912 placeant
516 3845 746 3900 veritati.
775 3845 924 3900 Dicat
963 3845 1062 3900 hoc
1078 3847 1320 3917 quisquis
1353 3864 1456 3902 non
1506 3849 1694 3903 metuit
1723 3865 1843 3919 qure

257 3939 630 4008 consequentia
661 3939 941 3994 metuenda
973 3948 1119 4002 sunt,
1171 3939 1215 3993 si
1245 3940 1440 3995 fuerint
1476 3940 1655 4011 aliquo
1682 3941 1841 3995 modo

258 4029 425 4101 aliqua
495 4030 753 4098 permissa
806 4030 1102 4085 mendacia.
1161 4029 1316 4085 Nullo
1355 4029 1516 4084 modo
1563 4039 1737 4085 tamen
1785 4031 1841 4085 in

251 4130 450 4177 tantum
477 4131 604 4176 sunt
627 4122 979 4192 permittenda
1007 4121 1392 4185 conscendere,
1419 4131 1476 4176 ut
1503 4121 1571 4177 ad
1609 4121 1839 4194 perjuria

249 4213 711 4285 hlasphemiasque
773 4215 1083 4287 perveniant
1125 4232 1137 4269 :
1186 4229 1285 4271 nec
1329 4214 1559 4286 aliquam
1623 4230 1836 4271 causam

247 4321 467 4376 prorsus
495 4315 708 4377 Oportet
729 4306 964 4373 obtendi,
988 4322 1085 4360 cur
1105 4305 1295 4361 debeat
1323 4305 1568 4376 pejerari,
1593 4306 1673 4360 vel
1695 4305 1836 4378 quod

247 4406 326 4451 est
363 4397 771 4464 exsecrabilius,
800 4412 896 4453 cur
923 4397 1064 4452 Deus
1091 4395 1282 4453 debeat
1310 4396 1687 4466 blasphemari.
1717 4396 1830 4452 Non

246 4489 382 4544 enim
418 4491 542 4561 quia
569 4505 664 4559 per
707 4489 1040 4545 mendacium
1071 4490 1469 4560 blasphematur
1493 4489 1536 4558 ",
1568 4489 1686 4546 ideo
1715 4507 1822 4546 non

249 4580 668 4652 blasphematur.
717 4583 902 4638 Potest
946 4584 1142 4654 quippe
1189 4584 1289 4640 hoc
1334 4584 1494 4639 modo
1532 4584 1635 4639 dici
1664 4626 1678 4650 ,
1723 4601 1828 4640 non

249 4676 491 4746 pejerari,
521 4677 644 4747 quia
677 4692 771 4746 per
825 4675 1160 4732 mendacium
1192 4677 1481 4747 pejeratur.
1521 4677 1650 4745 Quis
1691 4677 1834 4733 enim

252 4785 334 4833 per
361 4769 644 4824 veritatem
699 4768 864 4838 possit
896 4785 1015 4823 esse
1071 4769 1350 4837 perjurus?
1379 4769 1468 4824 Sic
1510 4770 1667 4824 etiam
1697 4770 1716 4800 ⁸
1741 4785 1834 4840 per

249 4861 518 4914 veritatem
547 4858 725 4914 nullus
776 4869 951 4928 potest
1002 4873 1120 4914 esse
1168 4859 1533 4930 blasphemus.
1565 4860 1704 4916 Sane
1734 4861 1833 4914 mi—

249 4949 343 5003 tius
374 4949 569 5006 falsum
615 4950 778 5018 jurat,
807 4951 896 5020 qui
950 4948 1140 5004 falsum
1177 4951 1342 5004 nescit
1389 4965 1530 5016 esse,
1564 4960 1618 5005 et
1644 4966 1829 5006 verum

247 5051 384 5110 putat
411 5057 536 5098 esse
575 5042 714 5113 quod
751 5042 936 5113 jurat:
979 5043 1116 5098 sicut
1163 5051 1217 5096 et
1245 5043 1436 5096 Saulus
1476 5043 1829 5098 excusabilius

236 5133 644 5206 blasphemavit,
667 5135 785 5206 quia
813 5137 1062 5206 ignorans
1085 5134 1208 5190 fecit
1235 5134 1254 5205 (
1279 5133 1293 5186 Ι
1321 5133 1449 5188 Tim.
1473 5150 1511 5200 ι,
1549 5136 1613 5189 l5
1633 5135 1674 5206 ).
1703 5133 1828 5191 Ideo

232 5241 414 5284 autem
454 5228 607 5299 pejus
657 5241 739 5284 εει
782 5229 1151 5300 blasphemare
1181 5242 1336 5297 quam
1385 5227 1644 5298 pejerare,
1695 5242 1828 5298 quo-

297 5363 318 5433 t
349 5361 504 5414 aliti:
527 5361 650 5424 Quid
667 5361 798 5427 apud
820 5375 904 5413 nos
925 5368 1110 5414 tantum
1139 5361 1402 5426 promeruit
1419 5360 1444 5412 ?
1465 5365 1629 5425 Abest,
1671 5366 1822 5433 apud,

443 5491 551 5554 uss.
579 5494 634 5538 Αι
654 5486 790 5554 editi,
830 5485 1002 5554 mentis
1039 5486 1250 5554 castitas,
1287 5485 1552 5554 veritasque
1585 5490 1636 5542 in
1667 5498 1823 5547 mente

231 5543 431 5605 habitet,
453 5547 578 5599 sicut
601 5548 746 5599 etiam
769 5543 981 5608 corporis
998 5549 1206 5599 castitas.

294 5609 316 5676 ξ
347 5609 455 5659 sola
479 5609 587 5661 fere
612 5611 764 5660 editio
786 5617 915 5676 μω,
940 5616 990 5661 ut
1013 5625 1045 5661 a
1067 5625 1116 5676 se
1140 5611 1243 5676 ipso
1263 5611 1494 5665 vincatur.

292 5673 317 5702 ⁵
348 5680 453 5744 an).
480 5680 534 5744 et
561 5680 693 5731 Ima,
717 5671 830 5731 quia
852 5685 940 5744 per
975 5671 1291 5744 mendacium
1313 5688 1406 5744 non
1443 5678 1820 5744 blasphematur.

402 5735 494 5785 hoc
518 5735 640 5796 loco,
665 5749 776 5805 non,
799 5747 827 5783 a
849 5733 960 5805 ius»,
988 5743 1040 5786 et
1060 5739 1122 5786 ab
1144 5743 1240 5799 Eia,
1263 5739 1513 5805 debetque
1529 5733 1724 5796 abesse.

285 5799 310 5830 ³
340 5804 413 5849 tta
433 5806 544 5850 Mss.
573 5806 630 5849 At
654 5797 790 5857 editi,
815 5796 860 5852 δί
877 5800 1035 5854 etiam.

1690 317 1892 372 LIBER
1933 307 2126 381 UNUS.

3436 352 3544 414 ειθ

1967 459 2106 553 niam
2131 463 2412 531 pejerando
2443 468 2586 524 falsae
2631 473 2706 528 rei
2734 474 3012 533 adhibetur
3035 482 3184 536 testis
3232 482 3391 553 Deus,
3422 487 3542 546 bla-

1967 552 2293 618 sphemando
2322 569 2497 615 autem
2541 563 2603 618 de
2629 564 2743 632 ipso
2767 565 2897 624 falsa
2927 570 3173 627 dicuntur
3199 575 3326 629 Deo.
3365 552 3540 634 Tanto

1966 650 2046 695 est
2066 653 2239 699 autem
2284 649 2505 721 quisque
2537 654 2942 714 inexcusabilior
2966 662 2981 693 ⁸
3010 663 3122 718 sive
3153 666 3394 736 perjurus
3422 672 3538 728 sive

1966 733 2321 805 blaSphemus,
2355 753 2552 810 quanto
2573 749 2738 818 magis
2754 767 2814 805 ea
2838 768 2954 822 quae
2983 733 3266 824 pejerandu
3299 761 3379 814 vel
3425 762 3543 816 bla-

1964 825 2291 916 sphemando
2309 847 2571 900 asserunt,
2591 839 2715 892 falsa
2735 855 2994 899 noverunt
3014 863 3134 903 esse
3155 851 3231 903 vel
3255 853 3480 908 credunt
3501 857 3546 910 ⁸.

1965 915 2212 988 Quisquis
2244 921 2416 992 itaque
2445 926 2572 981 dicit
2610 947 2702 998 pro
2731 933 3077 1001 periclitantis
3107 939 3336 996 hominis
3362 945 3540 1002 salute

1965 1014 2240 1105 temporali
2270 1017 2352 1070 vel
2382 1017 2484 1072 vita
2522 1036 2641 1075 esse
2696 1027 3081 1092 mentiendum,
3137 1035 3292 1088 nimis
3324 1037 3434 1105 ipse
3476 1041 3547 1094 ab

1967 1097 2152 1156 itinere
2181 1105 2442 1161 exorbitat
2479 1118 2694 1165 {elerum
2715 1115 2900 1170 salutis
2927 1127 2984 1172 et
3018 1122 3157 1184 vitm,
3185 1124 3228 1177 si
3255 1097 3376 1180 dicit
3409 1129 3457 1181 in
3481 1145 3544 1184 ea

1964 1204 2120 1245 causa
2169 1195 2327 1250 etiam
2354 1198 2638 1266 juraudum
2688 1221 2782 1274 per
2814 1207 3001 1277 Deum,
3055 1215 3138 1268 vel
3185 1217 3344 1271 etiam
3400 1220 3543 1275 blas-

1964 1278 2315 1348 phemandum
2361 1287 2546 1344 Deum.

2033 1371 2259 1430 CAPUT
2298 1377 2414 1432 XX.
2437 1411 2508 1420 ——
2530 1384 2618 1437 40.
2665 1387 2743 1440 An
2769 1392 2942 1445 saltem
2970 1413 3061 1463 pro
3107 1407 3292 1454 aeterna
3323 1402 3542 1462 hominis

1963 1464 2123 1520 salute
2171 1471 2525 1527 mentiendum.
2576 1475 2643 1531 In
2686 1481 2862 1537 salutis
2911 1497 3112 1542 (eterna:
3137 1493 3378 1560 periculo,
3409 1488 3538 1552 sicut

1963 1572 2061 1610 non
2110 1559 2250 1614 debet
2307 1567 2498 1620 homini
2538 1571 2793 1626 subveniri
2820 1593 2908 1643 per
2935 1559 3187 1649 stuprum,
3240 1585 3312 1638 ita
3338 1559 3426 1642 nec
3457 1606 3548 1658 per

1962 1652 2293 1748 mepdacium,
2349 1659 2486 1726 quod
2531 1677 2640 1717 vere
2677 1677 2930 1733 peccatum
2960 1681 3051 1725 est.
3109 1675 3211 1729 Sed
3261 1652 3546 1748 aliquando

1961 1739 2114 1840 nobis
2145 1742 2309 1812 ipsius
2335 1762 2545 1818 quoque
2588 1755 2774 1811 salutis
2797 1768 3014 1816 mterncc
3041 1765 3330 1832 periculum
3351 1739 3546 1840 ὀρρο-

1961 1831 2120 1898 nitur,
2155 1835 2295 1903 quod
2342 1848 2524 1895 nostro
2571 1846 2868 1912 mendacio,
2922 1852 2965 1904 si
3014 1831 3167 1908 aliter
3209 1873 3313 1912 non
3347 1831 3541 1930 potest,

1960 1923 2329 2018 depellendum
2378 1947 2498 1987 esse
2536 1935 2792 1992 clamatur
2819 1957 2832 1992 :
2859 1941 3002 1996 velut
3046 1946 3091 1997 si
3133 1923 3411 2018 quisquam
3449 1923 3544 2009 ba;

1961 2013 2238 2081 ptizandus
2261 2019 2312 2071 in
2341 2031 2601 2089 potestate
2626 2025 2696 2080 sit
2730 2027 3011 2098 impiorum
3060 2013 3220 2104 atque
3248 2013 3540 2098 inﬁdelium

1960 2107 2296 2176 constitutus,
2328 2110 2393 2164 ad
2421 2130 2575 2181 quem
2608 2121 2870 2185 perveniri
2898 2139 3002 2176 non
3037 2128 3201 2193 possit
3247 2140 3302 2184 ut
3331 2131 3545 2190 lavacro

1961 2200 2375 2267 regenerationis
2399 2205 2662 2274 abluatur,
2697 2211 2795 2266 nisi
2825 2212 3061 2286 deceptis
3105 2222 3409 2278 mentiendo
3444 2242 3544 2282 cu-

1960 2288 2220 2345 stodibus.
2253 2292 2336 2346 Ab
2364 2293 2465 2350 hoc
2491 2296 2903 2358 invidiosissime
2930 2306 2949 2335 ³
2975 2307 3229 2378 clamore,
3258 2330 3362 2379 quo
3389 2319 3535 2387 cegi-

1958 2393 2077 2432 mur
2104 2395 2208 2434 nou
2241 2398 2336 2452 pro
2361 2385 2672 2458 cujusquam
2707 2392 2896 2462 opibus
2932 2397 3014 2450 vel
3044 2400 3332 2458 honoribus
3360 2405 3410 2460 in
3433 2385 3540 2464 hoc

1959 2474 2154 2570 saeculo
2179 2481 2676 2548 transcurrentibns,
2702 2499 2806 2539 non
2827 2503 2942 2556 pro
2973 2489 3083 2560 ipsa
3113 2494 3269 2564 hujus
3317 2506 3533 2570 tempo-

1959 2563 2033 2617 ris
2055 2565 2180 2664 vita,
2208 2568 2300 2622 sed
2326 2586 2419 2638 pro
2445 2580 2643 2628 aeterna
2675 2575 2907 2633 hominis
2930 2582 3101 2640 salute
3150 2563 3382 2658 mentiri,
3415 2563 3522 2664 quo

1957 2653 2276 2754 confugiam,
2307 2659 2405 2714 nisi
2431 2662 2497 2715 ad
2523 2674 2594 2729 te,
2625 2665 2876 2724 Veritas?
2904 2672 2968 2726 Et
2993 2674 3121 2728 mihi
3143 2679 3239 2733 abs
3263 2689 3314 2736 te
3335 2653 3537 2754 propo-

1959 2745 2100 2801 nitur
2139 2750 2373 2806 castitas.
2424 2753 2531 2811 Cur
2556 2759 2696 2813 enim
2728 2761 2772 2815 si
2825 2765 3072 2822 custodes
3116 2770 3227 2837 isti,
3255 2783 3309 2828 ut
3335 2745 3534 2835 nos-ad

1955 2836 2328 2938 baptizaudum
2346 2845 2609 2904 hominem
2628 2851 2928 2922 admittant,
2947 2836 3270 2929 stuproillici
3294 2880 3536 2938 possunt,

1957 2948 2061 2987 non
2092 2934 2312 2992 facimus
2341 2943 2604 2996 contraria
2635 2947 2884 3013 castitati,
2909 2960 2962 3005 et
2983 2952 3026 3006 si
3055 2934 3336 3013 mendacio
3356 2934 3534 3034 decipi

1954 3035 2195 3094 possunt,
2215 3027 2435 3085 facimus
2456 3037 2720 3092 contraria
2743 3041 2994 3097 veritati?
3018 3059 3138 3100 cum
3165 3051 3346 3116 procul
3371 3027 3540 3112 dubio

1955 3117 2088 3172 nulli
2113 3130 2255 3175 esset
2275 3121 2501 3179 fideliter
2524 3129 2768 3184 amabilis
2792 3128 3032 3202 castitas,
3061 3139 3105 3192 si
3133 3155 3237 3194 non
3253 3158 3370 3198 eam
3393 3160 3536 3216 pra:-

1953 3209 2154 3281 eiperet
2183 3215 2395 3270 veritas.
2421 3217 2654 3276 Proinde
2699 3232 2754 3278 ut
2801 3228 3142 3294 perveniatur
3169 3233 3234 3287 ad
3263 3209 3536 3296 hominem

1951 3302 2346 3372 baptizandum,
2399 3308 2649 3366 fallantur
2699 3318 3010 3374 mentiendo
3049 3324 3320 3395 custodes,
3351 3329 3396 3384 si
3424 3328 3536 3388 hoc

1944 3393 2098 3464 jubet
2123 3397 2338 3453 veritas.
2387 3399 2492 3456 Sed
2524 3406 2792 3473 quomodo
2839 3408 3023 3479 jubeat
3051 3415 3266 3484 veritas,
3291 3393 3347 3474 ut
3371 3420 3535 3481 homo

1949 3484 2264 3585 baptizetur,
2307 3505 2423 3546 esse
2464 3495 2846 3565 mentiendum,
2885 3502 2930 3556 si
2970 3519 3072 3559 non
3097 3506 3250 3577 jubet
3291 3515 3533 3585 castitas,

1951 3585 2007 3631 ut
2038 3577 2196 3633 homo
2239 3580 2551 3652 baptizetur,
2586 3601 2706 3643 esse
2744 3593 3119 3652 mmehandum
3147 3601 3169 3653 ?
3201 3601 3309 3658 Cur
3344 3577 3529 3666 autem

1951 3666 2054 3724 hoc
2079 3686 2182 3724 non
2205 3671 2358 3740 jubet
2383 3677 2618 3742 castitas,
2653 3681 2752 3735 nisi
2775 3685 2896 3753 quia
2925 3685 3026 3743 hoc
3053 3706 3156 3746 non
3181 3693 3339 3752 docet
3379 3701 3531 3756 veri-

1950 3764 2072 3817 tas?
2111 3765 2165 3820 Si
2193 3765 2340 3836 ergo,
2373 3768 2474 3823 nisi
2492 3770 2630 3839 quod
2663 3773 2856 3829 veritas
2879 3776 3054 3848 docet,
3102 3781 3401 3844 facerenon
3429 3790 3531 3847 de-

1948 3853 2169 3921 bemus;
2210 3873 2332 3912 cum
2380 3861 2574 3915 veritas
2621 3862 2811 3920 doceat
2855 3884 2954 3924 nec
2992 3883 3208 3943 prepter
3258 3876 3530 3939 hominem

1946 3945 2316 4044 baptizandum
2375 3951 2548 4008 facere
2576 3956 2716 4024 quod
2768 3962 3094 4019 contrarium
3151 3977 3234 4023 est
3273 3973 3528 4044 castitati,

1945 4037 2210 4106 quomodo
2241 4055 2338 4095 nos
2363 4040 2575 4099 docebit
2594 4044 2769 4104 facere
2790 4061 3005 4123 propter
3032 4055 3406 4128 baptizandum
3429 4037 3530 4121 ho;

1944 4129 2308 4218 minemquod
2336 4134 2433 4206 ipsi
2477 4146 2560 4192 est
2583 4143 2908 4200 contrarium
2955 4150 3162 4206 veritati
3192 4152 3216 4207 ?
3241 4153 3345 4212 Sed
3383 4159 3526 4218 sicut

1943 4215 2079 4271 oculi
2101 4216 2166 4271 ad
2195 4218 2504 4276 intuendum
2522 4222 2688 4280 solem
2713 4241 2896 4298 parum
2916 4229 3075 4302 ﬁrmi,
3098 4251 3162 4292 ea
3195 4246 3370 4297 tamen
3398 4215 3520 4315 quze

1943 4321 1972 4360 a
2020 4308 2132 4364 sole
2182 4310 2552 4383 illustrantur,
2605 4316 2834 4376 libenter
2882 4322 3183 4396 intuentur;
3213 4331 3292 4388 sic
3328 4308 3524 4393 anima:

1936 4398 2046 4469 jam
2074 4400 2310 4458 valentes
2344 4404 2603 4464 delectari
2658 4412 3053 4480 pulchritudine
3098 4423 3379 4491 castitatis,
3408 4444 3518 4484 non

1945 4498 2120 4547 tamen
2146 4495 2400 4552 continuo
2447 4515 2540 4568 per
2570 4515 2629 4555 se
2657 4502 2825 4572 ipsam
2856 4509 3194 4566 considerare
3243 4517 3457 4576 veritati
3495 4536 3529 4573 u

1941 4585 2082 4638 unde
2103 4585 2242 4641 lucet
2269 4589 2481 4642 castitas
2523 4602 2762 4659 possunt,
2789 4605 2847 4648 ut
2874 4611 2992 4651 cum
3021 4611 3235 4656 ventum
3264 4603 3422 4660 fuerit
3449 4623 3518 4663 ao

1939 4674 2134 4746 aliquid
2155 4676 2454 4733 faciendum
2481 4680 2621 4749 quod
2652 4683 2935 4741 adversum
2966 4698 3047 4743 est
3073 4692 3302 4760 veritati,
3325 4695 3392 4749 ita
3424 4713 3512 4752 re-

1939 4764 2138 4834 fugiant
2187 4777 2240 4823 et
2285 4769 2626 4838 exhorreant,
2672 4779 3119 4843 quemadmodum
3162 4785 3428 4857 refugiunt
3467 4797 3521 4846 et

1938 4857 2244 4924 exhorrent,
2290 4862 2332 4916 si
2392 4863 2690 4921 faciendum
2743 4869 2938 4941 aliquid
2978 4886 3304 4947 proponatur
3363 4884 3511 4952 quod

1939 4949 2218 5006 adversum
2250 4963 2330 5009 est
2350 4957 2599 5013 castitati.
2627 4959 2717 5016 Ille
2756 4973 2933 5019 autem
2976 4967 3117 5024 ﬁlius
3159 4973 3250 5041 qui
3296 4949 3516 5033 ver—bum

1936 5045 2231 5114 suscipiens
2254 5063 2280 5100 a
2320 5048 2616 5118 perditione
2645 5055 2794 5125 longe
2831 5059 3020 5128 aberit,
3058 5070 3112 5117 et
3133 5063 3264 5119 nihil
3303 5066 3419 5124 falsi
3447 5085 3516 5128 ex

1935 5134 2050 5204 ejus
2076 5139 2456 5211 oreprocedit(
2484 5140 2638 5198 Prov.
2669 5148 2913 5208 xxix,27
2941 5148 2983 5222 ),
3015 5160 3120 5207 tam
3142 5155 3241 5211 sibi
3272 5159 3513 5220 clausum

1935 5226 2169 5325 deputat,
2199 5230 2244 5285 si
2269 5231 2336 5286 ad
2366 5233 2785 5294 subveniendum
2807 5241 3004 5299 homini
3031 5262 3130 5318 per
3154 5252 3508 5325 mendacium,

1933 5335 2089 5389 quam
2120 5321 2165 5377 si
2187 5337 2282 5391 per
2304 5333 2543 5396 stuprum
2576 5333 2797 5388 transire
2814 5347 3050 5407 cogatur.
3080 5341 3144 5396 Et
3174 5343 3330 5400 Pater
3352 5321 3516 5404 exau-

1931 5409 2008 5466 dit
2036 5422 2310 5482 orantem,
2343 5427 2399 5472 ut
2424 5419 2595 5477 valeat
2637 5424 2751 5480 sine
2791 5429 3066 5488 mendacio
3104 5435 3408 5507 subvenire,
3425 5439 3513 5499 cui

1931 5503 2039 5558 vult
2058 5503 2212 5562 Pater
2233 5507 2365 5580 ipse,
2393 5513 2542 5582 cujus
2563 5516 2915 5576 iuserutabilia
2940 5533 3059 5579 sunt
3073 5525 3292 5596 judicia,
3315 5503 3511 5591 subve-

1994 5621 2012 5698 Ξ
2046 5631 2146 5698 ea:
2170 5627 2323 5698 ea.“
2342 5633 2546 5698 ςιξξιιεεοτ
2569 5631 2912 5698 διεεοιιηιξεςυβ
2933 5635 3321 5692 mansuetius-

1992 5682 2614 5769 :‘gnq
2638 5682 2710 5743 υὲι
2729 5682 3337 5766 ’ὸιίιὲρίιεΜιᾎΒ’”ἆέέεπῆἶ,
3376 5703 3505 5769 falsa

1928 5743 2109 5796 noverit
2130 5757 2231 5795 esse
2255 5743 2327 5796 vel
2350 5749 2522 5801 credit.

1995 5809 2015 5841 ³
2048 5813 2096 5857 In
2118 5805 2218 5858 sola
2244 5799 2610 5884 editionetev,
2645 5799 3020 5877 insidiosissimo.
