4140 6216
809 245 848 272 ἦ.

303 417 555 488 Apostoli
587 423 895 487 praeceptum
940 413 1003 468 de
1048 430 1197 483 opere
1233 413 1492 483 spirituali
1521 414 1682 483 accipi
1723 415 1910 468 volunt.

305 510 649 570 Arbitrantur
676 525 730 564 se
758 525 857 562 non
882 518 1145 579 aperantes
1184 505 1381 561 obedire
1411 505 1651 575 Apostolo
1673 516 1717 559 et
1742 506 1914 560 Evan-

307 602 467 675 gelio.
494 601 732 657 Jussioni
758 609 882 665 tuae,
911 606 1094 655 sancte
1138 598 1302 654 frater
1335 598 1536 662 Aureli,
1579 607 1723 652 tanto
1752 599 1915 654 devo-

309 699 419 752 tius
445 697 824 766 obtemperare
844 710 932 752 me
952 697 1206 766 oportuit,
1229 703 1426 765 quanto
1447 694 1614 766 magis
1640 694 1766 749 mihi
1795 694 1912 764 quis

313 805 383 846 ex
435 799 494 845 te
535 788 776 857 jusserit,
825 787 1032 842 claruit.
1082 787 1338 842 Dominus
1377 787 1520 842 enim
1550 797 1729 842 noster
1757 787 1914 842 Jcsus

269 879 565 936 ~Cln'istus
596 879 842 933 habitans
867 879 920 932 in
948 879 1186 934 interiori
1214 888 1302 932 tuo
1329 879 1370 942 ί,
1415 880 1611 948 tibique
1648 879 1911 933 sollicitu-

311 972 499 1030 dinem
532 981 764 1042 paterntn
790 980 840 1025 et
861 969 1108 1025 fraterna:
1129 970 1400 1025 cbaritatis
1424 971 1707 1041 inspirans,
1734 982 1912 1026 utrum

313 1063 440 1118 ﬁliis
471 1071 527 1118 ct
565 1061 820 1116 fratribus
847 1062 1047 1116 nostris
1089 1061 1362 1118 monachis
1387 1105 1400 1128 ,
1433 1063 1524 1131 qui
1555 1062 1709 1118 beato
1749 1062 1910 1118 Paulo

313 1154 561 1224 apostolo
590 1153 807 1208 obedire
834 1152 1101 1223 negligant
1146 1153 1366 1217 dicenti,
1399 1154 1500 1219 Qui
1529 1171 1628 1207 non
1653 1152 1757 1206 vult
1783 1170 1907 1221 ope-

313 1246 442 1310 rari,
476 1261 577 1300 non
604 1243 866 1298 ntaudurel
898 1242 966 1316 (Il
996 1242 1171 1298 Thess.
1203 1260 1281 1307 ιιι,
1308 1243 1414 1311 l0),
1462 1243 1812 1312 permittenda
1843 1242 1912 1296 sit

315 1336 417 1390 ista
449 1335 683 1399 licentia,
715 1335 1036 1390 voluntatem
1077 1349 1141 1389 ac
1188 1334 1417 1404 linguam
1461 1342 1600 1388 tuam
1633 1350 1911 1388 assumens

316 1426 372 1480 in
417 1440 555 1496 opus
603 1441 796 1490 suum,
830 1425 1109 1497 imperavit
1136 1425 1266 1478 tnihi
1295 1441 1357 1478 ex
1393 1435 1476 1489 te,
1523 1435 1580 1479 ut
1609 1424 1734 1480 hinc
1761 1425 1827 1479 ad
1859 1436 1910 1480 te

320 1516 527 1587 aliquid
555 1517 865 1572 scriberent.
898 1516 1051 1572 Adsit
1077 1517 1253 1586 itaque
1281 1516 1391 1585 ipse
1421 1517 1580 1571 etiam
1612 1518 1762 1582 mihi,
1803 1532 1908 1586 quo

317 1607 391 1662 ita
424 1623 660 1677 paream,
694 1616 748 1660 ut
772 1608 819 1662 ei
849 1622 934 1662 me
964 1622 1152 1676 parere
1178 1622 1244 1661 ex
1270 1607 1384 1676 ejus
1410 1624 1630 1662 munere
1662 1611 1772 1678 ipsa
1802 1609 1906 1662 uti-

320 1699 474 1754 litate
502 1699 752 1754 fruetuosi
786 1698 981 1754 laboris
1012 1699 1320 1768 intelligam.

391 1792 447 1846 ﬁ.
493 1793 730 1847 Primum
769 1807 896 1862 ergo
920 1791 1206 1847 videndum
1247 1792 1371 1862 quid
1403 1791 1577 1847 dicunt
1611 1793 1750 1848 illius
1785 1809 1908 1863 pro-

322 1882 570 1938 fessionis
601 1882 844 1937 homines
873 1881 961 1952 qui
993 1883 1201 1951 operari
1230 1884 1418 1938 nolunt
1450 1903 1461 1936 :
1495 1883 1708 1949 deinde,
1741 1885 1784 1938 si
1813 1901 1907 1942 eos

321 1988 430 2030 non
460 1984 606 2029 recte
631 1974 832 2029 sentire
869 1973 1228 2028 invenerimus
1253 2015 1268 2040 ,
1300 1974 1366 2027 ad
1395 1990 1579 2028 eorum
1611 1977 1905 2030 correctio-

321 2083 445 2125 nem
484 2067 608 2138 quid
640 2066 946 2122 dicendum.
978 2066 1111 2132 Non,
1162 2067 1440 2137 inquiunt,
1485 2067 1551 2122 de
1597 2068 1700 2122 hoc
1745 2085 1908 2138 opere

321 2160 604 2230 corporali,
640 2159 691 2213 in
721 2174 827 2227 quo
863 2158 943 2213 vel
973 2157 1223 2226 agricola:
1252 2158 1334 2212 vel
1377 2158 1595 2226 opiﬁces
1636 2159 1902 2226 laborant,

321 2255 569 2320 praecepit
599 2251 889 2320 Apostolus
911 2289 926 2315 ,
956 2266 1078 2304 cum
1105 2250 1308 2305 diceret
1327 2291 1340 2314 ,
1382 2249 1481 2315 Qui
1521 2268 1619 2305 non
1650 2253 1752 2306 vult
1781 2269 1905 2322 ope-

319 2345 440 2411 rari,
465 2361 566 2400 non
593 2344 879 2399 manducet.
908 2342 1090 2413 Neque
1110 2343 1250 2398 enim
1273 2343 1562 2413 Evangelia
1582 2353 1764 2414 posset
1783 2360 1904 2401 esse

319 2438 639 2503 contrarius,
666 2436 758 2491 ubi
793 2437 866 2491 ait
891 2435 1004 2505 ipse
1038 2435 1295 2490 Dominus
1320 2453 1332 2488 :
1365 2434 1492 2488 Ideo
1519 2435 1634 2488 dico
1660 2435 1815 2500 vobis,
1843 2453 1907 2490 ne

316 2530 519 2586 solliciti
542 2530 654 2586 sitis
680 2530 864 2583 animat
890 2538 1066 2582 vestra;
1091 2528 1214 2597 quid
1242 2528 1574 2592 manducetis,
1604 2545 1763 2598 neque
1786 2545 1904 2582 eor-

317 2622 426 2693 pori
455 2629 616 2676 vestro
644 2619 765 2687 quid
785 2618 1085 2674 induamini.
1115 2617 1299 2672 Nonne
1323 2619 1492 2672 anima
1519 2619 1631 2687 plus
1656 2628 1728 2673 est
1750 2636 1905 2688 quam

207 2719 220 2727 '
316 2729 432 2768 esca
449 2754 469 2781 ,
493 2721 541 2768 at
565 2728 751 2782 corpus
775 2726 926 2782 quam
951 2708 1334 2764 vestimentum?
1370 2708 1655 2780 Conspicite
1682 2711 1905 2766 volatilia

315 2807 441 2871 cali,
475 2806 711 2876 quoniam
736 2808 838 2860 non
856 2813 1052 2870 serunt,
1077 2819 1234 2873 neque
1259 2812 1470 2870 metunt,
1501 2821 1658 2872 neque
1687 2821 1900 2874 congre-

315 2907 433 2970 gant
452 2899 504 2952 in
531 2898 747 2962 horrea;
767 2906 814 2950 et
841 2894 996 2952 Pater
1015 2905 1175 2951 vester
1199 2894 1407 2948 caelestis
1429 2895 1591 2964 pascit
1617 2894 1727 2949 illa.
1755 2893 1904 2949 Non-

314 3007 376 3048 ne
401 3009 488 3048 vos
516 2992 678 3063 magis
716 2991 880 3062 pluris
918 2990 1039 3046 estis
1067 2989 1209 3044 illis?
1237 2987 1365 3052 Quis
1388 2996 1555 3042 autem
1585 2997 1799 3040 vestrum
1818 3003 1905 3042 co-

315 3087 480 3157 gitans
505 3094 669 3157 potest
687 3085 908 3154 adjicere
929 3083 998 3137 ad
1016 3092 1261 3139 staturam
1284 3098 1430 3135 suam
1460 3081 1682 3134 cubitum
1707 3082 1903 3134 unum?

314 3175 378 3231 Et
415 3178 481 3231 de
522 3176 812 3231 vestimento
839 3174 962 3245 quid
983 3174 1188 3230 solliciti
1217 3173 1374 3228 estis?
1425 3171 1750 3226 Considerate
1792 3172 1902 3225 lilia

316 3269 442 3336 agri,
471 3267 724 3337 quomodo
745 3273 975 3322 crescunt
995 3281 1015 3319 :
1037 3281 1138 3320 non
1161 3264 1411 3327 laborant,
1429 3279 1588 3333 neque
1611 3271 1764 3328 nent;
1787 3263 1901 3317 dico

314 3369 476 3412 autem
507 3356 666 3422 vobis,
696 3356 936 3427 quoniam
974 3372 1063 3410 nec
1105 3356 1352 3411 Salomon
1377 3355 1432 3407 in
1459 3355 1595 3406 onmi
1618 3354 1780 3423 gloria
1807 3368 1901 3408 sua

315 3458 576 3518 coopertus
603 3458 677 3502 est
697 3448 827 3502 sicut
857 3462 1013 3502 unum
1035 3463 1098 3501 ex
1124 3447 1255 3521 istis.
1281 3446 1343 3500 Si
1367 3454 1537 3498 autem
1569 3445 1734 3513 {cuum
1753 3446 1892 3515 agri,

314 3541 444 3610 quod
483 3541 636 3596 hodie
661 3549 732 3597 est
760 3550 806 3595 et
836 3556 948 3594 cras
993 3540 1046 3593 in
1082 3539 1333 3593 clibanum
1363 3539 1593 3601 mittitur,
1643 3537 1782 3593 Deus
1827 3539 1901 3592 sic

313 3635 490 3698 vestit;
511 3642 704 3703 quanto
727 3634 888 3704 magis
917 3648 1004 3687 vos
1029 3632 1242 3686 modica:
1267 3633 1426 3702 ﬁdei?
1455 3631 1630 3686 Nolite
1655 3649 1772 3702 ergo
1797 3633 1902 3687 sol-

316 3730 435 3786 liciti
457 3745 588 3794 esse,
614 3730 854 3796 ﬁdentes,
885 3730 1022 3796 Quid
1047 3727 1478 3789 manducabimus,
1505 3737 1592 3780 aut
1617 3728 1738 3798 quid
1768 3726 1901 3780 bibe-

316 3837 442 3885 κιαι,
467 3831 558 3876 aut
582 3838 678 3892 quo
708 3823 1028 3892 aperientur?
1053 3822 1161 3875 hac
1190 3821 1323 3875 enim
1349 3823 1517 3874 omnia
1546 3828 1713 3890 gentes
1735 3820 1899 3889 inqui-

314 3923 443 3968 runt.
480 3915 592 3970 Scit
625 3923 792 3968 autem
830 3913 986 3970 Pater
1011 3925 1170 3968 vester
1199 3916 1316 3984 quia
1345 3915 1424 3966 his
1452 3913 1682 3966 onmibus
1705 3913 1899 3981 indige-

315 4005 392 4060 tis.
427 4006 654 4072 Qutvrite
697 4015 865 4059 autem
911 4006 1132 4075 primum
1170 4020 1382 4074 regnum
1423 4003 1517 4056 Dei
1560 4012 1605 4056 et
1641 4002 1898 4071 justitiam

314 4096 438 4166 eius,
469 4105 517 4149 et
546 4096 714 4149 omnia
741 4097 848 4150 tunc
885 4105 1202 4166 opponentur
1228 4095 1384 4148 vobis.
1413 4093 1586 4146 Nolite
1606 4109 1724 4163 ergo
1751 4093 1896 4146 solli-

314 4190 395 4243 citi
421 4191 602 4244 essein
623 4191 898 4244 crastinum
925 4205 942 4243 :
967 4190 1220 4242 crastinus
1240 4187 1374 4240 enim
1399 4187 1505 4239 dies
1532 4185 1776 4239 sollicitus
1802 4185 1898 4239 erit

427 4282 550 4353 ipsi.
598 4281 794 4351 Sufﬁcit
833 4281 934 4334 diei
961 4281 1160 4334 malitia
1195 4295 1290 4333 sua
1317 4277 1529 4347 (Matth.
1564 4293 1640 4343 vt,
1675 4275 1893 4348 25-54).

312 4373 468 4439 loco,
504 4372 749 4443 inquiunt
773 4414 788 4440 ,
817 4371 910 4430 ubi
939 4387 1038 4427 nos
1068 4373 1324 4426 Dominus
1367 4370 1520 4440 jubet
1566 4369 1634 4424 de
1675 4370 1815 4424 victu
1841 4379 1898 4425 et

311 4473 621 4537 tegumento
648 4471 834 4521 nostro
861 4478 980 4520 esse
1009 4478 1231 4519 securos
1264 4481 1276 4517 ε
1309 4461 1578 4533 quomodo
1602 4477 1728 4533 ergo
1754 4464 1899 4533 Apo-

310 4559 474 4615 stolus
500 4559 702 4614 sentire
721 4559 978 4614 adversus
1011 4559 1290 4612 Dominum
1325 4564 1526 4626 posset,
1549 4565 1608 4610 ut
1628 4570 1728 4611 nos
1755 4571 1896 4626 prte-

309 4653 512 4723 ciperet
534 4652 605 4706 ita
625 4667 748 4708 esse
771 4651 972 4707 debere
998 4651 1257 4706 sollicitos
1285 4649 1411 4721 quid
1440 4651 1820 4706 manducemus
1843 4659 1897 4707 et

308 4747 430 4818 quid
464 4745 709 4802 bibamus
734 4755 790 4801 et
815 4753 922 4816 quo
950 4746 1255 4815 operiamur
1279 4788 1293 4810 ,
1327 4753 1384 4798 nt
1426 4759 1523 4800 nos
1551 4746 1708 4800 etiam
1737 4745 1895 4815 opili-

309 4845 424 4893 cum
455 4837 684 4903 artilms,
727 4837 901 4903 euris,
953 4836 1226 4890 laboribus
1249 4837 1536 4890 oneraret?
1565 4835 1898 4904 Quapropter

308 4929 358 4984 in
390 4939 460 4985 eo
489 4927 633 5000 quod
660 4929 753 4995 ait,
787 4927 890 4995 Qui
931 4935 1032 4980 non
1065 4927 1168 4980 vttlt
1197 4926 1419 4993 operari,
1453 4941 1553 4979 non
1593 4926 1896 4989 manducet;

306 5032 468 5092 opera
518 5021 830 5092 spiritantia,
881 5019 1162 5089 inquiunt,
1203 5016 1462 5072 debemus
1511 5016 1754 5083 accipere
1785 5033 1798 5070 :
1830 5017 1898 5071 de

305 5115 498 5185 quibus
523 5114 629 5168 alio
654 5113 774 5168 loco
799 5111 948 5178 dicit,
983 5109 1264 5177 Unicuique
1287 5107 1415 5160 sicut
1447 5103 1694 5159 Dominus
1723 5107 1896 5161 dedit:

306 5219 394 5279 ego
427 5207 672 5278 ptamavi,
697 5203 882 5278 Apollo
908 5203 1106 5274 rigavit,
1146 5200 1232 5254 sed
1257 5198 1392 5251 Deus
1422 5198 1779 5250 incrementum
1809 5197 1898 5250 de-

306 5300 415 5367 dit;
444 5307 501 5355 et
541 5298 702 5370 paulo
734 5307 873 5368 post,
908 5293 1262 5364 Unusquisque
1287 5305 1431 5344 suam
1461 5288 1738 5342 mercedem
1764 5290 1898 5342 acci-

310 5393 410 5464 piet
447 5391 728 5447 secundum
753 5403 901 5443 suum
930 5386 1171 5442 laborem.
1215 5382 1314 5436 Dei
1341 5381 1473 5435 enim
1509 5395 1683 5433 sumus
1712 5395 1897 5448 coope-

307 5487 433 5542 rarii
451 5501 470 5551 ;
503 5485 596 5539 Dei
624 5480 968 5555 agricultura,
1000 5479 1094 5532 Dei
1135 5475 1407 5544 ludiﬁcatio
1433 5473 1550 5527 estis
1578 5486 1594 5524 :
1620 5471 1895 5525 secundum

309 5579 530 5651 gratiam
558 5590 672 5647 que
697 5574 820 5629 data
845 5580 917 5628 est
942 5570 1065 5626 mihi
1086 5611 1102 5635 ,
1135 5578 1192 5622 ut
1218 5567 1422 5637 sapiens
1451 5564 1749 5617 architectus
1778 5566 1897 5632 [una

311 5669 600 5725 dammam
625 5665 772 5739 posui
799 5663 864 5736 (1
890 5659 1007 5718 Cor.
1032 5673 1110 5728 tn,
1143 5657 1310 5730 5-i0)
1343 5657 1489 5712 Sicut
1517 5670 1641 5726 ergo
1671 5655 1898 5723 Aposto-

369 5795 390 5828 ί
422 5792 530 5848 Sola
553 5787 703 5846 editio
718 5794 855 5855 ιονη
870 5785 925 5842 iit
943 5781 1163 5841 interiori
1193 5781 1380 5836 homine
1403 5789 1498 5836 tuo.

1665 321 1670 324 ·
1735 300 1935 357 LIBER
1975 303 2174 361 UNUS.

3501 320 3614 380 550

2033 418 2114 472 ius
2141 430 2392 489 operatur
2425 421 2728 490 plantando,
2761 425 3004 496 rigando,
3033 426 3377 496 aediﬁcando,
3405 440 3458 487 et
3479 432 3608 490 fun-

2027 510 2333 566 damentum
2383 515 2654 582 ponendo;
2703 517 2771 569 ita
2804 519 2889 587 qui
2936 535 3039 572 non
3089 521 3196 574 vult
3236 523 3468 592 operari,
3501 541 3608 582 non

2025 602 2328 658 manducet.
2360 604 2494 671 Quid
2527 607 2664 660 enim
2694 608 2908 676 prodest
2933 609 3298 666 matulucando
3324 613 3612 681 spirituali-

2024 705 2102 750 ter
2135 698 2275 766 pasci
2303 698 2466 752 verbo
2493 698 2588 752 Dei
2614 700 2648 764 ί,
2699 701 2742 753 si
2784 717 2887 754 non
2934 702 3053 755 inde
3101 712 3351 771 operatur
3380 705 3605 763 aliorum

2022 789 2462 843 :L'diiicationem?
2494 790 2642 845 Sicut
2670 792 2740 845 illi
2775 793 2922 862 pigro
2954 809 3108 847 servo
3137 794 3261 864 quid
3291 796 3488 864 profuit
3516 814 3606 854 ac-

2020 883 2197 950 cipere
2246 883 2529 951 talentum,
2574 893 2626 938 et
2671 885 3018 953 abscondere,
3069 903 3167 942 nec
3209 891 3414 956 cperari
3461 890 3605 949 lucra

2019 975 2318 1031 dominica?
2349 982 2428 1032 An
2460 988 2515 1031 ut
2553 980 2598 1031 ei
2628 980 2925 1034 auferretur
2953 981 3004 1034 in
3039 980 3162 1046 line,
3196 990 3250 1036 et
3281 984 3392 1051 ipse
3423 983 3474 1038 in
3507 1001 3604 1039 ex-

2023 1069 2243 1122 teriores
2269 1070 2514 1124 tenebras
2539 1071 2835 1124 mitteretur
2856 1071 2936 1140 (Μ
2943 1073 3066 1124 att/1.
3093 1088 3218 1137 xxv,
3240 1072 3309 1126 9.4
3340 1073 3431 1145 50)
3449 1074 3472 1126 ?
3492 1074 3600 1142 Sic,

2021 1161 2286 1230 inquiunt,
2312 1173 2365 1216 et
2397 1179 2490 1214 nos
2518 1163 2739 1216 iacimus
2769 1181 2779 1216 :
2814 1164 3034 1233 legimus
3063 1179 3180 1218 cmn
3215 1163 3484 1232 fratribus,
3513 1165 3601 1235 qui

2019 1251 2083 1304 ad
2115 1269 2212 1304 nos
2241 1252 2306 1305 ab
2333 1262 2463 1305 (esto
2486 1254 2666 1306 saeculi
2689 1254 2904 1307 veniunt
2929 1253 3148 1324 fatigati,
3179 1264 3234 1308 ut
3263 1254 3398 1324 apud
3429 1271 3523 1310 nos
3547 1256 3600 1312 in

2021 1343 2181 1397 verbo
2217 1344 2326 1406 Dei,
2354 1344 2480 1397 etin
2511 1344 2856 1410 orationibus,
2888 1345 3126 1415 psalmis.
3155 1345 3384 1416 hymnis,
3407 1355 3461 1402 et
3483 1363 3602 1404 cano

2019 1435 2137 1488 tieis
2159 1435 2516 1503 spiritualibus
2541 1437 2890 1505 requiescant.
2917 1437 3247 1506 Alloqttitttttt‘
3264 1453 3375 1502 eos,
3407 1453 3599 1493 conso-

2016 1525 2208 1591 lamur,
2237 1525 2601 1589 exhortamur,
2635 1528 2957 1581 aediﬁcantes
2986 1528 3033 1581 in
3065 1528 3162 1593 eis,
3187 1529 3229 1581 si
3257 1525 3380 1597 quid
3412 1543 3599 1586 eorum

2017 1619 2137 1673 vitm
2179 1634 2273 1686 pro
2304 1635 2399 1674 suo
2436 1620 2601 1687 gradu
2631 1618 2819 1673 deesse
2850 1620 3218 1688 perspicimus.
3265 1619 3408 1674 Talia
3437 1634 3598 1690 opera

2015 1711 2063 1765 si
2093 1728 2196 1765 non
2231 1711 2546 1777 facerenms,
2577 1712 2875 1780 periculose
2902 1727 2928 1764 a
2963 1711 3184 1764 Domino
3214 1711 3460 1764 alimenta
3486 1711 3598 1781 ipsa

2014 1801 2308 1871 spiritualia
2332 1817 2685 1855 sumeremus.
2714 1801 2824 1854 lloc
2854 1801 2993 1854 enim
3018 1799 3148 1853 dixit
3168 1800 3469 1869 Apostolus,
3498 1798 3597 1864 Qut

2014 1912 2113 1948 non
2145 1895 2248 1948 vult
2275 1895 2493 1964 operari,
2524 1911 2623 1946 non
2652 1894 2936 1946 manducet.
2972 1892 3045 1945 lla
3077 1907 3134 1944 se
3165 1891 3246 1944 isti
3275 1890 3596 1946 arbitrantur

2013 1987 2315 2056 apostolicae
2337 1997 2390 2042 et
2411 1985 2734 2055 evangelica:
2762 1985 3130 2054 obtemperare
3152 1983 3448 2049 sententia},
3475 1998 3596 2040 cum

2013 2087 2067 2132 et
2097 2079 2438 2148 Evangelium
2467 2078 2692 2132 credunt
2740 2077 2805 2132 de
2847 2093 2949 2130 non
2978 2075 3208 2132 curanda
3240 2076 3498 2146 corporali
3543 2084 3598 2132 et

2015 2171 2291 2239 temporali
2325 2172 2444 2224 vita)
2472 2170 2628 2239 hujus
2655 2169 2942 2239 indigentia
2986 2168 3324 2238 prsecepisse,
3357 2178 3409 2223 et
3447 2168 3595 2238 Apo-

2011 2263 2203 2315 stolum
2235 2263 2300 2316 de
2329 2263 2447 2316 cibo
2477 2272 2531 2316 et
2558 2277 2723 2330 Opere
2765 2262 3026 2330 spirituali
3069 2261 3267 2316 dixisse
3291 2299 3304 2326 ,
3351 2259 3450 2326 Qui
3493 2275 3594 2318 non

2010 2354 2112 2405 vult
2144 2355 2362 2422 operari,
2396 2370 2493 2406 non
2526 2352 2810 2406 manducet.

2080 2447 2303 2500 CAPUT
2331 2448 2468 2500 ll.--
2489 2447 2542 2501 5.
2568 2444 2909 2516 ΒρῙρΙιιιηιαν,
2929 2444 3047 2513 quia
3065 2452 3118 2496 ut
3147 2458 3346 2496 sensum
3363 2437 3594 2514 Evange-

2011 2537 2065 2589 lii
2091 2554 2152 2590 ελ)
2177 2539 2289 2590 aliis
2321 2548 2363 2590 et
2387 2537 2502 2590 aliis
2532 2535 2688 2590 verbis
2711 2535 2916 2588 Domini
2945 2533 3148 2599 Imbent,
3174 2533 3247 2586 ita
3271 2534 3436 2586 locant
3457 2531 3594 2603 Apo-

2009 2628 2125 2680 stoli
2145 2645 2207 2681 ex
2235 2629 2348 2681 aliis
2372 2629 2478 2698 ejus
2500 2627 2647 2680 dictis
2663 2625 3041 2696 intelligendum
3063 2641 3286 2680 essenon
3308 2625 3589 2681 attendunt.

2007 2721 2117 2774 Nec
2147 2720 2426 2774 attendunt
2451 2722 2570 2789 quia
2600 2721 2641 2773 si
2670 2720 2801 2773 alios
2826 2720 3047 2780 diceret,
3080 2718 3355 2771 Dominum
3378 2717 3592 2786 quidem

2013 2815 2064 2866 in
2092 2812 2356 2882 parabolis
2383 2822 2436 2866 et
2465 2813 2517 2865 in
2544 2811 2979 2866 similitudinilms
3007 2810 3308 2879 loquentem
3349 2808 3414 2863 de
3455 2810 3595 2866 victu

2006 2915 2061 2959 et
2094 2916 2397 2976 legumento
2433 2904 2689 2974 spirittlali
2735 2903 3023 2967 monuisse,
3075 2911 3130 2955 ut
3179 2917 3281 2955 non
3331 2901 3454 2956 inde
3489 2901 3594 2960 sint

2007 3000 2217 3053 solliciti
2249 2999 2386 3052 servi
2414 2998 2528 3066 ejus
2561 2999 2719 3066 (sicut
2739 2997 2868 3051 dicit
2891 3039 2904 3059 ,
2939 2995 3064 3050 Cum
3095 3013 3176 3049 vos
3199 2996 3497 3049 attraxerint
3523 2995 3591 3049 ad

1997 3090 2214 3160 judicia,
2245 3090 2396 3142 nolite
2423 3090 2642 3157 cogitare
2696 3088 2816 3158 quid
2855 3087 3149 3154 loquamini.
3199 3085 3415 3139 Dabitur
3461 3087 3594 3142 enim

2006 3182 2142 3234 vobis
2181 3182 2232 3232 in
2264 3180 2351 3232 illa
2378 3180 2503 3232 hora
2531 3179 2651 3247 quid
2691 3178 3008 3247 loquamini:
3043 3193 3139 3230 non
3170 3177 3302 3230 enim
3339 3193 3428 3232 vos
3471 3178 3592 3233 estis

2005 3275 2089 3344 qni
2121 3273 2402 3342 loquimini,
2434 3272 2520 3326 sed
2555 3271 2776 3339 Spiritus
2822 3268 2994 3323 Patris
3024 3270 3199 3335 vestri,
3243 3269 3327 3338 qui
3369 3269 3590 3340 loquitur

2004 3367 2055 3419 in
2085 3366 2216 3420 vobis
2247 3364 2456 3438 [Matt/t.
2491 3381 2548 3432 Χ,
2580 3364 2645 3419 i9
2668 3373 2710 3418 et
2732 3362 2844 3435 20].
2875 3362 3062 3418 Sermo
3089 3363 3283 3432 quippe
3315 3363 3589 3431 sapientia:

2006 3461 2295 3530 spiritualis
2316 3469 2415 3521 est,
2449 3459 2517 3513 de
2542 3474 2647 3527 quo
2670 3458 2786 3511 illos
2811 3457 2977 3510 noluit
2998 3457 3248 3524 cogitare,
3276 3457 3592 3525 promittens

2005 3553 2144 3622 quod
2173 3553 2250 3606 eis
2278 3552 2409 3605 nihil
2439 3551 2560 3604 inde
2593 3550 2833 3605 sollicitis
2852 3557 3191 3617 pr:estaretur
3210 3547 3252 3618 ;)
3277 3548 3590 3616 Apostolum

2004 3654 2180 3698 autem
2209 3644 2316 3713 jam
2361 3657 2509 3696 more
2539 3641 2834 3712 apostolico
2860 3641 3093 3708 apertius
3133 3640 3504 3702 disserentem,
3533 3649 3588 3694 et

2005 3744 2172 3808 magis
2201 3739 2412 3808 proprie
2440 3751 2595 3806 quam
2628 3737 2848 3803 ﬁgurate
2877 3734 3217 3802 loquentem,
3248 3732 3385 3786 sicut
3425 3733 3588 3788 multa

2003 3846 2064 3886 ac
2109 3846 2243 3900 pene
2283 3829 2458 3882 omnia
2503 3841 2620 3879 sese
2652 3823 2846 3878 habent
2883 3826 2934 3876 in
2984 3822 3232 3890 Epistolis
3257 3820 3583 3889 apostolicis,

2006 3923 2215 3992 proprie
2250 3920 2316 3974 de
2343 3932 2504 3987 opere
2533 3915 2794 3984 corporali
2834 3914 3060 3982 ciboque
3099 3912 3314 3974 dixisse,
3354 3911 3455 3974 Qui
3483 3928 3584 3966 non

2003 4017 2106 4069 vult
2133 4013 2352 4082 aperari,
2379 4028 2477 4064 non.
2501 4011 2766 4062 ntanducct
2786 4023 2803 4061 :
2826 4007 3134 4062 redderetur
3157 4005 3258 4059 illis
3279 4005 3436 4060 dubia
3463 4019 3587 4060 sene

2005 4111 2169 4166 tentia
2194 4123 2401 4172 eorum,
2437 4105 2538 4160 nisi
2567 4113 2756 4159 caatera
2778 4100 3039 4156 dominica
3064 4100 3220 4155 verba
3243 4099 3587 4153 consideran-

2004 4214 2104 4271 tes,
2130 4203 2428 4257 inveuircnt
2456 4198 2653 4268 aliquid
2701 4195 2840 4251 unde
2885 4194 3168 4265 probarent
3195 4207 3313 4247 eum
3354 4191 3422 4246 de
3448 4193 3588 4247 victu

2003 4307 2056 4354 et
2103 4297 2295 4352 vestitu
2345 4292 2604 4363 corporali
2649 4305 2753 4344 non
2795 4286 3070 4343 curando'
3104 4287 3334 4340 locutum
3381 4284 3581 4351 fuisse,

2003 4405 2123 4446 cum
2164 4388 2403 4453 diceret,
2450 4382 2622 4437 Nolite
2645 4381 2846 4436 solliciti
2875 4395 2980 4433 esse
3015 4375 3138 4448 quid
3164 4376 3473 4430 manducetis
3498 4417 3511 4440 ,
3540 4383 3588 4430 et

2001 4483 2124 4556 quid
2150 4481 2345 4544 bibatis,
2379 4489 2421 4532 et
2452 4495 2548 4547 quo
2578 4474 2854 4528 vestiamini
2872 4487 2891 4534 ;
2920 4471 3062 4524 velut
3107 4470 3150 4522 si
3193 4467 3370 4522 animo
3397 4467 3589 4520 adver-

2004 4583 2176 4630 tereut
2220 4571 2358 4642 quod
2390 4571 2481 4634 ait,
2515 4567 2642 4620 Ila‘c
2672 4566 2803 4618 cnim
2846 4564 3014 4615 omnia
3055 4560 3236 4614 Gentes
3279 4559 3538 4625 inquirunt
3567 4571 3587 4611 ε

2004 4667 2075 4720 ibi
2094 4665 2232 4719 cnim
2247 4659 2477 4716 ostendit
2495 4656 2558 4710 de
2588 4655 2716 4723 ipsis
2735 4651 3095 4719 corporalibus
3121 4657 3174 4701 et
3202 4647 3584 4715 temporalibus

2004 4773 2063 4813 se
2090 4757 2305 4811 dixisse.
2341 4753 2415 4806 Ita
2448 4764 2604 4818 ergo,
2639 4748 2682 4799 si
2714 4746 2814 4798 hoc
2845 4743 3014 4796 solum
3043 4740 3110 4795 de
3146 4739 3243 4791 hac
3280 4753 3340 4791 re
3367 4737 3584 4794 dixisset

2007 4847 2311 4919 Apostolus,
2350 4842 2447 4909 Qui
2478 4858 2576 4894 non
2602 4840 2700 4891 rult
2731 4834 2961 4907 aperari,
2994 4848 3091 4886 non
3123 4830 3426 4893 manducet;
3459 4845 3583 4900 pos-

2006 4953 2124 4996 scut
2167 4941 2281 4993 haec
2324 4936 2482 4990 verba
2532 4933 2581 4986 in
2632 4933 2785 4985 aliam
2831 4926 3033 4982 traduci
3076 4923 3392 4979 sententiam
3426 4941 3436 4977 :
3467 4939 3587 4980 cum

2005 5054 2132 5093 vero
2158 5033 2337 5088 multis
2369 5029 2480 5081 aliis
2512 5025 2640 5079 locis
2672 5021 3023 5092 Epistolarum
3053 5031 3288 5079 suarum,
3318 5016 3443 5086 quid
3467 5015 3590 5072 hinc

2007 5121 2576 5192 sentiat,apertissime
2620 5117 2839 5177 doceat;
2884 5111 3152 5181 snperlluo
3205 5118 3492 5176 conantur,
3537 5117 3592 5164 et

2006 5223 2103 5277 sibi
2150 5228 2202 5274 et
2241 5215 2448 5270 caeteris
2489 5209 2766 5280 caliginem
2813 5203 3112 5270 obducere,
3143 5201 3363 5271 utquod
3395 5201 3591 5254 utiliter

2007 5315 2093 5370 illa
2133 5311 2362 5366 charitas
2389 5311 2567 5359 monet
2599 5318 2701 5354 non
2747 5298 2915 5352 solum
2947 5296 3121 5353 facere
3149 5297 3335 5358 nolint,
3368 5294 3464 5350 sed
3493 5309 3591 5350 nec

2006 5405 2298 5475 intelligere
2327 5398 2442 5469 ipsi,
2471 5403 2560 5450 aut
2585 5396 2650 5450 ab
2672 5393 2786 5446 aliis
2813 5389 3030 5460 intelligi
3053 5389 3233 5454 velint,
3269 5403 3372 5442 non
3398 5387 3590 5442 timen-

2071 5595 2086 5620 ι
2124 5588 2194 5635 μία
2227 5593 2328 5633 viss.
2361 5587 2411 5630 At
2438 5577 2569 5638 editi,
2598 5574 2893 5626 manducare
2917 5569 3245 5636 εγὴνίιωιιὲισν,
3271 5569 3325 5621 id
3347 5575 3433 5628 εείο
3458 5583 3593 5635 Ρακι

2080 5664 2089 5676 σ
2097 5650 2149 5680 Ιπι
2184 5646 2262 5680 1η)ίῖ

2080 5664 2089 5676 ,
2203 5650 2262 5680 Η.

2009 5650 2164 5759 Wilblit
2181 5658 2397 5757 iilliiioue
2417 5713 2521 5753 Lov.
2549 5701 2676 5751 male
2701 5701 2930 5750 omissum
2955 5704 3048 5758 cst,
3073 5693 3460 5761 curando;un
3482 5709 3595 5748 ver-

2011 5779 2127 5826 bum
2148 5774 2196 5822 in
2219 5771 2362 5821 editis
2384 5767 2490 5818 aliis
2509 5765 2690 5829 legitur
2715 5770 2768 5814 et
2785 5763 2838 5813 in
2853 5767 2962 5812 I66.
