4140 6216
532 462 618 511 tes
642 450 789 524 quod
818 449 1070 521 scriptum
1095 451 1198 514 est,
1230 440 1410 499 Noluit
1428 430 1707 513 intelligere
1723 452 1776 498 ut
1799 444 1921 499 bene
1941 451 2111 516 ageret

537 545 707 620 (Psal.
742 559 915 605 xxxv,
947 541 1023 609 4).
1786 626 1790 627 γ
2026 622 2035 627 _

608 631 831 690 CAPUT
871 630 1047 685 II|.—-
1090 629 1145 684 4.
1202 627 1353 682 Pauli
1400 635 1707 697 prteceptum
1757 626 1821 680 de
1868 626 2122 696 corporali

539 743 689 797 opere
715 740 822 780 esse
851 723 1088 792 probatur
1105 737 1170 776 ea:
1192 718 1568 773 circumstantia
1598 718 1838 771 lectionis.
1871 716 2119 790 Exemplo

534 833 627 872 suo
653 814 849 868 Paulus
878 811 1046 866 docuit
1065 809 1188 874 quid
1214 809 1521 879 praeceperit.
1558 808 1709 863 Prius
1738 823 1864 877 ergo
1893 807 2117 863 demon-

534 916 707 963 strare
728 905 983 961 debemus
1010 903 1221 957 beatum
1248 901 1547 972 apostolum
1581 900 1797 954 Paulum
1819 914 1979 969 opera
2000 914 2121 954 cor-

532 997 737 1071 poralia
763 1010 948 1053 servos
978 994 1072 1051 Dei
1098 993 1307 1064 operari
1336 992 1590 1056 voluisse,
1623 1006 1743 1062 quae
1768 990 1927 1046 linem
1960 990 2122 1046 habe-

539 1100 660 1147 rent
688 1103 932 1160 magnam
957 1087 975 1119 ί
1002 1085 1328 1156 spiritualem
1355 1082 1676 1147 mercedem,
1711 1080 1776 1135 ad
1798 1079 1900 1135 hoc
1926 1089 1982 1135 ut
2006 1080 2121 1151 ipso

532 1181 679 1237 victu
705 1189 760 1237 et
790 1187 1092 1250 legumento
1117 1191 1149 1232 a
1178 1176 1323 1232 nullo
1363 1173 1658 1244 indigerent
1686 1213 1701 1239 ,
1752 1170 1847 1226 sed
1877 1170 2121 1227 manibus

533 1274 651 1328 suis
680 1272 794 1328 haec
817 1271 917 1326 sibi
949 1275 1293 1341 procurarent
1324 1284 1337 1320 :
1366 1265 1556 1321 deinde
1578 1262 1862 1320 ostendere
1890 1276 2121 1333 evange-

536 1362 641 1419 lica
681 1363 770 1418 illa
810 1370 1097 1433 prtecepta,
1127 1358 1195 1415 de
1225 1357 1414 1429 quibus
1438 1354 1674 1411 nonnulli
1702 1368 1806 1408 non
1836 1353 2010 1408 solum
2038 1351 2119 1422 pi-

532 1456 778 1529 gritiam,
809 1454 904 1511 sed
930 1455 1088 1509 etiam
1114 1449 1465 1521 arrogantiam
1498 1463 1645 1503 suam
1676 1445 1849 1501 fovent
1868 1487 1881 1510 ,
1910 1453 2123 1515 aposto-

538 1547 643 1604 lico
657 1555 926 1620 prcecepto
939 1554 993 1601 et
1006 1543 1250 1613 exemplo
1272 1558 1374 1596 non
1397 1556 1514 1619 esse
1531 1539 1814 1594 contraria.
1833 1536 2122 1592 Videamus

538 1637 719 1709 itaque
743 1636 883 1693 unde
907 1635 973 1692 ad
1001 1637 1101 1691 hoc
1126 1632 1331 1690 venerit
1359 1631 1642 1701 Apostolus
1662 1672 1676 1694 ,
1705 1638 1765 1683 ut
1794 1628 2029 1692 diceret,
2061 1625 2122 1681 Si

535 1728 651 1797 quis
679 1744 781 1783 non
801 1728 906 1783 vult
939 1726 1140 1797 operari
1160 1767 1176 1792 ,
1209 1741 1310 1779 non
1332 1723 1638 1788 manducet;
1681 1728 1734 1775 et
1760 1719 1886 1791 quid
1931 1718 2123 1773 deinde

540 1827 831 1885 contexet,
862 1826 920 1873 ut
944 1831 1011 1873 ex
1040 1816 1155 1886 ipsa
1183 1814 1573 1870 circumstantia
1601 1810 1842 1867 lectionis
1869 1817 2124 1880 appareat

535 1910 805 1967 declarata
849 1908 1133 1965 sententia.
1166 1905 1552 1969 Denuntiamus,
1587 1903 1774 1972 inquit,
1810 1901 1967 1966 vobis,
2010 1904 2121 1971 fra-

539 2009 660 2066 tres,
688 2001 743 2054 in
768 1999 971 2054 nomine
988 1996 1195 2052 Domini
1220 1996 1376 2050 nostri
1396 1992 1431 2047 J
1436 2010 1520 2047 esu
1545 1992 1751 2057 Christi,
1780 2000 1834 2044 ut
1858 1989 2124 2045 subtraha-

540 2092 727 2149 tis‘vos
771 2091 833 2145 ab
876 2089 1014 2144 omni
1059 2088 1216 2159 fratre
1259 2086 1473 2156 inquiete
1498 2082 1805 2146 ambulante,
1839 2090 1883 2134 et
1914 2096 2013 2135 non
2040 2095 2118 2134 se-

534 2182 761 2239 cundum
786 2181 1105 2236 traditionem
1126 2194 1277 2249 quam
1298 2179 1592 2246 acceperunt
1619 2190 1649 2227 a
1675 2173 1833 2227 nobis.
1859 2170 1970 2241 Ipsi
1989 2171 2122 2224 enim

536 2273 677 2330 scitis
704 2272 953 2345 quomodo
1006 2278 1232 2343 oporteat
1287 2266 1474 2320 imitari
1523 2280 1648 2329 nos;
1711 2263 1829 2333 quia
1875 2278 1975 2315 non
2015 2260 2121 2331 fui-

536 2381 653 2420 mus
676 2363 886 2435 inquieti
925 2364 1057 2418 inter
1086 2376 1190 2428 vos,
1234 2374 1391 2429 neque
1430 2373 1609 2428 panem
1647 2355 1709 2409 ab
1756 2354 1922 2423 aliqua
1965 2354 2122 2423 gratis

535 2455 954 2512 mnducavimus
971 2494 986 2518 ,
1015 2452 1103 2509 sed
1129 2453 1181 2507 in
1209 2450 1379 2506 labore
1401 2460 1447 2503 et
1477 2448 1770 2520 fatigatione
1794 2446 1874 2499 die
1901 2462 1960 2497 ac
1981 2453 2123 2498 nocte

536 2534 824 2622 operantes,
860 2563 923 2603 ne
946 2562 1093 2617 quem
1118 2552 1334 2599 vestrum
1358 2556 1678 2612 gravaremns
1703 2554 1721 2592 :
1750 2554 1850 2592 non
1879 2538 1994 2607 quia
2024 2552 2122 2590 non

538 2640 857 2697 habuerimus
887 2646 1178 2711 potestatem
1196 2678 1210 2701 ,
1238 2634 1325 2689 sed
1352 2643 1403 2687 ut
1429 2632 1755 2700 nosmetipsos
1783 2634 1995 2700 formum
2025 2629 2121 2681 da-

536 2751 706 2790 remus
733 2733 872 2788 vobis
896 2772 913 2801 ,
955 2747 1055 2802 qua
1084 2745 1174 2784 nos
1207 2724 1550 2781 imitaremini.
1591 2721 1728 2775 Nam
1757 2729 1803 2775 et
1845 2736 1959 2773 cam
1983 2718 2123 2789 apud

537 2841 629 2882 vos
656 2840 897 2886 essemus,
931 2822 1027 2875 hoc
1055 2819 1191 2873 vobis
1217 2815 1650 2887 prtecipiebamus,
1679 2812 1916 2882 quoniam
1941 2811 1985 2865 si
2013 2811 2123 2879 quis

542 2931 645 2971 non
667 2914 772 2968 vult
799 2910 1017 2983 operari,
1047 2925 1147 2963 non
1175 2906 1461 2961 manducet.
1491 2904 1784 2957 Audiuimus
1813 2903 1943 2956 enim
1969 2919 2121 2973 quos-

540 3005 663 3060 dam
684 3005 819 3059 inter
853 3018 939 3057 vos
964 2999 1224 3055 ambulare
1247 2996 1491 3066 inquiete,
1535 2994 1663 3048 nihil
1691 3004 1951 3064 Operantes
1976 3036 1991 3058 ,
2036 2994 2123 3048 sed

540 3099 740 3154 curiose
766 3104 987 3167 agentes.
1021 3090 1116 3146 His
1144 3100 1311 3144 autem
1336 3087 1422 3159 qui
1446 3085 1694 3158 ejusmodi
1715 3094 1852 3152 sunt,
1890 3085 2125 3155 praecipi-

435 3193 438 3196 ’
537 3207 656 3246 anus
679 3198 726 3244 et
751 3188 1067 3243 obsecramus
1093 3184 1148 3238 in
1189 3181 1407 3236 Domino
1431 3178 1467 3233 Ι
1472 3195 1557 3234 esu
1586 3178 1803 3243 Christo,
1836 3187 1887 3230 ut
1916 3194 2030 3231 cum
2056 3178 2125 3232 si-

537 3283 700 3339 ilentio
729 3288 992 3351 operantes
1017 3292 1199 3350 panem
1223 3290 1372 3330 suum
1409 3271 1709 3326 manducent
1738 3268 1810 3341 (ll
1836 3269 2013 3324 Thess.
2043 3284 2121 3337 tu,

592 3372 736 3436 οη).
781 3368 917 3438 Quid
962 3365 1028 3421 ad
1072 3365 1187 3420 lure
1212 3362 1316 3419 dici
1346 3370 1546 3432 potest,
1591 3359 2016 3431 quandoquidem
2058 3375 2125 3414 ne

534 3463 788 3533 cuiquam
833 3468 1015 3528 postea
1055 3455 1240 3511 liceret
1284 3454 1385 3507 hoc
1435 3466 1533 3521 pro
1574 3450 1865 3516 voluntate,
1897 3463 2000 3503 non
2031 3464 2124 3518 pro

542 3551 800 3607 charitate
829 3545 1189 3617 interpretari,
1222 3542 1466 3612 exemplo
1503 3556 1600 3597 suo
1627 3540 1809 3595 docuit
1833 3539 1957 3608 quid
1991 3554 2124 3608 prte-

540 3640 779 3713 eeperit?
799 3638 875 3695 Illi
896 3638 1037 3693 enim
1062 3644 1313 3706 tanquam
1335 3630 1591 3703 Apostolo
1612 3630 1943 3701 praedicatori
1963 3631 2125 3685 Evan-

538 3733 692 3805 gelii,
723 3730 873 3786 militi
900 3727 1134 3792 Christi,
1172 3723 1454 3796 plantatori
1480 3722 1672 3789 vineae,
1703 3722 1901 3791 pastori
1949 3723 2123 3792 gregis

534 3825 893 3880 constituerat
931 3818 1184 3874 Dominus
1204 3825 1263 3872 ut
1289 3813 1358 3871 de
1384 3813 1671 3884 Evangelia
1698 3812 1932 3878 viveret;
1960 3820 2014 3869 et
2041 3822 2121 3865 ta-

536 3934 668 3975 men
699 3919 812 3988 ipse
840 3912 1163 3984 stipendium
1204 3909 1304 3964 sibi
1343 3907 1578 3963 debitum
1608 3921 1712 3961 non
1753 3905 1950 3976 exegit,
1984 3902 2041 3959 ut
2065 3919 2122 3959 se

536 4009 769 4065 formam
792 4005 947 4061 daret
963 4004 1041 4058 eis
1061 4002 1150 4071 qui
1167 4000 1378 4069 exigere
1409 3996 1638 4052 indebita
1665 3994 1982 4065 cupiebant:
2015 3994 2121 4049 sic-

541 4110 602 4155 ut
642 4100 707 4154 ad
749 4094 1053 4153 Corinthios
1111 4092 1272 4157 dicit,
1332 4090 1456 4156 Quis
1494 4089 1675 4142 militat
1718 4088 1821 4142 suis
1862 4087 2123 4158 stipendiis

542 4189 810 4259 unquam?
862 4184 985 4250 Quis
1017 4183 1209 4252 plantat
1256 4180 1484 4243 vineam,
1515 4188 1559 4231 et
1598 4178 1660 4230 de
1688 4180 1852 4247 fructu
1887 4179 1994 4249 ejus
2022 4193 2122 4231 non

535 4278 683 4333 edit?
715 4274 838 4340 Quis
869 4271 1025 4341 pascit
1053 4284 1252 4341 gregem
1274 4306 1289 4331 ,
1323 4276 1366 4320 et
1394 4266 1455 4320 de
1495 4266 1621 4319 lacte
1648 4269 1811 4337 gregis
1840 4284 1937 4321 non
1964 4267 2124 4338 perci-

510 4366 664 4440 rqtpit?
692 4364 835 4434 Ergo
860 4359 1000 4432 quod
1048 4358 1148 4413 sibi
1190 4356 1481 4411 debebatur
1504 4397 1517 4415 .
1559 4356 1729 4410 noluit
1769 4357 2036 4425 accipere,
2066 4364 2124 4411 ut

534 4455 794 4527 exemplo
813 4452 929 4524 ejus
947 4457 1340 4511 coercerentur,
1363 4446 1451 4517 qui
1480 4446 1577 4501 sibi
1606 4462 1708 4500 non
1733 4446 1802 4500 ita
1828 4447 2085 4501 ordinatis
2101 4450 2121 4479 ¹

536 4550 600 4605 :in
628 4546 864 4604 Ecclesia
905 4543 1026 4599 talia
1056 4541 1240 4597 deberi
1266 4538 1677 4594 arbitrabantur.
1706 4537 1841 4609 Quid
1871 4547 1953 4591 est
1980 4540 2121 4594 enim

533 4641 686 4714 quod
728 4640 843 4694 ait:
879 4634 1057 4707 Neque
1082 4650 1261 4705 partem
1301 4631 1461 4702 gratis
1488 4630 1548 4684 ab
1585 4629 1753 4699 aliquo
1794 4628 2119 4684 manducavi-

538 4752 678 4796 ams.
704 4733 794 4789 sed
813 4733 867 4785 in
895 4730 1064 4784 labore
1088 4738 1134 4783 et
1162 4726 1455 4798 fatigatione
1478 4722 1560 4777 die
1585 4738 1644 4776 ac
1668 4732 1810 4777 nocte
1836 4732 2119 4791 operantes,

542 4843 605 4881 ne
621 4840 772 4897 quem
794 4831 1010 4877 vestrum
1029 4832 1346 4890 gravaremus
1368 4831 1386 4868 :
1408 4831 1507 4868 non
1534 4814 1651 4885 quia
1677 4831 1775 4867 non
1805 4814 2123 4867 habuerinms

538 4925 858 4991 potestatem,
887 4911 975 4968 sed
1002 4920 1057 4965 ut
1086 4925 1174 4964 nos
1201 4907 1417 4977 formam
1443 4906 1673 4959 daremus
1698 4904 1859 4969 vobis,
1887 4921 1986 4974 qua
2034 4921 2123 4959 nos

527 5003 909 5063 :imitaremini?
952 4999 1182 5056 Audiant
1223 5011 1348 5066 ergo
1391 4994 1581 5065 quibus
1620 4993 1721 5048 hoc
1768 4993 2038 5063 prmcepit,
2072 4993 2121 5048 id

533 5110 651 5164 test,
681 5099 771 5169 qui
801 5111 905 5151 non
936 5093 1132 5147 habent
1158 5088 1291 5144 hanc
1322 5095 1633 5157 potestatem
1662 5101 1816 5155 quam
1848 5084 1934 5137 ille
1965 5084 2120 5138 habe-

534 5193 658 5257 bat,
692 5196 751 5245 ut
789 5181 1153 5242 tantummodo
1198 5178 1541 5249 spiritualiter
1585 5184 1863 5246 operantes
1906 5175 2120 5228 mandu-

531 5291 671 5341 cent
697 5294 884 5352 panem
919 5292 949 5330 a
975 5272 1239 5343 corporali
1270 5269 1452 5325 labore
1480 5269 1762 5339 gratuitum
1797 5285 1808 5319 :
1840 5277 1888 5321 et
1933 5282 2120 5336 quem-

540 5372 834 5431 admodum
863 5367 1011 5431 dicit,
1046 5363 1378 5432 Prtccipimus
1405 5371 1451 5416 et
1478 5360 1794 5414 obsecramus
1822 5358 1874 5411 in
1902 5356 2118 5422 Christo,

548 5475 605 5521 ut
632 5481 743 5520 cum
762 5461 970 5518 silentio
996 5463 1259 5527 operantes
1288 5468 1467 5525 panem
1495 5468 1639 5507 suum
1664 5449 1986 5515 manducent,
2016 5463 2120 5501 non

540 5558 820 5628 disputent
845 5559 1029 5607 contra
1054 5544 1481 5603 manifestissima
1509 5541 1670 5596 verba
1695 5538 1971 5610 Apostoli;
1998 5537 2121 5605 quia

543 5657 602 5705 et
626 5647 726 5702 hoc
763 5642 988 5715 pertinet
1015 5638 1080 5695 ad
1107 5636 1370 5693 silentium
1395 5673 1410 5700 ,
1457 5648 1577 5688 cum
1619 5647 1724 5702 quo
1768 5629 1965 5685 debent
1991 5642 2121 5699 ope-

610 5781 630 5843 ι
660 5786 787 5839 κει,
811 5774 1347 5843 habereutinmagnagtt
1402 5830 1430 5843 Ι,

602 5842 632 5879 ³
661 5848 737 5895 ει.
758 5832 811 5893 et
831 5839 1053 5904 plerique
1074 5832 1449 5900 uss.,"ordiuati.

482 5914 530 5928 π*

1485 329 1572 386 DE
1608 327 1832 387 OPERE
1870 326 2356 401 MONACHORUM,
2395 329 2452 390 S.
2492 330 2855 391 AUGUSTINI

3701 336 3812 399 552

2229 456 2409 502 rantes
2433 446 2753 503 manducare
2778 461 2968 518 panem
2997 460 3172 503 suum.
3814 475 3825 481 -

2294 538 2520 595 CAPUT
2557 539 2644 594 IV.
2664 570 2735 581 —
2762 540 2815 596 5.
2850 537 3004 593 Pauli
3026 540 3270 594 sententia
3306 556 3370 595 ea:
3395 540 3510 595 aliis
3534 543 3645 612 ejus
3676 541 3805 617 Epi-

2223 629 2369 685 stolis
2389 632 2671 687 declarata.
2693 632 3037 687 Enucleatius
3048 641 3224 688 autem
3241 642 3294 689 et
3307 632 3611 703 diligentius
3634 635 3811 693 adhuc

2225 723 2326 778 ista
2347 725 2506 778 verba
2527 724 2917 779 considerarem
2935 734 3091 795 atque
3109 733 3411 791 tractarem,
3435 727 3535 781 nisi
3554 727 3807 785 haberem

2222 812 2323 866 alia
2351 813 2463 868 loca
2486 813 2843 884 Epistolarum
2868 814 2984 883 ejus
3012 816 3181 870 multo
3201 815 3583 884 manifestiora,
3617 819 3810 888 quibus

2222 902 2429 957 collatis
2458 913 2513 959 et
2542 905 2644 958 ista
2674 904 2922 974 liquidius
2951 906 3372 973 manilestantur,
3405 916 3459 962 ct
3486 909 3532 963 si
3558 909 3658 963 ista
3698 926 3805 969 non
3852 912 3863 921 '

2228 1002 2431 1059 essent,
2462 993 2549 1048 illa
2588 994 2915 1050 sullicerent.
2956 994 3037 1050 Ad
3063 994 3369 1051 Corinthios
3396 998 3537 1051 enim
3567 999 3810 1054 scribens

2227 1087 2294 1143 de
2324 1088 2424 1143 hac
2447 1088 2633 1144 eadem
2661 1103 2739 1155 re,
2774 1089 2839 1143 ita
2870 1088 3037 1144 dicit:
3071 1088 3192 1143 Non
3218 1105 3330 1145 sum
3355 1091 3520 1145 liber?
3552 1108 3657 1146 non
3698 1108 3810 1148 sunt

2224 1180 2523 1251 apostolus?
2553 1178 2739 1235 Nonne
2774 1177 3029 1235 Christum
3062 1177 3241 1234 Iesum
3280 1179 3552 1235 Dominunt
3578 1192 3807 1238 nostrum

2224 1272 2326 1326 uidi
2340 1272 2366 1326 2
2394 1271 2579 1326 Nonne
2606 1288 2732 1341 opus
2759 1288 2927 1325 meum
2952 1287 3040 1327 ros
3065 1273 3182 1326 estis
3223 1273 3274 1326 in
3320 1271 3538 1327 Domino
3559 1275 3584 1328 .’
3608 1274 3669 1330 Si
3692 1276 3807 1331 aliis

2224 1378 2325 1416 non
2350 1378 2463 1415 sum
2489 1362 2768 1431 apostolus,
2796 1361 2931 1416 vobis
2953 1372 3290 1416 verumtamen
3317 1379 3449 1417 sum.
3475 1363 3805 1435 Signaculunt

2226 1456 2356 1509 enim
2387 1454 2699 1524 apostolatus
2738 1455 2834 1508 mei
2872 1470 2958 1509 vos
2986 1456 3105 1509 estis
3128 1455 3182 1509 in
3210 1454 3451 1511 Domino.
3487 1456 3603 1511 Hea
3631 1458 3805 1526 defen-

2223 1546 2300 1599 sio
2327 1546 2395 1599 ad
2423 1562 2506 1601 eos
2536 1546 2620 1616 qui
2665 1562 2743 1599 me
2776 1545 3088 1616 interrogant
3116 1550 3224 1601 ha'c
3262 1557 3350 1602 est.
3406 1545 3670 1618 Numquid
3705 1566 3805 1604 non

2226 1635 2463 1691 habemus
2487 1647 2777 1706 potestatem
2797 1639 2813 1669 ‘
2847 1635 3185 1691 manducandi
3204 1649 3251 1691 et
3275 1637 3474 1693 bibendi
3495 1641 3520 1693 .’
3548 1638 3803 1711 Numquid

2226 1742 2326 1780 non
2356 1726 2593 1781 habemus
2637 1737 2927 1796 potestatem
2966 1743 3189 1782 sororem
3226 1728 3486 1785 mulierem
3519 1732 3803 1786 circumdu-

2225 1816 2388 1880 cendi,
2418 1817 2546 1871 sicut
2576 1826 2623 1871 et
2644 1819 2809 1872 cwteri
2834 1818 3080 1889 Apostoli,
3107 1829 3152 1872 et
3178 1823 3365 1890 fratres
3392 1819 3612 1888 Domini,
3641 1833 3689 1876 et
3711 1822 3806 1879 Ce-

2228 1906 2353 1975 phas
2399 1906 2439 1978 (l
2479 1906 2595 1962 Cor.
2634 1923 2689 1961 lx
2712 1950 2726 1974 ,
2772 1906 2905 1980 1-7).
2948 1907 3080 1964 Vide
3103 1910 3545 1978 quemadmodum
3575 1912 3803 1982 primum

2226 1999 2470 2054 ostendat
2493 1998 2616 2069 quid
2642 1999 2746 2054 sibi
2774 1999 2951 2063 liceat,
2974 2009 3028 2054 et
3058 1999 3177 2054 idco
3204 2000 3360 2056 liceat
3384 2002 3504 2072 quia
3530 2004 3803 2073 apostolus

2225 2099 2324 2145 est.
2354 2089 2480 2145 Inde
2500 2092 2639 2145 enim
2670 2092 2830 2160 cmpit
2856 2110 2866 2144 :
2896 2091 3016 2145 Non
3041 2109 3152 2147 sum
3169 2093 3333 2147 liber?
3359 2112 3459 2149 non
3475 2112 3586 2150 sum
3602 2110 3802 2165 aposto-

2226 2180 2345 2234 lus?
2384 2181 2451 2235 Et
2477 2181 2664 2251 probat
2703 2197 2761 2237 se
2807 2182 3102 2252 apostolum
3151 2199 3291 2250 esse,
3342 2185 3522 2242 dicens
3561 2205 3574 2241 :
3618 2186 3808 2244 Nonne

2225 2268 2477 2324 Christum
2506 2270 2680 2324 Iesum
2713 2270 2986 2327 Dominum
3031 2283 3256 2327 nostrum
3296 2275 3396 2328 ridi
3413 2276 3439 2328 .’
3465 2274 3650 2331 Nonne
3673 2295 3806 2348 opus

2226 2378 2389 2415 meum
2428 2378 2512 2416 vos
2540 2363 2658 2417 estis
2685 2363 2736 2416 in
2766 2362 2983 2418 Domino
2999 2365 3025 2417 Ρ
3052 2365 3167 2433 Quo
3194 2366 3419 2436 probato
3444 2370 3679 2426 ostendit
3702 2372 3806 2429 sibi

2226 2450 2386 2507 licere
2409 2452 2549 2521 quod
2577 2452 2785 2507 cateris
2813 2455 3115 2524 Apostolis;
3145 2455 3194 2509 id
3215 2465 3316 2518 est.
3347 2466 3403 2512 ut
3425 2474 3529 2514 non
3556 2471 3807 2530 operetur

2224 2541 2469 2595 manibus
2494 2543 2605 2596 suis
2626 2581 2641 2609 ,
2674 2542 2766 2597 sed
2799 2557 2862 2597 ex
2891 2545 3174 2615 Evangelio
3198 2547 3357 2613 vivat,
3392 2549 3528 2604 sicut
3554 2552 3808 2622 Dominus

2224 2631 2532 2698 constituit,
2575 2632 2714 2703 quod
2755 2634 2805 2687 in
2836 2637 3283 2706 consequentibus
3321 2642 3659 2711 apertissime
3701 2644 3802 2701 de-

2225 2725 2541 2780 monstravit
2571 2743 2585 2780 :
2618 2725 2684 2780 ad
2716 2726 2817 2782 hoc
2844 2728 2985 2783 enim
3014 2736 3070 2784 et
3098 2728 3281 2786 ﬁdeles
3325 2733 3576 2789 mulieres
3605 2734 3810 2793 haben-

2229 2824 2308 2869 tes
2337 2824 2602 2871 terrenam
2629 2819 2976 2873 substantiam
3003 2819 3147 2874 ibant
3170 2835 3289 2876 cum
3311 2822 3393 2877 eis
3410 2864 3425 2888 ,
3453 2834 3508 2880 et
3534 2825 3807 2882 ministra-

2226 2907 2352 2961 bant
2396 2908 2474 2962 eis
2525 2908 2592 2963 de
2640 2908 2935 2965 substantia
2979 2926 3108 2978 sua,
3154 2920 3209 2966 ut
3259 2912 3457 2969 nullius
3508 2914 3807 2985 indigerent

2229 3000 2418 3053 borum
2439 3016 2557 3070 quae
2576 3001 2641 3055 ad
2665 3002 2962 3056 necessaria
2985 3003 3103 3057 vita:
3124 3002 3281 3073 hujus
3302 3005 3625 3075 pertinent’.
3649 3008 3806 3075 Quod

2227 3089 2412 3146 beatus
2439 3091 2634 3146 Paulus
2665 3092 2826 3147 licere
2847 3093 3061 3164 quidem
3089 3094 3187 3150 sibi
3214 3096 3563 3164 demonstrat,
3591 3098 3728 3155 sicut
3751 3109 3809 3156 et

2226 3184 2400 3238 caueri
2455 3185 2693 3255 Apostoli
2740 3185 3020 3251 iaciebant,
3068 3187 3162 3243 sed
3210 3204 3271 3243 ea
3319 3200 3577 3260 potestate
3620 3208 3679 3248 se
3730 3193 3806 3249 uti

2227 3275 2459 3330 noluisse
2489 3286 2667 3345 postea
2693 3288 3093 3334 commemorat.
3130 3280 3241 3336 Hoc
3263 3282 3479 3351 quidam
3507 3300 3610 3339 non
3638 3286 3804 3341 intel-
3892 3322 3901 3331 -

2227 3363 2469 3433 ligentes,
2516 3380 2620 3421 non
2668 3382 2890 3421 sororem
2932 3371 3228 3439 mulierem,
3272 3386 3393 3428 cum
3440 3375 3526 3429 ille
3572 3376 3800 3447 diceret,

2228 3452 2492 3524 Numquid
2536 3472 2637 3509 non
2680 3458 2916 3512 habemus
2944 3471 3240 3532 potestatem
3280 3480 3498 3519 sororem
3548 3469 3805 3524 mulierent

2225 3546 2669 3601 circumducendi?
2697 3549 2788 3603 sed
2821 3565 3024 3605 uxorem
3068 3553 3395 3625 interpretati
3421 3567 3566 3612 sunt.
3598 3557 3807 3617 Fefellit

2226 3651 2321 3692 eos
2346 3637 2490 3692 verbi
2519 3638 2675 3707 graeci
2708 3640 3025 3711 ambiguitas
3047 3684 3062 3709 ,
3092 3644 3234 3713 quod
3261 3657 3315 3700 et
3345 3662 3479 3702 uxor
3519 3659 3573 3704 et
3616 3651 3805 3707 mulier

2225 3729 2411 3785 eodem
2457 3730 2621 3785 verbo
2671 3747 2841 3801 grazce
2884 3733 3101 3790 dicitur.
3129 3736 3442 3808 Quanquam
3470 3740 3574 3796 hoc
3610 3743 3679 3798 ita
3709 3758 3804 3814 po-

2225 3820 2389 3874 suerit
2410 3820 2718 3891 Apostolus,
2749 3833 2807 3877 ut
2843 3823 2951 3879 falli
2980 3841 3085 3881 non
3115 3827 3400 3885 debuerint
3431 3851 3444 3884 :
3471 3826 3591 3903 quia
3633 3851 3806 3905 neque

2226 3909 2484 3965 mulierem
2514 3914 2877 3969 tantummodo
2903 3916 3008 3982 ait,
3040 3917 3131 3972 sed
3159 3934 3381 3975 sororem
3408 3923 3665 3978 mulierem
3686 3927 3801 3996 (a);

2227 4019 2397 4075 neque
2426 4004 2674 4068 ducendi,
2698 4008 2793 4062 sed
2824 4006 3246 4064 circumducendi.
3275 4011 3647 4070 Verumtamen:
3668 4016 3804 4072 alios

2227 4093 2542 4165 interpretes
2569 4112 2672 4149 non
2700 4096 2886 4151 fefellit
2910 4097 3023 4153 lucc
3041 4101 3373 4171 ambiguitas,
3400 4112 3454 4159 et
3474 4104 3736 4162 mulierem
3755 4107 3801 4175 ³,

2227 4201 2331 4240 non
2356 4201 2585 4250 uxorem,
2613 4187 2944 4257 interpretati
2969 4200 3111 4246 sunt.
3810 4238 3817 4245 .

2295 4278 2521 4335 CAPUT
2552 4279 2615 4335 V.
2637 4310 2707 4320 -
2730 4281 2783 4335 6.
2813 4281 3067 4349 Apostolis
3102 4288 3400 4358 permissum
3441 4292 3672 4346 mulieres
3707 4293 3805 4348 sibi

2227 4370 2563 4425 ministrantes
2637 4388 2805 4426 secum
2862 4375 3043 4429 habere
3103 4378 3329 4448 exemplo
3391 4378 3596 4433 Christi.
3646 4380 3804 4450 Quod

2226 4462 2461 4531 quisquis
2487 4470 2635 4532 putat
2662 4479 2766 4517 non
2793 4467 3030 4533 potuisse
3052 4465 3120 4520 ab
3144 4466 3409 4536 Apostolis
3433 4466 3570 4532 ﬁeri,
3596 4479 3653 4525 ut
3673 4485 3800 4530 cum

2226 4552 2305 4607 eis
2347 4562 2543 4608 sanctae
2580 4554 3001 4609 conversationis
3043 4555 3295 4611 mulieres
3320 4556 3631 4625 circuirent,
3664 4578 3802 4633 qua-

2227 4656 2453 4711 cumque
2482 4642 2823 4713 Evangelium
2850 4642 3206 4715 pra-dicabant
3226 4685 3242 4711 ,
3272 4654 3329 4700 ut
3357 4648 3437 4702 eis
3461 4647 3532 4705 de
3557 4664 3652 4706 sua
3678 4655 3803 4710 sub.

2226 4732 2415 4788 stantia
2436 4732 2795 4789 ministrarent
2815 4736 3132 4799 necessaria,
3162 4734 3510 4807 Evangelium
3533 4740 3729 4805 audiat,
3748 4752 3804 4798 et

2227 4836 2507 4892 cognoscat
2533 4824 2976 4893 quemadmodum
3004 4824 3107 4880 hoc
3131 4826 3296 4896 ipsius
3321 4828 3531 4886 Domini
3557 4833 3803 4904 exemplo

2227 4912 2502 4968 faciebant.
2520 4914 2775 4969 Dominus
2785 4918 2925 4972 enim
2940 4925 3118 4973 ucster
3132 4934 3279 4975 more
3295 4922 3672 4978 misericordiae
3689 4939 3802 4980 sua:

2228 5006 2601 5064 inﬁrmioribus
2627 5010 2975 5079 compatiens,
2999 5028 3119 5067 cum
3140 5012 3190 5068 ei
3209 5025 3424 5083 possent
3444 5018 3625 5087 Angeli
3647 5017 3803 5073 mini-

2227 5106 2415 5165 strare,
2444 5106 2497 5153 et
2526 5099 2725 5154 loculos
2751 5101 3014 5170 habebat,
3064 5120 3170 5174 quo
3222 5106 3520 5163 mitteretur
3557 5111 3803 5178 pecunia,

2226 5204 2345 5259 qtue
2368 5190 2739 5246 conferebatur
2764 5194 2945 5264 utique
2968 5211 2997 5248 a
3026 5196 3179 5251 bonis
3222 5197 3465 5255 fidelibus
3498 5216 3682 5259 eorum
3720 5188 3804 5258 vi;

2227 5283 2332 5336 ctui
2360 5284 2658 5338 necessaria
2691 5300 2704 5337 :
2734 5301 2869 5355 quos
2897 5287 3101 5342 loculos
3120 5288 3269 5343 .ludze
3295 5293 3703 5360 commendavit.
3748 5306 3809 5352 ut

2228 5372 2387 5427 etiam
2414 5372 2560 5428 iures
2586 5373 2630 5427 si
2655 5375 2857 5429 evitare
2884 5391 2989 5432 non
3022 5391 3318 5446 possemus,
3367 5382 3598 5438 tolerare
3622 5384 3673 5438 in
3707 5385 3809 5441 Ec-

2227 5462 2387 5518 clesia
2414 5463 2759 5520 disceremus.
2792 5466 2886 5521 Ille
2920 5470 3063 5523 enim
3088 5484 3148 5522 ea
3171 5485 3284 5539 qua:
3309 5472 3644 5540 mittebantur,
3669 5474 3808 5532 sicut

2291 5577 2311 5654 ξ
2342 5582 2514 5654 £93,95-
2538 5575 3102 5654 ριςξςίεψςνλίεεηείαηιί
3123 5580 3245 5654 locu
3267 5588 3555 5654 meum

2228 5641 2517 5751 méuomues
2552 5651 2703 5703 pmpe
2740 5646 2870 5699 Mss,
2902 5640 2968 5689 ad
3012 5640 3324 5694 substantiam
3359 5643 3469 5697 vitta
3509 5646 3652 5710 huius
3696 5661 3809 5713 per-

2294 5736 2437 5826 ἷξόιε
2462 5764 2607 5826 editio
2627 5769 2736 5813 ιον.
2760 5762 2927 5826 habet,
2951 5761 3065 5826 quia
3084 5777 3297 5826 sororem
3313 5768 3578 5825 audiemus.

2293 5824 2365 5886 (τι)
2408 5824 2634 5889 :delphén
2657 5822 2862 5887 gunaica
2884 5822 3149 5891 perlagcitt.

3734 5808 3743 5833 l
