4166 6208
398 268 504 324 555

399 375 466 432 de
491 374 584 430 illo
611 372 867 444 scriptum
889 380 989 438 est,
1017 373 1274 443 auferebat
1301 373 1478 446 (Joan.
1512 388 1604 439 xu,
1633 368 1710 442 6).
1755 371 1820 426 Et
1860 387 1983 426 mu-

398 468 558 524 lieres
586 466 751 522 voluit
781 473 837 520 ut
861 481 920 521 se
949 466 1014 520 ad
1041 465 1390 536 praeparanda
1413 474 1467 521 et
1493 463 1841 521 ministranda
1885 479 1986 519 ne-

397 560 630 616 cessaria
671 565 1052 628 sequerentur,
1083 557 1373 612 ostendens
1402 557 1525 627 quid
1565 556 1905 627 evangelistis
1931 563 1986 612 et

397 650 658 707 ministris
689 649 780 704 Dei
809 656 1061 719 tanquam
1091 648 1369 712 militibus,
1402 663 1431 702 a
1474 647 1715 717 plebibus
1746 647 1838 703 Dei
1872 657 1986 702 tan-

395 757 554 813 quam
582 740 1002 810 provincialibus
1028 739 1348 804 deberetur;
1393 748 1448 794 ut
1487 739 1532 794 si
1572 741 1690 809 quis
1731 753 1797 794 eo
1843 739 1982 809 quod

395 833 495 888 sibi
526 831 833 897 deberetur,
861 830 937 883 uti
970 829 1153 894 nollet,
1195 829 1334 884 sicut
1363 829 1555 885 Paulus
1591 830 1862 899 apostolus
1888 846 1988 886 no-

396 926 515 991 luit,
547 924 775 994 amplius
805 922 1136 993 impenderet
1162 922 1442 989 Ecclesiae,
1470 939 1576 978 non
1611 924 1872 995 exigendo
1892 923 1989 980 sti-

395 1017 649 1088 pendium
696 1015 952 1081 debitum,
996 1016 1088 1071 sed
1131 1015 1497 1085 quotidianum
1537 1017 1734 1071 victum
1765 1015 1832 1072 de
1876 1017 1987 1073 suis

397 1110 669 1165 laboribus
689 1107 1046 1178 transigendo.
1078 1107 1335 1162 Audierat
1357 1107 1503 1163 enim
1533 1107 1878 1173 stabularios,
1911 1107 1982 1162 ad

395 1217 556 1272 quem
587 1201 898 1254 vulneratus
928 1199 1017 1254 ille
1045 1198 1332 1268 perductus
1358 1208 1441 1254 est
1473 1217 1487 1253 :
1515 1197 1578 1253 Si
1604 1197 1726 1268 quid
1765 1199 1987 1268 amplius

394 1293 698 1363 erogavcris,
728 1292 781 1346 in
810 1289 1068 1346 redeundo
1093 1290 1302 1343 reddant
1327 1289 1415 1344 tibi
1444 1287 1592 1358 (Luc.
1620 1305 1675 1352 ι,
1707 1288 1819 1360 35).
1860 1288 1988 1344 Am-

397 1387 538 1456 plius
581 1399 709 1455 ergo
751 1383 1006 1454 erogabat
1043 1381 1317 1453 apostolus
1356 1381 1576 1448 Paulus,
1623 1381 1713 1450 qui
1755 1381 1884 1444 suis,
1929 1389 1989 1436 ut

397 1476 513 1546 ipse
551 1483 794 1540 testatur,
839 1472 1117 1542 stipendiis
1154 1472 1416 1528 militabat
1443 1471 1488 1542 (ι
1507 1471 1627 1527 Cor.
1656 1487 1731 1536 Ix,
1765 1472 1914 1538 7-15,
1941 1479 1989 1525 et

397 1566 443 1620 ll
469 1564 588 1622 Cor.
611 1582 686 1630 XI,
710 1565 788 1637 7).
821 1563 879 1619 ln
903 1563 1193 1634 Evangelio
1221 1563 1364 1620 enim
1389 1563 1647 1634 scriptum
1670 1570 1754 1618 est
1778 1580 1791 1616 :
1822 1563 1987 1617 Dein-

399 1673 517 1728 ceps
559 1666 607 1712 et
644 1658 752 1727 ipse
778 1657 874 1711 iter
899 1656 1116 1728 faciebat
1145 1671 1234 1727 per
1257 1655 1481 1711 civitates
1518 1663 1566 1710 et
1603 1654 1812 1710 castella
1855 1670 1990 1726 prte-

399 1751 575 1804 dicans
623 1758 671 1803 et
712 1749 1061 1820 evangelium
1083 1764 1294 1820 regnum
1320 1746 1450 1814 Dei;
1489 1756 1538 1803 et
1564 1746 1830 1802 duodecim
1872 1763 1989 1801 cum

397 1841 509 1906 illo,
556 1848 606 1896 et
655 1839 888 1894 mulieres
917 1840 1101 1908 aliqua:
1124 1855 1239 1910 qua:
1289 1849 1432 1894 erant
1457 1848 1650 1893 curatae
1675 1855 1706 1892 a
1728 1838 1988 1908 spiritibus

398 1933 636 2005 malignis
661 1940 708 1986 et
736 1931 1116 2001 inﬁrmitatibus
1145 1946 1165 1985 :
1196 1931 1366 1986 Maria
1391 1947 1504 2003 quae
1532 1941 1737 1987 vocatur
1769 1932 1988 2004 Magda-

399 2027 532 2094 lene,
559 2025 624 2080 de
642 2041 742 2096 qua
764 2023 1017 2078 daemonia
1037 2031 1226 2095 septem
1253 2023 1537 2089 exierant‘,
1564 2032 1611 2077 et
1632 2022 1837 2077 Joanna
1861 2038 1990 2077 umor

400 2117 587 2174 Chuza:
617 2117 960 2187 procuratoris
987 2115 1208 2170 Herodis
1230 2158 1246 2183 ,
1273 2124 1319 2169 et
1346 2115 1609 2181 Susanna,
1641 2124 1687 2168 et
1715 2115 1832 2170 alite
1858 2115 1992 2169 mul-

403 2218 489 2277 ιω,
513 2225 627 2280 qua:
647 2206 1000 2262 ministrabant
1024 2208 1096 2260 eis
1120 2207 1183 2260 de
1207 2207 1532 2278 facultatibus
1553 2206 1660 2259 suis
1689 2205 1838 2274 (Luc.
1870 2221 1987 2271 VIII,

404 2301 544 2372 1-5).
573 2299 686 2354 Hoc
714 2299 1020 2368 exemplum
1044 2296 1255 2352 Domini
1283 2296 1625 2351 imitabantur
1643 2296 1903 2366 Apostoli,
1923 2295 1991 2352 ad

402 2388 771 2461 accipiendum
817 2388 917 2444 sibi
955 2387 1196 2444 debitum
1240 2387 1454 2453 cibum;
1481 2387 1548 2442 de
1585 2402 1692 2457 quo
1719 2387 1859 2443 idem
1886 2387 1994 2443 Do-

404 2482 585 2538 minus
608 2479 946 2551 apertissime
965 2479 1201 2550 loquitur
1228 2491 1243 2534 :
1266 2477 1481 2543 Euntes,
1505 2479 1697 2548 inquit,
1720 2479 1994 2548 pradicate

405 2573 658 2638 dicentes,
685 2573 807 2642 quia
833 2569 1258 2643 appropinquavit
1297 2585 1506 2640 regnum
1534 2568 1790 2623 caelorum.
1834 2567 1994 2638 Inﬁr-

407 2681 514 2719 mos
540 2671 713 2717 curate
735 2703 750 2729 ,
779 2670 1003 2716 mortuos
1029 2662 1284 2725 suscitate,
1319 2659 1544 2730 leprosos
1579 2659 1821 2714 mandate
1841 2701 1856 2727 ,
1888 2658 1997 2714 dte-

407 2755 578 2810 monia
600 2755 782 2827 ejicite.
819 2752 991 2809 Gratis
1014 2752 1296 2824 accepistis,
1325 2753 1483 2823 gratis
1507 2753 1641 2806 date.
1672 2751 1848 2807 Nolite
1873 2769 1994 2821 pos-

407 2848 573 2904 sidere
596 2863 796 2913 aurum,
825 2863 985 2919 neque
1004 2854 1292 2917 argentum,
1317 2860 1473 2913 neque
1493 2844 1755 2914 pecuniam
1775 2845 1830 2898 in
1852 2845 1994 2899 sonis

408 2937 606 3006 vestris,
637 2954 794 3008 neque
821 2953 995 3008 peram
1019 2938 1072 2991 in
1095 2936 1176 2990 via
1199 2977 1212 3000 ,
1241 2951 1400 3006 neque
1427 2935 1555 2990 duas
1595 2935 1810 2999 tunicas,
1839 2952 1998 3005 neque

408 3030 770 3097 calceamenta,
793 3047 951 3100 neque
988 3031 1216 3101 virgam:
1241 3030 1424 3100 dignus
1473 3037 1546 3083 est
1574 3029 1708 3082 enint
1734 3030 1998 3098 operarius

409 3121 523 3176 cibo
547 3137 637 3176 suo
665 3120 871 3193 (Matth.
892 3119 1134 3191 x,7-lO).
1163 3120 1300 3174 Ecce
1323 3120 1412 3174 ubi
1437 3119 1712 3174 constituit
1740 3119 1996 3176 Dominus

409 3213 555 3284 quod
585 3213 724 3269 idem
746 3214 1020 3284 apostolus
1044 3219 1447 3268 commemorat.
1468 3211 1549 3266 Ad
1580 3212 1682 3267 hoc
1701 3212 1844 3268 enim
1863 3212 1999 3269 dixit

411 3304 501 3360 illa
523 3305 699 3360 omnia
727 3320 793 3361 ne
821 3313 1114 3375 portarent,
1144 3313 1203 3359 ut
1227 3304 1318 3359 ubi
1342 3319 1478 3375 opus
1503 3311 1666 3369 esset,
1696 3304 1765 3360 ab
1783 3305 1862 3360 eis
1901 3319 1991 3361 ac-

410 3395 650 3466 ciperent
672 3396 863 3467 quibus
892 3396 1274 3451 annuntiabant
1297 3410 1519 3467 regnum
1541 3395 1658 3452 Dei.

482 3487 708 3543 CAPUT
745 3487 836 3543 Vl.
876 3518 949 3529 —
990 3489 1040 3542 7.
1079 3486 1158 3542 De
1209 3487 1487 3560 Evangelia
1529 3489 1690 3542 vivere
1738 3503 1838 3542 non
1874 3489 1997 3544 solis

413 3576 691 3648 Apos’tolis,
718 3579 806 3633 sed
832 3588 879 3634 et
907 3579 1021 3634 aliis
1049 3595 1338 3634 concessum
1363 3595 1395 3634 a
1422 3578 1641 3634 Christo.
1657 3577 1736 3634 Ne
1757 3580 1878 3650 quis
1897 3595 1998 3636 au-

418 3678 526 3724 tem
557 3670 842 3725 arbitretur
880 3669 1008 3724 solis
1031 3669 1310 3725 duodecim
1336 3669 1440 3724 hoc
1466 3668 1632 3725 fuisse
1659 3683 1994 3737 concessum;

415 3759 537 3814 vide
563 3761 721 3815 etiam
749 3760 874 3830 quid
901 3759 1072 3815 Lucas
1097 3769 1279 3816 narret
1309 3779 1323 3816 :
1353 3759 1479 3814 Post
1502 3759 1630 3827 hinc,
1659 3761 1861 3831 inquit,
1904 3761 1996 3815 de-

411 3850 627 3921 signavit
653 3849 904 3905 Dominus
933 3861 976 3906 et
1002 3852 1130 3906 alios
1161 3851 1478 3923 septuaginta
1501 3851 1650 3918 duos,
1667 3860 1716 3905 et
1733 3852 1867 3906 misit
1882 3851 1999 3905 illos

412 3939 556 3996 binos
581 3950 694 3997 ante
722 3943 904 4012 faciem
943 3958 1089 3996 suam
1129 3943 1183 3996 in
1219 3959 1418 3996 omnem
1455 3942 1706 3996 civitatem
1747 3949 1796 3996 et
1834 3941 2000 3996 locum

411 4047 512 4102 quo
538 4040 642 4085 erat
669 4033 776 4101 ipse
803 4040 1060 4087 venturus.
1092 4031 1160 4086 Et
1187 4031 1383 4086 dicebat
1410 4031 1513 4086 illis
1543 4046 1562 4085 :
1589 4030 1774 4086 Messis
1795 4031 1999 4100 quidem

414 4123 595 4184 multa,
627 4125 846 4192 operarii
889 4133 1057 4178 autem
1103 4124 1253 4193 pauci
1293 4139 1313 4179 :
1349 4133 1524 4195 rogate
1560 4138 1680 4194 ergo
1723 4121 2000 4177 Dominum

414 4214 626 4280 messis,
667 4223 720 4267 ut
745 4215 907 4267 mittat
935 4215 1191 4285 aperarios
1227 4215 1281 4267 in
1322 4228 1534 4268 messem
1559 4228 1726 4268 suam.
1757 4210 1858 4280 Ite,
1889 4228 2002 4267 ecce

415 4321 509 4377 ego
552 4306 693 4360 mitto
736 4322 822 4360 vos
864 4306 990 4360 sicut
1033 4323 1190 4378 agnos
1223 4306 1354 4361 inter
1381 4305 1550 4376 lupos.
1583 4302 1760 4360 Nolite
1797 4314 2002 4376 portare

415 4397 693 4461 sacculum,
723 4414 880 4468 neque
903 4415 1094 4468 peram,
1124 4414 1283 4469 neque
1304 4397 1665 4464 calceamenta,
1687 4407 1735 4452 et
1752 4399 2002 4453 nemiuem

417 4509 508 4562 per
533 4493 663 4546 viam
686 4490 1044 4546 salutaveritis.
1074 4489 1142 4546 In
1169 4506 1530 4561 quamcumque
1553 4489 1760 4544 domum
1781 4491 2005 4545 intrave-

415 4584 546 4651 ritis,
576 4583 792 4653 primum
830 4583 978 4637 dicite
1016 4599 1035 4638 :
1071 4582 1189 4637 Pax
1226 4583 1342 4637 huic
1378 4582 1567 4637 domui.
1594 4581 1664 4636 Et
1688 4582 1735 4638 si
1757 4582 1826 4637 ibi
1853 4585 2005 4653 fuerit

414 4676 555 4744 ﬁlius
576 4675 733 4745 pacis,
756 4674 1026 4745 requiescet
1045 4691 1196 4746 super
1214 4675 1360 4729 illum
1377 4691 1481 4746 pas:
1497 4682 1658 4729 vestra
1677 4690 1697 4729 :
1715 4673 1796 4729 sin
1813 4682 2001 4741 autem,

415 4766 485 4820 ad
514 4783 600 4822 vos
625 4776 914 4822 revertetur.
945 4766 1012 4821 In
1035 4768 1209 4822 eadem
1238 4777 1406 4821 autem
1429 4767 1580 4822 domo
1604 4773 1821 4833 manete,
1849 4766 2004 4821 eden-

417 4872 490 4916 tes
536 4871 584 4915 et
631 4862 849 4916 bibentes
875 4877 987 4932 qua:
1024 4861 1164 4930 apud
1201 4861 1316 4916 illos
1344 4867 1460 4914 sunt
1503 4876 1524 4914 :
1559 4860 1743 4932 dignus
1770 4867 1845 4914 est
1872 4861 2006 4914 enim

417 4954 680 5024 operarius
704 4954 929 5010 mercede
951 4969 1042 5007 sua
1073 4950 1221 5024 (Luc.
1247 4968 1282 5006 ι
1302 4994 1318 5020 ,
1351 4952 1498 5023 1-7).
1525 4951 1623 5006 Hic
1651 4961 1871 5022 apparet
1895 4967 2004 5008 non

417 5063 539 5105 esse
566 5047 653 5104 illa
677 5050 839 5118 jussa,
869 5048 964 5105 sed
989 5046 1248 5118 permissa
1267 5063 1282 5112 ;
1304 5054 1364 5100 ut
1381 5044 1618 5115 quisquis
1643 5044 1718 5099 uti
1741 5043 1919 5109 vellet,
1940 5058 2007 5100 eo

417 5147 659 5196 uteretur
685 5140 828 5210 quod
855 5140 956 5195 sibi
984 5140 1168 5195 liceret
1190 5151 1257 5193 ex
1283 5135 1494 5192 Domini
1519 5134 1930 5199 constitutione;
1957 5133 2004 5190 si

415 5232 539 5303 quis
561 5241 740 5287 autem
771 5232 848 5286 uti
876 5232 1060 5299 nollet,
1092 5245 1198 5286 non
1225 5237 1409 5285 contra
1428 5227 1635 5298 jussum
1660 5225 1878 5293 faceret,
1908 5226 2003 5282 sed

414 5323 485 5378 de
511 5337 612 5379 suo
630 5323 752 5393 jure
784 5323 999 5379 cederet
1028 5321 1425 5378 misericordias
1451 5328 1505 5375 et
1531 5318 1846 5374 laboriosius
1869 5331 2002 5374 con-

412 5422 660 5470 versatus
688 5415 709 5446 ²
737 5414 789 5468 in
819 5413 1124 5484 Evangelio,
1152 5413 1206 5467 in
1228 5426 1336 5484 quo
1358 5417 1413 5467 et
1436 5408 1668 5466 debitam
1697 5407 2004 5464 mercedem

413 5505 588 5562 nollet
610 5506 874 5576 accipere.
902 5504 1150 5577 Alioquin
1177 5513 1363 5562 contra
1389 5504 1592 5574 iussum
1629 5499 1843 5558 Domini
1878 5501 2005 5558 fecit

477 5641 494 5670 ί
529 5640 604 5689 sic
626 5647 729 5690 mss.
756 5639 998 5690 editiones
1014 5651 1153 5698 vero,
1177 5635 1415 5690 dmonia
1435 5641 1614 5702 septem
1632 5633 1857 5698 eiecerat.

476 5705 496 5733 ²
529 5703 600 5751 sic
624 5710 728 5752 Mss.
754 5710 810 5752 At
835 5702 967 5762 editi,
995 5708 1368 5751 conversaretur.

653 5789 878 5848 SANCT.
926 5789 1199 5847 AUGUST.
1247 5787 1353 5846 VI.

1772 259 1970 314 LIBER
2011 257 2209 316 UNUS.

3575 276 3686 334 55b

2089 372 2400 442 ‘Apostolus,
2426 375 2514 444 qui
2545 383 2887 448 posteaquam
2908 381 3140 437 ostendit
3164 381 3263 438 sibi
3287 384 3470 454 licere,
3494 391 3679 447 statim

2093 461 2317 534 subjecit
2342 480 2358 516 :
2387 463 2492 520 Sed
2514 475 2677 521 tamen
2704 485 2794 539 ego
2823 486 2923 524 non
2942 487 3054 525 sum
3073 489 3193 528 usus
3215 474 3309 528 hac
3336 486 3596 547 potestate.

2164 570 2390 630 CAPUT
2429 574 2537 630 VII.
2568 607 2640 617 —
2667 577 2719 633 8.
2759 577 3068 638 Potestatem
3105 600 3206 639 non
3235 590 3478 656 operandi
3505 591 3682 645 datant

2092 667 2368 739 Apostolis,
2392 687 2496 725 esse
2520 672 2900 745 intelligendam
2925 677 2988 730 de
3011 693 3161 748 opere
3185 683 3458 751 corporali.
3485 681 3589 738 Sed
3612 685 3682 740 ad

2097 760 2334 816 ordinem
2364 763 2666 832 redeamus,
2697 780 2760 820 ac
2795 774 2960 822 totum
3000 768 3173 839 ipsum
3220 771 3471 841 Epistola:
3509 773 3685 831 locum

2092 851 2373 923 diligenter
2396 854 2814 912 consideremus.
2848 857 3135 928 Numquid,
3168 861 3357 932 inquit,
3388 880 3490 917 non
3530 864 3685 919 habe-

2093 959 2205 998 ntus
2244 945 2497 999 licentiam
2525 946 2869 1003 manducandi
2902 959 2951 1004 et
2995 951 3234 1007 bibendi?
3275 953 3536 1026 Numquid
3583 974 3687 1011 non.

2095 1035 2338 1091 habemus
2377 1038 2631 1093 licentiam
2672 1057 2897 1096 sororem
2925 1045 3188 1098 mulierem
3227 1047 3686 1105 circumducendi?

2093 1129 2262 1197 Quam
2307 1131 2572 1188 licentiam
2609 1131 2770 1200 dixit,
2802 1134 2903 1189 nisi
2937 1150 3096 1206 quam
3144 1136 3404 1192 Dominus
3433 1138 3578 1194 dedit
3604 1140 3685 1196 eis

2092 1237 2228 1293 quos
2255 1222 2323 1279 ad
2349 1223 2743 1293 praedicandum
2765 1240 2987 1297 regnum
3013 1227 3270 1283 caelorum
3292 1229 3456 1296 misit,
3475 1229 3684 1299 dicens,

2094 1313 2175 1369 Ea
2219 1331 2332 1384 qua:
2375 1316 2440 1370 ab
2483 1317 2608 1385 ipsis
2634 1317 2652 1349 ¹
2695 1326 2814 1372 sunt
2865 1319 3166 1373 manducata
3192 1337 3211 1374 :
3237 1320 3420 1391 dignus
3445 1330 3518 1374 est
3547 1322 3684 1375 enim

2093 1409 2356 1480 operarius
2389 1408 2616 1464 mercede
2666 1426 2796 1476 sua;
2835 1420 2890 1466 et
2932 1425 2992 1466 se
3038 1411 3212 1481 ipsum
3262 1427 3565 1482 proponens
3615 1411 3688 1468 ad

2092 1506 2331 1576 ejusdem
2361 1507 2639 1577 potestatis
2663 1509 2994 1578 exemplum,
3025 1510 3109 1564 cui
3142 1509 3465 1566 ﬁdelissimae
3494 1511 3688 1566 mulie-

2091 1611 2180 1652 res
2207 1597 2330 1652 talia
2352 1599 2655 1654 necessaria
2683 1598 2752 1654 de
2776 1599 2888 1653 suis
2911 1599 3246 1654 facultatibus
3271 1601 3680 1655 ministrabant?

2091 1689 2335 1760 Amplius
2364 1699 2541 1746 autem
2573 1689 2698 1746 fecit
2723 1690 2998 1761 apostolus
3041 1690 3236 1746 Paulus
3257 1731 3272 1756 ,
3305 1700 3363 1745 ut
3390 1691 3458 1745 de
3487 1707 3688 1761 coapo-

2091 1780 2243 1836 stolis
2285 1781 2398 1836 suis
2435 1781 2811 1836 documentum
2858 1781 3139 1836 adhiberet
3177 1781 3336 1850 hujus
3379 1781 3609 1837 licentiae
3651 1797 3704 1836 a.

2092 1871 2320 1928 Domino
2345 1875 2644 1942 permissas.
2675 1873 2858 1944 Neque
2888 1875 3030 1929 enim
3074 1873 3471 1944 reprehendens
3499 1875 3685 1945 subje-

2093 1963 2203 2030 cit,
2248 1962 2396 2019 Sicut
2422 1973 2469 2018 et
2495 1965 2662 2019 cteteri
2691 1964 2942 2034 Apostoli,
2971 1974 3018 2019 et
3044 1967 3228 2035 fratres
3261 1963 3485 2030 Domini,
3513 1976 3559 2018 et
3586 1965 3685 2020 Ce-

2094 2053 2258 2122 pbas;
2307 2053 2401 2110 sed
2447 2064 2505 2109 ut
2551 2053 2679 2110 hinc
2729 2054 3035 2110 OStenderet
3076 2054 3178 2110 hoc
3221 2072 3278 2110 se
3309 2057 3554 2126 accipere
3585 2072 3683 2112 no-

2095 2142 2277 2210 luisse,
2306 2144 2447 2214 quod
2472 2146 2523 2201 ei
2552 2145 2717 2202 licere
2740 2147 2986 2217 accipere
3011 2158 3328 2201 creterorum
3350 2148 3510 2202 etiam
3532 2163 3686 2204 com-

2095 2236 2396 2291 militonum
2447 2238 2563 2306 ejus
2613 2253 2764 2294 more
2812 2238 3150 2310 probaretur.
3198 2240 3278 2292 Αη
3324 2256 3414 2308 ego
3455 2239 3593 2294 solus
3641 2247 3688 2292 et

2094 2326 2359 2383 Barnabas
2382 2345 2483 2383 non
2509 2331 2748 2385 habemus
2771 2338 3064 2401 potestatem
3091 2346 3192 2383 non
3224 2331 3469 2399 operandi
3487 2332 3512 2384 ?
3545 2330 3688 2386 Ecce

2095 2419 2313 2474 abstulit
2345 2435 2561 2476 omnem
2601 2420 2988 2476 dubitationem
3023 2420 3183 2475 etiam
3217 2420 3534 2475 tardissimis
3562 2436 3687 2476 cor-

2098 2509 2275 2576 dibus,
2309 2519 2367 2565 ut
2394 2511 2693 2581 intelligant
2730 2511 2799 2566 de
2826 2526 2930 2581 qua
2968 2512 3278 2580 operatione
3302 2510 3462 2566 dicat.
3493 2510 3690 2581 thuid

2097 2601 2238 2656 enim
2265 2601 2340 2654 ait
2356 2641 2373 2668 ,
2399 2601 2481 2654 An
2507 2617 2597 2671 ego
2621 2600 2761 2655 solus
2786 2610 2833 2654 et
2861 2599 3124 2654 Barnabas
3149 2617 3251 2654 non
3278 2600 3515 2654 habemus
3541 2610 3689 2671 pote~

2096 2701 2276 2747 statem
2306 2709 2408 2747 non
2451 2691 2696 2762 operandi
2716 2693 2742 2746 2
2767 2692 2871 2747 nisi
2898 2691 3022 2762 quia
3051 2707 3238 2747 omnes
3266 2693 3606 2763 evangelista:
3634 2700 3692 2748 et

2098 2783 2328 2837 ministri
2372 2781 2523 2837 verbi
2567 2780 2664 2836 Dei
2700 2780 2972 2836 habebant
3013 2792 3333 2853 potestatem
3377 2798 3407 2837 a
3463 2784 3690 2839 Domino

2097 2884 2392 2946 acceptam,
2421 2883 2480 2931 ut
2508 2890 2615 2929 non
2642 2885 2992 2946 operarentur
3013 2875 3035 2906 ⁸
3062 2875 3309 2930 manibus
3335 2877 3468 2943 suis,
3499 2876 3592 2930 sed
3621 2892 3691 2932 ex

2100 2968 2387 3038 Evangelio
2402 2966 2663 3032 viverent,
2685 2975 2972 3035 operantes
2998 2965 3366 3021 tantummodo
3396 2966 3690 3035 Spiritualia

2099 3059 2153 3113 in
2181 3057 2558 3128 praedicatione
2582 3056 2733 3126 regni
2759 3056 3017 3111 cmlorum
3037 3095 3052 3122 ,
3083 3065 3139 3112 et
3166 3056 3517 3111 azdilicatione
3545 3057 3692 3125 pacis

2101 3149 2375 3206 Ecclesiae.
2398 3148 2582 3218 Neque
2606 3148 2750 3203 enim
2774 3147 3054 3218 quisquam
3083 3155 3260 3216 potest
3285 3148 3464 3204 dicere
3487 3147 3554 3202 de
3575 3149 3691 3218 ipsa

2099 3241 2361 3312 spirituali
2387 3239 2700 3311 Operatione
2724 3238 2926 3294 dixisse
2954 3241 3289 3309 Apostolum,
3322 3239 3402 3293 An
3429 3256 3520 3310 ego
3546 3241 3690 3294 solus

2101 3343 2146 3387 et
2170 3332 2432 3387 Barnabas
2447 3347 2549 3386 non
2565 3330 2804 3386 habemus
2820 3340 3112 3402 potestatem
3131 3349 3232 3386 non
3247 3332 3520 3403 aperandi?
3541 3331 3692 3387 Hanc

2101 3425 2243 3481 enim
2283 3431 2599 3494 potestatem
2631 3437 2737 3478 non
2763 3423 3018 3494 operandi
3047 3438 3234 3480 omnes
3273 3422 3348 3477 illi
3383 3423 3688 3479 habebant:

2100 3517 2243 3573 dicat
2271 3532 2399 3588 ergo
2428 3517 2519 3587 qui
2549 3524 2775 3572 conatur
2803 3523 3074 3586 praecepta
3111 3516 3402 3585 apostolica
3451 3515 3506 3570 in
3562 3531 3691 3572 sen-

2103 3610 2321 3665 tentiam
2363 3624 2513 3664 suam
2556 3608 2849 3677 depravare
2874 3616 3034 3678 atque
3073 3615 3406 3675 pervertere;
3437 3606 3612 3673 dicat,
3644 3607 3693 3661 si

2102 3701 2292 3768 audet,
2324 3714 2512 3755 omnes
2539 3698 2893 3768 evangelistas
2917 3712 2948 3751 a
2979 3697 3205 3752 Domino
3233 3697 3506 3766 accepisse
3531 3706 3690 3767 pote-

2102 3801 2294 3847 statem
2324 3805 2430 3844 non
2468 3786 2887 3858 evangelizandi.
2929 3788 3000 3841 At
3040 3787 3084 3842 si
3117 3787 3217 3840 hoc
3246 3787 3692 3842 absurdissimum

2103 3891 2158 3938 et
2201 3881 2598 3936 insanissimum
2636 3890 2718 3935 est
2757 3878 2937 3934 dicere
2962 3918 2976 3943 ,
3017 3893 3113 3933 cur
3152 3879 3339 3932 nolunt
3392 3878 3690 3948 intelligere

2103 3971 2244 4043 quod
2274 3970 2521 4026 omnibus
2551 3979 2748 4040 pateat,
2776 3969 3045 4038 accepisse
3072 3968 3284 4038 quidem
3312 3968 3431 4023 illos
3455 3977 3692 4038 potesta-

2106 4075 2211 4122 tem
2242 4079 2348 4120 non
2377 4063 2652 4134 operandi,
2675 4061 2770 4118 sed
2787 4077 2948 4132 opera
2963 4062 3257 4132 corporalia
3279 4059 3473 4132 quibus
3492 4063 3690 4117 victum

2104 4166 2440 4231 quaererent,
2470 4156 2592 4228 quia
2623 4157 2806 4228 dignus
2842 4164 2915 4210 est
2939 4156 3197 4228 operarius
3225 4155 3332 4210 cibo
3360 4171 3454 4210 suo
3483 4163 3528 4210 et
3556 4172 3690 4209 mer-

2104 4252 2224 4306 cede
2258 4267 2382 4318 sua,
2419 4251 2558 4306 sicut
2595 4248 2943 4319 Evangelium
2981 4248 3258 4318 loquitur?
3285 4246 3402 4303 Non
3429 4263 3556 4318 ergo
3588 4247 3692 4303 soli

2105 4344 2303 4400 Paulus
2345 4349 2401 4398 et
2443 4341 3011 4407 Barnabaslbabebant
3047 4348 3364 4410 potestatem
3404 4355 3512 4395 non
3557 4354 3728 4408 ope-,'

2107 4436 2287 4502 randi;
2317 4434 2412 4490 sed
2437 4448 2626 4489 omnes
2652 4433 2851 4502 pariter
2889 4431 3156 4486 habebant
3185 4431 3323 4485 hanc
3352 4439 3688 4500 potestatem,
3715 4429 3724 4448 '

2107 4544 2210 4599 qua
2240 4527 2328 4582 isti
2356 4541 2462 4581 non
2492 4525 2811 4588 utebantur,
2842 4523 3070 4592 amplius
3110 4521 3465 4590 impendendo
3507 4520 3692 4576 Eccle-

2108 4621 2223 4684 siae,
2250 4619 2385 4672 sicut
2413 4617 2469 4670 in
2496 4615 2601 4669 illis
2638 4615 2771 4669 locis
2815 4614 2904 4668 ubi
2950 4612 3422 4682 evangelizabant,
3463 4612 3692 4667 inﬁrmis

2109 4721 2402 4779 congruere
2426 4704 2753 4775 judicabant.
2796 4703 2862 4757 Et
2906 4703 3046 4769 ideo,
3091 4717 3158 4756 ne
3186 4702 3525 4772 coapostolos
3566 4717 3693 4756 suos

2109 4797 2516 4872 reprehendisse
2540 4794 2829 4860 videretur,
2862 4793 3132 4862 subjungit
3159 4801 3211 4846 et
3239 4793 3366 4846 dicit
3395 4809 3410 4847 :
3442 4791 3566 4859 Quis
3592 4793 3692 4845 mi-

2111 4891 2223 4945 litat
2248 4890 2351 4944 suis
2375 4885 2642 4958 stipendiis
2668 4901 2888 4952 unquam
2911 4883 2937 4938 ?
2965 4882 3090 4948 Quis
3117 4884 3274 4952 pascit
3302 4899 3522 4953 gregem,
3556 4893 3604 4936 et
3631 4884 3694 4937 de

2111 4986 2238 5040 lacte
2260 4982 2421 5055 gregis
2459 4997 2558 5035 non
2587 4977 2839 5050 percipit?
2871 4975 3134 5044 Numquid
3150 4975 3423 5029 secundum
3441 4974 3692 5028 hominem

2110 5076 2217 5129 haec
2239 5071 2456 5144 loquor?
2483 5070 2561 5124 An
2583 5068 2690 5123 Lee:
2711 5084 2813 5122 non
2837 5068 2944 5121 hazc
2973 5065 3131 5120 dicit?
3155 5064 3220 5118 In
3243 5066 3350 5137 lege
3373 5065 3504 5118 enim
3527 5065 3693 5135 Moysi

2110 5167 2350 5236 scriptum
2373 5173 2445 5219 est
2473 5179 2492 5217 :
2518 5161 2644 5216 Bovi
2670 5161 2925 5215 trituranti
2960 5177 3014 5212 os
3060 5176 3161 5213 non
3189 5159 3483 5230 infrenabis.
3519 5157 3691 5210 Num-

2109 5259 2230 5331 quid
2255 5258 2318 5312 de
2341 5256 2494 5310 bobus
2516 5255 2726 5326 pertinet
2746 5253 2812 5306 ad
2832 5252 2993 5306 Deum
3010 5251 3036 5306 ?
3051 5251 3131 5304 An
3152 5260 3354 5321 prepter
3375 5267 3465 5304 nos
3487 5250 3690 5302 omnino

2112 5349 2276 5404 dicit?
2301 5347 2518 5418 Propter
2539 5362 2631 5401 nos
2655 5346 2786 5398 enim
2809 5344 3051 5415 scriptum
3089 5351 3182 5409 est,
3211 5342 3330 5412 quia
3353 5340 3492 5394 debet
3521 5341 3573 5393 in
3603 5356 3691 5410 spe

2176 5572 2194 5604 ι
2226 5568 2362 5630 Editt,
2391 5564 2686 5630 apudipsos.
2711 5569 2767 5614 At
2785 5569 2915 5622 Mss,
2961 5562 3020 5612 ab
3061 5559 3197 5625 ipsis.
3238 5566 3400 5609 Graece
3445 5566 3538 5620 est,
3583 5560 3690 5624 par‘

2178 5667 2454 5751 rvoerbum,
2477 5694 2807 5755 aperarentur,
2833 5688 2973 5737 abest
2993 5698 3023 5735 a
3043 5683 3292 5748 plerisque
3309 5690 3414 5734 Mss.

3045 5769 3438 5846 {Dix-huit.)
