4166 6208
531 427 618 497 qui
636 430 749 479 arat
773 437 940 490 arare,
962 427 1009 476 et
1039 418 1280 476 trituram
1303 417 1356 470 in
1380 431 1468 486 spe
1494 414 1688 484 fructus
1700 409 2045 484 participamli
2071 411 2110 462 ³.

533 516 629 574 His
656 513 832 570 verbis
877 512 1005 568 satis
1052 509 1249 566 indicat
1296 506 1572 576 apostolus
1619 503 1835 566 Paulus,
1879 518 1988 558 non
2019 500 2122 558 sibi

532 607 734 679 aliquid
785 617 1066 674 usurpasse
1106 602 1240 655 ultra
1281 598 1517 652 debitum
1563 594 1899 668 coapostalos
1948 607 2073 648 suos
2099 633 2119 660 ,

531 702 652 770 quia
707 712 812 752 non
863 694 1220 764 aperabantur
1263 688 1634 759 corporaliter,
1684 685 1824 740 unde
1856 685 2120 740 haberent

528 793 655 847 huic
685 791 804 843 vita:
835 787 1133 842 necessaria
1159 787 1202 851 ³,
1232 781 1348 850 sed,
1377 782 1514 836 sicut
1540 779 1794 834 Dominus
1821 777 2117 842 constituti,

530 899 598 940 ex
619 880 906 952 Evangelia
939 880 1176 932 viventes
1201 889 1391 946 panem
1421 873 1708 946 gratuitum
1740 869 2122 926 manducarent

530 975 598 1029 ab
622 975 701 1028 eis
725 972 916 1043 quibus
935 970 1218 1040 gratuitam
1243 965 1468 1038 gratiam
1489 960 1868 1034 prtedicahant.
1901 959 2118 1034 Stipen-

531 1065 678 1121 dium
705 1063 846 1119 enim
873 1075 1027 1116 suum
1060 1069 1307 1128 tanquam
1338 1055 1531 1110 milites
1557 1051 1920 1126 accipiebant,
1963 1060 2014 1106 et
2049 1048 2120 1106 de

533 1157 706 1212 vineae
733 1169 828 1224 per
851 1166 947 1209 eos
967 1151 1216 1224 plantatzn
1241 1148 1434 1213 fructu,
1459 1144 1600 1219 quod
1629 1159 1764 1216 Opus
1792 1153 1926 1209 erat,
1953 1142 2120 1198 libere

533 1246 918 1316 decerpebant;
951 1253 1004 1299 et
1028 1243 1098 1297 de
1125 1242 1300 1314 gregis
1323 1255 1481 1312 quem
1517 1237 1825 1310 pascebant,
1854 1237 1992 1290 lacte
2015 1249 2113 1310 po-

533 1342 750 1407 tabant;
783 1347 838 1394 et
873 1354 942 1394 ex
983 1351 1106 1391 area
1133 1350 1290 1408 quam
1325 1329 1644 1391 triturabant
1667 1370 1681 1394 ,
1725 1328 1902 1386 cibum
1936 1342 2119 1384 sume-

537 1435 834 1578 baglziPUT
861 1517 997 1574 Vill.
1035 1542 1110 1556 --
1147 1513 1202 1570 9.
1253 1509 1551 1586 Apastalum
1594 1507 1858 1578 manifeste
1897 1505 2036 1578 loqui
2059 1507 2124 1562 de

536 1632 685 1688 opere
709 1629 968 1668 manuum.
998 1610 1244 1682 Apertius
1270 1615 1443 1662 autem
1485 1607 1678 1660 caetera
1715 1601 2024 1670 connectit,
2066 1608 2122 1657 et

537 1707 756 1764 omnino
797 1703 969 1760 aufert
1010 1715 1198 1756 omnes
1223 1697 1567 1754 dubitationis
1608 1697 1878 1766 ambages.
1927 1692 1988 1748 Si
2030 1709 2123 1750 nos

536 1799 708 1865 vobis,
750 1795 948 1866 inquit,
976 1791 1262 1864 spiritualia
1296 1789 1676 1855 seminavimus,
1721 1801 1960 1860 magnum
1981 1783 2124 1862 estsi

537 1899 700 1944 vestra
736 1886 964 1941 carnalia
1010 1883 1296 1937 metamus?
1330 1881 1458 1948 Quae
1497 1889 1621 1935 sunt
1653 1869 1945 1950 spiritua'lia
2001 1891 2122 1948 quae

538 1978 842 2042 seminavit,
875 1975 976 2031 nisi
1021 1975 1244 2028 verbum
1288 1979 1343 2026 et
1385 1969 1696 2042 mysterium
1745 1967 1767 1999 ³
1800 1965 2124 2024 sacramenti

538 2073 690 2143 regni
719 2067 1012 2127 caelorum?
1041 2066 1170 2134 Quae
1201 2073 1379 2119 autem
1409 2061 1643 2122 carnalia
1675 2076 1796 2133 quae
1831 2059 1930 2114 sibi
1963 2059 2125 2112 licere

540 2177 744 2221 metere
785 2163 932 2226 dicit,
975 2161 1076 2214 nisi
1108 2159 1222 2213 lucc
1251 2156 1595 2226 temporalia,
1637 2169 1755 2224 qua:
1797 2152 1921 2206 vitae
1965 2158 2126 2222 atque

539 2257 843 2328 indigentia:
864 2253 1040 2308 carnis
1060 2251 1262 2306 indulta
1290 2249 1448 2304 sunt?
1472 2248 1598 2302 llaec
1618 2254 1797 2302 autem
1823 2243 1922 2299 sibi
1947 2243 2124 2300 debita

539 2363 600 2403 se
627 2347 694 2402 ab
722 2347 802 2402 eis
841 2360 948 2398 non
979 2342 1234 2412 qumsisse
1263 2354 1364 2394 nec
1392 2337 1666 2408 accepisse
1695 2333 2026 2396 manifestat,
2055 2348 2126 2388 ne

539 2437 680 2508 quod
723 2433 1162 2504 impedimentum
1201 2429 1355 2485 daret
1399 2426 1688 2499 Evangelia
1726 2424 1946 2480 Christi.
1987 2423 2127 2492 Quid

537 2537 738 2591 restat,
769 2535 827 2581 nt
855 2523 1213 2594 intelligamus
1241 2535 1364 2577 eum
1403 2527 1678 2590 operatum
1715 2533 1834 2576 esse
1865 2516 2006 2572 unde
2045 2517 2124 2570 vi-

539 2631 685 2678 ctum
734 2619 994 2684 haberet,
1047 2614 1152 2670 nisi
1193 2611 1472 2684 corporale
1500 2625 1636 2686 opus
1667 2607 2037 2682 corporalibus
2072 2615 2130 2662 et

538 2711 834 2768 visibilibus
875 2706 1120 2763 manibus
1155 2703 1303 2760 suis?
1330 2701 1464 2758 Nam
1492 2701 1537 2756 si
1565 2699 1634 2754 de
1675 2697 1936 2769 spirituali
1965 2709 2128 2768 opere

543 2805 736 2858 victum
767 2809 822 2856 et
849 2804 1210 2869 tegumentum
1257 2799 1558 2864 quaereret,
1603 2790 1657 2846 id
1700 2798 1802 2853 est,
1847 2797 1906 2846 ut
1943 2787 2010 2844 ab
2049 2786 2130 2842 eis

541 2896 658 2950 lucc
699 2893 987 2962 acciperet,
1032 2901 1168 2958 quos
1211 2887 1262 2941 in
1307 2883 1595 2954 Evangelia
1638 2881 1974 2945 aediﬁcabat,
2019 2893 2128 2933 non

542 2993 932 3056 consequenter
954 2981 1156 3036 diceret
1186 2998 1200 3034 :
1233 2976 1296 3034 Si
1321 2977 1414 3032 alii
1437 2975 1695 3046 potestatis
1716 2981 1891 3028 vestra:
1918 2971 2127 3044 partici-

543 3088 688 3149 pant,
716 3095 817 3132 non
842 3076 1002 3147 magis
1027 3090 1117 3128 nos
1134 3072 1160 3126 Ξ)
1182 3069 1288 3128 Sed
1313 3085 1414 3124 non
1434 3083 1604 3124 sumus
1624 3066 1704 3120 usi
1729 3067 1823 3120 hac
1853 3072 2131 3137 potestate;

543 3173 632 3226 sed
676 3169 846 3226 omnia
895 3168 1188 3229 toleramus,
1237 3178 1300 3216 ne
1344 3157 1480 3232 quod
1513 3157 1928 3228 impedimentum
1957 3157 2132 3210 demus

543 3263 822 3334 Evangelia
848 3258 1053 3314 Christi.
1084 3255 1197 3323 Qua
1227 3260 1490 3338 potestate
1521 3263 1580 3304 se
1607 3248 1736 3304 dicit
1777 3261 1883 3304 non
1936 3261 2089 3302 usum
2111 3289 2126 3312 ,

545 3355 647 3408 nisi
677 3366 834 3424 quam
867 3348 1098 3403 habebat
1139 3347 1193 3399 in
1239 3358 1335 3399 eos
1381 3357 1412 3397 a
1454 3340 1682 3396 Domino
1723 3346 1998 3408 acceptam
2023 3379 2041 3406 ,
2074 3345 2133 3392 ut

548 3460 731 3502 eorum
776 3440 1008 3496 carnalia
1055 3445 1301 3504 meteret,
1341 3433 1409 3488 ad
1435 3435 1634 3489 victum
1661 3433 1782 3487 vita:
1809 3431 1986 3501 hujus,
2015 3446 2135 3504 qua:

549 3540 602 3592 in
631 3551 792 3592 carne
816 3531 1023 3604 agitur?
1045 3529 1196 3598 cujus
1212 3526 1490 3598 potestatis
1504 3525 1791 3598 participes
1806 3531 1956 3579 erant
1971 3523 2134 3578 etiam

549 3628 660 3693 alii,
695 3626 782 3695 qui
811 3639 920 3678 non
950 3621 1028 3678 eis
1057 3621 1230 3692 primo
1259 3617 1604 3688 Evangelium
1647 3615 2096 3670 ammntiaverunt
2115 3657 2132 3680 ,

551 3717 643 3772 sed
673 3716 738 3770 ad
769 3728 951 3770 eorum
979 3709 1276 3766 Ecclesiam
1305 3709 1537 3784 idipsum
1568 3705 1925 3778 praedicantes
1953 3713 2136 3778 postea

554 3817 834 3864 venerunt.
864 3805 988 3862 Ideo
1015 3819 1135 3860 cum
1175 3803 1433 3868 dixisset,
1465 3800 1528 3856 Si
1559 3816 1651 3854 nos
1678 3797 1816 3852 vobis
1849 3797 2139 3870 spiritualia

551 3901 903 3956 seminavimus
927 3940 940 3962 ,
983 3911 1222 3966 magnum
1247 3904 1318 3948 est
1345 3893 1390 3947 si
1411 3891 1638 3946 carnalia
1662 3900 1824 3945 vestra
1851 3889 2141 3944 metamus?

551 3993 797 4061 subjecit,
819 3990 876 4043 Si
901 3988 991 4041 alii
1016 3985 1274 4059 potestatis
1298 3993 1474 4037 vestra:
1497 3981 1824 4053 participant,
1851 3997 1952 4035 non
1978 3981 2140 4056 magis

553 4105 646 4140 nos
667 4088 690 4140 Ζ)
717 4086 780 4139 Et
808 4099 926 4136 cum
953 4081 1373 4135 demonstrasset
1397 4075 1523 4146 quid
1551 4075 1629 4130 eis
1653 4074 1933 4146 potestatis
1955 4082 2100 4130 esset
2121 4089 2134 4126 :

559 4178 665 4233 Sed
694 4193 794 4230 non
821 4189 996 4228 sumus
1023 4173 1136 4235 usi,
1164 4169 1364 4240 inquit,
1405 4170 1500 4223 hac
1533 4176 1813 4239 potestate;
1857 4167 1948 4223 sed
1960 4157 2144 4222 omnia

559 4272 830 4322 lolm'amus
857 4304 870 4326 ,
916 4281 978 4318 ne
1015 4261 1150 4332 quod
1197 4261 1606 4332 impedimentum
1649 4259 1824 4314 demus
1870 4259 2144 4332 Evangelia

560 4359 763 4413 Clu-isti.
795 4357 981 4410 Dicant
1007 4369 1133 4426 ergo
1155 4355 1273 4420 isti,
1295 4351 1564 4426 quomodo
1596 4353 1663 4407 de
1689 4367 1852 4422 opere
1885 4351 2142 4424 Spirittlaii

559 4451 825 4506 carxmlem
857 4451 1050 4501 victum
1083 4445 1311 4501 habebat
1334 4443 1642 4515 Apostolus,
1671 4459 1792 4498 cum
1820 4453 2003 4516 aperte
2030 4445 2144 4520 ipse

557 4545 640 4598 die
663 4554 694 4594 ιι
727 4559 828 4596 non
859 4556 916 4594 se
944 4555 1098 4594 usum
1129 4554 1249 4594 esse
1279 4537 1380 4592 hac
1406 4546 1686 4608 potestate.
1721 4537 1789 4592 At
1816 4537 1859 4592 si
1889 4537 1954 4594 de
1981 4551 2145 4608 opere

562 4635 821 4704 spirituali
851 4633 1117 4686 carnalem
1154 4632 1350 4684 victum
1390 4646 1496 4684 non
1530 4630 1787 4695 habebat,
1815 4638 1982 4685 restat
2004 4639 2058 4684 ut
2079 4629 2146 4687 de

561 4741 720 4796 opere
747 4723 1005 4792 Corporali
1034 4722 1298 4788 habuerit,
1328 4731 1382 4778 et
1408 4722 1531 4777 inde
1551 4721 1691 4777 dicat
1719 4741 1730 4776 :
1763 4721 1938 4796 Neque
1966 4741 2148 4798 panem

563 4818 720 4889 gratis
744 4817 804 4868 ab
831 4814 998 4886 aliqua
1020 4815 1433 4868 manducavimus
1449 4853 1464 4878 ,
1505 4813 1594 4865 sed
1617 4815 1668 4866 in
1699 4813 1869 4866 labore
1893 4823 1939 4869 et
1962 4816 2156 4890 fatigat

568 4911 702 4963 tione
727 4915 866 4962 nocte
897 4916 944 4961 et
971 4907 1052 4960 die
1077 4915 1342 4974 operantes
1363 4945 1375 4964 ,
1405 4920 1468 4956 ne
1495 4919 1638 4973 quem
1667 4911 1879 4955 vestrum
1905 4921 2146 4978 gravare-

566 5016 676 5054 mus
705 5015 722 5054 .'
748 5017 847 5054 non
866 5001 983 5066 quia
1009 4997 1029 5029 ’⁸
1059 5014 1158 5051 ηοη
1189 4995 1512 5048 habuerimus
1542 5001 1852 5060 potestatem,
1872 4995 1960 5047 sed
1975 5004 2028 5047 ut
2057 5013 2148 5054 nos

570 5097 785 5164 formam
811 5091 1045 5145 daremus
1069 5087 1205 5141 vobis
1225 5128 1237 5151 ,
1264 5101 1364 5157 qua
1393 5101 1482 5137 nos
1509 5084 1832 5140 imitaremini
1857 5085 1874 5154 (
1899 5083 1943 5139 11
1977 5085 2144 5146 Thess.

566 5200 646 5249 ιιι,
669 5184 702 5238 8
723 5193 768 5237 et
788 5183 868 5256 9).
911 5178 1116 5243 Omnia,
1149 5177 1336 5245 inquit,
1376 5175 1664 5242 toleramus,
1691 5192 1752 5232 ne
1779 5176 1915 5250 quod
1939 5175 2152 5248 impedi-

571 5286 786 5332 mentum
816 5274 992 5327 demus
1021 5270 1291 5339 Evangelia
1320 5267 1526 5323 Christi.

631 5453 646 5482 ι
682 5455 810 5512 uss.
831 5443 886 5512 ie.
904 5456 988 5512 ξρε
1002 5437 1328 5512 participem
1346 5454 1371 5512 ς.
1385 5439 1560 5512 missa
1582 5453 1722 5512 r909.
1745 5441 1948 5512 nucum:

630 5513 651 5544 ι
683 5501 959 5558 δοιιιθόιιὶὸ
982 5501 1112 5562 1Ῑον.,
1146 5501 1272 5553 unde
1290 5502 1518 5553 haberent

629 5571 654 5606 ⁸
683 5568 1011 5618 (:istercicnsis
1026 5566 1199 5621 codex,
1230 5562 1562 5615 ministerium.

630 5633 652 5666 δ
687 5631 884 5692 Vulgata
905 5629 1111 5692 ipseque
1148 5629 1440 5692 Augustinus
1479 5623 1853 5692 ferunt,_qunsi,
1877 5637 1982 5689 po,
2007 5623 2149 5692 quia.

567 5702 684 5802 ἶιὸιὶο
711 5686 906 5800 [actioni
927 5686 1142 5754 'penitus
1189 5686 1501 5752 adstipulatur
1545 5686 1728 5750 Morel,
1765 5686 1915 5739 ﬂeui.
1947 5686 2060 5741 (Iit.
2099 5702 2148 5752 ρ.

1469 293 1556 351 ne
1593 287 1822 349 OPERE
1853 281 2349 351 lthNACllOitUM,
2391 282 2450 338 s.
2491 281 2864 341 AUGUSTINI
2899 265 2904 270 ’

3713 280 3826 340 556

2297 406 2520 464 CAPUT
2551 407 2641 464 ΙΧ..
2665 437 2736 448 -
2761 407 2848 464 i0.
2871 406 3110 478 Arrenius
3127 413 3174 462 et
3192 407 3384 462 alarius
3406 405 3466 461 id
3485 423 3593 462 esse
3613 423 3680 461 ea:
3701 423 3828 462 eon-

2223 503 2562 574 sequentibus.
2591 501 2657 558 Et
2683 499 2819 556 redit
2841 514 3052 566 rursus,
3084 499 3367 571 modisque
3391 499 3640 555 omnibus
3659 499 3822 555 etiam
3839 527 3858 580 εἰ

2227 606 2386 666 atque
2408 595 2570 650 etiam
2593 591 2930 648 commendat
2949 591 3076 661 quid
3097 590 3199 646 sibi
3226 591 3404 654 liceat.
3431 601 3489 647 et
3511 601 3688 647 tanien
3713 607 3822 646 non

2225 685 2402 740 iaciat.
2427 683 2670 749 Nescitis,
2704 681 2894 754 inquit.
2939 682 3180 752 quoniam
3203 682 3292 752 qui
3314 682 3576 753 irrteniplo
3603 700 3824 756 aperan-

2225 783 2331 842 tur,
2360 791 2475 846 quae
2493 775 2556 832 de
2576 774 2762 845 templa
2785 783 2900 828 sunt
2929 774 3080 829 edunt
3098 773 3124 829 2
3145 773 3231 842 qui
3283 773 3470 828 altario
3493 776 3778 830 deserviunt
3803 817 3819 842 ,

2225 868 2412 926 altaria
2441 868 2844 939 eompartiuntur
2891 867 2950 921 *i
2991 865 3080 922 Sic
3123 876 3170 921 et
3211 865 3458 922 Dominus
3484 867 3736 922 ordinauit
3757 869 3850 922 iisi

2223 959 2314 1028 qui
2354 957 2692 1029 Emagelium
2731 958 3036 1016 muralium
3056 999 3072 1024 ,
3103 956 3169 1012 de
3197 957 3476 1028 Evangelia
3497 960 3661 1014 uiuere
3685 975 3705 1013 :
3729 975 3823 1031 ego
3847 954 3852 958 ’

2225 1064 2397 1110 autem
2424 1053 2618 1111 nullius
2645 1051 2824 1108 horum
2864 1067 2986 1107 usus
3025 1067 3162 1105 sunt.
3213 1051 3352 1120 Quid
3391 1050 3496 1107 hoc
3539 1053 3776 1123 apertius
3797 1053 3824 1106 ’ἒ

2225 1144 2354 1217 quid
2377 1143 2606 1204 clarius?
2646 1143 2850 1202 Vereor
2884 1158 2956 1200 ne
2993 1144 3132 1198 forte
3159 1157 3282 1198 cum
3313 1143 3520 1200 dissero
3555 1145 3740 1200 volens
3768 1142 3822 1200 id

2225 1251 2524 1312 exponere,
2545 1238 2830 1294 obscurum
2859 1235 2949 1290 iiat
2967 1235 3110 1305 quod
3139 1251 3236 1306 per
3260 1252 3320 1292 se
3349 1237 3491 1293 lueet
3513 1245 3570 1293 et
3592 1237 3759 1294 claret
3775 1239 3822 1292 '.

2223 1330 2326 1399 Qui
2351 1329 2494 1388 enim
2540 1329 2658 1386 haec
2702 1327 2861 1386 verba
2891 1342 3001 1382 non
3032 1327 3358 1399 intelligunt,
3385 1339 3479 1384 aut
3501 1345 3562 1386 se
3591 1345 3698 1386 non
3735 1331 3822 1386 iu-

2227 1421 2468 1492 tclligere
2497 1419 2732 1489 lingunt,
2761 1433 2888 1476 nea
2905 1417 3076 1474 multo
3102 1419 3282 1474 titinius
3303 1420 3605 1489 intelligunt
3638 1421 3725 1476 vel
3757 1436 3821 1477 se

2225 1515 2524 1586 intelligere
2565 1516 2885 1586 proﬁteantur
2913 1528 2933 1567 :
2961 1511 3067 1567 nisi
3105 1510 3246 1569 forte
3283 1524 3566 1584 propterea
3591 1515 3702 1570 cito
3735 1516 3820 1572 in-

2229 1607 2468 1677 telligant
2513 1615 2718 1670 nostra,
2745 1604 2874 1674 quia
2905 1603 3221 1659 conceditur
3241 1604 3324 1660 eis
3357 1605 3626 1663 intellecta
3663 1603 3816 1661 deri-

2226 1697 2391 1765 dere,
2415 1697 2483 1754 do
2501 1697 2745 1768 Λυσιιωί
2770 1705 2952 1752 autem
2982 1695 3162 1752 verbis
3181 1711 3289 1756 non
3315 1696 3459 1754 idem
3485 1698 3820 1756 conceditur.

2228 1788 2522 1860 Propterea
2563 1787 2654 1844 ubi
2679 1789 2841 1844 aliter
2867 1802 2930 1842 ea
2955 1786 3248 1844 secmdu
3290 1803 3447 1848 suam
3492 1791 3821 1845 sententiam

2225 1880 2570 1951 interpretari
2601 1894 2714 1935 non
2749 1888 3002 1949 possunt,
3033 1879 3196 1936 etiam
3223 1879 3368 1936 clara
3403 1889 3464 1935 ot
3489 1879 3777 1937 manifesta
3804 1923 3822 1948 ,

2227 1973 2455 2030 obscura
2491 1978 2554 2029 at
2592 1971 2798 2030 incerta
2837 1984 2963 2026 me
3002 1969 3358 2040 respondent,
3393 1969 3519 2040 quia
3559 1983 3724 2040 plus
3767 1979 3828 2027 et

2231 2077 2482 2134 pontem
2528 2077 2641 2120 uult
2683 2061 2903 2119 audent.
2935 2062 3144 2120 Clamat
3179 2061 3342 2116 homo
3383 2061 3476 2118 Dei
3499 2103 3516 2130 ,
3569 2061 3824 2118 Dominus

2225 2154 2480 2212 ordinauit
2500 2155 2568 2210 iis
2595 2155 2682 2226 qui
2716 2152 3052 2223 Euangeliunt
3089 2155 3411 2220 munttiaut,
3446 2155 3512 2210 de
3547 2154 3825 2226 Evangelia

2227 2248 2428 2312 uiuere;
2453 2263 2544 2320 ego
2571 2255 2739 2304 autat
2767 2247 2958 2302 nullius
2982 2249 3166 2301 horum
3193 2264 3318 2302 usus
3345 2247 3494 2315 sunt:
3519 2258 3576 2304 et
3594 2259 3827 2306 conatur

2229 2353 2358 2396 caro
2381 2346 2438 2396 et
2461 2339 2680 2409 sanguis
2699 2346 2846 2394 recta
2871 2338 3187 2408 depravare,
3211 2347 3399 2409 apem
3419 2337 3677 2398 claudere
3695 2381 3714 2409 ,
3735 2355 3828 2397 se-

2228 2445 2362 2488 rena
2399 2430 2742 2490 obnubilare.
2770 2429 3077 2499 Spiritualo,
3109 2431 3302 2501 inquit,
3325 2445 3462 2502 opus
3489 2424 3736 2499 hoioht,
3763 2441 3824 2490 et

2227 2522 2359 2580 inde
2400 2523 2629 2580 vivebat.
2675 2521 2738 2578 Si
2767 2523 2840 2577 ita
2869 2531 2984 2588 est,
3013 2523 3084 2578 de
3113 2523 3403 2594 Evangelia
3437 2525 3654 2582 virebat
3679 2543 3697 2580 :
3725 2540 3824 2582 cur

2227 2627 2362 2684 ergo
2400 2613 2530 2670 dicit
2551 2653 2566 2680 ,
2609 2613 2864 2670 Dominus
2885 2615 3137 2678 ordinavit
3159 2617 3224 2673 iis
3249 2617 3337 2686 qui
3367 2614 3702 2690 Emgeliunt
3729 2621 3826 2674 ait-

2231 2705 2487 2774 uuntiuul,
2507 2704 2573 2761 de
2589 2704 2870 2779 Evangelia
2895 2707 3088 2774 visere;
3105 2723 3198 2780 ego
3223 2717 3392 2763 ciuem
3429 2709 3620 2766 nullius
3643 2709 3826 2765 borum

2231 2816 2356 2858 usus
2377 2799 2534 2855 unis?
2565 2800 2672 2855 Aut
2703 2799 2752 2856 si
2777 2809 2834 2856 et
2871 2800 2977 2856 hoc
3009 2799 3180 2871 ipsum
3219 2801 3362 2872 quod
3395 2801 3484 2858 hic
3509 2801 3712 2860 dictum
3739 2810 3829 2860 est

2233 2891 2417 2956 rium,
2455 2890 2754 2950 mndata
2795 2892 3128 2962 spiritualem
3161 2893 3327 2950 vitam
3351 2893 3540 2949 volunt
3563 2894 3829 2965 interpre-

2234 2981 2358 3046 tari,
2386 2980 2586 3038 nullum
2615 2996 2766 3052 spem
2789 2981 3017 3040 habebat
3044 2983 3336 3052 Apostolus
3359 2984 3428 3040 ad
3454 2984 3624 3040 Deum
3643 2985 3735 3056 qui
3757 2983 3830 3042 de

2237 3070 2534 3142 Evangelia
2571 3087 2682 3128 non
2720 3073 2956 3140 vivebat,
3002 3074 3126 3144 quia
3179 3073 3339 3142 dixit,
3389 3074 3600 3132 Nullius
3643 3077 3828 3132 horum

2237 3177 2362 3220 usus
2402 3179 2536 3220 sum.
2572 3162 2914 3234 Quapropter
2957 3173 3018 3219 ut
3060 3179 3184 3234 spes
3231 3165 3305 3222 illi
3345 3176 3491 3222 certa
3526 3176 3674 3222 esset
3704 3168 3830 3224 vita:

2233 3262 2490 3320 autem.
2535 3253 2606 3312 de
2653 3255 2942 3325 Evangelia
2984 3255 3170 3325 utique
3225 3256 3572 3326 spiritualiter
3611 3257 3830 3314 vivebat

2237 3345 2550 3414 Apostolus.
2579 3344 2736 3413 Quod
2767 3359 2900 3416 ergo
2921 3345 3028 3411 ait,
3060 3343 3175 3417 Ego
3209 3355 3380 3406 autem
3417 3349 3608 3404 nullius
3643 3351 3830 3404 harum

2238 3449 2359 3488 usus
2383 3450 2517 3498 sum,
2549 3433 2617 3494 de
2643 3436 2750 3493 vita
2775 3435 2874 3492 ista
2897 3450 3024 3505 quae
3051 3435 3105 3489 in
3137 3450 3304 3492 cum
3336 3437 3510 3506 agitur
3531 3439 3650 3494 sine
3674 3438 3834 3496 dubi-

2237 3527 2442 3586 tatione
2458 3526 2586 3585 facit
2606 3525 2863 3598 intenti,
2891 3527 3037 3597 quod
3075 3527 3213 3584 dixit
3239 3529 3523 3585 Dominum
3549 3531 3834 3590 ordinasse

2241 3619 2306 3680 iis
2331 3619 2438 3689 qui
2485 3618 2828 3690 Evangollum
2858 3621 3180 3676 annuntiunt
3203 3620 3273 3677 de
3299 3622 3590 3694 Evangelio
3608 3625 3794 3682 vivere
3812 3665 3830 3694 ,

2239 3711 2296 3770 id
2311 3718 2417 3777 est.
2441 3711 2604 3770 vitam
2629 3712 2785 3770 istum
2803 3712 2893 3768 cui
2913 3727 3050 3784 opus
3079 3725 3166 3770 est
3189 3713 3330 3769 victu
3357 3724 3414 3770 ot
3439 3724 3748 3787 tegumenta
3765 3715 3834 3774 de

2243 3803 2884 3876 Evamoliotrausigoro;
2927 3805 3066 3861 sicut
3109 3807 3358 3876 superius
3394 3807 3462 3862 de
3499 3809 3614 3864 suis
3637 3824 3836 3880 coapo-

2243 3896 2398 3954 stolis
2431 3895 2574 3956 dixit
2597 3914 2615 3948 :
2642 3895 2788 3952 unde
2807 3895 2924 3966 ipse
2946 3896 3206 3952 Dominus
3241 3897 3316 3952 ait
3337 3937 3352 3962 ,
3384 3896 3583 3970 Dignus
3606 3909 3679 3953 est
3706 3916 3833 3970 ope-

2243 3987 2411 4044 rarius
2435 3986 2548 4044 ciba
2569 4003 2698 4052 suo;
2719 3995 2806 4048 ot.
2836 3987 3023 4058 dignus
3057 3997 3133 4042 est
3161 3989 3422 4058 apaarius
3453 3989 3679 4044 mercede
3713 4005 3832 4045 sua.

2244 4077 2400 4136 Hunc
2436 4077 2613 4148 inquo
2641 4078 2818 4133 cibum
2853 4086 2911 4132 et
2946 4077 3084 4134 hanc
3121 4077 3424 4134 mercedem
3466 4079 3835 4136 sustentanda:

2245 4167 2406 4238 huius
2429 4169 2552 4226 vita:
2573 4169 2808 4228 debitam
2835 4169 3177 4240 evangelistis
3199 4169 3224 4204 ⁸
3239 4209 3254 4237 ,
3273 4169 3342 4225 ab
3358 4170 3440 4226 eis
3461 4171 3655 4240 quibus
3673 4185 3836 4226 evan-

2245 4261 2506 4331 gelth
2529 4275 2638 4316 nou
2663 4262 2870 4330 accepit
2907 4261 3218 4332 Apostolus,
3247 4276 3433 4318 verum
3469 4261 3686 4329 dicens,
3721 4261 3836 4336 Ego

2248 4351 3148 4410 mandantium-aususausus.

2318 4441 2544 4502 CAPUT
2575 4441 2718 4500 Χθο-
2739 4443 2828 4497 ii.
2855 4441 2938 4497 Ea:
2955 4442 3232 4515 Evangelia
3245 4457 3337 4500 aur
3354 4457 3458 4498 non
3475 4443 3592 4498 vivit
3609 4441 3833 4502 Paulus.

2251 4532 2319 4590 Et
2343 4533 2604 4602 sequitur.
2621 4542 2675 4590 et
2695 4533 2940 4604 utiqung
2958 4575 2974 4600 ,
2996 4549 3067 4590 ne
3089 4532 3228 4589 forte
3243 4533 3526 4604 qisquam
3547 4535 3839 4594 arbitretur

2249 4623 2374 4684 ideo
2403 4635 2534 4683 eum
2589 4639 2698 4681 non
2737 4625 3012 4693 accepisse
3035 4663 3050 4687 ,
3089 4624 3214 4694 quia
3269 4623 3344 4678 illi
3391 4639 3500 4680 non
3535 4625 3833 4683 dederant:

2251 4714 2376 4776 Non
2411 4725 2580 4774 autem
2619 4717 2801 4786 scripsi
2835 4716 2944 4774 liae
2983 4723 3038 4768 at
3069 4716 3144 4768 ita
3171 4715 3300 4785 ﬁant
3321 4712 3379 4770 in
3403 4733 3521 4784 me;
3547 4717 3736 4774 bonum
3767 4729 3838 4774 est

2253 4807 2377 4866 mihi
2405 4808 2566 4878 magis
2577 4809 2729 4874 tueri,
2750 4823 2902 4878 quau
2921 4807 3142 4876 glorians
3166 4821 3330 4861 meam
3351 4809 3619 4880 quisquam
3635 4811 3839 4864 inanent

2251 4899 2429 4969 Icaria.
2457 4899 2628 4968 Quum
2651 4901 2880 4970 gloriam
2897 4941 2912 4964 ,
2939 4898 3040 4955 nisi
3069 4915 3230 4970 quam
3271 4899 3470 4956 habere
3494 4902 3662 4957 voluit
3697 4901 3836 4972 apud

2248 4992 2422 5054 Deum
2441 5032 2456 5058 ,
2503 4993 2558 5050 in
2594 4991 2810 5052 Christo
2850 4993 3181 5062 contundens
3229 4992 3486 5058 inﬁrmis;
3525 4993 3667 5050 sicut
3713 5007 3839 5048 mox

2249 5085 2589 5155 apertissime
2610 5084 2851 5144 dicturus
2877 5085 2998 5140 est?
3027 5083 3092 5140 8i
3117 5084 3255 5140 enim
3283 5085 3718 5156 euangelizanti-0,
3753 5085 3838 5138 in-

2251 5175 2388 5245 quit,
2419 5190 2520 5234 Ion
2545 5184 2620 5236 est
2647 5175 2772 5234 mihi
2798 5175 2964 5246 gloria
2989 5191 3011 5230 ι
3033 5176 3304 5231 iieeessitas
3323 5176 3460 5230 enim
3485 5177 3611 5234 mihi
3633 5177 3836 5232 ineunt-

2237 5265 2569 5334 binidest.
2601 5265 2964 5328 sustentanda
3011 5267 3138 5322 vitae
3184 5266 3363 5337 hujus.
3431 5265 3519 5322 Va:
3561 5269 3697 5322 enim
3745 5269 3839 5324 erit

2253 5357 2401 5424 κω,
2439 5359 2632 5429 inquit.
2658 5366 2705 5418 st
2731 5374 2834 5419 non
2853 5357 3262 5429 morumne
3290 5373 3311 5412 :
3337 5357 3392 5414 id
3415 5367 3520 5427 est,
3549 5361 3692 5419 malo
3711 5375 3836 5417 meo

2316 5567 2341 5691 ἓ
2367 5563 3390 5691 manusuam:

2318 5689 2342 5721 ⁸
2371 5689 2508 5750 Mitt,
2533 5684 2644 5744 Guar
2663 5684 2884 5756 debitum
3535 5689 3695 5754 Abest,
3727 5703 3842 5746 colt-

2256 5749 3605 5813 suamnam.,etexhisnonnullihubeit,debitw
