4140 6216
355 315 460 374 557

360 444 460 489 non
477 426 884 500 evangelizabo,
901 427 1024 500 quia
1039 425 1180 482 fame
1200 427 1494 494 cruciabor,
1523 436 1578 484 et
1597 427 1735 483 unde
1757 427 1932 484 vivam

357 537 462 579 non
481 520 716 580 habebo.
746 520 879 576 Nam
908 520 1166 592 sequitur,
1207 529 1260 577 et
1288 519 1414 576 dicit
1445 539 1457 576 :
1490 520 1554 578 Si
1591 523 1722 576 enim
1767 523 1936 578 volens

357 616 446 670 hoc
473 613 630 686 facio,
659 611 938 668 mercedem
964 610 1141 666 habeo.
1173 611 1454 667 Veientem
1491 627 1551 668 se
1574 610 1705 668 dicit
1729 611 1933 678 facere,

356 707 397 762 si
424 705 568 762 nulla
605 704 734 761 vita:
771 701 930 774 hujus
961 701 1240 759 fulcienda:
1273 703 1594 762 necessitate
1628 703 1936 773 compulsus

293 813 296 821 '
353 799 502 866 iacit;
555 805 612 854 et
657 795 729 853 ob
779 793 886 853 hoc
920 793 1120 853 habere
1173 797 1516 864 mercedem,
1565 797 1746 868 utique
1794 797 1935 868 apud

355 877 519 948 Deum
560 887 743 962 glorias
779 889 1136 959 sempiternas.
1183 888 1248 945 Si
1283 897 1450 944 autem
1495 891 1698 954 invitus,
1741 889 1931 960 inquit,

353 982 658 1056 dispensatio
677 981 804 1038 uulsi
821 981 1013 1037 credita
1027 991 1100 1037 est
1115 981 1208 1038 :id
1229 991 1330 1048 est,
1354 983 1398 1038 si
1419 983 1738 1039 necessitate
1754 990 1930 1036 trans.

351 1074 555 1146 igeudat
581 1073 739 1144 hujus
763 1072 890 1128 vita:
920 1072 1118 1130 invitus
1137 1087 1300 1144 cogor
1321 1072 1704 1144 evangelizare.
1722 1073 1933 1142 dispen-

355 1165 478 1221 satio
512 1164 640 1220 mihi
680 1163 874 1219 credita
913 1174 1024 1231 est;
1065 1171 1125 1219 ut
1173 1163 1378 1221 scilicet
1419 1181 1492 1220 ex
1531 1164 1934 1236 dispensatione

355 1271 508 1323 mea,
553 1255 677 1328 quia
721 1253 994 1312 Chrismm
1019 1297 1035 1322 ,
1098 1257 1221 1328 quia
1281 1257 1558 1314 veritatem
1583 1257 1601 1289 ί
1655 1257 1928 1327 praedico,

351 1348 596 1420 quam
617 1361 686 1406 ex
715 1347 1017 1415 occasione,
1039 1351 1283 1421 quamvis
1305 1365 1420 1406 mea
1441 1365 1708 1421 quaerens,
1737 1365 1929 1420 quam-

353 1439 431 1496 vis
470 1439 674 1496 terreni
710 1440 1060 1496 emolmnenti
1092 1442 1410 1496 necessitate
1451 1441 1759 1511 compulsus
1783 1483 1798 1508 ,
1841 1442 1932 1496 alii

355 1529 651 1602 proﬁciant,
672 1543 771 1602 ego
797 1540 974 1586 autem
999 1531 1143 1602 apud
1184 1531 1348 1588 Deum
1391 1531 1690 1588 mercedem
1735 1533 1934 1604 glorio-

353 1634 464 1680 ιιιιιι
489 1623 634 1678 illam
671 1622 1158 1695 sempiternumque
1188 1639 1292 1678 non
1339 1623 1579 1678 habeam.
1615 1623 1741 1692 Quae
1769 1641 1884 1694 ergo
1908 1664 1924 1689 ,

352 1712 538 1786 inquit,
560 1727 746 1768 merces
767 1712 900 1769 mihi
918 1713 1010 1770 erit
1029 1715 1056 1769 2
1081 1715 1419 1786 Interrogans
1439 1713 1572 1770 dixit
1601 1733 1614 1768 :
1646 1725 1927 1785 pmptcrea

351 1801 719 1874 suspendenda
739 1813 821 1860 est
835 1804 1214 1875 pronuntiatio,
1227 1805 1398 1861 donec
1415 1805 1754 1878 respondeat.
1773 1804 1926 1874 Quod

351 1893 640 1954 Itfaeilius
667 1895 1011 1968 intelligatur,
1041 1907 1288 1968 tanquam
1331 1915 1429 1953 nos
1467 1914 1591 1954 eum
1631 1899 1928 1968 interroge-

351 1999 486 2055 mus,
514 1985 646 2057 Quae
688 2001 818 2060 ergo
863 1988 958 2045 tibi
1003 2003 1210 2045 merces
1236 1989 1372 2054 erit,
1403 1989 1680 2059 Apostole,
1712 1987 1928 2059 quando

349 2079 646 2139 mercedem
676 2080 832 2136 istam
872 2089 1136 2138 terrenam
1176 2081 1335 2136 etiam
1382 2080 1724 2152 evangelistis
1771 2079 1926 2135 bonis

346 2167 597 2239 debitam,
610 2185 718 2227 non
736 2180 956 2244 prepter
978 2173 1078 2229 hoc
1097 2171 1605 2242 evangelizautibus,
1627 2169 1722 2226 sed
1744 2179 1923 2226 tamen

346 2271 756 2334 consequenter!)
781 2272 836 2318 et
862 2263 1096 2320 oblatam
1122 2279 1190 2321 es
1216 2263 1424 2320 Domini
1464 2264 1799 2320 ordinatione
1836 2279 1928 2317 su-

346 2355 632 2427 mtibus,
656 2367 712 2415 tu
737 2374 846 2416 non
873 2359 1108 2432 accipis?
1133 2377 1250 2432 qute
1274 2375 1403 2432 ergo
1433 2359 1525 2417 tibi
1549 2374 1757 2416 merces
1781 2357 1926 2414 erit?

346 2449 476 2510 Vide
507 2449 637 2524 quid
665 2451 988 2524 respondeat
1029 2470 1042 2507 :
1077 2449 1146 2509 Ut
1169 2451 1543 2526 euangelizans,
1578 2451 1780 2522 inquit,
1819 2451 1928 2504 sine

345 2553 546 2616 sumptu
573 2558 758 2616 ponam
782 2542 1146 2624 Euangelium;
1171 2545 1222 2600 id
1249 2553 1352 2612 est,
1382 2555 1439 2600 ut
1469 2562 1575 2600 non
1606 2545 1678 2600 sit
1702 2543 1926 2599 creden-

343 2635 486 2694 tibus
511 2644 884 2708 suntptuosum
915 2633 1284 2706 Evangelium,
1309 2649 1375 2692 ne
1399 2645 1582 2708 putent
1602 2634 1667 2691 ad
1694 2635 1800 2690 hoc
1823 2634 1928 2690 sibi

341 2727 720 2799 evangelieari,
743 2735 801 2782 ut
821 2727 874 2782 id
899 2727 1237 2798 evangelista:
1273 2728 1425 2798 quasi
1454 2727 1686 2784 vendere
1709 2726 1928 2782 videan-

339 2827 448 2876 tur.
487 2821 559 2876 Et
595 2827 774 2876 tamen
817 2819 956 2876 redit
979 2821 1138 2876 etiam
1178 2829 1338 2890 atque
1372 2822 1554 2890 etiam,
1584 2831 1642 2876 ut
1677 2819 1929 2878 ostendat

339 2909 468 2982 quid
485 2909 591 2967 sibi
605 2909 726 2983 jure
743 2910 1012 2968 dominico
1043 2913 1202 2968 liceat
1222 2955 1238 2980 ,
1267 2921 1324 2968 et
1351 2913 1466 2984 ipse
1492 2929 1595 2968 non
1625 2914 1782 2970 faciat
1813 2931 1826 2968 :
1857 2911 1929 2970 Ut

341 3015 443 3056 non
465 2999 666 3069 abutar,
696 3001 894 3072 inquit,
923 3011 1170 3074 potestate
1195 3019 1306 3058 mea
1333 3003 1386 3058 in
1411 2999 1709 3078 Evangeiio.

412 3089 646 3148 οΑΡιπ
668 3089 926 3147 Ila—12.
943 3089 1012 3147 In
1026 3093 1122 3146 hac
1137 3109 1210 3156 re,
1231 3102 1283 3147 ut
1299 3093 1350 3146 in
1367 3091 1502 3159 aliis,
1517 3089 1712 3148 Paulus
1729 3109 1790 3150 ex
1799 3109 1928 3148 com-

343 3183 584 3258 passione
603 3199 660 3238 se
678 3182 898 3254 inﬁrmis
924 3183 1289 3239 accommodat.
1312 3183 1574 3252 Quomodo
1590 3186 1698 3240 sine
1722 3187 1928 3255 ﬁctione

343 3283 392 3330 α
665 3279 832 3348 factus
862 3285 936 3332 est
960 3276 1108 3348 quasi
1129 3276 1220 3330 sub
1246 3276 1353 3348 lege
1388 3285 1435 3330 et
1475 3275 1620 3349 quasi
1659 3277 1766 3331 sine
1795 3277 1925 3350 lege.

343 3365 514 3424 Timet
547 3383 614 3424 tte
647 3367 998 3441 anngeﬁum,
1019 3369 1064 3424 si
1092 3384 1154 3424 ea:
1179 3385 1236 3424 eo
1257 3371 1407 3436 vivat,
1435 3369 1607 3424 venale
1643 3379 1840 3440 putetur
1865 3370 1926 3424 ab

342 3459 724 3531 inﬁrmisJam
759 3475 889 3517 vero
927 3461 1048 3533 quia
1075 3461 1366 3517 inﬁrmitati
1403 3462 1679 3518 hominum
1707 3479 1927 3536 compa-

343 3551 488 3608 tiens
511 3551 568 3608 id
593 3549 850 3620 faciebat,
881 3551 1160 3608 audiamus
1191 3553 1469 3625 sequentia
1503 3571 1516 3606 :
1551 3553 1677 3609 Cum
1703 3556 1834 3618 enim
1868 3553 1933 3608 ti-

341 3641 432 3700 ια
469 3643 593 3710 sisit,
617 3643 810 3716 inquit,
839 3659 904 3700 ea:
929 3644 1159 3701 omnibus
1176 3689 1192 3713 ,
1215 3645 1440 3702 omnium
1474 3663 1552 3700 me
1575 3663 1769 3702 servum
1796 3649 1896 3720 feci
1911 3690 1926 3713 ,

339 3742 402 3790 It
423 3735 600 3808 plures
621 3735 966 3806 iucrifaeerem
995 3751 1015 3792 :
1035 3737 1098 3792 iis
1126 3738 1213 3808 qui
1237 3739 1328 3793 sub
1349 3735 1484 3810 Lege
1503 3748 1642 3807 sunt,
1671 3739 1818 3811 quasi
1839 3739 1930 3795 sub

343 3822 500 3898 Lege,
521 3839 641 3881 eum
666 3841 768 3882 non
799 3827 900 3882 sim
921 3825 1032 3898 ipse
1054 3827 1145 3883 sub
1167 3825 1300 3901 Lege
1317 3871 1333 3898 ,
1363 3837 1418 3883 ut
1456 3845 1541 3884 eos
1569 3829 1654 3899 qui
1681 3829 1773 3885 sub
1798 3827 1935 3900 Lege

344 3927 492 3973 erant
529 3919 916 3991 itteriiaeerem;
951 3919 1015 3975 iis
1037 3919 1126 3992 qui
1153 3921 1260 3976 sine
1287 3905 1422 3992 Lege
1447 3927 1602 3986 sunt,
1646 3922 1792 3993 quasi
1824 3923 1934 3978 sine

346 4009 503 4083 Lege,
529 4025 646 4065 cum
677 4011 786 4066 sine
803 4012 912 4084 iege
936 4009 1034 4066 Dei
1059 4029 1159 4068 non
1181 4013 1312 4078 sim,
1334 4011 1424 4068 sed
1451 4011 1548 4067 sim
1575 4013 1628 4066 in
1657 4014 1762 4084 lege
1786 4011 1933 4068 Chri-

345 4104 433 4168 sti,
461 4109 522 4156 ut
564 4103 912 4176 iurrifacerem
954 4119 1038 4160 eos
1073 4105 1160 4176 qui
1187 4105 1295 4159 sine
1317 4102 1452 4177 Lege
1477 4112 1612 4158 sunt.
1643 4103 1794 4174 Quod
1828 4120 1935 4160 non

345 4193 638 4249 simulandi
660 4195 890 4250 versutia
918 4193 1143 4250 faciebat
1161 4237 1176 4264 ,
1205 4195 1299 4250 sed
1339 4195 1700 4266 compatiendi
1725 4197 1935 4252 miseri-

346 4285 571 4350 cordia;
603 4284 656 4340 id
677 4292 786 4351 est,
818 4299 924 4341 non
950 4286 1100 4356 quasi
1127 4295 1184 4342 ut
1207 4301 1266 4343 se
1289 4287 1514 4357 ﬁngeret
1535 4285 1800 4354 Judaeum,
1827 4287 1936 4344 sic-

346 4383 408 4429 ut
453 4375 697 4430 nonnulli
741 4385 1078 4445 putaverunt,
1107 4377 1231 4448 quia
1253 4375 1491 4448 legitima
1521 4387 1704 4434 vetera
1719 4377 1937 4435 ieroso-

350 4467 514 4538 Iymis
541 4469 842 4524 observavit
872 4468 970 4542 (α).
1004 4468 1147 4524 Fecit
1173 4469 1317 4526 enim
1344 4469 1448 4526 hoc
1481 4471 1774 4528 secundum
1805 4473 1937 4530 libe-

349 4575 469 4614 ram
505 4569 561 4614 et
608 4560 938 4616 manifestam
969 4563 1286 4618 sententiam
1325 4579 1507 4634 suam,
1550 4565 1602 4621 in
1643 4583 1743 4638 qua
1789 4567 1938 4636 dicit,

346 4648 693 4706 Circumcisus
733 4653 846 4721 quis
897 4661 1101 4709 vocatus
1149 4663 1224 4709 est
1239 4655 1265 4708 ?
1313 4671 1416 4712 non
1470 4655 1693 4714 adducat
1735 4675 1942 4730 prcepu-

347 4743 554 4808 tium';
577 4741 630 4801 id
660 4749 742 4798 est
763 4785 780 4810 ,
813 4757 919 4798 non
945 4743 1026 4800 sic
1055 4744 1220 4810 vivat,
1243 4747 1391 4816 quasi
1421 4750 1742 4820 praeputium
1771 4748 1942 4803 addu-

349 4835 514 4898 xerit.
536 4841 594 4890 et
619 4832 672 4890 id
701 4835 844 4907 quod
871 4835 1164 4892 nudaverat
1205 4843 1398 4894 texerit
1445 4857 1460 4894 :
1499 4841 1637 4896 sicut
1677 4841 1782 4897 alio
1823 4841 1942 4898 loco

348 4927 506 4996 dicit,
537 4926 866 4985 Circuntcisio
895 4938 985 4983 tua
1018 4930 1321 5000 prteputium
1365 4931 1503 5001 facta
1541 4942 1614 4987 est
1654 4933 1847 5004 (Rom.
1878 4947 1939 5000 lt,

345 5019 476 5092 25).
504 5019 810 5078 Secundum
837 5021 976 5077 hanc
1002 5033 1132 5091 ergo
1157 5023 1473 5076 sententiam
1513 5038 1662 5078 suam
1684 5065 1700 5094 ,
1725 5041 1825 5094 qua
1856 5025 1939 5079 di-

345 5111 449 5177 cit,
478 5108 820 5168 Circumcisus
841 5111 955 5184 quis
977 5121 1180 5168 vocatus
1209 5112 1323 5166 est?
1351 5127 1453 5167 non
1481 5113 1703 5167 adducat
1733 5131 1941 5186 praepu-

349 5203 508 5258 tium.
537 5201 604 5257 In
637 5205 889 5276 praputio
913 5205 1026 5276 quis
1051 5217 1254 5259 vocatus
1283 5204 1394 5258 est?
1419 5221 1519 5258 non
1558 5205 1945 5261 circumcidatur

353 5293 400 5366 (l
429 5292 556 5350 Cor.
579 5295 828 5367 vn,18);
857 5294 982 5351 fecit
1021 5296 1106 5352 illa
1147 5311 1266 5367 quas
1307 5309 1413 5350 non
1451 5295 1867 5367 intelligentibus
1891 5308 1946 5356 et

349 5395 550 5457 parum
591 5388 988 5445 attendentibus
1028 5389 1245 5446 ﬁnxisse
1290 5396 1504 5462 putatus
1551 5398 1678 5456 est;
1727 5389 1946 5448 Judmus

347 5481 508 5536 enim
518 5489 635 5536 erat
648 5490 706 5537 et
718 5480 1063 5539 circumcisus
1081 5493 1320 5549 vocatus;
1343 5481 1511 5537 noluit
1527 5481 1627 5538 add
1636 5500 1792 5542 ucere
1813 5501 1949 5556 prte-

420 5615 445 5680 ξ
483 5613 652 5666 Ριιπθε
667 5613 1190 5680 Iss.,qua_christm
1211 5629 1308 5680 φια
1321 5616 1584 5680 veritatem

417 5676 448 5710 ί
477 5681 580 5726 nec
600 5682 655 5727 et
911 5677 1152 5746 loco__vox,
1175 5676 1500 5742 ’prteputium,
1529 5692 1558 5730 a
1574 5685 1682 5728 Mss.
1700 5681 1858 5746 abest,
1880 5683 1954 5736 uti

349 5745 468 5802 et;
484 5749 652 5802 graeco
671 5738 813 5802 textu
836 5738 1058 5802 Apostoli.

421 5797 518 5862 (αἵ
527 5799 722 5850 Hieron.
747 5801 798 5851 in
821 5797 963 5863 epist.
999 5802 1128 5851 inter
1151 5803 1515 5863 Augustinianas
1535 5805 1622 5866 75,
1648 5819 1696 5854 ιι.
1722 5804 1853 5855 9-11.

1763 312 1964 370 LIBER
2004 311 2205 372 UNUS.

2050 425 2277 497 pulium,
2307 425 2360 480 id
2381 435 2480 494 est,
2501 428 2666 482 noluit
2696 430 2766 486 ita
2791 430 2968 488 vivere
2995 447 3058 488 ac
3074 433 3120 488 si
3151 433 3496 494 circumcisus
3521 456 3628 498 non

2048 524 2211 570 esset.
2241 516 2355 572 Hoc
2384 519 2523 570 enim
2561 518 2671 586 jzuu
2722 521 2772 574 in
2826 531 3086 590 potestate
3126 524 3385 582 habebnt.
3417 529 3486 584 Ει
3528 532 3631 590 sub

2047 605 2191 678 Lege
2207 609 2417 678 quidem
2438 625 2543 664 non
2570 623 2686 666 erat
2707 612 2843 667 sicut
2869 615 2941 668 illi
2968 617 3058 685 qui
3071 633 3189 672 etim
3206 618 3475 676 serviliter
3495 637 3628 694 ope-

2048 700 2324 766 rabantur;
2361 704 2453 757 sed
2483 708 2730 760 tamenin
2763 709 2877 780 lege
2905 710 2996 766 Dei
3023 721 3075 766 et
3099 711 3314 768 Christi.
3341 713 3456 772 Non
3479 717 3631 776 enim

2047 792 2150 847 alia
2182 794 2267 850 lex
2306 805 2422 850 erat
2450 796 2536 851 illa
2561 808 2614 852 et
2640 800 2740 852 alia
2773 801 2858 856 lex
2889 803 3003 866 Dei,
3045 805 3184 860 sicut
3225 807 3416 876 perditi
3454 810 3629 866 Mani-

2015 880 2024 902 ’
2047 879 2183 936 clitei
2214 885 2391 939 solent
2415 885 2616 944 dicere.
2637 889 2884 960 Alioquin
2907 894 2950 947 si
2977 909 3097 949 cum
3119 897 3207 952 illa
3233 896 3386 965 fecit,
3415 899 3634 960 ﬁnxisse

2047 973 2315 1060 putandus
2337 985 2448 1039 est;
2476 977 2628 1032 tinxit
2651 990 2707 1034 et
2731 998 2992 1051 paganum
3027 997 3079 1040 et
3103 987 3421 1046 sacriﬁcavit
3449 991 3631 1060 idolis,

2051 1063 2173 1132 quia
2189 1059 2318 1120 dicit
2339 1066 2534 1124 factum
2548 1087 2616 1124 .sc
2646 1069 2812 1127 luisse
2835 1073 2900 1128 iis
2915 1076 3003 1144 qui
3022 1077 3139 1132 sine
3162 1078 3303 1149 Lege
3331 1091 3455 1137 sunt
3475 1059 3634 1153 quasi

2049 1155 2166 1246 sine
2193 1157 2354 1228 Lege.
2369 1159 2512 1228 Quos
2529 1163 2711 1232 utique
2728 1180 2830 1218 non
2849 1167 2950 1220 nisi
2963 1166 3223 1237 Gentiles,
3243 1175 3631 1246 quosPaganos

2047 1245 2295 1316 dicimus,
2328 1250 2440 1306 vult
2464 1253 2705 1324 intelligi.
2733 1255 2893 1310 Aliud
2923 1267 3004 1312 est
3031 1274 3157 1328 ergo
3185 1277 3304 1316 esse
3335 1265 3435 1320 sub
3464 1245 3629 1338 Lege,

2046 1339 2192 1393 aliud
2216 1338 2269 1394 in
2299 1341 2456 1412 Lege,
2485 1345 2624 1400 aliud
2643 1350 2760 1402 sine
2792 1348 2948 1420 Lege.
2975 1351 3089 1407 Sub
3112 1352 3253 1425 Lege
3275 1359 3520 1414 carnales
3533 1359 3632 1416 lu-

2046 1428 2146 1483 dmi
2163 1447 2178 1485 :
2193 1431 2244 1484 iu
2265 1431 2404 1504 Lege
2416 1436 2716 1506 spirituales
2729 1450 2784 1494 et
2807 1440 2976 1496 Judaei
2993 1452 3048 1497 et
3067 1443 3376 1512 Christiani;
3397 1450 3636 1510 undeilli

2046 1533 2393 1578 servaverunt
2417 1541 2621 1582 rnorem
2647 1530 2792 1584 illum
2820 1533 3084 1601 patrium,
3113 1536 3208 1591 sed
3233 1553 3394 1594 onera
3417 1541 3632 1598 insolita

2045 1611 2385 1669 credentibus
2402 1615 2658 1674 Gentibus
2675 1637 2780 1674 non
2811 1623 3210 1694 imposuerunt;
3228 1638 3284 1683 et
3305 1630 3423 1686 ideo
3439 1633 3587 1689 etilli
3610 1636 3632 1668 ⁸

2042 1701 2338 1760 circumcisi
2357 1717 2479 1762 sunt
2511 1711 2658 1766 :siue
2677 1711 2818 1780 Lege
2830 1725 3009 1770 autem
3027 1716 3226 1773 Gentes
3249 1735 3366 1790 qtae
3395 1723 3634 1782 nondum

2042 1793 2401 1864 crediderunt,
2419 1801 2610 1869 quibus
2631 1813 2804 1858 tamen
2831 1822 2891 1860 se
2914 1809 3201 1877 Apostolus
3215 1814 3526 1883 congruisse
3551 1825 3634 1873 te-

2041 1892 2211 1974 statur
2237 1902 2332 1956 per
2357 1890 2755 1948 misericordem
2782 1900 3225 1966 (xitnpassionem,
3251 1917 3355 1960 non
3389 1920 3484 1974 per
3507 1922 3633 1963 ver-

2038 1973 2280 2044 sipellem
2310 1979 2726 2050 simulationem;
2757 1986 2812 2040 id
2841 1996 2942 2052 est,
2974 1999 3032 2044 ut
3045 2005 3111 2046 eo
3133 1993 3294 2048 modo
3323 1973 3632 2056 subveniret

2039 2068 2239 2121 carnali
2266 2067 2452 2124 ,Ιιιάςυο
2473 2073 2553 2126 vel
2586 2073 2819 2146 Pagano,
2846 2094 2954 2149 quo
2981 2081 3142 2136 modo
3167 2082 3268 2138 sibi
3294 2085 3430 2155 ipse,
3453 2089 3500 2143 si
3519 2088 3629 2148 hoc

2039 2165 2207 2224 esset,
2240 2159 2511 2216 subveniri
2539 2165 2794 2222 voluisset
2827 2186 2840 2222 :
2869 2180 3084 2239 portans
3111 2175 3293 2244 utique
3317 2192 3505 2233 eorum
3534 2180 3626 2234 in—

2046 2245 2354 2303 ﬁrmitatem
2383 2251 2436 2304 iu
2471 2257 2858 2324 compassionis
2890 2261 3271 2332 similitudine,
3295 2282 3404 2322 non
3437 2268 3630 2328 fallens

2041 2335 2094 2392 in
2121 2342 2385 2396 mendacii
2417 2343 2668 2413 ﬁctione;
2696 2349 2834 2404 sicut
2867 2355 3120 2410 continuo
3147 2359 3412 2426 sequitur,
3451 2371 3506 2417 et
3537 2363 3628 2419 di-

2037 2426 2134 2494 cit,
2165 2427 2358 2525 ii'aftus
2384 2449 2495 2488 sum
2516 2437 2731 2505 inﬁrmis
2750 2439 3004 2510 inﬁrmus,
3026 2454 3081 2498 ut
3107 2447 3336 2516 inﬁrmos
3361 2450 3628 2525 lucriface-

2039 2535 2146 2573 rem
2169 2520 2342 2594 (lCor.
2373 2539 2447 2592 Ix,
2482 2525 2668 2599 1-22).
2696 2528 2832 2585 Hine
2848 2533 2990 2586 enim
3021 2534 3357 2606 loquebatur,
3388 2551 3446 2597 ut
3463 2520 3626 2600 etiam

2039 2613 2220 2667 omnia
2245 2613 2334 2668 illa
2355 2613 2579 2673 diceret.
2609 2617 2758 2674 Sicut
2803 2635 2932 2692 ergo
2974 2623 3117 2692 quod
3143 2625 3318 2683 factus
3359 2641 3440 2686 est
3475 2632 3629 2688 inﬁr-

2040 2703 2144 2762 mis
2165 2706 2430 2775 inllrmus,
2459 2724 2566 2766 non
2591 2720 2710 2766 erat
2733 2713 3106 2780 mendacium;
3133 2719 3213 2773 sic
3239 2727 3294 2776 et
3311 2732 3504 2778 caetera
3537 2724 3629 2781 illa

2041 2803 2312 2872 superius.
2349 2803 2519 2872 Quam
2549 2806 2692 2862 enim
2739 2807 2872 2864 dicit
2900 2808 3264 2866 inﬁrmitatem
3305 2828 3457 2869 suam
3499 2829 3627 2888 erga

2044 2891 2286 2948 inﬁrmos
2329 2893 2516 2964 fuisse,
2547 2897 2649 2952 nisi
2679 2899 3035 2968 compatieudi
3073 2901 3187 2966 eis,
3218 2904 3270 2958 in
3299 2913 3502 2960 tantum
3529 2917 3586 2962 ut
3607 2948 3626 2976 ,

2040 3000 2110 3040 ne
2133 2985 2404 3044 videretur
2430 2989 2676 3044 venditor
2705 2991 3001 3061 Evangelii,
3025 3003 3082 3048 et
3106 2995 3254 3050 verbi
3283 2997 3375 3050 Dei
3405 3013 3627 3055 cursum

2039 3076 2181 3145 apud
2212 3077 2490 3147 imperitos
2515 3080 2565 3133 in
2598 3080 2790 3135 malam
2819 3083 3176 3151 suspicionem
3214 3086 3470 3144 decidens
3515 3089 3626 3144 im-

2042 3166 2268 3238 pediret,
2292 3169 2462 3225 nollet
2492 3171 2737 3240 accipere
2774 3173 2916 3241 quod
2939 3173 3060 3242 jure
3097 3175 3366 3233 dominico
3391 3177 3630 3238 debeba-

2041 3259 2165 3312 tur?
2188 3257 2340 3328 Quod
2361 3259 2405 3314 si
2436 3261 2612 3325 vellet,
2643 3275 2748 3316 nou
2778 3263 2958 3332 utique
2984 3268 3321 3336 mentiretur,
3348 3273 3468 3340 quia
3501 3287 3631 3332 vere

2039 3347 2338 3404 debebatur
2365 3368 2379 3403 :
2407 3353 2620 3422 et,quia
2651 3352 2854 3420 noluit,
2879 3370 2987 3410 non
3015 3357 3196 3428 utique
3226 3363 3482 3416 mentitus
3519 3375 3628 3420 est.

2039 3439 2222 3512 Neque
2249 3443 2390 3500 enim
2419 3444 2554 3500 dixit
2581 3460 2686 3501 non
2728 3445 2830 3502 sibi
2857 3446 3041 3504 deberi
3067 3467 3082 3504 :
3115 3450 3208 3506 sed
3234 3451 3417 3510 deberi
3446 3465 3631 3513 osten-

2041 3531 2142 3602 dit,
2169 3543 2224 3588 et
2251 3535 2430 3590 debito
2449 3552 2506 3590 se
2532 3552 2688 3592 usum
2721 3554 2826 3592 non
2849 3553 2989 3603 ease,
3021 3556 3120 3596 nec
3143 3543 3361 3598 omnino
3390 3546 3466 3599 uti
3496 3547 3632 3604 velle

2043 3623 2316 3694 professus
2342 3637 2457 3690 est,
2491 3641 2557 3682 eo
2585 3629 2702 3696 ipso
2737 3628 2908 3682 factus
2944 3630 3213 3697 inlirmus,
3235 3649 3343 3702 quo
3374 3645 3633 3704 potestate

2043 3731 2140 3771 sua
2170 3717 2244 3772 uti
2271 3718 2472 3783 noluit;
2507 3727 2612 3772 tam
2653 3719 2990 3774 misericordi
3027 3722 3230 3778 scilicet
3266 3725 3480 3781 indutus
3499 3725 3632 3784 alie-

2043 3813 2150 3871 ctu,
2195 3817 2250 3860 ut
2288 3808 2546 3875 cogitaret
2572 3808 3019 3876 quemadmodum
3049 3826 3232 3870 secum
3259 3815 3342 3884 agi
3364 3815 3554 3880 vellet,
3582 3818 3635 3876 si

2043 3905 2099 3951 et
2129 3897 2242 3966 ipse
2279 3899 2352 3951 ita
2395 3899 2772 3967 inlirmarctur,
2801 3908 2859 3954 ut
2901 3910 3081 3970 posset
3111 3903 3178 3958 de
3218 3903 3324 3960 illis
3365 3921 3460 3977 per
3495 3923 3634 3978 quos

2045 3987 2145 4041 sibi
2175 3987 2516 4057 Evangelium
2539 3990 2937 4058 prmdicaretur,
2957 3993 3002 4047 si
3031 4009 3126 4050 eos
3152 3995 3356 4052 videret
3387 4008 3632 4071 sumptus

2043 4078 2308 4149 accipere,
2340 4081 2488 4149 quasi
2519 4084 2982 4138 mercimoniorum
3011 4085 3279 4142 nundinas
3309 4090 3588 4160 suspicari.

2116 4170 2342 4228 CAPUT
2382 4173 2493 4228 XII.
2515 4203 2587 4214 —-
2615 4177 2699 4230 I3.
2732 4174 3063 4244 In/it'tnorum
3111 4179 3346 4248 periculis
3387 4187 3630 4260 tremefa-

2045 4270 2154 4316 ctus
2181 4261 2317 4333 eligit
2344 4262 2604 4332 laborare,
2635 4282 2785 4336 quam
2819 4267 2882 4320 de
2909 4267 3183 4342 Evangelia
3211 4271 3392 4328 uiuere.
3415 4274 3490 4330 De
3533 4276 3634 4334 hac

2047 4352 2352 4410 inﬁrmitate
2379 4372 2472 4410 sua
2499 4357 2628 4411 dicit
2655 4358 2762 4411 alio
2785 4359 2904 4412 loco
2934 4377 2946 4412 :
2974 4357 3123 4414 Facti
3149 4378 3326 4417 sumus
3356 4368 3551 4434 paruuli
3577 4369 3632 4424 in

2048 4447 2210 4502 medio
2235 4459 2470 4516 vestrum,
2491 4460 2727 4520 tanquam
2747 4450 2790 4503 si
2819 4451 2992 4504 nutris:
3008 4452 3172 4519 foveat
3193 4453 3330 4523 [ilics
3347 4458 3632 4516 suos.Natn

2049 4537 2164 4607 ejus
2188 4539 2584 4594 circumstantia
2613 4540 2855 4594 lectionis
2875 4541 2978 4596 hoc
3003 4542 3200 4598 indicat
3231 4561 3244 4598 :
3277 4544 3457 4614 Neque
3477 4551 3630 4619 enim,

2048 4627 2238 4698 inquit,
2266 4629 2535 4699 aliquando
2569 4629 2622 4682 in
2657 4644 2884 4684 sermone
2906 4630 3218 4688 adulationis
3255 4637 3466 4706 fuimus,
3506 4641 3636 4695 sicut

2049 4720 2219 4783 scitis;
2259 4737 2416 4790 neque
2457 4721 2508 4774 in
2539 4721 2798 4775 occasione
2825 4722 3114 4792 cupiditatis
3136 4766 3152 4790 ,
3181 4725 3320 4781 Deus
3358 4731 3494 4784 testis
3529 4744 3636 4798 est;

2051 4825 2206 4880 neque
2229 4821 2502 4882 qmerentes
2539 4812 2601 4864 ab
2640 4811 2924 4867 hominibus
2941 4813 3178 4884 gloriam,
3211 4835 3368 4886 neque
3406 4837 3438 4874 a
3479 4823 3632 4890 vobis,

2051 4918 2204 4973 neque
2228 4901 2290 4956 ab
2316 4904 2432 4956 aliis
2452 4919 2472 4967 ;
2497 4919 2610 4957 cum
2629 4920 2886 4974 possemus
2905 4909 3046 4961 oneri
3067 4909 3202 4964 vobis
3219 4927 3345 4977 esse,
3371 4923 3423 4966 ut
3451 4913 3639 4971 Christi

2051 4992 2279 5065 Apostoli
2306 5009 2325 5048 :
2350 4995 2436 5048 sed
2476 4996 2602 5067 [acti
2635 5011 2808 5050 sumus
2848 4999 3048 5069 parvuli
3087 5001 3141 5054 in
3191 5003 3354 5056 medio
3389 5015 3638 5074 vestrum;

2052 5096 2287 5156 tanquam
2313 5087 2357 5141 si
2377 5088 2552 5140 nutrix
2579 5090 2740 5160 foueat
2775 5090 3064 5159 ﬁliossuos
3103 5092 3158 5164 (I
3189 5091 3364 5150 Thess.
3397 5113 3430 5151 ιι
3449 5139 3462 5162 ,
3487 5099 3632 5169 5-7).

2052 5179 2201 5245 Quod
2228 5195 2354 5248 ergo
2380 5179 2443 5233 ad
2476 5177 2784 5236 Corinthios
2808 5181 2971 5246 dicit,
3003 5183 3204 5242 habere
3229 5201 3287 5242 se
3318 5197 3634 5257 potestatem

2053 5271 2378 5340 apostolatus
2405 5271 2486 5326 sui
2507 5313 2521 5336 ,
2565 5273 2704 5328 sicut
2741 5280 2795 5328 et
2833 5273 3013 5332 caeteri
3043 5274 3285 5346 Apostoli
3310 5319 3325 5343 ,
3357 5295 3456 5349 qua
3491 5289 3640 5350 pote-

2055 5369 2188 5416 state
2205 5377 2355 5416 usum
2385 5378 2442 5417 se
2458 5379 2561 5417 non
2589 5379 2708 5419 esse
2729 5371 2986 5430 testatur;
3010 5365 3112 5422 hoc
3126 5369 3286 5424 etiam
3316 5370 3368 5424 in
3397 5371 3498 5424 isto
3520 5373 3638 5430 loco

2055 5449 2122 5504 ad
2139 5449 2642 5509 Thessalonicenses
2659 5455 2750 5520 ait,
2771 5452 2896 5509 Cum
2914 5473 3168 5526 possemus
3183 5461 3325 5513 oneri
3350 5461 3484 5516 vobis
3507 5480 3638 5532 esse,

2057 5547 2109 5594 ut
2139 5539 2326 5597 Christi
2364 5541 2595 5615 Apostoti
2631 5561 2650 5600 :
2680 5546 2974 5602 secundum
3001 5550 3140 5618 quod
3172 5549 3429 5606 Dominus
3471 5553 3639 5624 dicit,

2125 5753 2140 5825 ξ
2171 5749 2312 5825 _F.diti_,
2337 5764 2423 5823 nec
2447 5750 2535 5802 illi.
2564 5762 2617 5802 at
2643 5763 2745 5803 vss.
2767 5755 2966 5815 habent,
2987 5753 3128 5825 etilli
3155 5769 3172 5806 :
3195 5758 3398 5822 scilicet,
3419 5763 3647 5825 Spiritu-

2063 5809 2141 5861 les
2162 5813 2310 5862 Judaei
2337 5815 2419 5876 qui
2450 5824 2706 5866 servarunt
2727 5831 2911 5868 morem
2930 5809 3150 5880 patrium.
