4166 6208
515 326 620 385 559

517 438 717 511 Dignus
738 444 810 492 est
833 434 1092 507 operarius
1119 430 1344 485 mercede
1376 445 1487 484 sua.
1524 428 1657 485 Nam
1702 430 1827 485 hinc
1860 442 1981 484 eum
2012 425 2097 479 di-

518 545 666 598 cere,
695 528 827 584 illud
856 527 1053 581 indicat
1077 522 1219 594 quod
1248 537 1408 593 supra
1427 522 1604 592 posuit
1635 541 1648 576 :
1683 521 1861 591 Neque
1888 521 1939 574 in
1961 534 2108 574 occa-

517 621 658 676 sione
679 616 970 688 cupiditatis
991 656 1007 680 ,
1031 612 1169 667 Deus
1206 612 1342 667 testis
1382 620 1475 667 est.
1500 611 1604 667 Per
1642 612 1745 667 hoc
1776 612 1921 669 enim
1946 609 2107 681 quod

514 710 638 780 jure
666 706 932 763 dominico
955 703 1250 760 debebatur
1275 702 1430 758 bonis
1454 703 1795 773 evangelistis
1812 745 1826 769 ,
1852 716 1955 757 non
1978 715 2106 772 pro-

519 808 641 869 pter
664 797 768 852 hoc
795 793 1309 864 evangelizantibus,
1340 792 1437 849 sed
1478 793 1840 863 quaerentibus
1882 806 2108 863 regnum

519 889 641 955 Dei,
671 896 731 941 ut
758 886 872 941 haec
892 885 1069 940 omnia
1088 892 1484 953 apponerentur
1509 884 1585 939 eis
1604 925 1618 951 ,
1652 882 1995 940 inveniebant
2019 881 2110 936 alii

521 981 879 1046 occasionem,
926 977 992 1033 de
1025 977 1218 1048 quibus
1264 975 1405 1031 idem
1431 976 1558 1032 dicit
1581 1020 1596 1045 ,
1628 975 1808 1047 Neque
1844 977 1978 1031 enim
2025 974 2112 1029 isti

524 1074 635 1129 Deo
655 1072 894 1135 serviunt,
926 1071 1015 1125 sed
1046 1085 1139 1124 suo
1177 1069 1338 1122 ventri
1374 1066 1559 1141 (Rom.
1587 1084 1681 1124 xvn
1704 1111 1719 1137 ,
1759 1069 1873 1139 l8).
1910 1065 2113 1135 Quibus

526 1165 662 1219 hanc
686 1167 1019 1218 occasionem
1036 1166 1311 1229 amputare
1331 1159 1859 1230 volebatApostolus,
1877 1156 2113 1214 utetiam

526 1253 668 1326 quod
689 1253 787 1307 sibi
826 1253 969 1321 juste
1006 1251 1322 1316 debebatur,
1351 1251 1638 1306 omitteret.
1681 1252 1880 1322 Aperte
1916 1250 2114 1321 quippe

526 1345 630 1399 hoc
659 1345 770 1413 ipse
804 1342 1037 1398 ostendit
1076 1342 1129 1396 in
1158 1341 1391 1397 secunda
1428 1340 1497 1395 ad
1534 1339 1870 1408 Corinthios,
1900 1340 1969 1395 ab
1994 1339 2114 1394 aliis

527 1436 780 1491 Ecclesiis
807 1434 1078 1504 suppletas
1102 1433 1287 1488 dicens
1315 1434 1663 1488 necessitates
1703 1447 1847 1489 suas.
1882 1431 2115 1488 Venerat

527 1530 693 1593 enim,
736 1527 870 1582 sicut
916 1534 1167 1595 apparet,
1195 1523 1261 1579 ad
1292 1532 1493 1578 tantam
1531 1523 1906 1595 indigentiam,
1944 1531 2004 1597 ut
2046 1522 2115 1577 de

527 1620 828 1690 longinquis
872 1618 1124 1673 Ecclesiis
1159 1617 1209 1672 ei
1253 1616 1553 1672 necessaria
1589 1617 1960 1683 mitterentur,
1987 1614 2115 1670 dum

529 1724 705 1768 tamen
749 1713 818 1767 ab
861 1712 940 1767 eis
984 1710 1124 1781 apud
1162 1724 1296 1780 quos
1320 1709 1473 1765 erat‘
1503 1708 1636 1764 nihil
1681 1709 1787 1764 tale
1824 1708 2113 1778 acciperet.

531 1804 799 1877 Numquid
828 1812 1106 1873 peccatum,
1137 1803 1324 1873 inquit,
1355 1802 1471 1872 feci,
1494 1818 1573 1857 me
1590 1802 1755 1872 ipsum
1779 1799 2115 1866 humiliando,

531 1908 585 1951 ut
614 1914 700 1952 vos
743 1896 1118 1962 exaltaremini,
1161 1896 1399 1965 quoniam
1436 1895 1594 1967 gratis
1642 1894 1977 1966 Evangelium
2022 1891 2118 1947 Dei

530 1988 867 2058 euangelizavi
895 1987 1069 2040 vobis?
1090 1985 1232 2039 Alias
1261 1983 1520 2039 Ecclesias
1550 1984 1826 2054 exspoliavi
1869 1983 2119 2051 accipiens

531 2080 835 2153 stipendium
877 2078 945 2131 ad
988 2087 1205 2132 vestram
1240 2077 1695 2142 ministrationem;
1742 2084 1786 2129 et
1825 2091 1937 2128 cum
1981 2071 2121 2143 apud

529 2188 619 2227 vos
648 2174 853 2243 fuissent
871 2180 917 2225 et
940 2186 1164 2241 egerem,
1193 2170 1380 2223 nemini
1407 2170 1574 2240 gravis
1601 2169 1696 2239 fui.
1730 2166 1870 2221 Nam
1901 2166 1958 2220 id
1984 2164 2121 2236 quod

536 2264 709 2319 deerat
738 2264 861 2316 mihi
892 2262 1293 2332 adimpleverunt
1339 2264 1524 2331 fratres
1552 2258 1637 2330 qui
1662 2268 1901 2313 venerunt
1929 2275 1961 2311 a
1997 2257 2119 2310 Ma-

530 2354 761 2421 cedonia,
794 2363 840 2407 et
867 2354 920 2406 in
950 2351 1181 2406 omnibus
1208 2352 1469 2422 ingravate
1494 2366 1572 2403 me
1597 2350 1651 2402 in
1675 2349 1812 2402 vobis
1841 2346 2116 2414 custodivi,

532 2454 577 2499 et
605 2445 905 2500 custodiam.
939 2441 1035 2497 Est
1054 2443 1236 2496 veritas
1261 2440 1445 2496 Christi
1474 2441 1527 2494 in
1557 2456 1661 2505 me,
1683 2438 1802 2510 quia
1827 2438 1990 2509 gloria
2014 2436 2122 2491 lucc

534 2553 638 2592 non
661 2537 961 2606 infringetur
980 2535 1033 2587 in
1059 2548 1136 2587 me
1158 2534 1213 2586 in
1235 2531 1521 2602 regionibus
1538 2529 1762 2583 Achaiae.
1781 2527 1984 2595 Quare?
2003 2526 2124 2596 quia

532 2644 636 2682 non
659 2643 745 2681 vos
769 2626 927 2697 diligo
946 2626 971 2678 Ρ
993 2623 1132 2677 Deus
1159 2623 1270 2676 scit.
1305 2621 1454 2689 Quod
1479 2630 1645 2674 autem
1669 2619 1801 2690 facio
1826 2626 1872 2671 et
1898 2617 2123 2687 facturus

531 2734 667 2784 sum,
700 2729 755 2772 ut
769 2725 1026 2785 amputem
1050 2714 1366 2769 occasionem
1395 2728 1564 2767 eorum
1585 2712 1671 2781 qui
1692 2708 1864 2764 volunt
1893 2707 2122 2762 occasio-

532 2826 667 2877 nem,
714 2818 771 2861 ut
820 2807 874 2860 in
904 2822 1001 2875 quo
1038 2803 1344 2876 gloriantur;
1391 2802 1709 2855 inveniantur
1760 2803 1891 2854 sicut
1941 2807 1987 2852 et
2031 2813 2124 2853 nos

534 2902 605 2973 (ll
625 2900 742 2957 Cor.
772 2914 849 2964 χι,
880 2895 1057 2967 7-12).
1088 2895 1165 2950 De
1200 2893 1300 2948 hac
1348 2893 1510 2963 igitur
1534 2891 1814 2946 occasione
1839 2904 1996 2961 quam
2038 2889 2124 2947 hic

538 3010 599 3051 se
622 2993 752 3050 dicit
776 2999 1073 3060 amputare,
1102 2987 1269 3042 voluit
1292 2985 1512 3056 intelligi
1540 2984 1680 3054 quod
1716 2983 1789 3039 ibi
1814 2984 1907 3051 ait,
1940 2981 2122 3053 Neque

532 3089 587 3141 in
608 3086 870 3141 occasione
888 3080 1200 3153 cupiditatis,
1231 3078 1367 3134 Deus
1394 3079 1532 3132 testis
1551 3086 1644 3132 est.
1672 3077 1739 3131 Et
1762 3075 1903 3147 quod
1932 3075 2017 3130 hic
2034 3074 2123 3130 di-

533 3180 626 3241 cit,
662 3177 748 3231 Me
765 3176 931 3248 ipsum
956 3171 1292 3235 humiliando,
1324 3178 1380 3223 ut
1408 3184 1493 3222 vos
1518 3167 1908 3240 exaltaremini;
1937 3165 2039 3222 hoc
2068 3165 2124 3221 in

530 3273 704 3343 prima
734 3271 799 3324 ad
821 3267 1038 3324 eosdem
1073 3263 1400 3326 Corinthios,
1429 3260 1620 3314 Factus
1641 3277 1753 3315 sum
1791 3261 2006 3330 inﬁrmis
2042 3261 2125 3314 in-

535 3366 746 3435 ﬁrmus;
775 3362 878 3416 hoc
907 3359 975 3414 ad
1012 3355 1540 3419 Thessalonicenses,
1574 3352 1767 3408 Factus
1791 3370 1905 3408 sum
1940 3370 2125 3423 parvu-

536 3458 618 3511 lus
661 3457 714 3508 in
755 3452 919 3507 medio
956 3458 1205 3515 vestrum,
1233 3457 1474 3514 tanquam
1503 3446 1546 3498 si
1588 3446 1760 3499 nutrix
1797 3446 1959 3515 foveat
1990 3445 2124 3514 ﬁlios

535 3563 675 3602 suos.
704 3542 935 3599 Proinde
967 3538 1184 3595 attende
1212 3537 1490 3607 sequentia
1516 3553 1529 3590 :
1560 3535 1665 3602 Ita,
1698 3537 1891 3606 inquit,
1922 3536 2124 3591 deside-

537 3648 707 3692 rantes
729 3652 833 3702 vos,
858 3633 1023 3705 placet
1046 3631 1302 3701 impertire
1326 3628 1464 3684 vobis
1485 3645 1586 3683 non
1609 3630 1772 3684 solum
1794 3629 2125 3699 Evangelium

537 3730 653 3797 Dei,
684 3744 851 3783 verum
876 3726 1027 3780 etiam
1064 3722 1263 3776 animas
1299 3730 1502 3776 nostras
1529 3736 1551 3785 ;
1576 3722 1817 3790 quoniam
1842 3721 2125 3775 charissimi

538 3822 680 3876 nobis
715 3809 837 3891 {deti
871 3817 1009 3872 estis.
1042 3813 1405 3870 Recordamini
1442 3813 1575 3867 enim
1601 3853 1615 3877 ,
1650 3814 1834 3882 fratres
1855 3851 1870 3877 ,
1904 3811 2126 3865 laborem

537 3924 762 3969 nostrum
790 3920 836 3965 et
859 3924 1139 3965 aerumnam
1158 3950 1171 3973 ,
1203 3916 1348 3961 nocte
1366 3914 1413 3959 et
1449 3904 1532 3959 die
1564 3911 1848 3974 operantes,
1881 3919 1944 3957 ne
1979 3919 2127 3974 quem

536 4015 753 4060 vestrum
778 4015 1102 4074 gravaremus
1130 3996 1193 4067 (Ι
1222 3996 1395 4050 Thess.
1419 4011 1477 4062 ιι,
1508 3995 1563 4060 8,
1587 3993 1670 4065 9).
1702 3994 1815 4050 Hoc
1854 3993 1997 4048 enim
2036 4009 2128 4050 su-

540 4098 721 4167 perius
749 4095 841 4157 ait,
879 4090 1002 4146 Cum
1046 4103 1304 4159 possemus
1342 4086 1483 4141 oneri
1513 4086 1649 4140 vobis
1686 4102 1825 4153 esse,
1858 4095 1915 4140 ut
1942 4086 2128 4141 Christi

541 4186 791 4258 Apostoli.
816 4184 1153 4237 lnlirmorum
1180 4179 1339 4248 igitur
1363 4178 1612 4247 periculis
1636 4219 1652 4244 ,
1680 4194 1748 4233 ne
1776 4176 1927 4233 falsis
1951 4179 2127 4249 suspi-

542 4277 784 4333 cionibus
832 4271 1011 4343 agitati
1057 4269 1296 4324 odissent
1338 4270 1488 4338 quasi
1531 4269 1718 4323 venale
1753 4268 2125 4339 Evangelium,

543 4382 792 4439 tanquam
818 4362 1052 4435 paternis
1075 4360 1434 4430 maternisque
1456 4360 1750 4415 visceribus
1788 4362 2128 4421 tremefactus

545 4461 648 4516 hoc
669 4458 809 4513 fecit.
836 4455 927 4511 Sic
952 4453 1112 4509 etiam
1140 4453 1192 4505 in
1216 4450 1434 4506 Actibus
1460 4450 1838 4521 Apostolorum
1874 4452 2013 4507 idem
2045 4456 2128 4510 lo-

544 4555 742 4626 quitur,
771 4566 891 4606 cum
923 4564 953 4603 a
982 4546 1163 4601 Mileto
1190 4545 1410 4599 mittens
1432 4544 1702 4613 Ephesum
1730 4554 1977 4599 vocasset
2006 4545 2129 4602 inde

543 4646 888 4718 presbyteros
917 4638 1184 4703 Ecclesiae,
1217 4635 1410 4706 quibus
1435 4636 1574 4689 inter
1589 4636 1751 4690 multa
1789 4654 1802 4689 :
1831 4635 2126 4706 Argentum,

554 4737 733 4806 inquit,
761 4741 807 4786 et
843 4746 1026 4784 aurum
1050 4729 1127 4782 vel
1152 4737 1336 4782 vestem
1365 4725 1557 4781 nullius
1590 4728 1878 4799 concupivi,
1904 4728 2005 4799 ipsi
2035 4730 2132 4783 sci-

546 4829 649 4891 tis;
689 4824 926 4896 quoniam
966 4819 1339 4874 necessitatibus
1364 4818 1488 4871 meis
1526 4826 1573 4871 et
1606 4833 1779 4870 eorum
1816 4818 1901 4888 qui
1935 4835 2130 4872 mecum

549 4920 771 4989 fuerunt,
797 4913 875 4966 Ine
892 4904 1071 4964 manus
1099 4909 1379 4964 servierint.
1404 4905 1591 4962 Omnia
1616 4908 1811 4962 ostendi
1837 4908 1991 4973 vobis,
2015 4926 2134 4978 quo-

548 5010 688 5063 niam
728 5006 800 5060 sic
828 5004 1111 5058 laborantes
1152 5008 1349 5072 oportet
1381 5001 1566 5071 juvare
1594 5000 1860 5068 infirmos,
1890 5016 2133 5056 memores

549 5104 698 5158 etiam
737 5098 996 5152 verborum
1026 5094 1232 5149 Domini
1257 5092 1413 5157 Iesu,
1440 5092 1558 5163 quia
1582 5092 1691 5163 ipse
1729 5093 1857 5147 dixit
1885 5109 1905 5146 :
1928 5091 2134 5147 Beatius

547 5208 620 5252 est
642 5195 801 5265 magis
822 5193 944 5246 dare
968 5206 1120 5262 quam
1138 5189 1366 5260 accipere
1391 5186 1528 5258 (Act.
1558 5202 1649 5253 xx,
1671 5186 1884 5258 55-55).

620 5284 847 5343 CAPUT
884 5281 1109 5338 Xlll.—
1136 5282 1223 5336 14.
1260 5279 1407 5348 Quod
1435 5288 1542 5334 erat
1562 5296 1689 5351 opus
1714 5279 1977 5351 corporale
2004 5280 2135 5350 Apo—

551 5380 688 5434 stoli.
724 5376 892 5446 Opera
916 5374 1124 5428 honesta
1147 5372 1214 5425 ad
1246 5373 1431 5426 victum
1455 5372 1875 5441 comparandum.
1906 5372 2001 5427 Hic
2025 5371 2134 5427 for-

552 5482 696 5528 tasse
740 5467 929 5538 aliquis
969 5465 1112 5521 dicat
1154 5482 1169 5518 :
1217 5461 1273 5520 Si
1316 5465 1592 5533 corporale
1636 5479 1768 5533 opus
1816 5464 2136 5535 operabatur

552 5561 860 5634 Apostolus,
906 5556 1047 5612 unde
1084 5555 1246 5609 vitam
1277 5555 1431 5609 istam
1459 5562 1814 5620 sustentaret;
1843 5554 1982 5626 quod
2019 5562 2136 5609 erat

554 5657 729 5725 ipsum
759 5666 912 5722 opus,
942 5658 998 5706 et
1024 5647 1236 5719 quando
1260 5647 1308 5703 ei
1328 5648 1551 5705 vacabat
1575 5655 1630 5704 et
1655 5650 1862 5719 operari
1889 5657 1943 5705 et
1960 5648 2136 5705 Evan-

620 5765 637 5794 ¹
671 5764 867 5821 Quidam
889 5768 1011 5821 Mss,
1029 5756 1339 5823 prwdicabat.

1459 314 1544 370 DE
1583 311 1810 370 OPERE
1848 309 2347 379 MONACHOIlUM,
2387 311 2444 369 S.
2486 313 2855 370 AUGUSTINI

3697 322 3807 380 560

2214 427 2408 498 gelium
2441 428 2764 498 praedicare?
2788 427 2883 485 Cui
2924 430 3224 501 respondeo
3248 447 3261 485 :
3281 430 3415 489 Puta
3429 449 3520 492 me
3545 437 3757 494 nescire
3781 450 3804 503 ;

2213 519 2563 589 corporaliter
2591 528 2765 575 tamen
2804 531 3082 591 operatum
3112 537 3264 590 esse,
3295 533 3350 580 et
3390 525 3516 583 inde
3557 528 3615 583 in
3637 544 3804 588 carne

2214 611 2442 678 vixisse,
2476 629 2580 669 non
2627 622 2805 669 autem
2845 629 2997 669 usum
3050 623 3316 686 potestate
3341 632 3502 688 quam
3536 619 3796 679 Dominus

2217 702 2490 770 Apostolis
2540 702 2795 771 dederat,
2847 714 2905 759 ut
2950 704 3299 776 Evangelium
3370 711 3690 767 annuntians
3738 713 3809 770 de

2219 791 2508 864 Evangelio
2534 793 2755 861 viveret,
2801 810 2863 851 ea
2892 810 3010 867 qum
3038 811 3198 867 supra
3220 798 3360 854 dicta
3390 810 3519 856 sunt
3560 803 3677 860 sine
3700 804 3805 862 ulla

2221 882 2548 940 dubitatione
2584 892 2867 941 testantur.
2920 886 3106 959 Neque
3128 889 3276 944 enim
3316 898 3408 946 aut
3440 908 3549 948 uno
3571 893 3693 951 loco
3714 904 3809 952 aut

2220 975 2454 1031 breviter
2474 977 2671 1032 dictum
2698 988 2799 1044 est,
2830 988 2887 1035 ut
2917 982 3085 1050 possit
3109 981 3343 1052 cujusvis
3364 987 3675 1043 astutissimi
3699 997 3808 1045 ter-

2218 1069 2572 1139 giversalione
2598 1071 2651 1124 in
2679 1070 2837 1126 aliam
2856 1072 3065 1128 traduci
3089 1077 3435 1147 pervertique
3459 1080 3801 1136 sententiam.

2219 1159 2353 1216 Cum
2385 1161 2542 1233 igitur
2564 1169 2724 1218 tanta:
2764 1165 3095 1220 auctoritatis
3124 1174 3233 1220 tam
3266 1168 3473 1240 magnis
3512 1177 3568 1225 et
3604 1170 3809 1229 crebris

2229 1253 2460 1308 molibus
2485 1253 2964 1312 contradicentium
3004 1266 3312 1314 conteratur
3334 1259 3657 1326 adversitas;
3681 1262 3811 1332 quid

2221 1359 2252 1398 a
2279 1359 2363 1399 me
2389 1353 2655 1415 quaerunt,
2679 1347 2759 1400 vel
2788 1347 2942 1417 quale
2967 1362 3101 1417 opus
3122 1348 3351 1405 faciebat
3384 1351 3469 1417 vel
3493 1352 3703 1423 quando
3730 1352 3812 1411 fa-

2221 1435 2431 1491 ciebat?
2459 1435 2635 1493 Unum
2662 1438 2795 1505 scio,
2824 1439 2946 1510 quia
2969 1454 3067 1496 nec
3096 1441 3233 1496 furta
3256 1441 3503 1510 faciebat,
3536 1460 3635 1500 nec
3654 1445 3812 1501 eﬁ'ra-

2223 1533 2340 1582 ctor
2366 1535 2457 1582 aut
2489 1527 2628 1583 latro
2658 1538 2797 1596 erat,
2833 1544 2935 1586 nec
2972 1531 3175 1602 auriga,
3210 1542 3305 1588 aut
3333 1544 3577 1602 venator,
3604 1544 3698 1592 aut
3722 1536 3810 1594 lii-

2223 1619 2374 1687 strio,
2406 1634 2506 1676 nec
2534 1620 2855 1690 turpilucrus
2879 1639 2891 1675 :
2919 1621 3013 1677 sed
3038 1622 3353 1680 innocenter
3367 1634 3428 1700 get
3450 1626 3673 1684 honeste
3690 1644 3812 1699 qua

2223 1721 2346 1782 apta
2374 1722 2498 1767 sunt
2522 1712 2769 1769 humanis
2797 1714 2980 1770 usibus
3011 1715 3360 1785 operabatur;
3386 1718 3525 1774 sicut
3567 1733 3686 1775 sese
3715 1718 3813 1775 ha-

2222 1801 2353 1858 bent
2390 1818 2553 1875 opera
2579 1803 2850 1861 fabrorum
2871 1847 2886 1873 ,
2910 1816 3254 1877 structorum,
3281 1818 3544 1877 sutorum,
3576 1812 3812 1868 rustico-

2223 1907 2362 1958 rum,
2390 1901 2443 1949 et
2469 1894 2552 1950 his
2576 1894 2788 1951 similia.
2818 1895 3001 1967 Neque
3029 1899 3171 1955 enim
3198 1898 3450 1956 honestas
3480 1902 3595 1971 ipsa
3625 1916 3814 1973 repre-

2187 1990 2193 1995 '
2226 1983 2430 2051 hendit,
2458 1984 2600 2056 quod
2628 1985 2974 2057 reprehendit
2999 1989 3247 2058 superbia
3274 2005 3458 2046 eorum
3483 1991 3576 2062 qui
3597 1991 3811 2048 honesti

2226 2076 2406 2132 vocari
2433 2085 2644 2145 amant,
2674 2077 2767 2134 sed
2797 2093 2916 2134 esse
2950 2095 3058 2135 non
3089 2091 3290 2136 amant.
3322 2081 3437 2138 Non
3470 2083 3633 2155 igitur
3657 2083 3814 2141 dedi-

2225 2174 2484 2237 gnaretur
2521 2167 2810 2239 Apostolus
2829 2170 2942 2227 sive
2970 2173 3296 2229 rusticanum
3321 2188 3454 2244 Opus
3475 2175 3689 2247 aliquod
3714 2191 3815 2249 ag.

2226 2255 2397 2325 gredi,
2430 2257 2543 2314 sive
2573 2259 2626 2313 in
2656 2258 2905 2329 opiﬁcum
2946 2262 3128 2318 labore
3159 2264 3380 2320 versari.
3409 2265 3513 2333 Qui
3540 2267 3686 2322 enim
3712 2268 3809 2335 ait,

2230 2348 2355 2403 Sine
2383 2348 2661 2416 o/fensione
2695 2361 2851 2407 estote
2885 2353 3103 2421 ludatis,
3135 2367 3182 2411 et
3212 2356 3404 2413 Graecis
3432 2399 3446 2424 ,
3483 2368 3530 2413 et
3570 2358 3817 2418 Ecclesia!

2227 2439 2327 2496 Dei
2355 2440 2399 2515 (l
2423 2440 2542 2497 Cor.
2568 2458 2625 2509 x,
2654 2443 2767 2514 32),
2799 2460 2932 2516 quos
2953 2446 3007 2501 in
3042 2446 3142 2504 hac
3175 2464 3337 2505 causa
3367 2452 3601 2506 revereri
3632 2460 3816 2523 posset

2228 2533 2436 2602 ignoro.
2469 2533 2524 2590 Si
2550 2534 2767 2593 Judaeos
2797 2537 3058 2606 dixerint;
3089 2540 3413 2597 Patriarcha:
3436 2559 3629 2614 pecora
3655 2560 3816 2617 pave-

2227 2634 2353 2681 runt
2380 2644 2394 2680 :
2423 2628 2468 2683 si
2488 2627 2728 2698 Graecos,
2756 2646 2892 2702 quos
2921 2633 3080 2688 etiam
3104 2634 3344 2705 Paganos
3374 2636 3812 2704 dicimus;etiam

2229 2719 2580 2793 philosophos
2612 2723 2837 2779 multum
2868 2725 2970 2781 sibi
2998 2715 3342 2784 honorabiles
3372 2738 3587 2789 sutores
3612 2731 3814 2788 habue-

2228 2817 2355 2865 runt
2382 2830 2395 2866 :
2424 2812 2469 2867 si
2494 2812 2789 2870 Ecclesiam
2822 2816 2948 2884 Dei;
2979 2816 3139 2873 homo
3166 2821 3255 2875 ille
3276 2820 3455 2891 justus
3482 2831 3537 2878 et
3564 2823 3631 2879 ad
3656 2824 3810 2882 testi-

2228 2902 2466 2958 monium
2493 2896 2788 2977 coniugalis
2826 2922 3041 2980 semper
3069 2926 3336 2967 mansura:
3360 2914 3679 2988 virginitatis
3703 2919 3817 2977 ele-

2229 3001 2374 3062 ctus,
2416 2995 2505 3051 cui
2532 2995 2854 3067 desponsata
2894 3010 3011 3057 erat
3049 3002 3199 3075 virgo
3226 3003 3410 3071 Maria,
3453 3022 3572 3076 qua:
3610 3011 3819 3079 peperit

2228 3083 2517 3153 Christum,
2546 3086 2698 3144 faber
2725 3089 2824 3146 fuit
2850 3091 3065 3163 (Matth.
3096 3111 3214 3164 xm,
3242 3096 3360 3169 55).
3389 3098 3656 3172 Quidquid
3683 3118 3815 3174 ergo

2230 3175 2422 3233 horum
2451 3194 2574 3234 cum
2611 3180 2913 3240 innocentia
2940 3194 3005 3251 ,et
3050 3186 3165 3242 sine
3200 3187 3388 3246 fraude
3412 3191 3660 3251 homines
3683 3210 3815 3267 ope-

2228 3279 2446 3339 rantur,
2474 3271 2674 3328 bonum
2692 3283 2804 3357 est.
2838 3275 2972 3331 Nam
3004 3290 3271 3346 praecavet
3306 3281 3411 3339 hoc
3436 3291 3493 3339 et
3531 3285 3646 3355 ipse
3672 3287 3818 3357 Apo-

2229 3363 2418 3429 stolus,
2446 3378 2513 3419 ne
2541 3356 2821 3436 quisquam
2846 3382 2913 3423 ex
2948 3370 3271 3428 necessitate
3298 3376 3663 3441 sustentanda:
3693 3356 3817 3436 vita:

2229 3454 2283 3510 in
2314 3455 2452 3509 mala
2490 3470 2653 3526 opera
2694 3456 2980 3515 dilabatur.
3013 3461 3113 3529 Qui
3148 3464 3436 3534 furabatur,
3480 3466 3683 3539 inquit,
3702 3470 3816 3540 jam

2228 3563 2331 3601 non
2351 3552 2551 3618 [aretur
2576 3564 2595 3603 :
2618 3550 2781 3622 magis
2803 3560 2973 3606 autem
3007 3551 3197 3609 laboret
3222 3557 3454 3614 manibus
3477 3560 3584 3616 suis
3607 3561 3812 3631 bonum,

2230 3646 2286 3691 ut
2314 3637 2494 3693 habeat
2534 3639 2669 3694 unde
2710 3641 2928 3697 tribuere
2965 3643 3047 3698 cui
3084 3660 3211 3713 opus
3245 3656 3317 3702 est
3349 3647 3566 3721 (Ephes.
3599 3668 3671 3719 tv,
3697 3651 3813 3725 28).

2229 3727 2343 3784 Hoc
2366 3743 2496 3801 ergo
2524 3732 2663 3786 scire
2691 3730 2890 3787 sufficit
2910 3773 2925 3799 ,
2950 3735 3073 3804 quia
3101 3744 3157 3792 et
3194 3736 3250 3792 in
3279 3738 3396 3809 ipso
3421 3755 3585 3811 opere
3623 3757 3815 3815 corpo-

2229 3821 2328 3875 rali
2350 3820 2402 3875 id
2430 3821 2574 3892 quod
2594 3823 2791 3879 bonum
2817 3834 2901 3880 est
2927 3826 3247 3896 operabatur
3271 3830 3591 3902 Apostolus.

2300 3914 2527 3971 CAPUT
2556 3915 2699 3972 XIV.
2726 3948 2800 3959 —
2822 3919 2907 3975 15.
2939 3919 3157 3986 Quando
3185 3921 3365 3978 soleret
3398 3924 3671 3995 Apostolus
3694 3942 3819 3998 ape-

2231 4007 2354 4062 rari.
2380 4007 2749 4064 Monachorum
2769 4011 2949 4065 otium.
2973 4012 3197 4081 Quando
3221 4023 3398 4071 autem
3416 4016 3611 4073 soleret
3629 4033 3821 4089 opera-

2232 4098 2298 4165 ri,
2323 4098 2373 4154 id
2394 4107 2495 4168 est,
2517 4100 2712 4169 quibus
2734 4109 3030 4172 temporum
3053 4105 3258 4174 spatiis,
3281 4120 3349 4161 ne
3368 4106 3437 4161 ab
3459 4108 3821 4178 evangelizan-

2232 4188 2301 4243 do
2319 4190 2683 4258 impediretur,
2706 4192 2826 4261 quis
2847 4194 3014 4263 possit
3033 4196 3526 4265 comprehendere?
3543 4197 3683 4253 Sane
3695 4200 3820 4269 quia

2232 4289 2287 4334 et
2314 4279 2517 4335 diurnis
2545 4288 2599 4336 et
2621 4284 2893 4337 nocturnis
2922 4283 3068 4340 horis
3094 4287 3434 4356 operabatur,
3464 4289 3577 4358 ipse
3603 4304 3709 4344 non
3735 4298 3820 4345 ta-

2234 4373 2341 4428 cuit
2369 4371 2411 4446 (ι
2432 4373 2607 4427 Thess.
2635 4391 2693 4439 ll,
2713 4375 2767 4440 9,
2788 4385 2833 4429 et
2859 4376 2900 4431 ll
2925 4376 3100 4433 Thess.
3121 4396 3199 4447 ιιι,
3216 4380 3291 4449 8).
3315 4380 3691 4439 Verumtamen
3708 4383 3817 4452 isti,

2233 4467 2323 4537 qui
2347 4475 2593 4538 tanquam
2610 4471 2836 4526 multum
2853 4473 3111 4542 negotiosi
3139 4482 3194 4528 et
3219 4474 3460 4543 occupati
3486 4474 3554 4529 de
3579 4484 3822 4548 tempore

2234 4558 2557 4627 operationis
2581 4561 2869 4630 inquirunt,
2889 4562 3012 4631 quid
3032 4561 3227 4632 agunt?
3251 4561 3519 4635 Numquid
3536 4567 3635 4635 ipsi
3654 4568 3723 4623 ab
3740 4567 3824 4624 Je-

2234 4650 2463 4706 rusalem
2485 4666 2581 4721 per
2600 4652 2875 4707 circuitum
2900 4667 3067 4723 usque
3087 4652 3151 4707 ad
3171 4652 3439 4724 Illyricum
3461 4664 3632 4712 terras
3649 4657 3824 4714 Evan-

2233 4745 2373 4816 gelio
2406 4745 2786 4814 repleverunt?
2814 4754 2905 4799 aut
2930 4745 3185 4816 quidquid
3207 4746 3445 4816 gentium
3475 4748 3821 4807 barbararum

2236 4837 2493 4892 remansit
2511 4835 2684 4891 adhuc
2703 4835 3006 4892 obeundum
3037 4846 3091 4893 et
3115 4836 3447 4907 implendum
3470 4838 3538 4896 de
3564 4855 3695 4911 pace
3722 4842 3825 4898 Ec-

2236 4928 2411 4983 clesiae
2441 4922 2833 4998 susceperunt?
2860 4929 3116 4985 Novimus
3145 4946 3238 4986 eos
3291 4930 3344 4986 in
3383 4932 3664 5003 quamdam
3695 4948 3823 4989 san-

2237 5028 2374 5074 ctam
2407 5021 2713 5075 societatem
2743 5021 3065 5076 otiosissime
3116 5032 3486 5094 congregatos.
3531 5024 3824 5080 Mirandam

2238 5125 2352 5165 rem
2378 5109 2502 5165 iecit
2526 5110 2832 5181 Apostolus,
2857 5113 2947 5183 qui
2978 5128 3167 5169 revera
3191 5113 3244 5168 in
3275 5122 3420 5169 tanta
3467 5115 3826 5173 sollicitudine

2238 5203 2474 5258 omnium
2505 5203 2890 5271 Ecclesiarum,
2916 5212 2970 5259 et
2999 5214 3410 5277 propagatarum
3441 5216 3498 5263 et
3526 5223 3825 5280 propagan-

2239 5292 2444 5359 darum,
2484 5293 2551 5347 ad
2604 5294 2720 5364 ejus
2772 5309 2956 5349 curam
3007 5296 3353 5367 laboremque
3407 5301 3820 5369 pertinentium,

2239 5386 2397 5441 etiam
2441 5386 2686 5441 manibus
2728 5388 3394 5461 operabatur:propterea
3424 5400 3603 5448 tamen
3634 5434 3649 5458 ,
3702 5407 3825 5449 cum

2239 5476 2376 5547 apud
2403 5474 2709 5533 Corinthios
2734 5488 2881 5535 esset
2907 5488 2962 5535 et
2981 5490 3162 5552 egeret
3181 5522 3198 5548 ,
3245 5481 3446 5538 nemini
3489 5482 3709 5554 quidem
3728 5498 3831 5542 eo-

2239 5583 2357 5623 rum
2369 5568 2507 5639 apud
2533 5584 2669 5640 quos
2693 5580 2828 5638 erat,
2855 5571 3032 5641 gravis
3061 5572 3189 5639 fuit;
3213 5572 3308 5628 sed
3360 5572 3517 5643 plane
3555 5574 3697 5645 quod
3752 5576 3833 5632 illi

2240 5658 2448 5725 deerat,
2488 5662 2870 5730 suppleverunt
2906 5660 3099 5721 fratres
3139 5664 3231 5740 qui
3263 5674 3527 5723 venerunt
3562 5680 3629 5723 ex
3656 5664 3832 5724 Mace-

2241 5750 2397 5808 donia
2425 5751 2499 5823 (ll
2525 5752 2643 5809 Cor.
2674 5767 2753 5820 XI,
2776 5751 2857 5824 9).
3140 5792 3161 5811 ,μ
3192 5802 3225 5809 ,,
3368 5778 3607 5815 “gave
3710 5764 3801 5827 aa:-
