4140 6216
321 358 417 416 361
1746 358 1950 418 LIBER
1987 364 2184 423 UNUS.

389 472 620 531 CAPUT
655 472 775 532 XV.
805 474 982 531 -16.
1005 473 1202 532 Paulus
1245 477 1542 549 praecipiens
1572 481 1775 550 operari
1802 497 1910 534 ser-

319 582 404 622 vos
432 564 547 633 Dei,
578 584 678 622 non
704 566 809 637 vult
841 576 1005 622 tamen
1035 585 1209 623 eorum
1256 569 1574 624 necessitates
1625 570 1792 625 minus
1819 588 1910 625 cu-

319 662 428 716 rari
456 678 493 716 a
512 660 770 731 ﬁdelibus.
791 659 961 717 Labor
1004 663 1156 718 servis
1198 660 1295 716 Dei
1323 662 1579 734 eligendus
1627 665 1712 731 qui
1740 664 1911 719 animo

321 753 476 808 libero
502 762 818 817 exerceatur,
846 754 956 807 sine
983 771 1107 808 cura
1128 763 1173 807 et
1196 753 1491 823 cupiditate.
1534 754 1664 809 Nam
1718 764 1771 811 et
1797 755 1910 827 ipse

321 854 539 917 propter
568 844 831 916 ejusmodi
878 846 1227 901 necessitates
1255 852 1582 911 sanctorum,
1609 847 1699 917 qui
1719 861 1909 917 qnam-

318 938 399 993 vis
446 937 726 1007 praeceptis
762 935 880 1007 ejus
913 937 1305 1007 obtemperent,
1331 946 1388 992 ut
1410 952 1529 993 cum
1548 936 1760 992 silentio
1784 952 1913 1007 ope-

319 1038 494 1085 rantes
517 1044 671 1084 suum
696 1044 886 1099 panem
912 1028 1252 1096 manducent,
1280 1038 1503 1099 possunt
1529 1038 1704 1085 tamen
1728 1028 1911 1085 multis

319 1136 383 1176 ex
410 1119 589 1176 causis
618 1120 855 1192 indigere
881 1121 1253 1190 supplemento
1284 1120 1462 1191 aliquo
1490 1121 1672 1176 talium
1700 1129 1910 1177 susten-

322 1213 603 1278 tationum,
631 1226 751 1267 cum
779 1211 1000 1266 dixisset
1048 1211 1170 1265 talia
1215 1211 1414 1267 docens
1446 1222 1501 1268 et
1526 1228 1858 1283 praemonens
1891 1256 1906 1281 ,

320 1302 418 1358 llis
444 1313 611 1358 autem
635 1303 722 1374 qui
748 1302 996 1373 ejusmodi
1016 1311 1151 1369 sunt,
1177 1303 1499 1373 praecipimus
1525 1311 1572 1356 et
1596 1303 1910 1358 obsecramus

316 1397 367 1450 in
396 1394 619 1450 Domino
644 1394 770 1450 Iesu
789 1392 1009 1461 Christo,
1038 1402 1091 1447 ut
1116 1410 1230 1448 cum
1253 1394 1451 1448 silentio
1480 1404 1742 1465 operantes
1763 1411 1910 1448 suum

321 1504 505 1559 panem
521 1486 853 1551 manducent;
884 1501 951 1541 nc
979 1486 1055 1540 illi
1077 1485 1167 1556 qui
1197 1484 1464 1541 habebant
1490 1487 1633 1541 unde
1663 1501 1907 1542 necessa-

320 1579 399 1633 ria
431 1578 603 1633 servis
625 1577 715 1633 Dei
744 1576 1062 1647 praeberent,
1080 1576 1181 1632 hac
1208 1578 1489 1633 occasione
1519 1578 1905 1649 pigrescerent,

317 1672 614 1744 providens
638 1673 889 1730 continuo
918 1672 1162 1745 subjecit,
1200 1671 1295 1729 Vos
1322 1682 1507 1741 autem,
1530 1677 1714 1746 fratres
1744 1717 1761 1742 ,
1813 1691 1910 1730 no-

282 1766 298 1781 '
318 1764 405 1819 lite
422 1763 675 1834 inﬁrmari
695 1764 1053 1836 benefacientes
1084 1761 1360 1837 (llTltess.
1386 1780 1464 1833 ιιι,
1486 1763 1574 1832 12,
1600 1763 1715 1836 15).
1747 1765 1813 1820 Et
1842 1764 1910 1821 ad

317 1857 494 1914 Titum
520 1874 643 1914 cum
668 1858 948 1927 scriberet,
984 1857 1188 1925 dicens,
1238 1856 1429 1913 Zenam
1478 1858 1817 1929 legisperitum
1864 1866 1912 1912 et

319 1950 501 2021 Apollo
519 1950 732 2006 sollicite
755 1951 1021 2023 prtemitte,
1047 1960 1104 2004 ut
1130 1949 1259 2004 nihil
1299 1949 1405 2004 illis
1456 1950 1619 2016 desit;
1646 1959 1703 2005 ut
1731 1960 1913 2007 osten-

321 2041 471 2099 deret
495 2042 635 2098 unde
662 2041 767 2097 illis
788 2042 922 2097 nihil
948 2041 1138 2098 deesse
1161 2041 1405 2107 deberet,
1424 2042 1679 2097 continuo
1697 2041 1913 2113 subjun-

318 2134 415 2201 xit,
448 2131 658 2187 Discant
679 2142 847 2188 autem
876 2142 923 2188 et
951 2134 1108 2187 nostri
1128 2132 1272 2188 bonis
1296 2131 1531 2204 operibus
1580 2148 1797 2202 prteesse
1842 2132 1912 2187 ad

320 2226 628 2282 necessarios
655 2243 797 2293 usus,
830 2241 892 2281 ne
919 2226 1018 2281 sint
1037 2225 1338 2296 infructuosi
1385 2223 1527 2295 (Tit.
1558 2240 1635 2290 ιιι,
1671 2224 1760 2292 15,
1794 2224 1910 2295 Η).

319 2317 657 2374 Timotheum
685 2318 869 2387 etiam,
896 2333 1055 2390 quem
1073 2317 1201 2373 dicit
1227 2316 1694 2388 germanissimum
1723 2315 1909 2387 ﬁlium,

317 2409 573 2480 quoniam
606 2408 813 2465 sciebat
848 2424 1073 2481 corpore
1115 2408 1385 2464 inﬁrmum
1409 2450 1425 2478 ,
1454 2409 1591 2464 sicut
1643 2406 1909 2478 ostendit,

319 2515 549 2556 monens
571 2515 695 2556 eum
716 2516 786 2556 ne
822 2516 1012 2572 aquam
1037 2500 1265 2568 biberet,
1292 2499 1386 2556 sed
1410 2499 1620 2555 modico
1643 2500 1768 2555 vino
1794 2508 1912 2555 ute-

316 2600 483 2658 retur,
512 2600 733 2663 propter
755 2590 1095 2647 stomachum
1121 2599 1177 2647 et
1202 2591 1510 2662 frequentes
1538 2604 1661 2646 suas
1690 2589 1915 2645 inﬁrmi-

284 2708 291 2709 ί
316 2692 451 2740 tates
479 2683 540 2755 (ι
562 2682 699 2738 Tim.
732 2700 788 2753 v,
810 2683 937 2755 25);
960 2684 1082 2756 quia
1104 2685 1158 2739 in
1184 2697 1349 2754 opere
1370 2683 1635 2754 corporali
1659 2682 1914 2738 laborare

316 2791 423 2832 non
441 2785 676 2847 poterat,
705 2791 776 2832 ne
797 2776 932 2833 forte
961 2790 1083 2831 cum
1109 2775 1346 2847 indigere
1370 2775 1535 2831 nollet
1553 2774 1694 2830 victu
1732 2773 1911 2847 quoti-

315 2867 476 2923 diano
500 2869 571 2923 ab
598 2868 676 2924 eis
696 2867 893 2939 quibus
923 2868 1265 2938 Evangelium
1296 2868 1629 2924 ministrabat
1654 2868 1694 2933 ί,
1734 2867 1911 2938 aliqua

316 2960 415 3017 sibi
447 2961 667 3032 negotia
691 2969 977 3032 quaereret,
997 2961 1190 3032 quibus
1211 2960 1375 3015 animi
1395 2959 1510 3030 ejus
1541 2959 1913 3030 implicaretur

316 3050 551 3107 intentio
581 3050 757 3124 (aliud
787 3059 871 3107 est
888 3051 1031 3107 enim
1064 3065 1289 3121 corpore
1312 3049 1557 3106 laborare
1581 3050 1759 3105 animo
1778 3049 1910 3104 libe-

318 3158 399 3211 ro,
426 3144 566 3199 sicut
586 3142 782 3215 opifex,
811 3144 857 3199 si
885 3157 992 3199 non
1019 3143 1091 3199 sit
1112 3141 1481 3198 fraudulentus
1499 3150 1553 3197 et
1580 3156 1773 3196 avarus
1807 3182 1820 3205 ,
1854 3148 1911 3196 et

318 3233 539 3305 privatae
567 3233 645 3289 rei
666 3233 885 3301 avidus;
914 3233 1059 3289 aliud
1076 3240 1254 3288 autem
1286 3233 1460 3302 ipsum
1487 3231 1726 3287 animum
1752 3244 1911 3287 occu-

318 3339 446 3395 pare
472 3324 621 3380 euris
642 3322 956 3395 colligendas
983 3323 1102 3381 sine
1140 3324 1383 3395 corporis
1415 3322 1593 3378 labore
1621 3322 1861 3394 pecunia:
1890 3334 1909 3389 ,‘

316 3416 454 3472 sicut
476 3424 605 3471 sunt
625 3415 712 3471 vel
738 3416 1117 3487 negotiatores,
1149 3414 1235 3470 vel
1266 3423 1660 3486 procuratores,
1678 3413 1762 3470 vel
1782 3428 1912 3469 con-

320 3504 577 3562 ductores
600 3524 615 3560 :
642 3519 769 3561 cura
790 3505 932 3561 enim
965 3512 1221 3576 praesunt,
1250 3519 1356 3561 non
1407 3504 1651 3561 manibus
1678 3517 1909 3574 operan-

319 3605 424 3663 tur,
448 3596 683 3667 ideoque
708 3597 882 3668 ipsum
907 3596 1142 3651 animum
1175 3609 1333 3651 suum
1375 3603 1636 3665 occupant
1680 3593 1911 3650 habendi

319 3684 723 3758 sollicitudine)
750 3703 764 3740 :
794 3685 1131 3743 Timotheum
1159 3700 1287 3756 ergo
1306 3726 1321 3753 ,
1350 3699 1419 3741 ne
1452 3684 1506 3739 in
1539 3684 1661 3739 talia
1713 3683 1913 3739 incide-

318 3792 421 3849 ret,
450 3784 577 3854 quia
605 3798 700 3853 per
719 3782 1087 3838 inﬁrmitatem
1117 3781 1361 3852 corporis
1412 3779 1656 3835 manibus
1703 3778 1911 3849 operari

319 3891 421 3931 non
461 3884 692 3947 poterat,
723 3875 802 3931 sic
841 3874 1173 3939 exhortatur,
1223 3880 1405 3928 monet
1457 3881 1511 3927 et
1558 3870 1907 3925 consolatur:

320 3967 544 4037 Labora,
578 3967 777 4039 inquit,
805 3968 931 4023 sicut
957 3966 1115 4021 bonus
1166 3963 1311 4020 miles
1338 3963 1526 4018 Christi
1567 3961 1713 4016 Iesu.
1745 3959 1911 4014 Nemo

319 4061 544 4116 militans
564 4058 672 4114 Deo
694 4058 925 4129 implicat
951 4073 1005 4113 se
1027 4055 1240 4128 negotiis
1266 4052 1611 4119 stecutaribus,
1635 4060 1690 4105 ut
1714 4049 1913 4122 placeat

321 4156 398 4208 cui
417 4171 471 4208 se
502 4152 750 4225 probavit.
771 4150 910 4206 Nam
937 4152 1021 4220 qui
1049 4151 1104 4204 in
1123 4163 1285 4220 agone
1311 4144 1585 4211 contendit,
1621 4159 1723 4198 non
1761 4159 1911 4197 coro-

321 4256 473 4301 natur
502 4246 605 4300 nisi
629 4244 847 4317 legitime
862 4242 1144 4299 certaverit.
1175 4239 1274 4296 Hic
1298 4253 1370 4295 ne
1393 4238 1484 4294 ille
1515 4243 1786 4308 pateretur
1811 4251 1910 4292 an~

321 4339 545 4411 gustias,
575 4337 780 4405 dicens,
806 4334 1008 4392 Fodere
1047 4350 1149 4390 non
1192 4348 1396 4406 possum
1420 4374 1436 4400 ,
1464 4328 1749 4385 mendicare
1791 4345 1913 4384 con-

322 4431 512 4501 fundor
567 4427 729 4500 (Luc.
762 4444 876 4496 xw,
908 4426 1003 4497 5);
1032 4425 1294 4497 adjunxit,
1332 4423 1667 4479 Laborantem
1716 4421 1914 4493 agrico-

324 4524 428 4578 lam
450 4524 675 4594 primum
720 4529 912 4592 oportet
940 4520 1004 4575 de
1057 4516 1303 4590 fructibus
1347 4516 1603 4588 percipere
1650 4512 1731 4588 (ιι
1775 4512 1907 4567 Tim.

324 4630 383 4683 ιι,
410 4614 479 4687 6)
513 4633 529 4669 :
557 4612 853 4670 secundum
897 4610 1027 4667 illud
1064 4608 1208 4682 quod
1235 4607 1302 4664 ad
1325 4606 1629 4664 Corinthios
1666 4605 1907 4675 dixerat,

327 4706 457 4773 Quis
500 4705 685 4761 militat
729 4705 835 4760 suis
865 4702 1132 4775 stipendiis
1159 4700 1424 4772 unquam?
1456 4699 1581 4766 Quis
1610 4698 1806 4770 plantat
1834 4698 1912 4751 vi-

320 4814 493 4864 ncam,
524 4805 571 4852 et
591 4795 654 4852 de
673 4799 843 4869 {ructu
861 4796 973 4865 eius
992 4810 1096 4849 non
1113 4792 1214 4848 edit
1230 4792 1257 4847 7
1287 4791 1412 4858 Quis
1436 4791 1599 4863 pascit
1626 4805 1845 4862 gregem,
1865 4798 1912 4843 et

319 4891 381 4945 de
405 4891 539 4945 lacte
556 4889 722 4961 gregis
747 4904 849 4943 non
877 4887 1088 4960 percipit
1109 4884 1167 4958 (l
1193 4882 1314 4941 Cor.
1340 4899 1417 4951 ιι,
1446 4883 1501 4952 7)
1522 4883 1547 4938 ‘i
1566 4880 1719 4938 Fecit
1744 4883 1814 4937 ita
1829 4896 1913 4937 se-

318 4998 512 5038 curum
528 4989 736 5037 castum
759 4979 1160 5051 evangelistam,
1189 4990 1295 5032 non
1313 4973 1381 5030 ad
1408 4973 1510 5029 hoc
1539 4972 1911 5044 evangelizau-

317 5085 424 5132 tem
456 5085 516 5131 ut
539 5073 795 5131 venderet
811 5071 1183 5143 Evangelium,
1208 5068 1303 5125 sed
1320 5078 1500 5123 tamen
1518 5065 1645 5121 huic
1669 5066 1797 5120 vita:
1816 5078 1911 5120 ne-

289 5166 303 5181 '
323 5168 555 5225 cessaria
585 5166 699 5224 suis
726 5166 831 5224 sibi
856 5165 1112 5222 exhibere
1155 5160 1402 5217 manibus
1455 5173 1562 5215 non
1591 5157 1857 5213 valentem
1893 5175 1909 5224 ;

318 5271 375 5316 ut
401 5259 765 5332 intelligeret,
789 5257 933 5330 quod
958 5253 1319 5314 necessarium
1342 5251 1444 5308 sibi
1468 5249 1712 5306 sumebat
1736 5248 1805 5304 ab
1832 5247 1911 5305 eis

318 5352 511 5423 quibus
563 5360 816 5421 tanquam
860 5345 1279 5420 provincialibus
1320 5342 1618 5407 militabat,
1675 5348 1732 5396 et
1775 5354 1911 5410 quos

328 5450 583 5515 tanquam
610 5441 823 5498 vineam
848 5440 1057 5497 cultura
1084 5436 1366 5496 exercebat
1392 5434 1476 5491 vel
1503 5442 1753 5504 tanquam
1786 5446 1909 5503 gre-

382 5594 573 5668 ¹..εάίιίν
596 5606 705 5647 αυη
724 5594 962 5668 Milia“
982 5600 1029 5647 ετ
1045 5592 1285 5668 ἵξομεῌὶῖί
1319 5590 1455 5668 ιτίειιρ.
1470 5587 1784 5668 Μίάίέπὲον

316 5663 377 5723 at
393 5664 532 5723 κβεα,
559 5652 690 5708 'cum
724 5652 944 5723 masere
976 5655 1125 5723 ηοιιρι
1158 5654 1287 5723 ρίαν
1658 5658 1785 5723 θίξιν.
1806 5652 1913 5723 αυξ-

313 5710 530 5783 1.1mm
543 5710 964 5783 Μεμφιοέρὼ
989 5720 1081 5783 ,ιιιιὶ
1112 5718 1322 5783 habent,
1336 5710 1785 5783 'Wﬁtdise'ﬂﬁ!
1804 5710 1909 5783 ἀρεῖ

310 5778 836 5899 Win!»
864 5773 925 5834 ab
953 5773 1031 5834 eis'
1055 5778 1224 5845 quibus
1266 5773 1570 5847 Evangelium
1586 5773 1909 5829 'ministrabat

3496 383 3599 440 562

2018 498 2136 556 gem
2167 483 2436 554 pascebat,
2466 500 2573 542 non
2604 500 2724 544 esse
2746 488 3139 547 mendicitatem
3166 534 3180 558 ,
3223 492 3318 550 sed
3365 502 3597 565 potesta-

2018 583 2147 634 tem.

2088 669 2314 727 CAPUT
2355 670 2497 727 XVI.
2527 675 2709 732 -17.
2731 676 2927 733 Paulus
2959 679 3077 734 “vult
3126 697 3156 733 a
3204 680 3438 749 ﬁdelibus
3478 700 3602 755 snp~

2019 762 2149 832 pleri
2167 765 2479 820 necessitates
2505 783 2759 821 servorum
2800 768 2916 838 Dei,
2948 771 3034 841 qui
3053 772 3237 826 victum
3262 775 3358 828 sibi
3385 786 3595 846 propter

2018 858 2365 929 occupationes
2385 859 2462 913 vel
2484 859 2799 930 inﬁrmitates
2827 880 3123 933 comparare
3145 882 3246 920 non
3272 867 3457 921 valent.
3498 868 3550 922 Μ
3557 869 3603 922 i-

2018 950 2279 1004 nisterium
2295 952 2349 1005 in
2377 962 2593 1019 sanctos,
2624 971 2723 1024 quo
2746 957 3048 1028 supplentur
3095 959 3321 1012 carnalia
3348 961 3409 1015 iis
3428 978 3459 1013 a
3490 962 3605 1031 qui-

2016 1039 2107 1095 bus
2126 1041 2341 1096 vicissim
2374 1044 2689 1114 accipiuntur
2717 1046 3022 1116 spiritualia.
3056 1046 3224 1102 Paulo
3273 1048 3505 1104 obediant
3553 1059 3600 1106 et

2017 1134 2256 1189 serviDci
2284 1136 2664 1203 laborando;et
2691 1137 2806 1191 boni
2843 1139 3016 1208 ﬁdeles
3065 1158 3238 1195 eorum
3281 1144 3599 1201 necessitates

2014 1225 2315 1296 supplendo.
2350 1226 2573 1298 Propter
2602 1229 2695 1283 has
2722 1229 2879 1299 igitur
2926 1232 3010 1286 vel
3050 1234 3422 1303 occupationes
3479 1251 3599 1292 ser-

2016 1332 2204 1372 vorum
2234 1316 2349 1383 Dei,
2376 1318 2455 1372 vel
2490 1319 2821 1375 inﬁrmitates
2862 1323 3163 1391 corporales
3212 1341 3330 1395 quae
3379 1327 3598 1383 omnino

2016 1406 2208 1463 deesse
2234 1423 2343 1464 non
2372 1421 2612 1479 possunt,
2648 1428 2752 1466 non
2780 1413 2952 1468 solum
3003 1417 3260 1486 permittit
3314 1420 3600 1488 Apostolus

2017 1509 2320 1554 sanctorum
2349 1494 2665 1572 indigenti-as
2694 1505 2928 1575 suppleri
2958 1520 2988 1559 a
3017 1506 3172 1561 bonis
3200 1507 3464 1577 ﬁdelibus,
3497 1511 3595 1567 sed

2017 1589 2175 1645 etiam
2198 1591 2548 1648 saluberrime
2578 1593 2837 1649 hortatur.
2863 1595 3099 1667 Excepta
3135 1599 3276 1654 enim
3302 1598 3389 1654 illa
3436 1610 3590 1670 pote-

2016 1688 2172 1748 state,
2201 1697 2301 1751 qua
2323 1697 2381 1737 se
2401 1682 2528 1737 dicit
2558 1685 2669 1754 ipse
2692 1700 2795 1740 non
2822 1702 2996 1754 usum,
3027 1690 3110 1746 cui
3142 1698 3320 1746 tamen
3351 1694 3596 1749 servien-

2015 1770 2140 1826 dum
2168 1787 2288 1828 esse
2316 1788 2345 1827 a
2372 1774 2617 1831 ﬁdelibus
2649 1777 2908 1848 praecipit,
2926 1778 3131 1847 dicens,
3155 1779 3496 1837 Communicet
3516 1786 3603 1856 qui

2017 1863 2355 1916 catec/iizatur
2382 1865 2549 1932 verbo,
2572 1865 2618 1918 ei
2642 1866 2725 1933 qui
2758 1884 2811 1921 se
2842 1870 3136 1936 catecliizat,
3165 1871 3218 1924 in
3246 1872 3477 1927 omnibus
3504 1873 3601 1930 bo-

2017 1954 2096 2008 nis
2126 1954 2331 2025 (Galat.
2360 1972 2431 2021 γι,
2455 1956 2512 2027 6)
2540 1974 2553 2009 :
2590 1967 2808 2028 excepta
2830 1975 2956 2031 ergo
3006 1960 3105 2015 hac
3132 1970 3415 2033 potestate,
3439 1980 3600 2035 quam

2018 2046 2169 2102 verbi
2196 2047 2568 2117 prmdicatores
2597 2049 2792 2105 habere
2821 2052 2872 2105 in
2902 2066 2997 2108 eos
3025 2053 3216 2123 quibus
3266 2056 3594 2126 praedicant,

2017 2152 2162 2208 saepe
2194 2148 2438 2206 testatur,
2470 2141 2627 2196 etiam
2657 2142 2855 2197 sanctis
2898 2143 2988 2213 qui
3035 2146 3212 2200 omnia
3239 2161 3337 2201 sua
3386 2147 3604 2203 vendita

2020 2230 2438 2299 distribuerant,
2471 2233 2903 2308 cthrosolymis
2957 2235 3265 2292 habitabant
3318 2239 3369 2292 in
3415 2248 3603 2295 sancta

2020 2322 2395 2377 communione
2445 2324 2583 2391 vitae,
2617 2339 2721 2379 non
2754 2325 2992 2380 dicentes
3039 2326 3235 2397 aliquid
3278 2329 3548 2398 proprium
3581 2371 3598 2396 ,

2019 2412 2214 2485 quibus
2242 2421 2395 2468 erant
2419 2413 2596 2468 omnia
2625 2416 2946 2479 communia,
2965 2427 3016 2470 et
3039 2418 3216 2471 anima
3246 2428 3300 2473 et
3322 2434 3416 2473 cor
3436 2436 3599 2474 unum

2017 2502 2070 2556 in
2089 2502 2253 2557 Deum
2281 2503 2428 2573 (Act.
2455 2520 2514 2571 ιι,
2544 2504 2632 2570 Μ,
2658 2515 2703 2559 ει
2728 2521 2802 2573 ιν,
2832 2505 2959 2575 52);
2985 2506 3050 2561 ab
3070 2507 3321 2562 Ecclesiis
3347 2508 3601 2564 Gentium

2018 2593 2318 2649 necessaria
2345 2592 2579 2649 conferri
2608 2595 2847 2665 prmcipit
2879 2605 2933 2650 et
2976 2595 3238 2651 hortatur.
3270 2596 3396 2652 Inde
3426 2606 3507 2653 est
3546 2608 3602 2653 et

2017 2683 2146 2739 illud
2172 2684 2237 2739 ad
2260 2684 2531 2741 Romanos
2564 2704 2577 2739 :
2612 2684 2765 2740 Nunc
2786 2686 2943 2758 igitur
2972 2705 3175 2758 pergam
3194 2687 3483 2744 Ierusalem
3508 2691 3602 2744 mi-

2019 2776 2236 2831 nistrare
2263 2778 2470 2831 sanctis.
2503 2776 2705 2831 Placuit
2758 2780 2890 2832 enim
2943 2778 3261 2835 Macedonia:
3304 2790 3349 2835 et
3394 2784 3602 2838 Achaia:

2017 2868 2416 2923 communionem
2439 2869 2663 2940 aliquam
2690 2870 2855 2940 facere
2875 2872 2929 2926 in
2969 2889 3214 2942 pauperes
3262 2883 3552 2929 sanctorum
3582 2916 3597 2941 ,

2015 2960 2103 3028 qui
2124 2968 2240 3013 sunt
2262 2959 2566 3015 Jerusalem.
2600 2959 2806 3015 Placuit
2836 2963 2966 3016 enim
3010 2963 3135 3030 illis,
3168 2974 3213 3017 ct
3235 2964 3478 3019 debitores
3515 2982 3603 3020 eo-

2015 3070 2132 3107 rum
2158 3063 2297 3108 sunt.
2324 3053 2382 3109 St
2409 3055 2542 3108 enim
2590 3052 2941 3126 spiritualibus
2968 3072 3140 3110 eorum
3191 3059 3598 3113 communicave-

2013 3154 2136 3199 runt
2184 3144 2365 3199 Gentes
2388 3186 2403 3211 ,
2436 3144 2610 3199 debent
2664 3154 2710 3199 et
2769 3147 2822 3199 in
2861 3149 3147 3202 carnalibus
3188 3130 3487 3203 ministrare
3526 3152 3597 3204 eis

2016 3237 2036 3308 (
2065 3237 2211 3306 Rom.
2238 3254 2329 3305 xv,
2356 3238 2411 3305 5,
2440 3237 2555 3307 27).
2588 3237 2700 3293 lloc
2727 3238 2905 3295 simile
2934 3248 3016 3294 est
3039 3240 3115 3294 illi
3137 3241 3277 3311 quod
3306 3244 3379 3296 ait
3410 3242 3475 3298 ad
3496 3239 3601 3297 Co-

2014 3328 2242 3385 rinthios
2270 3347 2284 3384 :
2311 3328 2373 3386 Si
2424 3347 2515 3385 nos
2552 3329 2688 3385 vobis
2733 3330 3020 3402 spiritualia
3072 3333 3453 3401 seminavimus,
3489 3351 3600 3387 ma-

2014 3436 2170 3492 gnum
2192 3430 2263 3475 est
2290 3421 2334 3475 si
2358 3422 2585 3476 carnalia
2610 3431 2772 3476 vestra
2800 3431 3045 3477 metamus
3084 3421 3140 3494 (l
3179 3422 3294 3478 Cor.
3327 3440 3377 3478 ix
3396 3466 3410 3491 ,
3445 3425 3504 3478 11
3534 3422 3598 3496 )?

2015 3508 2145 3566 Item
2166 3510 2233 3565 ad
2257 3509 2563 3568 Corinthios
2591 3512 2643 3567 in
2661 3512 2893 3569 secunda
2930 3533 2941 3569 :
2978 3513 3171 3568 Notam
3197 3524 3383 3581 autem,
3405 3516 3593 3586 inquit,

2015 3604 2152 3658 vobis
2181 3604 2413 3674 facimus,
2444 3608 2647 3677 fratres,
2672 3609 2886 3678 gratiam
2918 3605 3013 3660 Dei
3038 3624 3152 3677 qua:
3178 3607 3297 3661 data
3320 3619 3392 3662 est
3420 3610 3472 3662 in
3495 3608 3602 3663 Ec—

2014 3694 2177 3750 clesiis
2206 3695 2538 3763 Macedoniae,
2570 3698 2690 3768 quia
2718 3699 2772 3751 in
2798 3698 2959 3752 multa
2982 3699 3273 3769 probatione
3305 3700 3592 3755 tribulatio-

2015 3788 2148 3854 nis‘,
2172 3788 2480 3843 abundantia
2530 3790 2705 3859 gaudii
2734 3806 2907 3844 eorum
2945 3800 2990 3843 et
3034 3791 3290 3861 profunda
3322 3802 3593 3860 paupertas

2015 3896 2186 3934 eorum
2210 3879 2480 3933 abundavit
2500 3880 2552 3933 in
2576 3879 2763 3934 divitiis
2789 3880 3125 3950 simplicitatis
3142 3897 3338 3945 eorum;
3368 3883 3485 3951 quia
3509 3899 3562 3935 se
3578 3913 3597 3924 -

2015 3970 2236 4024 cundum
2278 3970 2404 4024 vires
2430 4010 2445 4034 ,
2479 3969 2816 4025 testimonium
2869 3970 3102 4040 perhibeo
3127 3973 3170 4037 ²,
3201 3982 3247 4024 et
3272 3988 3429 4042 supra
3468 3973 3596 4027 vires

2015 4060 2285 4115 voluntarii
2315 4063 2540 4133 fuerunt,
2574 4077 2688 4115 cum
2716 4062 2885 4115 multis
2911 4062 3138 4133 precibus
3165 4063 3477 4119 obsecrantes
3502 4081 3594 4120 nos

2014 4154 2230 4226 gratiam
2256 4164 2302 4208 et
2328 4154 2727 4209 communionem
2752 4155 3134 4210 ministrationis
3164 4172 3277 4225 qua:
3299 4157 3353 4220 ﬁt
3391 4158 3444 4211 in
3478 4175 3600 4212 san-

2014 4255 2151 4301 ctos:
2180 4254 2229 4300 et
2249 4262 2349 4300 non
2374 4244 2622 4315 quomodo
2642 4248 2971 4317 speravimus,
2993 4246 3080 4301 sed
3106 4263 3158 4301 se
3198 4249 3334 4320 ipsos
3364 4249 3601 4305 tradide-

2012 4346 2132 4397 runt
2160 4337 2376 4407 primum
2400 4336 2616 4391 Domino
2637 4379 2652 4404 ,
2680 4347 2726 4391 et
2755 4339 2897 4393 nobis
2941 4355 3028 4410 per
3050 4338 3355 4393 voluntatem
3386 4340 3502 4410 Dei,
3532 4342 3601 4396 ad

2013 4431 2386 4500 deprecandum
2412 4428 2600 4497 Titum,
2630 4440 2686 4484 ut
2710 4431 2960 4500 quomodo
2989 4432 3156 4502 Cthll,
3184 4434 3255 4486 sic
3286 4443 3332 4487 et
3358 4450 3600 4488 consum-

2013 4532 2114 4577 met
2141 4525 2194 4577 in
2217 4540 2300 4579 vos
2317 4524 2468 4578 etiam
2512 4524 2728 4594 gratiam
2754 4525 2925 4578 istam.
2959 4523 3067 4577 Sed
3092 4526 3343 4594 quomodo
3401 4544 3602 4595 semper

2014 4614 2324 4669 abundatis‘
2364 4614 2418 4667 in
2443 4612 2672 4667 omnibus
2701 4614 2825 4682 ﬁde,
2852 4623 2897 4667 et
2925 4613 3071 4667 verbo
3099 4654 3112 4678 ,
3165 4625 3210 4668 et
3252 4616 3461 4669 scientia
3491 4658 3505 4683 ,
3556 4627 3603 4671 ct

2016 4707 2153 4760 omni
2177 4704 2365 4768 studio,
2394 4712 2442 4757 et
2470 4720 2528 4757 ea
2555 4720 2670 4772 qua:
2702 4719 2763 4757 ea:
2789 4704 2925 4757 vobis
2955 4712 3026 4756 est
3052 4704 3101 4757 in
3125 4721 3214 4758 nos
3241 4704 3508 4773 charitate,
3548 4716 3603 4761 ut

2015 4804 2059 4849 et
2083 4795 2137 4848 in
2163 4794 2258 4847 hac
2274 4794 2439 4865 gratia
2458 4792 2741 4847 abundetis.
2776 4791 2894 4847 Non
2926 4793 3197 4847 secundum
3219 4795 3488 4864 imperium
3520 4798 3601 4851 di-

2015 4901 2094 4954 co,
2126 4884 2212 4939 sed
2237 4893 2440 4956 prapter
2454 4884 2671 4937 aliorum
2694 4881 2916 4938 studium
2946 4892 2989 4938 et
3010 4895 3185 4937 vestra:
3202 4883 3461 4940 charitatis
3482 4888 3599 4940 clza-
3638 4866 3658 4888 ’

2014 4976 2308 5032 rissimum“
2335 4976 2573 5049 probans.
2605 4974 2757 5031 Scitis
2782 4976 2913 5030 enim
2952 4976 3167 5047 gratiam
3200 4974 3405 5031 Domini
3436 4980 3593 5032 nostri

2012 5068 2140 5125 Iesu
2156 5067 2361 5134 Christi,
2389 5068 2626 5140 quoniam
2650 5076 2855 5139 propter
2869 5082 2954 5122 vos
2972 5083 3071 5136 pau
3078 5083 3165 5138 per
3177 5072 3341 5139 factus
3359 5080 3449 5135 est,
3483 5088 3598 5125 cum

2016 5163 2152 5219 dives
2172 5170 2316 5231 esset,
2342 5170 2396 5215 ut
2420 5162 2558 5216 illius
2580 5170 2875 5232 paupertate
2895 5177 2981 5215 vos
3009 5159 3316 5215 ditaremini.
3368 5161 3432 5216 Et
3474 5180 3600 5218 con-

2015 5254 2184 5312 silium
2208 5255 2261 5308 in
2285 5253 2379 5308 hoc
2408 5253 2472 5308 do
2497 5269 2514 5306 :
2545 5253 2638 5307 hoc
2660 5253 2789 5307 enim
2817 5252 2955 5307 vobis
2998 5252 3222 5322 prodest,
3263 5253 3346 5322 qui
3388 5270 3487 5307 non
3513 5270 3601 5308 so.

2017 5346 2122 5402 lum
2150 5346 2335 5417 facere,
2357 5345 2445 5400 sed
2473 5346 2621 5400 etiam
2667 5342 2792 5400 velle
2833 5343 3049 5415 coepistis
3099 5344 3161 5399 ab
3206 5361 3340 5399 anno
3394 5348 3600 5415 priore;

2040 5583 2051 5595 ο
2080 5523 2096 5553 ί
2117 5519 2345 5593 plerique
2366 5533 2424 5571 ac
2460 5520 2675 5584 potiores
2696 5528 2824 5581 Mss.,
2848 5518 2900 5569 in
2922 5516 3073 5569 multa
3092 5515 3397 5570 tribulatione
3428 5521 3602 5583 proba-

2287 5642 2512 5709 perhibeo
2531 5643 2647 5697 illis.
2669 5644 2832 5704 Abest,
2850 5642 2967 5704 illis,
2991 5654 3021 5692 a
3040 5649 3145 5692 Mss.
3172 5649 3225 5695 et
3240 5656 3268 5693 a
3290 5650 3606 5709 ειιωωωιω

2015 5704 2242 5771 Apostoli.
2288 5704 2298 5709 “

2080 5771 2100 5840 ξ
2132 5767 2496 5840 vindoci‘ne‘usis
2512 5774 2616 5840 Ms_.,
2644 5780 2789 5840 super
2821 5766 3106 5840 abimdatisx
3162 5829 3172 5840 _

2079 5831 2101 5865 δ
2134 5836 2262 5883 Unus
2285 5837 2338 5883 et
2358 5829 2482 5883 alter
2504 5831 2680 5898 codex,
2704 5829 2947 5899 ngenium
2969 5829 3320 5884 charissimam.
