4140 6216
406 324 522 383 865

410 454 547 493 nunc
572 416 810 491 autemet
840 433 973 504 {acto
1002 431 1238 501 perﬁcite,
1265 437 1319 480 ut
1366 422 1788 496 quemadmodum
1815 436 1987 492 prom-

415 537 532 601 ptus
556 538 627 582 est
648 527 847 580 animus
872 521 1155 580 voluntatis,
1206 518 1274 570 ita
1314 518 1375 569 sit
1422 525 1467 568 et
1521 511 1811 583 perﬁciendi
1842 525 1904 562 ex
1936 524 1995 561 eo

415 621 551 690 quod
570 620 773 689 quisque
792 614 955 669 habet.
990 612 1049 667 Si
1077 612 1207 664 enim
1236 618 1493 678 promptus
1538 613 1607 659 est
1641 605 1842 657 animus
1867 643 1882 668 ,
1914 616 1995 654 se-

417 711 639 765 cundum
667 707 721 759 id
744 705 877 777 quod
898 703 1040 757 Itabet
1060 699 1375 770 acceptrtbilis
1401 707 1492 759 est,
1513 712 1609 748 non
1633 691 1905 747 secundant
1944 690 1999 743 id

426 798 560 870 quod
580 815 680 852 non
707 795 870 850 habet.
903 793 1023 848 Non
1041 794 1170 847 enim
1194 801 1245 843 ut
1273 790 1386 843 aliis
1410 789 1471 842 sit
1502 787 1725 858 refectio,
1753 784 1891 837 vobis
1912 799 1996 835 au-

419 900 517 943 tem
546 889 798 958 angustia,
830 886 917 940 sed
937 903 1027 955 pro
1052 884 1336 954 aequalitate
1357 883 1407 933 in
1438 883 1530 933 hoc
1553 887 1795 948 tempore,
1828 885 1880 928 ut
1911 889 1996 928 ve-

424 991 529 1034 stra
558 980 870 1035 abundantia
899 978 961 1032 sit
1005 978 1072 1030 ad
1119 976 1323 1029 illorum
1365 972 1589 1041 inopiam
1609 1012 1621 1034 ,
1650 979 1701 1022 ut
1725 978 1768 1021 ct
1797 966 2001 1020 illorum

420 1072 729 1125 abundantia
760 1071 849 1138 ﬁat
874 1069 926 1121 in
959 1078 1172 1121 vestram
1206 1065 1462 1135 inopiam,
1493 1073 1545 1114 ut
1590 1063 1676 1129 ﬁat
1697 1059 1959 1131 arqualitas
1982 1096 1996 1119 ,

420 1163 548 1214 sicut
575 1162 817 1230 scriptum
843 1168 950 1212 est:
979 1160 1077 1224 Qui
1099 1158 1332 1219 multum,
1367 1171 1464 1207 non
1499 1151 1804 1213 abundavit;
1844 1159 1888 1201 et
1918 1147 2004 1218 qui

422 1253 696 1317 modicum,
729 1270 828 1305 non
854 1252 1011 1320 defuit
1042 1251 1136 1303 illi.
1169 1248 1372 1302 Gratias
1419 1254 1582 1299 autent
1608 1242 1736 1307 Deo,
1786 1242 1870 1311 qui
1916 1239 2006 1294 de-

423 1342 495 1397 dit
524 1343 655 1396 idem
684 1343 907 1395 studinm
959 1358 1047 1407 pro
1070 1340 1204 1393 vobis
1227 1340 1277 1391 in
1300 1337 1448 1391 corde
1490 1335 1590 1389 Titi
1614 1351 1629 1387 :
1658 1335 1774 1405 quia
1826 1348 2003 1386 consov

430 1438 670 1490 lationem
706 1437 905 1508 quidem
937 1435 1187 1503 suscepit;
1210 1430 1479 1486 studiosior
1506 1437 1671 1481 autent
1708 1442 1822 1480 cum
1853 1433 2002 1489 esset,

428 1537 606 1599 sponte
626 1529 745 1581 exiit
767 1527 832 1579 ad
858 1542 961 1579 vos.
996 1524 1229 1577 Misimus
1249 1533 1412 1575 autent
1447 1538 1559 1573 cum
1581 1536 1636 1572 eo
1659 1522 1886 1590 fratrem,
1915 1531 2004 1567 cu-

418 1619 513 1688 jus
538 1618 649 1672 laus
678 1619 729 1671 in
761 1615 1035 1689 Evangelia
1062 1625 1130 1669 est
1155 1631 1241 1686 per
1264 1629 1434 1667 omnes
1455 1609 1728 1664 Ecclesias.
1764 1607 1883 1660 Non
1925 1620 2009 1658 so-

428 1708 531 1762 lum
556 1719 742 1775 autem,
768 1710 856 1763 sed
882 1718 930 1762 et
960 1708 1224 1761 ordinatus
1279 1714 1351 1759 est
1405 1702 1466 1757 ab
1510 1701 1753 1755 Ecclesiis
1775 1699 1793 1730 ¹
1846 1711 2011 1750 comes

434 1801 852 1872 peregrinationis
875 1810 1078 1863 nostrce,
1110 1814 1227 1851 cum
1257 1798 1351 1849 hac
1370 1796 1534 1868 gratia
1560 1808 1672 1864 qua:
1698 1790 2011 1844 ministratur

431 1908 465 1943 a
495 1890 636 1945 nobis
664 1891 732 1943 ad
762 1890 970 1943 Domini
1020 1890 1235 1960 gloriam
1261 1899 1305 1942 et
1333 1896 1621 1959 promptum
1664 1883 1890 1935 animum
1931 1894 2013 1932 no-

433 1990 591 2035 strum
616 1979 689 2052 (ιι)
708 1997 720 2033 :
737 1982 1011 2034 decitantes
1030 1980 1143 2044 hoc,
1170 1996 1233 2033 ne
1252 1979 1361 2047 quis
1382 1993 1470 2029 nos
1489 1972 1817 2045 reprehendat
1848 1972 1897 2023 in
1920 1968 2014 2021 hac

429 2070 743 2142 plenitudine
763 2111 779 2137 ,
809 2087 922 2142 qua:
948 2072 1259 2123 ministratur
1279 2085 1309 2120 a
1335 2067 1494 2120 nobis.
1528 2063 1856 2118 Providemus
1882 2058 2013 2113 enim

428 2163 579 2232 bona,
613 2182 713 2219 non
743 2165 909 2220 solum
936 2182 1107 2219 coram
1137 2163 1258 2227 Deo,
1293 2161 1381 2215 sed
1408 2162 1558 2213 etiam
1585 2173 1757 2212 coram
1796 2152 2015 2208 homini-

429 2259 541 2310 bus.
569 2256 624 2310 ln
652 2256 737 2311 his
760 2258 936 2312 verbis
965 2265 1204 2326 apparet,
1246 2262 1498 2326 quantum
1546 2266 1650 2303 non
1695 2248 1867 2302 solum
1914 2259 2013 2298 cu-

432 2362 548 2401 ram
580 2357 881 2402 sanctarum
915 2348 1145 2417 plebium
1171 2360 1290 2400 esse
1315 2343 1563 2408 voluerit,
1598 2340 1899 2394 ministrare
1918 2350 2013 2389 ne-

431 2440 661 2495 cessaria
690 2441 886 2494 sanctis
912 2439 1007 2493 Dei
1035 2438 1227 2502 servis,
1288 2434 1569 2489 consilium
1613 2433 1663 2485 in
1713 2431 1812 2484 hoc
1841 2429 1971 2483 dans
1995 2467 2009 2493 ,

429 2530 551 2600 quia
573 2528 677 2586 hoc
706 2531 871 2599 magis
898 2530 1023 2599 ipsis
1048 2530 1136 2598 qui
1161 2530 1262 2582 hoc
1283 2526 1543 2581 faciebant
1564 2523 1831 2593 proderat,
1856 2534 2013 2591 quam

432 2619 542 2674 illis
566 2635 689 2690 erga
723 2636 857 2690 quos
889 2620 1152 2674 faciebant
1204 2618 1342 2689 (illis
1372 2617 1514 2671 enim
1544 2614 1689 2668 aliud
1720 2611 1970 2682 proderat
1995 2651 2010 2676 ,

428 2711 484 2766 id
506 2720 610 2777 est,
642 2711 747 2767 hoc
770 2727 894 2781 erga
916 2726 974 2765 se
999 2711 1254 2778 obsequio
1292 2708 1513 2761 fratrum
1558 2720 1775 2760 suorum
1831 2709 2015 2755 sancte

434 2800 533 2865 ttti,
564 2815 665 2854 nec
694 2810 909 2870 pr0pter
962 2799 1065 2853 hoc
1124 2799 1233 2852 Deo
1263 2798 1484 2859 servire,
1530 2811 1629 2851 nec
1676 2794 1772 2846 ista
1803 2805 2015 2845 sumere

430 2892 535 2946 nisi
562 2891 629 2945 ad
652 2890 999 2961 supplendam
1028 2888 1423 2952 necessitatem,
1469 2901 1573 2941 non
1602 2884 1666 2939 ad
1695 2881 2013 2953 pascendam

429 2981 732 3052 pigritiam)
759 3001 769 3034 :
793 2981 887 3035 sed
911 2981 1071 3036 etiam
1101 2995 1250 3034 suam
1279 2994 1461 3033 curam
1490 2978 1676 3032 beatus
1728 2973 2015 3044 Apostolus

437 3080 638 3126 tantam
668 3072 795 3127 dicit
824 3072 879 3126 in
906 3071 1007 3127 hac
1032 3071 1451 3133 ministratione,
1480 3085 1597 3139 utne
1638 3083 1778 3122 nunc
1805 3081 1899 3136 per
1923 3065 2018 3120 'l‘i-

436 3172 551 3219 tum
582 3166 1059 3229 transmittehatur,
1088 3174 1143 3218 ut
1163 3163 1414 3218 comitem
1441 3159 1883 3233 peregrinationis
1902 3173 2013 3213 sua:

428 3267 650 3329 propter
695 3258 796 3312 hoc
846 3265 1225 3311 commemoret
1274 3255 1575 3309 ordinatum
1616 3254 1682 3308 ab
1727 3251 2012 3315 Eeclesiis,

429 3347 559 3402 boni
587 3349 879 3403 testimonii
899 3348 1169 3402 hominem
1204 3346 1328 3411 Dei,
1356 3347 1501 3416 cujus
1552 3345 1683 3407 laus,
1734 3343 1936 3413 inquit,
1960 3342 2015 3395 in

434 3436 712 3507 Evangelia
730 3448 800 3491 est
817 3454 905 3508 per
930 3453 1099 3490 omnes
1120 3434 1396 3489 Ecclesias.
1425 3435 1491 3487 Et
1510 3434 1575 3487 ad
1599 3435 1699 3487 hoc
1715 3434 1843 3487 dicit
1865 3433 2011 3486 illum

436 3526 739 3581 ordinatum
771 3527 1020 3581 comitem
1046 3527 1182 3589 sibi,
1217 3536 1276 3579 ut
1316 3525 1577 3579 devitaret
1624 3524 1895 3577 hominum
1927 3538 2013 3578 re-

435 3615 847 3686 prehensiones,
875 3632 941 3672 ne
966 3617 1082 3671 sine
1113 3616 1417 3670 testimonio
1456 3622 1761 3669 sanctorum
1814 3614 1865 3668 in
1917 3613 2018 3668 hoc

437 3709 737 3764 ministerio
757 3709 1022 3766 sociorum
1043 3751 1056 3776 ,
1082 3718 1328 3778 tanquam
1357 3707 1456 3762 sibi
1487 3709 1761 3776 accipere,
1786 3716 1839 3759 et
1863 3705 1915 3759 in
1941 3706 2016 3760 si—

431 3814 534 3855 nus
562 3815 687 3854 suos
705 3801 726 3831 ²
750 3808 1060 3856 convertere
1089 3799 1155 3854 ab
1178 3799 1404 3854 inlirntis
1430 3805 1484 3852 et
1509 3798 1684 3869 impiis
1714 3806 2013 3867 putaretur,

436 3906 558 3960 qua:
606 3892 902 3962 accipiebat
936 3891 1003 3946 ad
1046 3890 1367 3962 supplendas
1418 3892 1763 3945 necessitates
1808 3899 2019 3944 sancto-

437 3998 556 4036 rum
586 3997 682 4052 per
710 3999 768 4039 se
796 3983 1061 4038 allo-renda
1094 3984 1174 4039 vel
1202 3983 1562 4038 distribuenda
1591 3982 1965 4052 indigentibus.

506 4094 593 4148 18.
634 4094 700 4147 Ει
730 4095 884 4162 paulo
912 4104 1029 4163 post
1072 4093 1199 4147 dicit
1233 4112 1246 4147 :
1281 4094 1419 4146 Nam
1463 4094 1524 4146 de
1568 4093 1840 4148 ministerio
1883 4095 2020 4166 quod

435 4187 493 4256 [it
521 4186 573 4239 in
596 4194 813 4251 sanctos,
846 4202 907 4239 ex
929 4185 1204 4239 abundanti
1234 4196 1304 4239 est
1328 4187 1449 4237 mihi
1470 4186 1681 4239 scribere
1703 4188 1858 4239 vobis.
1893 4188 2016 4242 Scio

436 4278 568 4330 enim
610 4285 892 4346 promptum
937 4292 1042 4330 esse
1079 4278 1304 4328 animum
1347 4286 1579 4340 vestram,
1622 4277 1683 4330 de
1706 4294 1803 4347 quo
1827 4276 2019 4348 glorior

435 4384 528 4439 pro
578 4367 711 4420 vobis
747 4367 887 4435 apud
928 4366 1273 4429 Macedonas;
1310 4367 1545 4436 quoniant
1591 4368 1785 4420 Achaia
1837 4377 2018 4437 paratu

434 4469 506 4514 est
529 4460 590 4514 ab
621 4477 752 4513 anno
782 4461 967 4531 priore,
998 4471 1042 4513 et
1084 4476 1195 4530 qua:
1220 4477 1281 4514 ex
1327 4460 1461 4513 vobis
1501 4470 1575 4512 est
1599 4461 1854 4514 aemulatio
1894 4462 2016 4517 irri-

435 4553 554 4607 tavit
582 4552 772 4624 plures.
831 4552 1065 4606 Misimus
1105 4562 1269 4606 autem
1299 4556 1499 4623 fratres,
1543 4569 1604 4605 ne
1641 4552 1803 4622 gloria
1844 4567 2016 4608 nostra

432 4661 584 4714 quam
623 4643 859 4699 habemus
901 4644 955 4697 in
992 4643 1127 4698 vobis
1152 4685 1167 4710 ,
1212 4654 1475 4697 evacuetnr
1514 4644 1563 4696 in
1608 4644 1703 4696 hac
1747 4653 1905 4714 parte,
1941 4654 2012 4712 ut,

431 4737 561 4790 sicut
596 4735 703 4789 dixi
723 4778 737 4801 ,
784 4737 950 4807 parati
978 4736 1084 4790 sitis
1112 4753 1130 4788 :
1160 4753 1220 4789 ne
1250 4752 1361 4789 cum
1392 4737 1612 4789 venerint
1657 4752 1849 4790 mecum
1898 4736 2015 4790 Ma-

433 4829 664 4892 cedones,
692 4838 737 4882 et
762 4828 1036 4883 invenerint
1064 4844 1149 4882 vos
1185 4829 1481 4899 imparatos,
1510 4829 1879 4897 confundantur
1903 4847 2010 4897 nos,

434 4931 487 4975 ut
512 4938 611 4975 non
633 4922 798 4975 dicam
824 4937 929 4988 vos,
952 4922 1005 4974 in
1031 4921 1125 4973 hac
1153 4921 1449 4975 substantia.
1511 4919 1865 4975 Necessarium
1896 4938 2016 4995 ergo

433 5013 713 5067 existimavi
740 5029 919 5084 rogare
943 5015 1125 5084 fratres
1144 5054 1157 5077 ,
1187 5022 1240 5065 ut
1268 5012 1551 5082 prcecedant
1580 5014 1647 5066 ad
1670 5031 1774 5079 vos,
1807 5024 1852 5069 et
1876 5032 2013 5086 prce-

431 5113 610 5175 parent
641 5106 756 5174 jam
806 5105 998 5170 pridem
1041 5105 1393 5175 repromissum
1443 5107 1572 5159 hanc
1625 5105 2015 5162 benedictionem

430 5207 681 5263 vestram,
721 5206 776 5251 ut
819 5199 881 5251 sit
909 5207 1120 5268 parata,
1165 5199 1238 5252 sic
1276 5200 1419 5269 quasi
1458 5198 1880 5269 benedictionem,
1913 5219 2016 5258 non

431 5290 579 5358 quasi
626 5290 906 5344 avaritiam.
963 5287 1078 5343 Hoc
1123 5298 1289 5343 autem
1318 5290 1339 5322 ³
1363 5331 1378 5357 ,
1430 5289 1532 5357 Qui
1574 5307 1722 5361 parce
1765 5294 2009 5364 seminat,

499 5443 514 5472 ³
552 5440 967 5510 Mss.,_ordinatus
986 5438 1050 5491 ab
1086 5440 1341 5505 Ecclesiis;
1363 5446 1560 5499 omisso.
1598 5450 1686 5508 est,
1713 5446 1842 5510 quod
1866 5448 2014 5498 etiam

431 5512 462 5550 ⁸
954 5565 976 5597 .-

546 5565 810 5627 Casalcnsis
832 5574 932 5627 Ms.,
954 5565 1006 5618 in
1029 5577 1140 5627 suos
1161 5579 1291 5617 usus.

497 5626 2016 5697 *_Etbti,ho_e_aneemdico.abest,dica,sls.etasmoo

430 5691 572 5750 testu
592 5688 816 5750 Apostoli.

493 5744 568 5809 (α)
600 5744 757 5814 Forte,
782 5755 1008 5805 vestram.

1377 312 1460 368 DE
1501 308 1727 368 ()l’EltE
1759 303 2251 369 MUNACUUBUM,
2283 304 2340 359 S.
2383 298 2746 360 AUGUSTINI

3571 308 3676 367 564

2104 435 2251 489 parce
2271 428 2314 472 et
2344 426 2486 471 metet
2512 434 2529 482 ;
2557 426 2603 470 et
2624 417 2709 487 qui
2736 412 2948 471 seminat
2973 412 3025 470 in
3063 413 3433 489 benedictione,
3457 422 3515 477 its
3540 424 3688 481 bene.

2102 511 2317 564 dictione
2363 519 2410 563 et
2454 517 2614 563 metet.
2678 505 3028 580 Unusquisque
3069 510 3343 563 secundum
3388 514 3523 583 quod
3562 532 3685 582 pro.

2104 601 2269 671 posuit
2296 601 2464 665 corde,
2491 617 2591 654 non
2610 615 2672 654 ea:
2690 598 2890 654 tristitia
2918 607 3003 651 aut
3030 615 3092 653 ea:
3118 600 3406 655 necessitate
3434 619 3453 657 :
3474 602 3689 660 hilarem

2103 692 2235 746 enim
2281 692 2506 745 datorem
2548 690 2715 762 diligit
2764 689 2924 747 Deus.
2981 687 3169 744 Potens
3218 700 3290 745 est
3333 701 3502 746 autem
3548 691 3688 750 Deus

2104 799 2297 838 omnem
2322 782 2540 854 gratiam
2567 781 2903 837 abundantem
2944 781 3111 852 {acere
3138 782 3189 836 in
3220 783 3373 849 vobis,
3418 793 3474 838 ut
3498 784 3550 838 in
3574 802 3688 839 ont-

2105 875 2248 930 nibus
2274 890 2472 945 semper
2506 890 2702 928 omnem
2743 873 3088 946 sufﬁcientiam
3128 873 3383 942 habentes,
3426 874 3690 931 abundetis

2106 966 2158 1019 in
2185 981 2331 1018 omne
2371 980 2497 1035 opus
2541 963 2764 1018 bonum:
2804 963 2934 1018 sicut
2961 963 3209 1034 scriptum
3257 974 3362 1028 est,
3413 963 3685 1037 Dispersit,

2107 1057 2245 1112 dedit
2279 1056 2603 1129 pauperibus,
2622 1056 2827 1127 justitia
2866 1057 2976 1127 ejus
3011 1066 3177 1110 manet
3201 1057 3254 1110 in
3278 1067 3538 1112 aeternum.
3590 1059 3696 1129 Qui

2109 1158 2273 1201 autem
2294 1146 2637 1201 subministrat
2665 1162 2832 1201 semen
2856 1147 3143 1213 seminanti,
3177 1156 3222 1201 et
3244 1164 3424 1218 panem
3444 1148 3496 1203 in
3525 1167 3690 1204 escam

2108 1237 2535 1304 subministrabit,
2574 1246 2621 1291 et
2658 1235 3013 1307 multiplicabit
3050 1238 3426 1293 seminationem
3454 1248 3685 1308 vestram,

2110 1339 2158 1383 et
2183 1329 2380 1400 augebit
2413 1339 2686 1385 crescentes
2714 1329 2883 1400 fruges
2898 1330 3114 1400 justitiae
3139 1340 3335 1399 vestrm,
3362 1342 3414 1385 ut
3442 1332 3494 1387 in
3523 1334 3689 1389 omni-

2112 1422 2201 1476 bus
2222 1423 2369 1476 ditati
2400 1424 2416 1454 ¹
2442 1424 2495 1477 in
2522 1439 2718 1477 omnem
2761 1423 3163 1491 simplicitatem,
3206 1439 3321 1494 quae
3347 1435 3585 1495 operatur
3608 1444 3697 1498 per

2114 1530 2205 1567 nos
2252 1515 2528 1584 gratiarum
2575 1514 2819 1567 actionem
2868 1511 2975 1566 Deo
3017 1529 3036 1567 :
3080 1514 3316 1584 quoniam
3365 1515 3695 1573 ministerium

2116 1611 2387 1683 [unctionis
2431 1610 2584 1681 hujus
2626 1628 2726 1663 non
2776 1610 2940 1663 solum
2997 1607 3196 1679 supplet
3243 1626 3301 1664 ea
3352 1626 3466 1683 qua:
3520 1611 3697 1666 desunt

2113 1702 2329 1769 sanctis,
2356 1703 2444 1757 sed
2473 1713 2519 1758 et
2548 1702 2806 1758 abundare
2844 1704 2965 1775 facit
3004 1721 3093 1776 per
3116 1702 3387 1759 multorum
3416 1705 3696 1777 gratiarum

2078 1794 2359 1847 actionem
2401 1793 2545 1859 Deo,
2592 1810 2682 1864 per
2726 1794 3070 1866 probationem
3118 1797 3501 1852 ministrutionis
3545 1798 3698 1871 hujus

2116 1888 2456 1959 gloriﬁcantes
2504 1886 2667 1942 Deum
2703 1888 2758 1942 in
2803 1886 3034 1958 obsequio
3074 1888 3402 1962 confessionis
3444 1901 3619 1946 vestra:
3644 1891 3698 1946 in

2118 1978 2447 2050 Evangelium
2479 1979 2500 2011 ⁸
2546 1978 2751 2047 Christi,
2782 1990 2830 2034 et
2872 1980 3193 2053 simplicitate
3235 1982 3702 2039 communicationis

2118 2072 2170 2125 in
2193 2071 2307 2125 illos
2332 2080 2376 2124 et
2399 2071 2451 2125 in
2491 2088 2681 2138 omnes,
2712 2082 2758 2126 et
2787 2073 2839 2127 in
2864 2072 3087 2144 ipsorum
3119 2074 3402 2146 precatione
3424 2094 3517 2147 pro
3542 2078 3698 2145 vobis,

2118 2162 2508 2218 desiderantium
2533 2180 2618 2218 vos
2659 2174 2864 2234 propter
2907 2165 3228 2221 excellentem
3270 2167 3486 2239 gratiam
3527 2166 3621 2223 Dei
3646 2170 3701 2224 in

2118 2253 2272 2309 vobis.
2303 2252 2505 2309 Gratias
2536 2255 2643 2310 Deo
2667 2272 2820 2326 super
2839 2256 3170 2313 inenarrabili
3192 2257 3327 2314 dono
3347 2261 3455 2333 ejus
3485 2260 3547 2333 (ll
3573 2257 3696 2318 Cor.

2119 2367 2210 2405 VII
2243 2360 2288 2405 et
2324 2351 2420 2420 Ix).
2453 2349 2660 2417 Quanta
2690 2350 3008 2422 pinguedine
3032 2360 3228 2407 sancta:
3256 2353 3451 2409 latitia:
3479 2354 3547 2410 sit
3572 2371 3698 2427 pcr-

2119 2441 2269 2498 fusus
2288 2442 2595 2512 Apostolus,
2618 2440 2744 2498 dum
2768 2440 3000 2512 loquitur
3019 2442 3085 2498 de
3106 2442 3313 2500 alterno
3334 2444 3705 2519 supplemento

2120 2536 2422 2607 indigentiae
2465 2536 2692 2592 militum
2716 2547 2769 2594 et
2802 2539 3203 2610 provincialium
3238 2537 3458 2610 Christi,
3489 2543 3612 2601 hinc
3635 2545 3705 2605 de

2120 2627 2279 2682 rebus
2314 2627 2615 2684 carnalibus
2643 2629 2694 2683 in
2726 2628 2864 2697 illos,
2889 2629 3011 2685 inde
3040 2640 3216 2686 autem
3245 2631 3315 2689 de
3340 2630 3705 2704 spiritualibus

2120 2719 2173 2773 in
2233 2719 2403 2784 istos;
2449 2729 2505 2775 ut
2564 2721 2932 2789 exclamaret,
2991 2730 3046 2779 et
3094 2728 3344 2795 tanquam
3397 2735 3698 2783 sanctorum

2119 2809 2433 2879 gaudiorum
2472 2811 2648 2880 sagina
2704 2821 3005 2869 eructuaret
3034 2854 3048 2880 ,
3080 2812 3302 2883 dicens,
3348 2812 3553 2871 Gratias
3594 2816 3702 2873 Deo

2120 2916 2272 2970 super
2294 2900 2618 2955 inenarrabili
2644 2901 2776 2956 dono
2804 2902 2955 2974 ejus?

2192 3010 2280 3068 19.
2303 3011 2453 3067 Sicut
2472 3028 2598 3084 ergo
2624 3028 2729 3068 non
2749 3014 2978 3070 cessavit
2996 3015 3306 3086 Apostolus,
3332 3017 3445 3075 imo
3465 3020 3699 3089 Spiritus

2122 3101 2215 3155 Dei
2246 3102 2523 3171 possidens
2546 3112 2602 3158 et
2622 3104 2847 3175 impleas
2874 3112 2929 3161 et
2950 3120 3119 3176 agens
3139 3122 3236 3163 cor
3261 3108 3401 3179 ejus,
3427 3111 3697 3167 exhortari

2120 3192 2305 3249 ﬁdeles
2354 3196 2445 3265 qui
2498 3194 2754 3251 haberent
2818 3195 3121 3266 hujumodi
3149 3197 3172 3229 ⁸
3219 3200 3596 3271 substantiam,
3645 3210 3705 3259 ut

2120 3282 2252 3338 nihil
2287 3283 2499 3341 deesset
2545 3285 2955 3342 necessitatibus
2995 3302 3273 3345 servorum
3301 3290 3415 3358 Dei,
3458 3292 3548 3363 qui
3589 3292 3702 3349 oet-

2120 3374 2316 3430 siorem
2358 3377 2654 3431 sanctitatis
2689 3378 2912 3447 gradum
2942 3379 2994 3432 in
3037 3380 3269 3437 Ecclesia
3300 3391 3480 3439 tenere
3513 3384 3702 3442 volue-
3770 3446 3787 3453 ,

2120 3476 2263 3530 runt,
2296 3477 2351 3520 ut
2389 3469 2505 3537 spei
2543 3469 2814 3524 saecularis
2852 3472 3061 3527 vincula
3105 3482 3299 3530 cuncta
3332 3474 3705 3545 princiderent.

2121 3566 2176 3612 et
2207 3559 2441 3614 animum
2485 3561 2707 3615 liberum
2755 3561 2947 3617 divina:
2993 3564 3195 3620 militiai
3236 3565 3591 3625 dedicarem:
3625 3571 3705 3627 sic

2120 3648 2319 3705 debent
2335 3661 2387 3706 et
2413 3651 2513 3721 ipsi
2533 3654 2811 3722 praeceptis
2831 3653 2946 3724 ejus
2969 3655 3210 3724 obedire,
3232 3666 3293 3714 ut
3314 3661 3707 3730 computantur

2120 3740 2362 3805 inﬁrmis.
2393 3750 2447 3796 et
2473 3757 2654 3798 amore
2703 3743 2920 3812 privata:
2961 3746 3038 3800 rei
3076 3761 3184 3801 non
3229 3747 3415 3820 illigati
3459 3751 3707 3810 manibus

2120 3833 2232 3887 suis
2275 3833 2331 3887 in
2373 3848 2656 3888 commune
2700 3835 2946 3891 laborare
2999 3835 3043 3905 ’⁵,
3088 3840 3388 3909 praepositis
3434 3843 3547 3897 suis
3586 3844 3707 3901 sine

2121 3940 2391 3980 murmure
2432 3925 2847 3996 obtemperare;
2886 3936 2943 3985 ut
2983 3927 3086 3985 hoc
3108 3931 3414 4002 suppleatur
3440 3948 3507 3988 ex
3549 3933 3701 3991 obla-

2122 4016 2354 4070 tionibus
2405 4016 2664 4071 honorutu
2719 4016 2993 4085 ﬁdelium,
3046 4020 3188 4091 quod
3241 4022 3600 4080 laborantibus
3647 4033 3707 4082 et

2120 4105 2319 4176 aliquid
2348 4107 2485 4162 unde
2511 4109 2711 4163 victum
2747 4110 3038 4181 transigant
3078 4112 3442 4181 operantibus,
3483 4124 3704 4186 propter

2122 4197 2458 4255 inﬁrmitates
2488 4207 2667 4255 tamen
2689 4201 2998 4269 corporales
3034 4203 3333 4272 aliquorum
3355 4246 3376 4273 ,
3401 4215 3459 4263 et
3486 4217 3704 4278 propter

2121 4291 2508 4346 ecclesiasticas
2531 4292 2906 4364 occupationes
2934 4295 3021 4351 vel
3048 4298 3403 4354 eruditionem
3440 4300 3700 4358 doctrina:

2121 4382 2386 4448 salutaris,
2418 4383 2607 4440 deesse
2635 4386 2934 4456 putaverint
2952 4386 2999 4440 ⁸.

2189 4495 2413 4552 CAPUT
2443 4496 2605 4552 XVII.
2629 4527 2701 4541 —
2718 4498 2811 4555 20.
2838 4497 3125 4555 (κωπέων
3153 4501 3283 4570 pigri
3305 4515 3483 4555 vacare
3503 4518 3559 4556 se
3583 4519 3702 4558 oro-

2122 4587 2266 4654 tions',
2293 4589 2521 4659 psalmis,
2562 4590 2761 4645 lectioni
2785 4601 2835 4645 et
2857 4592 3003 4647 verba
3029 4590 3142 4645 Dei.
3184 4589 3333 4646 Inter
3366 4593 3701 4651 laborandum

2122 4679 2269 4733 licere
2297 4680 2530 4750 psallere.
2589 4681 2874 4738 Lectionum
2908 4699 3013 4736 non
3050 4682 3309 4753 prodesse,
3337 4685 3437 4739 nisi
3460 4687 3550 4756 ﬁat
3568 4689 3703 4758 quod

2121 4770 2322 4841 legitur.
2369 4771 2506 4838 Quid
2550 4774 2697 4828 enim
2738 4781 2893 4845 agant
2943 4773 3037 4844 qui
3089 4776 3299 4844 operari
3355 4779 3706 4846 corporaliter

2122 4861 2326 4927 nolunt,
2371 4864 2457 4917 cui
2499 4864 2573 4918 rei
2615 4876 2802 4921 vacent
2846 4865 2984 4922 scire
3029 4865 3299 4923 desidem
3341 4866 3698 4938 Orationibus,

2120 4954 2387 5024 inquiunt,
2411 4966 2463 5011 et
2488 4957 2733 5026 psalmis,
2754 4969 2815 5014 et
2837 4959 3072 5025 lectioni,
3101 4972 3158 5016 et
3181 4960 3344 5016 verbo
3366 4961 3481 5017 Dei.
3507 4960 3704 5019 Sancta

2122 5047 2274 5116 plane
2300 5049 2407 5102 vita
2429 5059 2485 5102 et
2509 5047 2707 5106 Christi
2733 5052 2997 5108 maritate
3022 5053 3043 5086 ⁶
3078 5053 3361 5112 laudabilis
3386 5071 3407 5115 :
3446 5056 3540 5112 sed
3563 5058 3608 5113 si
3632 5057 3703 5114 ab

2120 5139 2203 5194 his
2231 5140 2485 5196 evocandi
2512 5156 2621 5197 non
2646 5158 2855 5209 sumus,
2887 5160 2989 5201 nec
3013 5146 3439 5205 manducandum
3463 5160 3570 5215 est,
3598 5163 3702 5207 nec

2121 5232 2249 5302 ipsae
2285 5247 2425 5288 escae
2447 5234 2687 5304 quotidie
2722 5235 3111 5306 pressiora-da,
3157 5248 3219 5295 ut
3258 5242 3470 5311 possint
3502 5241 3699 5312 apponi

2182 5388 2203 5464 ξ
2234 5387 2368 5464 una,
2394 5388 2533 5463 dilati
2552 5389 2821 5464 abundetis.
2851 5395 3083 5457 Verbum,
3121 5394 3387 5459 abmdetis,
3422 5409 3521 5449 non
3542 5405 3620 5449 est
3650 5398 3702 5450 to

2384 5459 3307 5587 iilbi'nii'dﬁisf’é’éuentimsm

2183 5573 2205 5639 ξ
2236 5581 2367 5639 Unus
2389 5588 2417 5621 e
2442 5573 2673 5639 vatica'nis
2696 5583 2820 5639 μω,
2846 5578 2993 5639 hujus
3020 5578 3209 5630 nudi.

2181 5634 2205 5667 δ
2233 5638 2305 5684 sic
2328 5645 2429 5685 Mss.
2457 5645 2511 5686 At
2535 5636 2670 5695 editi,
2693 5635 2747 5687 in
2766 5634 3011 5690 cm
3030 5639 3207 5691 litore.

2182 5697 2211 5765 ἓ
2237 5696 2579 5765 tam“:
2602 5705 2731 5765 limis
2752 5712 2781 5748 ε
2809 5702 3051 5765 *μία-ιβ
3064 5700 3440 5765 ωλι-ωτι

2185 5704 2211 5730 ι
2237 5704 2332 5755 m,
2356 5704 2579 5760 posuerit.
2602 5705 2731 5767 (ξιιμ
2752 5712 2781 5748 e
2809 5704 3051 5753 Vaticanis
3064 5707 3192 5762 uss,
3210 5704 3440 5765 passuri.

2185 5758 2208 5791 ο
2234 5758 2968 5815 adnuerinchristsstuwitate.
2992 5764 3157 5828 abest,
3179 5762 3443 5830 ὒν...
