4166 6208
366 359 475 419 565

362 483 421 532 et
447 474 667 530 assumi.
721 472 779 529 Si
807 481 985 529 autem
1008 471 1076 528 ad
1103 473 1205 528 ista
1230 486 1419 529 vacare
1443 486 1631 528 servos
1672 472 1763 528 Dei
1790 474 1953 528 certis

361 566 659 623 intervallis
690 575 1006 636 temporum,
1067 566 1235 637 ipsius
1280 565 1609 621 infirmitatis
1659 567 1951 623 necessitas

362 661 524 732 cogit,
568 676 665 717 cur
706 675 811 716 non
850 669 905 715 et
944 660 1246 730 apostolicis
1281 659 1559 730 praeceptis
1604 658 1955 715 observandis

362 755 568 825 aliquas
619 763 799 824 partes
842 764 1138 823 temporum
1191 754 1549 824 deputamus?
1595 753 1762 810 Citius
1806 755 1951 810 enim

362 845 645 901 exauditur
684 861 787 900 una
826 846 1123 901 obcdientis
1154 846 1349 911 oratio,
1378 862 1537 918 quam
1561 844 1753 902 decem
1786 846 1950 902 millia

362 938 768 1008 contemptoris.
818 938 1031 993 Cantica
1081 952 1209 994 vero
1259 938 1439 994 divina
1491 948 1730 1005 cantare,
1781 939 1944 994 etiam

360 1030 609 1086 manibus
634 1039 919 1101 operantes
956 1030 1107 1085 facile
1139 1040 1383 1100 possunt,
1424 1039 1478 1086 et
1506 1030 1680 1101 ipsum
1711 1030 1951 1086 laborem

359 1132 614 1193 tanquam
663 1122 846 1176 divino
890 1121 1185 1178 celeumate
1225 1122 1487 1178 consolari
1526 1120 1625 1195 (a).
1669 1123 1752 1176 An
1799 1122 1948 1191 igno-

358 1231 560 1280 ramus,
576 1231 763 1271 omues
783 1203 998 1283 opifices
1021 1215 1210 1285 quibus
1225 1215 1545 1270 vanitatibus
1560 1222 1616 1271 et
1639 1214 1951 1284 plerumque

358 1309 522 1362 etiam
551 1307 959 1378 turpitudinibus
997 1306 1373 1361 theatricarnm
1409 1305 1707 1361 fabularum
1743 1304 1950 1361 donent

357 1399 521 1453 corda
566 1407 618 1453 et
664 1398 867 1467 linguas
911 1412 1065 1464 suas,
1114 1413 1237 1453 cum
1280 1413 1469 1453 manus
1514 1397 1587 1454 ab
1624 1412 1790 1469 opere
1835 1410 1945 1454 non

355 1489 652 1546 recedant?
696 1489 833 1556 Quid
877 1504 1006 1559 ergo
1046 1489 1267 1559 impedit
1318 1504 1531 1544 servum
1557 1489 1654 1545 Dei
1701 1487 1949 1544 manibus

344 1589 669 1651 Ioperantem
716 1581 765 1634 in
812 1580 927 1650 lege
968 1580 1175 1635 Domini
1229 1578 1475 1635 meditari
1517 1577 1690 1650 (Psal.
1715 1594 1755 1645 ι,
1780 1576 1861 1649 2),
1890 1586 1951 1635 et

354 1671 586 1743 psallere
622 1672 823 1727 nomini
852 1671 1061 1726 Domini
1098 1670 1357 1727 Altissimi
1401 1668 1578 1741 ('Psal,
1609 1683 1705 1737 xu,
1736 1668 1833 1740 6):
1871 1669 1945 1725 ita

352 1778 488 1819 sane
528 1771 585 1817 ιιι
635 1762 700 1819 ad
749 1778 812 1818 ea
861 1760 1134 1827 discenda,
1176 1777 1295 1831 quae
1361 1760 1673 1818 memoriter
1717 1759 1943 1826 recolat,

353 1854 553 1910 habeat
585 1855 816 1925 seposita
857 1853 1137 1923 tempora?
1162 1854 1245 1908 Ad
1288 1853 1391 1909 hoc
1416 1853 1560 1909 enim
1602 1860 1663 1909 et
1683 1852 1775 1908 illa
1802 1852 1942 1909 bona

353 1961 520 2017 opera
542 1946 799 2012 ﬁdelium,
823 1944 1059 2000 subsidio
1082 1945 1495 2014 supplendorum
1519 1944 1947 2001 necessariorum

353 2037 545 2094 deesse
586 2052 692 2093 non
718 2035 941 2103 debent,
987 2044 1046 2089 ut
1070 2034 1217 2090 horas
1255 2035 1447 2105 quibus
1484 2036 1551 2090 ad
1592 2033 1943 2090 erudiendum

351 2127 588 2182 animum
621 2127 693 2182 ita
721 2135 963 2193 vacatnr,
990 2133 1046 2180 ut
1076 2125 1161 2179 illa
1188 2140 1354 2196 opera
1372 2123 1666 2194 corporalia
1694 2126 1807 2194 geri
1836 2140 1947 2181 non

353 2218 606 2290 possint,
656 2232 767 2271 non
814 2217 1162 2285 opprimant‘
1211 2224 1466 2286 egestate.
1513 2214 1616 2284 Qui
1661 2223 1843 2271 autem
1884 2229 1949 2271 se

351 2309 541 2365 dicunt
584 2322 779 2365 vacare
822 2307 1058 2374 lectioni,
1111 2322 1291 2363 nonne
1335 2307 1441 2363 illic
1484 2307 1761 2362 inveniunt
1802 2303 1946 2377 quod

353 2402 598 2473 praecipit
635 2401 964 2471 Apostolus?
1009 2401 1138 2467 Quae
1166 2410 1249 2456 est
1289 2402 1389 2457 ista
1433 2415 1559 2471 ergo
1600 2400 1945 2471 perversitas,

352 2493 569 2550 lectioni
609 2494 750 2549 nolle
778 2493 1169 2563 obtemperare,
1200 2492 1329 2547 dum
1374 2493 1488 2547 vult
1529 2493 1578 2547 ei
1624 2508 1850 2558 vacare;
1888 2502 1949 2548 et

353 2592 415 2639 ut
440 2583 582 2655 quod
605 2584 805 2640 bonum
829 2593 914 2639 est
938 2584 1135 2639 diutius
1160 2584 1385 2653 legatur,
1428 2583 1549 2638 ideo
1579 2583 1752 2638 facere
1788 2583 1939 2639 nolle

350 2677 498 2748 quod
524 2677 756 2749 legitur?
781 2677 911 2745 Quis
932 2677 1075 2732 enim
1103 2677 1307 2732 nesciat
1333 2684 1483 2730 tanto
1500 2676 1659 2731 citius
1675 2691 1945 2746 quemque

348 2769 616 2840 proficere
659 2785 780 2826 cum
824 2770 962 2826 bona
1010 2769 1155 2845 legit,
1204 2776 1404 2839 quanto
1442 2767 1603 2824 citius
1637 2766 1766 2823 facit
1800 2766 1945 2837 quod

346 2860 478 2932 legit
494 2861 518 2915 ?

421 2951 647 3009 CAPUT
698 2950 885 3008 XVIII.
914 2980 986 2992 -—
1008 2952 1099 3008 21.
1131 2951 1391 3023 Erogandi
1417 2951 1552 3006 verbi
1593 2949 1690 3006 Dei
1733 2950 1943 3006 obtentu

346 3042 576 3098 nolentes
620 3042 848 3097 laborare
888 3043 1218 3113 castigantur.
1278 3041 1475 3096 Paulus
1522 3044 1591 3095 ad
1629 3042 1945 3112 erogandum

343 3134 558 3190 verbum
581 3143 713 3189 certa
740 3143 967 3204 tempora
993 3134 1267 3198 constituit,
1293 3142 1339 3188 et
1362 3133 1466 3187 alia
1495 3132 1563 3185 ad
1583 3132 1939 3188 laborandum.

349 3224 564 3296 Optima
596 3225 905 3295 gubernatio,
956 3234 1011 3277 ut
1053 3224 1222 3277 omnia
1269 3240 1331 3277 ex
1355 3222 1533 3277 ordine
1575 3233 1832 3293 gerantur.
1881 3221 1940 3277 Si

345 3304 528 3374 autem
572 3317 729 3371 alicui
765 3331 943 3372 sermo
967 3315 1265 3387 erogandae
1294 3323 1394 3381 est,
1451 3324 1506 3370 et
1531 3316 1601 3371 ita
1630 3324 1859 3385 occupat
1884 3326 1943 3370 ut

345 3407 596 3464 manibus
630 3409 839 3479 operari
865 3422 971 3463 non
998 3416 1189 3474 vacet;
1224 3407 1479 3477 numquid
1520 3406 1622 3463 hoc
1666 3422 1856 3463 omnes
1885 3407 1938 3462 in

344 3499 673 3555 monasterio
700 3508 950 3569 possunt,
984 3499 1320 3554 venientibus
1349 3498 1416 3553 ad
1445 3513 1505 3554 se
1523 3514 1590 3554 ex
1615 3499 1722 3555 alio
1744 3514 1943 3569 genere

345 3591 474 3646 vita:
499 3590 769 3658 fratribus,
804 3592 886 3647 vel
911 3590 1122 3645 divinas
1149 3590 1406 3646 lectiones
1431 3605 1725 3660 exponere,
1763 3591 1847 3646 vel
1871 3591 1942 3647 de

345 3682 611 3753 aliquibus
645 3683 1030 3753 quaestionibus
1067 3683 1351 3738 salubriter
1378 3682 1685 3754 disputare?
1717 3682 1943 3751 Quando

349 3787 483 3844 ergo
510 3789 612 3827 non
644 3788 832 3829 omnes
862 3782 1104 3843 possunt,
1134 3788 1232 3828 cur
1254 3773 1355 3827 sub
1380 3773 1482 3828 hoc
1506 3773 1726 3828 obtentu
1751 3787 1940 3829 omnes

349 3879 541 3920 vacare
586 3865 808 3920 volunt?
845 3866 1156 3935 Quanquam
1192 3865 1292 3921 etsi
1341 3880 1529 3920 omnes
1569 3873 1811 3934 possent,
1856 3865 1940 3921 vi-

349 3955 663 4011 cissitudine
689 3955 866 4011 facere
903 3956 1161 4012 deberent
1201 3956 1264 4021 ';
1296 3971 1400 4010 non
1439 3956 1613 4010 solum
1653 3972 1720 4011 ne
1757 3957 1937 4013 caeteri

349 4061 382 4102 a
410 4048 729 4103 necessariis
755 4048 1008 4117 operibus
1044 4056 1452 4118 occuparentur,
1497 4046 1595 4102 sed
1629 4047 1789 4102 etiam
1814 4047 1939 4116 quia

348 4137 550 4193 sufficit
568 4147 627 4194 ut
655 4138 988 4195 audientibus
1008 4138 1250 4209 pluribus
1267 4153 1406 4193 unus
1426 4138 1712 4208 loquatur?
1733 4137 1939 4195 Deinde

348 4227 454 4299 ipsi
485 4229 742 4299 Apostolo
768 4230 1036 4300 quomodo
1059 4239 1270 4285 vacaret
1297 4229 1509 4300 operari
1532 4228 1779 4284 manibus
1801 4228 1936 4297 suis,

347 4320 453 4376 nisi
481 4320 551 4375 ad
595 4322 917 4393 erogandum
942 4322 1161 4377 verbum
1192 4319 1290 4376 Dei
1333 4329 1481 4376 certa
1521 4328 1764 4391 tempora
1801 4334 1937 4376 con-

346 4410 628 4466 stitueret?
649 4409 832 4482 Neque
858 4412 1000 4468 enim
1037 4420 1091 4466 et
1118 4411 1222 4466 hoc
1257 4411 1398 4466 Deus
1422 4411 1591 4466 latere
1615 4424 1717 4465 nos
1750 4410 1934 4465 voluit.

345 4501 484 4559 Nam
510 4513 566 4559 et
582 4502 735 4574 cujus
752 4503 884 4559 artis
908 4503 1087 4573 Opifex
1111 4501 1287 4569 fuerit,
1323 4510 1379 4558 et
1398 4503 1590 4573 quibus
1611 4503 1939 4573 temporibus

346 4603 566 4650 vacaret
587 4594 946 4665 dispensanda
972 4594 1282 4666 Evangelio,
1309 4603 1495 4650 sancta
1521 4593 1797 4665 Scriptum
1828 4608 1934 4650 non

346 4686 535 4743 tacuit.
590 4685 724 4742 Nam
759 4702 884 4742 cum
922 4702 1048 4743 eum
1091 4686 1207 4743 dies
1244 4686 1591 4757 profectionis
1632 4694 1848 4758 urgeret
1884 4687 1939 4742 in

347 4777 563 4835 Troade
585 4779 955 4846 constitutum,
983 4782 1142 4835 etiam
1169 4780 1225 4835 in
1250 4795 1352 4835 una
1377 4779 1585 4837 sabbati
1603 4779 1938 4852 congregatis

347 4868 605 4928 fratribus
625 4871 695 4927 ad
717 4870 1070 4944 frangendum
1099 4888 1313 4942 panem,
1334 4880 1483 4929 tanta
1508 4872 1608 4928 fuit
1628 4872 1855 4930 intentio
1883 4880 1940 4928 et

349 4971 458 5019 tam
507 4965 811 5021 neceSSaria
851 4964 1160 5036 disputatio,
1213 4971 1273 5020 ut
1316 4979 1500 5021 sermo
1550 4964 1938 5035 produceretur

345 5070 520 5128 usque
541 5056 611 5112 ad
630 5056 865 5113 medium
894 5058 1066 5113 noctis
1096 5055 1231 5128 (Act.
1258 5070 1353 5122 xx,
1382 5056 1463 5125 7),
1492 5064 1743 5127 tanquam
1782 5054 1933 5111 exci-

343 5146 515 5205 disset
539 5147 618 5204 eis
650 5149 794 5221 quod
836 5165 901 5205 eo
932 5149 1024 5206 die
1054 5164 1163 5203 non
1203 5155 1351 5205 esset
1385 5146 1686 5218 jejunium:
1716 5147 1936 5218 quando

340 5247 525 5294 autem
554 5239 607 5295 in
630 5240 808 5310 aliquo
828 5241 947 5298 loco
974 5241 1285 5297 immoratus
1305 5238 1328 5271 ⁸
1346 5238 1587 5310 quotidie
1608 5238 1930 5310 disputabat,

339 5329 466 5400 quis
492 5329 817 5388 dubitaverit
845 5332 1005 5389 horas
1029 5347 1151 5388 eum
1180 5330 1433 5388 habuisse
1459 5330 1531 5388 ad
1563 5331 1667 5388 hoc
1700 5330 1935 5388 ofﬁcium

405 5506 431 5601 ζ
450 5504 623 5558 Plures
644 5516 771 5571 mss,

408 5630 429 5638 _
461 5569 537 5638 sic
554 5576 734 5638 Mss_.__At
755 5571 893 5638 edu_,
1139 5572 1300 5638 facere
1322 5569 1564 5624 deberem.

329 5630 686 5744 "‘3'me
702 5642 828 5696 uss,
850 5630 1015 5686 iitan
1034 5630 1439 5687 toco'imnoraus
1462 5645 1482 5686 .'
1506 5632 1818 5699 etpla-ltpe,
1838 5633 1934 5688 h-

325 5752 1935 5877 “eimmtnmmumetreuugmqmsem

1778 360 1988 433 usus
2028 356 2224 416 unus.
2266 430 2273 435 η

3550 364 3654 421 566

2064 472 2385 544 deputatas?
2430 472 2668 543 Namque
2704 474 2843 544 apud
2884 473 3118 532 Athenas
3156 493 3276 533 cum
3320 489 3480 545 esset,
3525 480 3655 550 quia

2060 563 2478 620 studiosissimos
2516 580 2692 619 rerum
2739 566 3079 636 inquiSitores
3124 569 3418 633 invenerat,
3466 571 3540 625 ita
3579 570 3648 625 de

2059 654 2153 711 illo
2186 656 2441 726 scriptum
2484 666 2603 711 est:
2654 655 2960 728 Disputabat
3014 660 3167 730 igitur
3203 676 3317 714 cum
3360 661 3555 717 luditis
3595 662 3650 717 in

2058 763 2334 819 synagoga,
2361 757 2408 802 et
2433 746 2671 802 Gentibus
2696 749 2871 804 incolis
2901 750 2953 803 in
2982 750 3096 820 [oro
3130 752 3146 782 ί
3171 767 3261 821 per
3297 768 3494 806 omnem
3518 752 3650 806 diem

2059 839 2126 892 ad
2154 840 2276 893 eos”
2299 839 2387 909 qui
2412 839 2642 894 aderant.
2697 839 2815 894 Non
2847 842 2989 894 cnim
3021 842 3072 895 in
3112 858 3375 914 synagoga
3407 858 3501 913 per
3528 859 3646 897 om-

2058 943 2182 983 nem
2227 928 2387 992 diem,
2439 930 2527 984 ubi
2576 945 2691 984 mos
2721 941 2835 985 erat
2874 931 3094 986 sabbato
3130 934 3474 987 sermocinari
3507 951 3518 987 :
3552 933 3646 988 sed

2056 1021 2111 1073 in
2134 1023 2266 1089 foro,
2292 1019 2480 1090 inquit,
2506 1038 2593 1088 per
2614 1037 2810 1076 onmem
2840 1022 2999 1087 diem;
3022 1032 3241 1093 propter
3262 1025 3434 1079 studia
3465 1025 3645 1094 utique

2056 1110 2480 1167 Atheniensium.
2513 1111 2599 1168 Sic
2624 1113 2767 1167 enim
2795 1115 3037 1183 sequitur
3069 1133 3082 1169 :
3116 1114 3335 1183 Quidam
3362 1132 3477 1170 vero
3506 1114 3641 1187 Epi-

2055 1215 2322 1254 cureorum
2349 1210 2394 1254 et
2426 1200 2712 1256 Stoicorum
2737 1202 3154 1273 philosophorum
3180 1204 3504 1275 conferebant
3530 1222 3646 1259 cum

2054 1286 2164 1343 illo.
2194 1286 2263 1343 Et
2293 1291 2445 1359 paulo
2478 1301 2593 1361 post
2622 1290 2785 1346 dicit:
2814 1294 3138 1349 Athenienses
3164 1305 3327 1350 autem
3365 1306 3411 1350 et
3441 1298 3648 1351 advena:

2055 1382 2276 1452 hospites
2296 1383 2364 1435 ad
2398 1383 2526 1438 nihil
2550 1383 2694 1437 aliud
2734 1385 2997 1455 vacabant,
3044 1404 3197 1459 quam
3242 1389 3409 1445 dicere
3446 1391 3646 1461 aliquid

2053 1472 2189 1541 novi,
2211 1484 2298 1527 aut
2321 1473 2497 1529 audire
2523 1474 2657 1549 (Act.
2688 1494 2816 1545 xvn,
2845 1479 2932 1547 17,
2969 1480 3052 1542 18,
3079 1479 3193 1552 21).
3223 1482 3478 1538 Putemus
3503 1486 3647 1553 Apo-

2053 1562 2247 1620 stolum
2280 1564 2385 1619 illis
2421 1567 2668 1623 omnibus
2693 1568 2877 1625 diebus
2906 1571 3096 1640 quibus
3127 1571 3223 1627 fuit
3257 1574 3501 1640 Athenis,
3536 1589 3643 1629 non

2054 1656 2217 1712 fuisse
2242 1667 2515 1727 cperatum
2545 1676 2559 1723 ;
2591 1670 2806 1729 propter
2837 1662 2938 1716 hoc
2977 1663 3120 1717 enim
3164 1673 3219 1718 et
3244 1680 3308 1718 ex
3334 1663 3642 1720 Macedonia

2053 1749 2398 1819 supplebatur
2438 1750 2554 1819 ejus
2596 1751 2917 1821 indigentia,
2965 1754 3103 1808 sicut
3139 1754 3268 1810 dicit
3311 1754 3364 1809 in
3408 1754 3642 1811 secunda

2052 1834 2120 1894 ad
2163 1837 2469 1896 Corinthios
2517 1840 2583 1911 (ll
2615 1840 2732 1896 Cor.
2780 1859 2855 1908 ιιι,
2906 1844 3010 1913 9):
3069 1860 3376 1916 quanquam
3421 1855 3477 1902 et
3522 1847 3643 1901 aliis

2052 1929 2202 1985 horis
2227 1938 2280 1986 et
2320 1930 2564 1987 noctibus
2593 1942 2817 2002 poterat,
2849 1933 2972 2003 quia
3012 1934 3085 1989 ita
3116 1936 3329 1990 valebat
3372 1945 3426 1992 et
3460 1937 3642 1993 animo

2051 2028 2107 2077 et
2124 2036 2367 2093 corpore.
2394 2022 2502 2079 Sed
2536 2038 2655 2079 cum
2687 2024 2909 2080 Athenis
2942 2026 3159 2092 exisset,
3193 2026 3471 2083 videamus
3512 2027 3642 2097 quid

2051 2112 2178 2169 dicit
2236 2112 2560 2185 Scriptura:
2617 2112 2957 2184 Disputabat,
3019 2117 3222 2187 inquit,
3272 2118 3325 2172 in
3380 2135 3644 2191 synagoga

2052 2220 2143 2274 per
2165 2221 2312 2260 omne
2347 2205 2608 2260 sabbatum
2633 2222 2654 2261 :
2679 2205 2782 2262 hoc
2803 2207 2943 2278 apud
2970 2207 3302 2264 Corinthum.
3345 2210 3402 2265 In
3433 2211 3644 2268 Troade

2051 2309 2200 2366 vero,
2250 2297 2338 2352 ubi
2387 2299 2704 2356 necessitate
2756 2300 3085 2356 imminentis
3139 2301 3484 2371 profectionis
3541 2320 3636 2359 us-

2051 2394 2157 2461 que
2201 2389 2268 2446 ad
2316 2390 2549 2448 medium
2597 2394 2768 2449 noctis
2815 2410 2993 2450 sermo
3035 2404 3332 2464 protractus
3384 2405 3485 2463 est,
3535 2413 3639 2452 una

2050 2478 2275 2536 sabbati'
2308 2491 2457 2548 erat,
2507 2483 2598 2553 qui
2660 2482 2775 2539 dies
2836 2484 3134 2540 dominicus
3192 2485 3443 2541 dicitur:
3496 2488 3638 2545 unde

2051 2569 2395 2641 intelligimus
2429 2588 2554 2629 eum
2598 2589 2701 2629 non
2746 2573 2909 2630 fuisse
2956 2591 3077 2630 cum
3109 2575 3328 2643 Judmis,
3382 2577 3475 2633 sed
3513 2594 3634 2635 cum

2050 2660 2412 2727 Christianis;
2461 2664 2673 2735 quando
2718 2666 2878 2721 etiam
2940 2667 3068 2722 dicit
3118 2669 3232 2738 ipse
3279 2678 3524 2726 narrator
3568 2671 3637 2726 ad

2050 2750 2396 2823 frangendum
2429 2770 2616 2824 panem
2665 2755 2831 2812 fuisse
2857 2757 3131 2813 collectos.
3158 2760 3225 2814 Et
3254 2761 3365 2830 ipsa
3394 2770 3476 2817 est
3500 2763 3638 2832 Opti-

2050 2857 2137 2897 ma
2190 2845 2522 2913 gubernatio,
2552 2854 2610 2900 ut
2648 2847 2825 2901 omnia
2856 2848 2966 2903 suis
2995 2850 3322 2920 temporibus
3351 2850 3637 2910 distributa

2050 2948 2115 2988 ex
2136 2934 2323 2990 ordine
2344 2944 2618 3007 gerantur,
2649 2954 2715 2993 ne
2739 2940 2975 2994 animum
3006 2941 3293 2997 humanum
3316 2945 3633 3003 turbulentis

2050 3026 2497 3096 implicationibus
2524 3028 2759 3085 involuta
2792 3033 3123 3100 perturbent.

2121 3115 2347 3172 CAPUT
2388 3118 2531 3174 XIX.
2562 3151 2633 3161 ——
2672 3120 2759 3174 ἓξ.
2797 3119 3073 3191 Operatum
3112 3142 3217 3179 esse
3250 3123 3473 3181 Paulum
3508 3146 3637 3197 opus

2053 3222 2165 3262 vere
2209 3209 2487 3279 corporale.
2554 3210 2628 3264 lbi
2674 3213 2834 3267 etiam
2886 3212 3078 3268 dicitur
3128 3216 3255 3284 quid
3311 3220 3631 3287 operabatur

2047 3302 2355 3370 Apostolus.
2403 3301 2531 3358 Post
2556 3304 2681 3370 htec,
2707 3305 2896 3375 inquit,
2927 3324 3153 3379 egressus
3178 3308 3240 3362 ab
3269 3309 3477 3365 Athenis
3505 3315 3636 3368 venit

2046 3392 2341 3447 Corinthum
2363 3412 2383 3460 ;
2411 3402 2459 3448 et
2499 3412 2613 3449 cum
2653 3395 2916 3451 invenisset
2955 3400 3222 3468 quemdam
3265 3399 3503 3457 Judteum
3536 3420 3633 3458 no-

2046 3483 2179 3539 mine
2197 3486 2450 3555 Aquilam,
2484 3485 2751 3542 Ponticum
2775 3506 2973 3560 genere,
3002 3510 3174 3547 recens
3203 3495 3545 3552 advenientem
3572 3499 3634 3553 ab

2044 3572 2224 3641 Italia,
2266 3584 2313 3629 et
2363 3574 2654 3633 Priscillam
2696 3596 2904 3635 uxorem
2946 3582 3141 3652 ipsius,
3196 3596 3460 3654 propterea
3499 3591 3636 3659 quod

2036 3665 2273 3735 jussisset
2327 3665 2571 3722 Claudius
2625 3670 2884 3725 discedere
2930 3689 3101 3727 omnes
3156 3674 3367 3732 Iudaeos
3428 3678 3631 3748 Roma,

2045 3758 2253 3811 accessit
2279 3757 2347 3811 ad
2383 3758 2518 3823 illos,
2548 3770 2594 3813 et
2642 3770 2848 3830 propter
2893 3764 3018 3817 artis
3044 3765 3422 3821 similitudinem
3449 3773 3634 3826 mansit

2044 3848 2185 3917 apud
2224 3848 2341 3902 illos
2384 3866 2513 3917 opus
2557 3851 2790 3921 faciens:
2833 3862 2975 3905 erant
3018 3855 3149 3906 enim
3194 3857 3631 3914 tabernaculorum

2044 3937 2263 4004 artiﬁces
2296 3937 2372 4006 (ιι)
2414 3938 2551 4008 (Act.
2600 3954 2750 4006 xvm,
2784 3941 2926 4011 14).
2981 3941 3091 3997 lloc
3137 3944 3179 3997 si
3230 3949 3407 4001 conati
3438 3948 3635 4006 fuerint

2044 4027 2325 4097 allegorice
2347 4028 2702 4097 interpretari,
2739 4030 3025 4086 ostendunt
3053 4035 3321 4102 quomodo
3350 4039 3634 4106 proficiant

2044 4117 2097 4171 in
2126 4118 2498 4173 ecclesiasticis
2529 4120 2721 4174 litteris
2740 4162 2756 4187 ,
2787 4120 2976 4191 quibus
3001 4139 3059 4177 se
3090 4140 3281 4181 vacare
3312 4128 3628 4197 gloriantur.

2043 4207 2112 4262 Et
2134 4217 2280 4263 certe
2310 4208 2395 4263 illa
2442 4225 2561 4280 quae
2603 4226 2762 4280 supra
2809 4211 2946 4266 dicta
3025 4224 3181 4283 sunt,
3236 4215 3501 4290 Numquid
3545 4240 3634 4295 ego

2041 4298 2180 4354 solus
2223 4308 2271 4354 et
2315 4297 2579 4357 Barnabas
2621 4320 2723 4357 non
2771 4303 3008 4360 habemus
3056 4320 3353 4379 poteslatem
3384 4330 3482 4369 non
3509 4334 3631 4385 ope-

2041 4389 2238 4445 randi?
2263 4399 2345 4455 et,
2384 4389 2505 4447 Non
2529 4409 2705 4448 sumus
2742 4395 2823 4449 usi
2851 4395 2945 4449 hac
2969 4408 3212 4467 potestate
3240 4400 3283 4471 (1
3315 4401 3432 4457 Cor.
3467 4422 3540 4469 ix,
3574 4408 3629 4475 6,

2045 4480 2179 4552 12);
2223 4490 2305 4545 et,
2346 4480 2472 4537 Cum
2510 4500 2768 4554 possemus
2822 4486 2961 4540 vobis
3016 4489 3159 4542 oneri
3196 4508 3303 4545 esse
3341 4503 3397 4545 ut
3447 4493 3634 4551 Christi

2044 4573 2273 4645 Apostoli
2317 4574 2359 4647 (l
2389 4570 2569 4629 Thess.
2592 4591 2651 4641 ιι,
2689 4574 2781 4645 7);
2829 4586 2903 4640 et,
2938 4576 3102 4631 Nocte
3142 4591 3192 4632 et
3228 4581 3310 4634 die
3346 4596 3629 4654 opm-antes,

2043 4683 2108 4721 ne
2147 4683 2291 4735 quem
2336 4676 2550 4720 vestrum
2590 4674 2913 4736 gravarentus
2957 4664 3020 4741 (ll
3057 4666 3236 4725 Thess.
3288 4690 3361 4737 ιιι,
3413 4675 3506 4746 8);
3552 4687 3627 4745 et,

2044 4757 2296 4812 Dominus
2325 4756 2575 4811 ordinavit
2610 4759 2679 4812 eis
2700 4759 2787 4829 qui
2828 4756 3158 4833 Evangelium
3198 4769 3524 4833 annuntinnt,
3568 4772 3632 4826 de

2048 4848 2324 4921 Evangelia
2348 4850 2549 4916 vivere;
2575 4866 2668 4922 ego
2720 4860 2889 4906 autem
2927 4852 3119 4907 nullius
3144 4854 3325 4911 harum
3366 4876 3486 4914 usus
3512 4878 3627 4917 sum

2044 4940 2087 5011 (1
2100 4939 2218 4996 Cor.
2236 4955 2309 5007 ut,
2334 4942 2396 4995 14
2414 4951 2458 4994 et
2480 4941 2571 5012 l5)
2593 4959 2606 4995 :
2622 4950 2676 4995 et
2695 4950 2887 4997 caatera
2903 4942 3228 5013 bujusmodi,
3251 4959 3342 5003 aut
3358 4962 3629 5020 exponant

2044 5030 2215 5095 aliter,
2261 5040 2354 5085 aut
2386 5031 2428 5085 si
2472 5031 2877 5101 praeclarissima
2917 5032 3035 5089 luce
3075 5036 3315 5092 veritatis
3350 5050 3627 5111 urgentur,

2044 5123 2340 5195 intelligant
2372 5133 2424 5178 ct
2449 5122 2701 5178 obediant
2733 5141 2746 5177 :
2775 5134 2866 5179 aut
2890 5125 2935 5180 si
2960 5126 3181 5185 obedire
3210 5131 3295 5185 vel
3322 5132 3513 5188 nolunt
3542 5135 3628 5191 vel

2044 5232 2148 5270 non
2185 5224 2428 5285 possunt,
2469 5216 2659 5271 saltem
2699 5215 2820 5271 illos
2846 5218 2935 5288 qui
2967 5219 3172 5288 volunt,
3214 5222 3491 5292 meliores,
3535 5227 3628 5295 qui

2044 5317 2218 5364 autem
2249 5315 2303 5361 et
2330 5315 2567 5377 possunt,
2596 5307 2858 5364 feliciores
2883 5324 3003 5366 esse
3028 5310 3311 5370 fateantur.
3359 5316 3518 5371 Aliud
3543 5325 3629 5373 est

2043 5401 2185 5457 enim
2210 5401 2447 5471 corporis
2490 5399 2851 5456 infirmitatem
2873 5443 2886 5466 ,
2918 5403 3003 5458 vel
3032 5419 3216 5461 veram
3254 5407 3510 5480 allegare,
3538 5409 3624 5464 vel

2050 5634 2062 5646 ,
2107 5574 2127 5606 ι
2160 5578 2289 5633 Lov.,
2548 5571 2600 5624 in
2621 5571 2822 5645 animus
2842 5579 2888 5624 et
2910 5576 3029 5646 [91-0.
3053 5583 3128 5629 Er.
3181 5576 3400 5645 gentibus
3421 5579 3629 5649 singulis

2050 5649 2094 5687 tn
2128 5636 2247 5693 foro.
2277 5634 2498 5684 Nonnulli
2534 5645 2662 5693 uss,
2684 5636 2898 5693 gentibus
2926 5650 2979 5688 tn
3015 5616 3200 5693 vicuﬁs.
3221 5640 3274 5693 in
3310 5643 3431 5693 mro.
3456 5647 3629 5693 Verius

2041 5634 2094 5687 in
2128 5636 2247 5699 foro.
2277 5634 2498 5684 Nonnulli
2534 5645 2662 5695 uss,
2684 5634 2979 5698 gentibus'in
3015 5634 3206 5701 viculis:
3221 5640 3274 5693 in
3309 5643 3431 5707 pro.
3456 5634 3632 5697 vérlus

2042 5696 2355 5770 Florigcensis
2371 5705 2520 5770 vetus
2540 5698 2712 5770 codex,
2740 5697 2954 5770 gentibus
2974 5700 3141 5770 incolis
3162 5702 3215 5754 in
3236 5704 3361 5770 foro.

2106 5735 3149 5830 ξ’ἔιι’ὄιῖῇεεῗᾚίξίῶἱ”ῖιέῖῖᾶἓι’”ἔόἶ
3163 5735 3215 5754 ’⁸
3236 5735 3299 5770 ’ν’
3311 5735 3361 5756 “”

2108 5818 2182 5885 (α)
2212 5825 2394 5886 Graece:
2419 5818 2686 5889 σκέηοροὶοε
