4166 6208
473 341 574 397 567

473 475 665 532 falsam
711 472 1089 544 praetendere:
1133 467 1276 523 aliud
1319 478 1496 523 autem
1534 469 1611 523 sic
1653 469 1863 540 decipi,
1905 476 1960 525 et
1986 468 2065 524 sic

473 566 745 639 decipere,
777 574 834 620 ut
861 565 1077 633 insuper
1097 562 1218 618 ideo
1239 562 1479 617 videatur
1505 562 1558 616 in
1578 562 1747 618 servis
1767 562 1864 619 Dei
1895 560 2067 633 major

474 673 598 716 esse
648 657 883 728 justitia,
931 654 1053 725 quia
1105 652 1275 724 potuit
1335 653 1473 708 inter
1517 654 1794 724 imperitos
1840 669 2067 724 regnare

471 751 705 821 pigritia.
753 749 854 816 Qui
897 749 1039 802 enim
1069 763 1250 802 veram
1289 748 1530 818 corporis
1560 748 1794 804 ostendit
1834 749 2064 804 infirmi-

472 850 669 908 tatem,
716 841 949 896 humane
991 838 1302 896 tractandus
1351 849 1469 906 est;
1513 841 1602 911 qui
1647 849 1824 896 autem
1875 839 2064 895 falsam

470 933 756 1003 praetendit
784 942 841 988 et
883 933 1128 988 convinci
1172 947 1279 987 non
1311 941 1517 1003 potest,
1564 933 1672 989 Deo
1717 933 2064 989 dimittendus

471 1033 554 1078 est
578 1041 591 1076 :
615 1031 806 1079 neuter
825 1035 1004 1081 tamen
1030 1041 1215 1082 eorum
1239 1026 1593 1096 perniciOsam
1617 1025 1855 1096 regulam
1879 1024 1992 1096 figit
2008 1026 2061 1091 ¹;

471 1117 595 1186 quia
622 1117 794 1172 bonus
820 1133 1006 1174 servus
1035 1119 1128 1176 Dei
1157 1130 1212 1176 et
1236 1119 1516 1176 manifeste
1545 1120 1758 1174 infirmo
1785 1119 1937 1175 fratri
1967 1134 2064 1175 suo

471 1208 660 1274 servit,
689 1218 741 1263 et
765 1207 969 1265 fallenti
1013 1227 1134 1266 cum
1164 1212 1353 1278 credit,
1399 1213 1522 1283 quia
1564 1211 1763 1267 malum
1792 1227 1914 1268 eum
1955 1226 2063 1268 non

470 1305 643 1366 putat,
675 1313 782 1354 non
812 1299 1051 1356 imitatur
1076 1311 1133 1356 ut
1159 1303 1330 1357 malus
1351 1303 1420 1357 sit
1446 1319 1460 1369 ;
1491 1312 1545 1358 et
1574 1304 1618 1358 si
1649 1319 1756 1358 non
1796 1304 1845 1358 ei
1869 1302 2061 1369 credit,

467 1387 714 1446 fallacem
739 1402 910 1463 putat,
949 1410 1011 1449 ac
1038 1394 1384 1452 nihilominus
1409 1412 1516 1452 non
1545 1398 1800 1453 imitatur.
1857 1399 1939 1454 Ab
1968 1396 2063 1453 illo

467 1494 602 1537 vero
642 1483 734 1552 qui
760 1483 906 1550 dicit,
951 1485 1076 1540 Haec
1115 1495 1197 1541 est
1233 1503 1357 1542 vera
1387 1487 1615 1558 justitia,
1657 1498 1715 1542 ut
1764 1488 1898 1544 nihil
1937 1503 2062 1544 cor-

467 1574 725 1643 paraliter
764 1576 1036 1645 aperando
1065 1576 1337 1633 imitemur
1365 1579 1596 1634 volatilia
1634 1581 1778 1647 coeli,
1809 1581 2061 1650 quoniam

469 1664 562 1732 qui
592 1664 698 1720 tale
740 1665 941 1736 aliquid
981 1666 1140 1722 fuerit
1185 1678 1436 1738 operatus
1482 1680 1668 1725 contra
1715 1670 2063 1742 Evangelium

468 1754 633 1810 facit:
667 1756 909 1827 quisquis
952 1759 1132 1814 animo
1165 1760 1406 1817 infirmus
1454 1761 1556 1819 hoc
1597 1762 1746 1817 audit
1773 1772 1827 1818 et
1866 1762 2059 1832 credit,

467 1859 579 1901 non
623 1847 747 1917 quia
777 1848 855 1904 sic
899 1859 1088 1917 vacat,
1135 1851 1232 1907 sed
1277 1853 1402 1924 quia
1451 1854 1528 1910 sic
1572 1863 1753 1923 errat,
1801 1854 2064 1928 lugendus

468 1947 574 1993 est.

541 2029 771 2088 CAPUT
803 2031 924 2089 XX.
947 2065 1020 2075 —
1047 2034 1136 2092 23.
1163 2035 1411 2106 Objectia,
1434 2055 1502 2093 an
1523 2041 1688 2094 caeteri
1709 2039 1942 2112 Apostoli
1961 2057 2064 2096 nan

472 2120 760 2178 laborantes
780 2141 838 2178 ac
856 2127 919 2181 de
936 2126 1209 2199 Evangelia
1227 2131 1444 2186 viventes
1460 2133 1732 2204 peccarint.
1754 2133 2059 2208 Responsio.

469 2212 796 2286 Praeceptum
817 2222 1063 2290 aperandi
1083 2239 1166 2278 eos
1185 2235 1412 2293 spectare
1438 2228 1525 2296 qui
1564 2244 1665 2282 non
1693 2229 2059 2300 evangelizant.

468 2303 607 2361 llinc
631 2309 872 2364 exoritur
915 2312 1085 2368 altera
1124 2317 1348 2384 quaestio
1383 2336 1394 2371 :
1427 2316 1658 2374 fortasse
1687 2319 1830 2376 enim
1877 2321 2058 2392 dicat,

468 2396 610 2465 Quid
634 2403 802 2471 ergo?
827 2405 1006 2459 caeteri
1035 2406 1276 2476 Apostoli
1299 2417 1354 2464 et
1390 2408 1584 2466 fratres
1621 2411 1831 2467 Domini
1874 2422 1931 2469 et
1958 2415 2062 2470 Ce-

467 2489 637 2560 phas,
669 2494 793 2562 quia
835 2511 938 2550 non
963 2499 1349 2567 operabantur,
1377 2503 1710 2571 peccabant?
1735 2515 1822 2559 aut
1868 2505 2063 2562 affere-

466 2579 599 2636 baut
628 2583 1068 2653 impedimentum
1097 2589 1407 2662 Evangelia,
1436 2594 1560 2664 quia
1575 2595 1703 2650 dicit
1721 2596 1909 2652 beatus
1928 2598 2064 2653 Pau-

467 2670 556 2726 lus
575 2715 589 2738 ,
623 2674 744 2730 ideo
766 2691 826 2732 se
856 2693 963 2732 non
995 2695 1146 2734 usum
1187 2681 1286 2736 hac
1309 2693 1598 2752 potestate,
1639 2703 1707 2741 ne
1732 2687 1873 2757 quod
1903 2689 2066 2759 impe-

468 2764 768 2822 dimentum
799 2768 950 2825 daret
970 2771 1259 2843 Evangelia
1285 2774 1482 2830 Christi
1503 2778 1526 2830 ?
1547 2778 1602 2834 Si
1633 2780 1776 2833 enim
1801 2795 2063 2850 peccave-

467 2865 630 2923 runt,
661 2859 782 2928 quia
812 2875 917 2915 non
962 2864 1167 2932 operati
1218 2875 1376 2933 sunt,
1419 2883 1526 2924 non
1564 2885 1691 2940 ergo
1741 2883 2065 2942 acceperant

467 2955 795 3018 potestatem
823 2966 926 3006 non
954 2955 1209 3022 aperandi
1230 2997 1245 3021 ,
1287 2958 1382 3012 sed
1409 2959 1476 3014 de
1507 2960 1798 3032 Evangelia
1826 2963 2058 3020 vivendi.

468 3039 527 3096 Si
557 3053 732 3096 autem
758 3054 1079 3114 acceperant
1099 3046 1237 3104 hanc
1259 3059 1576 3119 potestatem
1598 3095 1612 3120 ,
1645 3054 1929 3112 ordinante
1957 3058 2064 3112 Do-

468 3131 616 3187 mino
644 3141 701 3188 ut
725 3135 814 3205 qui
842 3136 1190 3208 Evangelium
1221 3143 1604 3200 annuntiarent
1624 3188 1638 3212 ,
1667 3162 1733 3201 ex
1768 3148 2060 3219 Evangelia

469 3225 740 3293 viverent,
790 3236 845 3283 et
887 3228 1131 3298 dicente,
1172 3232 1370 3304 Dignus
1407 3246 1481 3289 est
1521 3240 1783 3307 aperarius
1825 3241 1934 3294 cibo
1969 3258 2062 3297 sua

471 3314 684 3384 (Matth.
717 3333 751 3370 ι
774 3359 788 3382 ,
822 3316 912 3387 10)
934 3337 948 3385 ;
982 3336 1083 3390 qua
1101 3331 1363 3390 potestate
1390 3326 1585 3381 Paulus
1604 3329 1835 3398 amplius
1860 3331 2061 3400 aliquid

470 3418 698 3474 erogans
726 3407 801 3461 uti
832 3409 1002 3463 uoluit
1035 3428 1048 3464 :
1075 3425 1181 3466 non
1213 3413 1394 3484 utique
1436 3429 1810 3484 peccaverunt.
1853 3420 1908 3476 Si
1955 3437 2062 3478 non

470 3504 830 3562 peccaverunt
854 3539 868 3564 ,
899 3499 1104 3554 nullum
1123 3502 1560 3573 impedimentum
1580 3508 1859 3565 dederunt.
1878 3512 2062 3584 Neque

470 3584 617 3640 enim
645 3587 849 3642 nullum
892 3601 1168 3660 peccatum
1217 3605 1336 3661 est,
1379 3596 1639 3668 impedire
1691 3600 2058 3674 Evangelium.

455 3677 628 3746 Quod
668 3681 713 3735 si
748 3681 818 3736 ita
840 3694 955 3752 est,
988 3693 1043 3741 et
1078 3687 1264 3755 nobis,
1295 3689 1570 3760 inquiunt,
1603 3693 1829 3751 liberum
1858 3706 1972 3766 est,
2007 3708 2064 3755 et

468 3771 550 3826 uti
577 3782 630 3827 et
655 3789 762 3829 non
797 3776 871 3830 uti
901 3777 1000 3833 hac
1031 3789 1314 3849 patestate.

541 3861 630 3919 24.
664 3865 813 3921 Hanc
840 3870 1188 3938 qumstionem
1238 3872 1474 3931 breviter
1502 3877 1766 3934 solverem
1791 3921 1805 3946 ,
1830 3880 1877 3935 si
1912 3882 2060 3940 dice-

468 3971 582 4012 rem
609 3999 623 4022 ,
651 3959 774 4030 quia
824 3968 878 4016 et
925 3964 1069 4031 juste
1096 3963 1330 4022 dicerem
1355 4009 1369 4033 ,
1402 3969 1726 4028 credendum
1772 3988 1892 4029 esse
1917 3977 2061 4046 Apo-

467 4048 631 4104 stolo.
665 4051 782 4120 Ipse
809 4054 951 4108 enim
972 4056 1174 4112 sciebat
1192 4075 1289 4114 cur
1319 4059 1370 4114 in
1394 4061 1649 4118 Ecclesiis
1670 4063 1921 4122 Gentium
1951 4084 2061 4124 non

469 4149 744 4208 oporteret
783 4145 981 4210 portari
1028 4147 1215 4202 venale
1267 4149 1642 4220 Evangelium,
1684 4171 1790 4210 non
1839 4158 2063 4228 culpans

469 4234 811 4300 coapostolos
836 4249 962 4290 suos
987 4277 1002 4301 ,
1027 4238 1121 4292 sed
1144 4239 1844 4310 distinguensministerium
1866 4267 2018 4307 suum
2042 4272 2058 4309 :

471 4320 594 4389 quia
622 4321 692 4376 ita
732 4323 870 4378 inter
896 4339 956 4379 se
996 4325 1410 4396 distribuerant,
1439 4336 1624 4403 procul
1667 4337 1829 4393 dubio
1869 4341 2058 4397 admo-

470 4419 632 4466 nente
679 4412 878 4484 Spiritu
918 4425 1144 4485 sancto,
1193 4424 1590 4494 evangelizaudi
1633 4430 1966 4499 provincias,
2001 4445 2060 4490 ut

469 4499 666 4558 Paulus
704 4516 756 4560 et
804 4506 1074 4564 Barnabas
1108 4510 1176 4565 ad
1219 4511 1418 4570 Gentes
1456 4516 1636 4586 irent,
1666 4520 1742 4574 illi
1780 4531 1957 4578 autem
2002 4526 2058 4582 in

471 4594 931 4656 circumcisionem
977 4599 1114 4675 (Act.
1160 4621 1291 4674 xm,
1320 4607 1388 4674 2,
1421 4619 1468 4663 et
1514 4610 1686 4666 Galat.
1733 4631 1803 4683 ll,
1836 4615 1912 4688 9).
1943 4617 2058 4674 Hoc

469 4696 653 4746 tamen
673 4707 794 4747 eum
824 4697 1150 4767 prazcepisse
1177 4699 1241 4754 iis
1265 4703 1353 4771 qui
1373 4718 1477 4757 non
1507 4703 1774 4764 habebant
1793 4709 2056 4780 ejusmodi

468 4788 788 4850 potestatem
806 4826 820 4850 ,
844 4801 907 4840 ea
927 4803 1046 4858 qua:
1072 4790 1181 4858 jam
1208 4792 1372 4848 multa
1393 4793 1531 4850 dicta
1553 4805 1678 4851 sunt
1696 4800 2055 4860 manifestam.

540 4872 765 4932 CAPUT
789 4877 932 4933 XXI.
959 4911 1031 4921 —
1062 4881 1161 4949 Qui
1188 4900 1364 4939 vacare
1387 4887 1559 4942 volunt
1579 4931 1594 4955 ,
1641 4890 1676 4942 ii
1719 4890 1946 4962 plerique
1997 4913 2060 4950 ea:

467 4964 620 5036 inope
639 4983 698 5020 ac
718 4969 969 5025 laboriosa
989 4975 1090 5026 vita
1116 4978 1340 5032 conversi
1369 4988 1505 5034 sunt.
1538 4979 1626 5036 Isti
1655 4993 1832 5039 autem
1863 4984 2058 5043 fratres

443 5059 639 5112 .nostri
669 5069 868 5117 temere
889 5063 988 5118 sibi
1017 5077 1265 5136 arrogant
1287 5109 1301 5130 .
1334 5079 1591 5140 quantum
1614 5074 1890 5142 existimo,
1913 5078 2056 5146 quod

467 5151 729 5220 ejusmodi
777 5155 1005 5210 habeant
1040 5168 1380 5228 potestatem.
1419 5162 1472 5218 Si
1517 5165 1659 5219 enim
1707 5169 2056 5238 evangelista:

465 5250 630 5308 sunt,
654 5242 852 5309 fateor,
884 5245 1081 5302 habent
1110 5267 1124 5302 :
1156 5250 1199 5304 si
1218 5251 1443 5306 ministri
1471 5253 1654 5312 altaris
1678 5299 1693 5324 ,
1720 5256 2053 5328 dispensato-

462 5343 555 5385 res
583 5344 1035 5392 sacramentorum
1058 5379 1074 5405 ,
1100 5339 1232 5396 bene
1259 5343 1358 5398 sibi
1386 5344 1545 5401 istam
1599 5363 1702 5403 non
1747 5362 1998 5421 arrogant
2032 5393 2049 5420 ,

465 5421 563 5476 sed
589 5424 746 5492 plane
762 5427 1029 5484 vindicant
1057 5439 1394 5499 potestatem.

535 5511 627 5568 25.
655 5514 711 5570 Si
740 5517 928 5572 saltem
953 5519 1219 5578 habebant
1239 5525 1435 5595 aliquid
1461 5528 1514 5582 in
1545 5529 1647 5585 hoc
1682 5531 1879 5586 sarculo
1902 5571 1917 5598 ,
1946 5549 2054 5604 quo

463 5600 621 5661 facile
664 5606 780 5662 sine
819 5609 1030 5680 opificio
1067 5623 1432 5673 sustentarent
1487 5620 1642 5676 istam
1677 5623 1839 5678 vitam
1861 5665 1876 5690 ,
1907 5600 2053 5695 quod

462 5737 558 5851 la;
584 5740 908 5864 smieliores
942 5754 1047 5796 Mss.
1080 5753 1138 5798 At
1157 5754 1288 5810 Lov.,
1325 5745 1461 5814 ﬁgat.
1489 5757 1596 5824 ειη,
1625 5751 1790 5820 ﬁngat.
1832 5758 2055 5818 Nonnulli

563 5831 593 5859 .,
761 5841 773 5854 .

563 5831 593 5859 ο,
617 5831 773 5859 pugn.

1400 349 1482 402 DE
1522 350 1747 406 OPEHE
1785 347 2280 415 MONACHORUM,
2323 349 2380 405 S.
2404 345 2789 408 ‘AUGUSTINI

3656 363 3765 423 508

2179 469 2423 524 conversi
2447 467 2514 523 ad
2544 468 2710 523 Deum
2741 466 3100 539 indigentibus
3114 467 3376 540 dispertiti
3401 483 3561 546 sunt,
3585 487 3766 539 etcre-

2173 557 2345 614 denda
2366 567 2448 613 est
2477 573 2665 614 eorum
2693 558 2976 614 infirmitas
3017 569 3073 615 et
3101 560 3337 617 ferenda.
3371 564 3560 623 Solent
3610 572 3756 628 enim

2173 647 2333 714 tales,
2358 662 2466 703 non
2493 649 2716 717 melius,
2763 649 2901 706 sicut
2935 651 3090 706 multi
3129 660 3350 723 putant,
3393 657 3486 712 sed
3508 661 3651 729 quod
3677 673 3761 719 est

2170 754 2387 808 verum,
2420 741 2722 814 languidius
2745 743 2987 811 educati,
3021 746 3258 801 laborem
3301 763 3522 818 operum
3567 770 3761 826 corpo-

2169 833 2364 890 ralium
2389 836 2654 892 sustinere
2678 852 2784 892 non
2804 853 2982 908 posse.
3005 837 3163 894 Tales
3187 838 3414 898 fortasse
3439 845 3590 900 multi
3608 857 3762 904 erant

2171 925 2228 980 in
2257 925 2621 998 Jerosolyma;
2645 927 2778 984 Nam
2808 938 2863 985 et
2887 931 3142 1001 scriptum
3171 941 3256 988 est
3280 936 3421 1004 quod
3452 938 3649 1007 praedia
3665 957 3759 996 sua

2169 1018 2531 1086 vendiderint,
2569 1029 2625 1076 et
2646 1022 2812 1092 pretia
2840 1037 3025 1078 eorum
3052 1033 3176 1080 ante
3199 1026 3359 1097 pedes
3379 1029 3759 1098 Apostolorum

2169 1113 2481 1182 posuerint,
2505 1122 2563 1169 ut
2581 1113 2991 1172 distribueretur
3017 1118 3302 1190 unicuique
3331 1123 3471 1177 sicut
3493 1138 3626 1194 apus
3643 1135 3762 1181 erat

2172 1199 2306 1274 (Act.
2339 1218 2412 1270 ιι,
2445 1204 2545 1272 45,
2575 1213 2622 1258 et
2650 1221 2734 1271 tv,
2759 1206 2873 1277 54)".
2902 1206 3036 1276 Quia
3062 1224 3229 1280 prope
3277 1211 3480 1268 inventi
3503 1224 3654 1281 sunt,
3706 1226 3761 1272 et

2169 1293 2328 1350 utiles
2357 1294 2570 1350 fuerunt
2597 1295 2857 1354 Gentibus
2884 1299 2926 1366 ί,
2957 1315 3075 1369 quae
3101 1300 3170 1355 ab
3199 1301 3464 1358 idolorum
3514 1306 3656 1360 cultu
3692 1324 3760 1363 ex

2171 1377 2460 1450 longinquo
2486 1381 2848 1450 vocabantur,
2901 1386 3194 1441 secundum
3232 1388 3360 1443 illud
3393 1391 3534 1460 quod
3560 1391 3758 1448 dictum

2170 1480 2283 1540 est,
2310 1471 2393 1527 Ex
2418 1473 2548 1530 Sion
2573 1476 2773 1546 pradiet
2798 1477 2908 1544 lex,
2939 1487 2987 1532 et
3009 1478 3211 1533 verbum
3237 1479 3440 1536 Domini
3468 1500 3530 1538 ea:
3551 1482 3761 1539 Jerusa-

2170 1563 2269 1617 lem
2298 1562 2450 1638 (Isai.
2479 1583 2547 1632 ιι,
2579 1567 2635 1637 5)
2670 1586 2683 1621 :
2710 1567 2982 1625 debitores
3011 1585 3199 1626 eorum
3225 1573 3357 1627 dixit
3381 1575 3668 1645 Apostolus
3688 1592 3758 1632 ex

2169 1654 2429 1713 Gentibus
2450 1657 2786 1715 Christianos
2805 1702 2820 1725 ,
2858 1659 3114 1718 Debitares
3143 1680 3343 1731 eorum,
3377 1665 3577 1737 inquit,
3605 1677 3757 1735 sunt;

2170 1754 2225 1802 et
2243 1746 2448 1803 addidit
2470 1763 2666 1818 quare,
2697 1749 2758 1805 Si
2781 1750 2916 1805 enim
2940 1752 3289 1822 spiritualibus
3319 1771 3488 1809 eorum
3508 1798 3521 1822 ,
3555 1757 3758 1829 inquit,

2170 1839 2659 1895 communicaverunt
2687 1840 2871 1898 Gentes
2892 1884 2908 1908 ,
2953 1842 3132 1900 debent
3161 1855 3210 1900 et
3233 1847 3288 1901 in
3331 1849 3620 1906 carnalibus
3657 1851 3760 1906 nti-

2169 1927 2386 1984 nistrare
2412 1931 2483 1985 eis
2512 1929 2688 2005 (Rom.
2721 1947 2797 1989 xv
2815 1975 2831 2002 ,
2859 1932 2977 2006 27).

2240 2021 2469 2080 CAPUT
2520 2023 2791 2080 XXll.'—
2835 2027 3024 2082 Contra
3052 2029 3240 2086 otiosas
3280 2040 3327 2087 et
3355 2033 3587 2090 verbosas
3609 2076 3625 2102 ,
3674 2036 3762 2106 qui

2171 2115 2400 2186 exemplo
2427 2125 2474 2170 et
2499 2115 2650 2172 verba
2694 2119 2823 2174 alios
2870 2130 3084 2176 avocant
3125 2139 3158 2176 a
3193 2122 3382 2178 labore.
3411 2123 3560 2182 Nunc
3583 2135 3762 2182 autem

2169 2207 2390 2263 veniunt
2416 2208 2729 2281 plerumque
2775 2210 2843 2266 ad
2887 2211 3025 2268 hanc
3064 2214 3456 2285 professionem
3483 2217 3754 2274 servitutis

2169 2296 2266 2354 Dei
2295 2307 2350 2354 et
2389 2316 2456 2356 ex
2501 2300 2807 2359 conditione
2853 2304 3074 2372 servili,
3129 2307 3211 2361 vel
3239 2308 3400 2363 etiam
3430 2307 3636 2378 liberti,
3674 2310 3760 2365 vel

2171 2400 2392 2464 propter
2436 2393 2539 2449 hoc
2563 2409 2594 2448 a
2620 2394 2852 2451 dominis
2896 2396 3106 2453 liberati
3129 2399 3241 2455 sive
3281 2400 3540 2457 liberandi
3565 2444 3580 2467 .
3613 2410 3667 2458 et
3692 2418 3760 2460 ex

2170 2483 2279 2539 vita
2332 2486 2601 2542 rusticana
2623 2529 2638 2551 ,
2671 2496 2726 2544 et
2753 2504 2820 2544 ex
2851 2490 3100 2560 opiﬁcum
3128 2495 3510 2552 exercitatione
3553 2505 3610 2552 et
3647 2497 3763 2568 ple-

2170 2573 2294 2630 beio
2318 2575 2500 2633 labore
2522 2618 2537 2645 ,
2566 2587 2714 2635 tanto
2743 2580 2922 2651 utique
2952 2580 3158 2639 felicius
3185 2593 3384 2655 quanto
3414 2586 3602 2643 fortius
3629 2588 3761 2644 edu-

2171 2665 2276 2720 cati
2306 2668 2433 2736 :qui
2477 2668 2522 2723 si
2579 2684 2686 2724 non
2738 2671 3116 2740 admittantur,
3164 2691 3328 2746 grave
3364 2677 3615 2734 delictum
3657 2689 3759 2735 est.

2171 2756 2320 2812 Multi
2341 2758 2483 2814 enim
2513 2775 2579 2815 ex
2603 2775 2670 2816 eo
2695 2777 2918 2818 numero
2940 2780 3066 2821 vere
3096 2767 3273 2836 magni
3301 2777 3354 2822 et
3395 2769 3634 2825 imitandi
3671 2785 3764 2825 ex-

2171 2847 2443 2903 stiterunt.
2467 2849 2598 2905 Nam
2619 2861 2903 2923 propterea
2932 2865 2977 2908 et
2998 2856 3202 2925 inﬁrma
3228 2859 3404 2913 mundi
3428 2862 3573 2931 elegit
3604 2861 3760 2929 Deus,

2170 2948 2226 2992 ut
2240 2940 2570 3010 confunderet
2590 2943 2783 3013 fortia;
2811 2953 2856 2998 et
2876 2947 3031 3000 stulta
3055 2949 3230 3003 mundi
3250 2950 3398 3020 elegit
3419 2992 3434 3017 ,
3459 2961 3516 3004 ut
3543 2956 3761 3022 confun-

2171 3029 2310 3084 deret
2327 3033 2616 3103 sapientes;
2645 3045 2690 3090 et
2715 3037 2958 3107 ignobilia
2984 3039 3179 3107 mundi,
3206 3049 3250 3094 et
3274 3058 3332 3096 ea
3363 3058 3476 3113 qua:
3502 3059 3601 3098 non
3615 3054 3753 3113 sunt,

2173 3130 2411 3194 tanquam
2440 3126 2574 3192 sint,
2611 3138 2665 3180 ut
2689 3144 2748 3182 ea
2771 3144 2883 3198 qua:
2907 3145 3024 3183 sunt
3059 3141 3361 3186 evacuentur
3391 3149 3408 3186 :
3435 3144 3488 3187 ut
3518 3151 3618 3188 non
3649 3136 3760 3205 glo-

2169 3217 2327 3269 rietur
2350 3218 2514 3271 omnis
2555 3234 2673 3273 cara
2701 3235 2874 3274 coram
2917 3220 3022 3276 Dea
3057 3222 3099 3294 (ι
3127 3221 3246 3279 Cor.
3279 3241 3331 3291 ι,
3388 3222 3603 3299 27-29).
3636 3228 3764 3284 Haec

2169 3308 2354 3379 itaque
2383 3311 2468 3380 pia
2491 3319 2544 3366 et
2579 3321 2761 3368 sancta
2788 3315 3044 3383 cogitatio
3088 3316 3212 3373 facit
3240 3329 3296 3374 ut
3315 3320 3475 3375 etiam
3508 3322 3641 3378 tales
3667 3322 3764 3378 ad-

2168 3399 2448 3456 mittantur
2465 3443 2480 3469 ,
2505 3402 2594 3472 qui
2622 3404 2823 3459 nullum
2843 3405 3075 3463 afferant
3097 3418 3312 3465 mutatae
3341 3411 3394 3466 in
3424 3412 3614 3468 melius
3634 3415 3759 3471 vitae

2169 3488 2569 3546 documentum.
2588 3492 2772 3564 Neque
2787 3496 2929 3550 enim
2956 3509 3179 3568 apparet
3199 3511 3375 3557 utrum
3407 3519 3469 3558 ex
3490 3507 3761 3574 proposito

2169 3580 2441 3636 servitutis
2459 3581 2554 3638 Dei
2572 3584 2817 3640 venerint
2835 3628 2848 3650 ,
2868 3600 2935 3640 an
2953 3588 3115 3645 vitam
3140 3590 3353 3660 inapem
3367 3603 3420 3648 et
3440 3593 3760 3650 laboriosam

2170 3669 2432 3741 fugientes
2464 3675 2616 3730 vacui
2642 3717 2657 3742 ,
2683 3677 2829 3746 pasci
2854 3688 3016 3749 atque
3043 3682 3226 3736 vestiri
3260 3685 3553 3753 voluerint,
3585 3698 3638 3742 et
3680 3690 3760 3744 in-

2168 3777 2334 3835 super
2355 3764 2610 3823 honorari
2640 3769 2709 3823 ab
2737 3775 2815 3825 ets
2841 3786 2871 3825 a
2917 3772 3108 3842 quibus
3140 3779 3412 3831 contemni
3447 3780 3760 3851 conterique

2169 3867 2580 3914 consueverant.
2602 3859 2762 3916 Tales
2790 3876 2918 3932 ergo
2941 3864 3193 3933 quoniam
3217 3880 3275 3920 se
3298 3882 3404 3936 quo
3429 3869 3605 3924 minus
3626 3887 3758 3941 ope-

2168 3955 2375 4015 rentur,
2403 3947 2794 4007 deinlirmitate
2821 3953 3062 4023 corporis
3083 3970 3340 4011 excursare
3369 3973 3472 4012 non
3497 3969 3754 4028 possunt;

2168 4040 2457 4109 praeterita:
2501 4041 2696 4112 quippe
2740 4043 2863 4097 vita:
2909 4047 3297 4104 consuetudine
3323 4051 3754 4118 convincuntur;

2169 4130 2483 4186 umbraculo
2505 4131 2661 4186 malae
2686 4132 2980 4204 disciplina:
2997 4151 3058 4191 se
3081 4146 3400 4208 contegunt,
3440 4150 3496 4195 ut
3526 4157 3591 4196 ex
3621 4142 3758 4197 male

2167 4222 2443 4280 intellecto
2486 4224 2776 4294 Evangelia
2818 4239 3087 4299 praecepta
3115 4231 3408 4301 apostolica
3453 4244 3756 4303 pervertere

2167 4313 2494 4370 meditentur
2522 4333 2536 4369 :
2560 4331 2688 4372 vere
2725 4317 2963 4374 volatilia
3010 4321 3166 4388 coeli,
3214 4323 3306 4378 sed
3336 4339 3431 4392 per
3451 4325 3754 4394 superbiam

2167 4404 2224 4459 in
2243 4404 2406 4459 altum
2435 4419 2494 4461 se
2520 4406 2867 4475 extollendo;
2895 4417 2950 4465 et
2971 4408 3152 4466 fenum
3177 4413 3315 4484 agri,
3350 4413 3445 4468 sed
3471 4415 3758 4472 carnaliter

2169 4498 2473 4555 sentiendo.
3768 4497 3771 4506 ’

2239 4589 2330 4644 26.
2359 4589 2630 4663 Contingit
2654 4593 2798 4648 enim
2819 4594 2898 4650 eis
2918 4593 3057 4664 quod
3079 4594 3133 4648 in
3161 4593 3333 4649 viduis
3346 4595 3651 4664 junioribus
3677 4601 3760 4654 in-

2170 4679 2517 4751 disciplinatis
2545 4684 2841 4740 cavendum
2895 4685 3033 4740 idem
3077 4687 3353 4756 apostolus
3397 4688 3563 4745 dicit:
3591 4691 3760 4746 Simul

2170 4784 2338 4830 autem
2357 4785 2403 4830 et
2426 4777 2598 4832 otiosa:
2623 4794 2728 4832 esse
2750 4777 2945 4832 discunt
2969 4794 2988 4842 ;
3031 4796 3130 4833 non
3159 4780 3324 4833 solum
3351 4792 3520 4835 autem
3547 4784 3718 4836 otiosa?
3738 4825 3750 4845 ,

2169 4868 2260 4922 sed
2289 4869 2441 4922 etiam
2469 4870 2684 4926 curiosis
2708 4881 2754 4925 et
2777 4869 2997 4925 verbosa:
3019 4914 3032 4938 ,
3057 4871 3312 4939 loquentes
3341 4889 3458 4944 qua:
3486 4891 3586 4928 non
3611 4891 3758 4943 apar-

2167 4971 2237 5018 tet
2263 4961 2308 5033 (l
2339 4961 2469 5017 Tim.
2505 4979 2536 5017 v
2560 5005 2575 5030 ,
2599 4965 2710 5034 15).
2749 4963 2861 5020 Hoc
2887 4964 2974 5019 ille
2997 4963 3064 5020 de
3092 4967 3245 5020 malis
3268 4965 3481 5021 feminis
3511 4965 3717 5020 dicebat
3739 5007 3752 5030 ,

2167 5054 2314 5125 quod
2343 5069 2440 5110 nos
2467 5055 2625 5111 etiam
2671 5056 2724 5111 in
2746 5056 2899 5111 malis
2928 5057 3060 5111 viris
3086 5057 3329 5113 dolemus
3355 5067 3408 5114 et
3435 5059 3754 5130 plangimus,

2167 5148 2257 5217 qui
2276 5146 2531 5203 adversus
2557 5161 2682 5203 eum
2714 5148 2920 5218 ipsum,
2954 5149 3005 5202 in
3037 5149 3189 5218 cujus
3220 5149 3472 5219 Epistolis
3493 5151 3593 5205 ista
3623 5150 3756 5219 legi-

2167 5254 2289 5295 mus
2313 5281 2328 5308 ,
2355 5239 2515 5295 otiosi
2531 5249 2586 5296 et
2615 5239 2862 5308 verbosi,
2905 5255 3027 5310 quae
3059 5256 3167 5296 non
3197 5251 3406 5310 oportet
3439 5243 3752 5312 loquuntur.

2165 5331 2234 5386 Et
2259 5332 2303 5386 si
2329 5332 2421 5404 qui
2441 5331 2719 5388 suntinter
2745 5346 2871 5401 eos,
2913 5333 3004 5404 qui
3030 5347 3096 5388 eo
3123 5334 3393 5403 proposito
3434 5332 3502 5388 ad
3521 5343 3758 5390 sanctam

2166 5421 2415 5478 militiam
2441 5423 2715 5492 venerint,
2765 5432 2825 5479 ut
2863 5424 3112 5495 placeant
3165 5425 3251 5478 cui
3311 5440 3368 5479 se
3397 5425 3758 5494 probaverunt

2167 5513 2237 5588 (ll
2261 5515 2392 5571 Tim.
2423 5533 2461 5572 ιι
2483 5558 2499 5586 ,
2530 5518 2588 5589 4)
2610 5559 2624 5583 ,
2657 5533 2780 5573 cum
2830 5517 2902 5573 ita
2933 5519 3150 5588 vigeant
3202 5520 3400 5575 viribus
3425 5521 3664 5590 corporis
3705 5529 3760 5576 et

2167 5605 2470 5679 integritate
2495 5608 2848 5675 valetudinis,
2882 5617 2941 5664 ut
2986 5623 3093 5665 non
3143 5609 3314 5665 solum
3369 5609 3603 5676 erudiri,
3661 5610 3756 5666 sed

2230 5763 2351 5832 grta
2369 5761 2701 5832 Mss/treﬁt
2721 5775 2734 5812 :
2756 5767 3056 5826 Quapropter
3076 5761 3256 5818 umenti
3270 5767 3377 5815 sunt
3399 5759 3590 5826 ﬁdeles,
3601 5766 3646 5816 et
3667 5765 3759 5816 uts-

2170 5822 2238 5876 les
2252 5822 2445 5885 fuerunt
2466 5822 2702 5880 Gentibus.
