  <div class='ocr_page' id='page_1' title='image "/cluster/home/n/w/nwhite01/storage/ocr_20150623/40/hvd.32044096580626/292.png"; bbox 0 0 4140 6216; ppageno 0'>
   <div class='ocr_carea' id='block_1_1' title="bbox 304 314 412 383">
    <p class='ocr_par' dir='ltr' id='par_1_1' title="bbox 304 314 412 383">
     <span class='ocr_line' id='line_1_1' title="bbox 304 314 412 383; baseline 0 0"><span class='ocrx_word' id='word_1_1' title='bbox 304 314 412 383; x_wconf 74' lang='lat'><strong>569</strong></span> 
     </span>
    </p>
   </div>
   <div class='ocr_carea' id='block_1_2' title="bbox 303 429 1898 507">
    <p class='ocr_par' dir='ltr' id='par_1_2' title="bbox 303 429 1898 507">
     <span class='ocr_line' id='line_1_2' title="bbox 303 429 1898 507; baseline -0.008 -10"><span class='ocrx_word' id='word_1_2' title='bbox 303 443 472 498; x_wconf 74' lang='lat' dir='ltr'><strong>etiam</strong></span> <span class='ocrx_word' id='word_1_3' title='bbox 499 435 794 495; x_wconf 90' lang='lat' dir='ltr'><strong>secundum</strong></span> <span class='ocrx_word' id='word_1_4' title='bbox 814 429 1132 507; x_wconf 84' lang='lat' dir='ltr'><strong>Apostolum</strong></span> <span class='ocrx_word' id='word_1_5' title='bbox 1152 432 1366 506; x_wconf 86' lang='lat' dir='ltr'><strong>operari</strong></span> <span class='ocrx_word' id='word_1_6' title='bbox 1390 430 1597 503; x_wconf 85' lang='lat' dir='ltr'><strong>possint</strong></span> <span class='ocrx_word' id='word_1_7' title='bbox 1620 447 1632 495; x_wconf 85' lang='lat'>;</span> <span class='ocrx_word' id='word_1_8' title='bbox 1661 429 1898 499; x_wconf 75' lang='lat' dir='ltr'><strong>exceptis</strong></span> 
     </span>
    </p>
   </div>
   <div class='ocr_carea' id='block_1_3' title="bbox 302 522 1899 599">
    <p class='ocr_par' dir='ltr' id='par_1_3' title="bbox 302 522 1899 599">
     <span class='ocr_line' id='line_1_3' title="bbox 302 522 1899 599; baseline -0.009 -8"><span class='ocrx_word' id='word_1_9' title='bbox 302 534 534 591; x_wconf 86' lang='lat' dir='ltr'><strong>istorum</strong></span> <span class='ocrx_word' id='word_1_10' title='bbox 569 530 759 587; x_wconf 91' lang='lat' dir='ltr'><strong>otiosis</strong></span> <span class='ocrx_word' id='word_1_11' title='bbox 785 528 1159 599; x_wconf 76' lang='lat' dir='ltr'><strong>corruptisque</strong></span> <span class='ocrx_word' id='word_1_12' title='bbox 1188 525 1558 594; x_wconf 83' lang='lat' dir='ltr'><strong>sermonibus,</strong></span> <span class='ocrx_word' id='word_1_13' title='bbox 1590 537 1725 594; x_wconf 90' lang='lat' dir='ltr'><strong>quos</strong></span> <span class='ocrx_word' id='word_1_14' title='bbox 1757 522 1899 591; x_wconf 84' lang='lat' dir='ltr'><strong>judi-</strong></span> 
     </span>
    </p>
   </div>
   <div class='ocr_carea' id='block_1_4' title="bbox 302 615 1900 695">
    <p class='ocr_par' dir='ltr' id='par_1_4' title="bbox 302 615 1900 695">
     <span class='ocr_line' id='line_1_4' title="bbox 302 615 1900 695; baseline -0.009 -15"><span class='ocrx_word' id='word_1_15' title='bbox 302 639 430 682; x_wconf 82' lang='lat' dir='ltr'><strong>care</strong></span> <span class='ocrx_word' id='word_1_16' title='bbox 450 638 547 695; x_wconf 88' lang='lat' dir='ltr'><strong>per</strong></span> <span class='ocrx_word' id='word_1_17' title='bbox 572 619 882 692; x_wconf 88' lang='lat' dir='ltr'><strong>imperitum</strong></span> <span class='ocrx_word' id='word_1_18' title='bbox 905 619 1209 674; x_wconf 88' lang='lat' dir='ltr'><strong>tirocinium</strong></span> <span class='ocrx_word' id='word_1_19' title='bbox 1236 632 1341 672; x_wconf 92' lang='lat' dir='ltr'><strong>non</strong></span> <span class='ocrx_word' id='word_1_20' title='bbox 1371 616 1617 681; x_wconf 86' lang='lat' dir='ltr'><strong>valeant,</strong></span> <span class='ocrx_word' id='word_1_21' title='bbox 1668 615 1720 668; x_wconf 93' lang='lat' dir='ltr'><strong>in</strong></span> <span class='ocrx_word' id='word_1_22' title='bbox 1752 628 1900 668; x_wconf 87' lang='lat' dir='ltr'><strong>eam—</strong></span> 
     </span>
    </p>
   </div>
   <div class='ocr_carea' id='block_1_5' title="bbox 303 705 1901 783">
    <p class='ocr_par' dir='ltr' id='par_1_5' title="bbox 303 705 1901 783">
     <span class='ocr_line' id='line_1_5' title="bbox 303 705 1901 783; baseline -0.009 -11"><span class='ocrx_word' id='word_1_23' title='bbox 303 715 429 771; x_wconf 90' lang='lat' dir='ltr'><strong>dem</strong></span> <span class='ocrx_word' id='word_1_24' title='bbox 460 713 639 770; x_wconf 92' lang='lat' dir='ltr'><strong>labem</strong></span> <span class='ocrx_word' id='word_1_25' title='bbox 679 711 930 783; x_wconf 85' lang='lat' dir='ltr'><strong>pestifera</strong></span> <span class='ocrx_word' id='word_1_26' title='bbox 951 710 1267 781; x_wconf 75' lang='lat' dir='ltr'><strong>contagione</strong></span> <span class='ocrx_word' id='word_1_27' title='bbox 1290 716 1563 763; x_wconf 89' lang='lat' dir='ltr'><strong>mutantur</strong></span> <span class='ocrx_word' id='word_1_28' title='bbox 1586 705 1604 737; x_wconf 85' lang='grc' dir='ltr'>ί</span> <span class='ocrx_word' id='word_1_29' title='bbox 1631 724 1644 760; x_wconf 87' lang='lat'><strong><em>:</em></strong></span> <span class='ocrx_word' id='word_1_30' title='bbox 1678 720 1782 760; x_wconf 92' lang='lat' dir='ltr'><strong>non</strong></span> <span class='ocrx_word' id='word_1_31' title='bbox 1814 718 1901 759; x_wconf 88' lang='lat' dir='ltr'><strong>so-</strong></span> 
     </span>
    </p>
   </div>
   <div class='ocr_carea' id='block_1_6' title="bbox 304 798 1902 869">
    <p class='ocr_par' dir='ltr' id='par_1_6' title="bbox 304 798 1902 869">
     <span class='ocr_line' id='line_1_6' title="bbox 304 798 1902 869; baseline -0.006 -8"><span class='ocrx_word' id='word_1_32' title='bbox 304 808 419 861; x_wconf 89' lang='lat' dir='ltr'><strong>lum</strong></span> <span class='ocrx_word' id='word_1_33' title='bbox 448 821 555 861; x_wconf 89' lang='lat' dir='ltr'><strong>non</strong></span> <span class='ocrx_word' id='word_1_34' title='bbox 581 805 850 860; x_wconf 77' lang='lat' dir='ltr'><strong>imitantes</strong></span> <span class='ocrx_word' id='word_1_35' title='bbox 872 802 1231 859; x_wconf 82' lang='lat' dir='ltr'><strong>obedientiam</strong></span> <span class='ocrx_word' id='word_1_36' title='bbox 1252 808 1556 856; x_wconf 91' lang='lat' dir='ltr'><strong>sanctorum</strong></span> <span class='ocrx_word' id='word_1_37' title='bbox 1575 798 1753 869; x_wconf 86' lang='lat' dir='ltr'><strong>quiete</strong></span> <span class='ocrx_word' id='word_1_38' title='bbox 1778 813 1902 866; x_wconf 85' lang='lat' dir='ltr'><strong>ope-</strong></span> 
     </span>
    </p>
   </div>
   <div class='ocr_carea' id='block_1_7' title="bbox 304 888 1900 964">
    <p class='ocr_par' dir='ltr' id='par_1_7' title="bbox 304 888 1900 964">
     <span class='ocr_line' id='line_1_7' title="bbox 304 888 1900 964; baseline -0.008 -11"><span class='ocrx_word' id='word_1_39' title='bbox 304 899 540 953; x_wconf 87' lang='lat' dir='ltr'><strong>rantium</strong></span> <span class='ocrx_word' id='word_1_40' title='bbox 565 937 591 964; x_wconf 93' lang='lat'><strong>,_</strong></span> <span class='ocrx_word' id='word_1_41' title='bbox 618 904 673 951; x_wconf 90' lang='lat' dir='ltr'><strong>et</strong></span> <span class='ocrx_word' id='word_1_42' title='bbox 701 896 929 951; x_wconf 90' lang='lat' dir='ltr'><strong>aliorum</strong></span> <span class='ocrx_word' id='word_1_43' title='bbox 977 893 1424 948; x_wconf 80' lang='lat' dir='ltr'><strong>monasteriorum</strong></span> <span class='ocrx_word' id='word_1_44' title='bbox 1467 891 1519 944; x_wconf 91' lang='lat' dir='ltr'><strong>in</strong></span> <span class='ocrx_word' id='word_1_45' title='bbox 1550 888 1900 944; x_wconf 88' lang='lat' dir='ltr'><strong>saluberrima</strong></span> 
     </span>
    </p>
   </div>
   <div class='ocr_carea' id='block_1_8' title="bbox 303 982 1895 1058">
    <p class='ocr_par' dir='ltr' id='par_1_8' title="bbox 303 982 1895 1058">
     <span class='ocr_line' id='line_1_8' title="bbox 303 982 1895 1058; baseline -0.005 -16"><span class='ocrx_word' id='word_1_46' title='bbox 303 989 583 1058; x_wconf 86' lang='lat' dir='ltr'><strong>disciplina</strong></span> <span class='ocrx_word' id='word_1_47' title='bbox 602 986 896 1043; x_wconf 90' lang='lat' dir='ltr'><strong>secundum</strong></span> <span class='ocrx_word' id='word_1_48' title='bbox 923 984 1275 1056; x_wconf 80' lang='lat' dir='ltr'><strong>apostolicam</strong></span> <span class='ocrx_word' id='word_1_49' title='bbox 1299 997 1541 1038; x_wconf 84' lang='lat' dir='ltr'><strong>normam</strong></span> <span class='ocrx_word' id='word_1_50' title='bbox 1568 982 1895 1046; x_wconf 85' lang='lat' dir='ltr'><strong>viventium;</strong></span> 
     </span>
    </p>
   </div>
   <div class='ocr_carea' id='block_1_9' title="bbox 305 1076 1900 1146">
    <p class='ocr_par' dir='ltr' id='par_1_9' title="bbox 305 1076 1900 1146">
     <span class='ocr_line' id='line_1_9' title="bbox 305 1076 1900 1146; baseline -0.008 -9"><span class='ocrx_word' id='word_1_51' title='bbox 305 1081 404 1137; x_wconf 86' lang='lat' dir='ltr'><strong>sed</strong></span> <span class='ocrx_word' id='word_1_52' title='bbox 430 1082 590 1137; x_wconf 88' lang='lat' dir='ltr'><strong>etiam</strong></span> <span class='ocrx_word' id='word_1_53' title='bbox 623 1081 938 1135; x_wconf 74' lang='lat' dir='ltr'><strong>insultantes</strong></span> <span class='ocrx_word' id='word_1_54' title='bbox 961 1076 1275 1132; x_wconf 84' lang='lat' dir='ltr'><strong>melioribus</strong></span> <span class='ocrx_word' id='word_1_55' title='bbox 1294 1118 1308 1140; x_wconf 85' lang='lat'><strong>,</strong></span> <span class='ocrx_word' id='word_1_56' title='bbox 1333 1084 1584 1146; x_wconf 89' lang='lat' dir='ltr'><strong>tanquam</strong></span> <span class='ocrx_word' id='word_1_57' title='bbox 1610 1087 1900 1129; x_wconf 89' lang='lat' dir='ltr'><strong>conserva-</strong></span> 
     </span>
    </p>
   </div>
   <div class='ocr_carea' id='block_1_10' title="bbox 308 1167 1900 1242">
    <p class='ocr_par' dir='ltr' id='par_1_10' title="bbox 308 1167 1900 1242">
     <span class='ocr_line' id='line_1_10' title="bbox 308 1167 1900 1242; baseline -0.006 -16"><span class='ocrx_word' id='word_1_58' title='bbox 308 1173 501 1227; x_wconf 84' lang='lat' dir='ltr'><strong>tricem</strong></span> <span class='ocrx_word' id='word_1_59' title='bbox 546 1170 822 1242; x_wconf 73' lang='lat' dir='ltr'><strong>Evangelii</strong></span> <span class='ocrx_word' id='word_1_60' title='bbox 876 1169 1228 1241; x_wconf 63' lang='lat' dir='ltr'><strong>praedicantes</strong></span> <span class='ocrx_word' id='word_1_61' title='bbox 1284 1167 1587 1238; x_wconf 79' lang='lat' dir='ltr'><strong>pigritiam,</strong></span> <span class='ocrx_word' id='word_1_62' title='bbox 1646 1173 1900 1235; x_wconf 86' lang='lat' dir='ltr'><strong>tanquam</strong></span> 
     </span>
    </p>
   </div>
   <div class='ocr_carea' id='block_1_11' title="bbox 307 1256 1901 1336">
    <p class='ocr_par' dir='ltr' id='par_1_11' title="bbox 307 1256 1901 1336">
     <span class='ocr_line' id='line_1_11' title="bbox 307 1256 1901 1336; baseline -0.006 -17"><span class='ocrx_word' id='word_1_63' title='bbox 307 1264 792 1336; x_wconf 69' lang='lat' dir='ltr'><strong>pmvaricatriccm</strong></span> <span class='ocrx_word' id='word_1_64' title='bbox 855 1270 1172 1317; x_wconf 85' lang='lat' dir='ltr'><strong>accusantes</strong></span> <span class='ocrx_word' id='word_1_65' title='bbox 1240 1259 1679 1316; x_wconf 88' lang='lat' dir='ltr'><strong>misericordiam.</strong></span> <span class='ocrx_word' id='word_1_66' title='bbox 1736 1256 1901 1311; x_wconf 85' lang='lat' dir='ltr'><strong>Multo</strong></span> 
     </span>
    </p>
   </div>
   <div class='ocr_carea' id='block_1_12' title="bbox 306 1354 1900 1428">
    <p class='ocr_par' dir='ltr' id='par_1_12' title="bbox 306 1354 1900 1428">
     <span class='ocr_line' id='line_1_12' title="bbox 306 1354 1900 1428; baseline -0.004 -15"><span class='ocrx_word' id='word_1_67' title='bbox 306 1360 454 1413; x_wconf 92' lang='lat' dir='ltr'><strong>enim</strong></span> <span class='ocrx_word' id='word_1_68' title='bbox 480 1356 880 1414; x_wconf 89' lang='lat' dir='ltr'><strong>misericordius</strong></span> <span class='ocrx_word' id='word_1_69' title='bbox 909 1366 1162 1427; x_wconf 82' lang='lat' dir='ltr'><strong>operatur</strong></span> <span class='ocrx_word' id='word_1_70' title='bbox 1186 1372 1309 1428; x_wconf 90' lang='lat' dir='ltr'><strong>erga</strong></span> <span class='ocrx_word' id='word_1_71' title='bbox 1334 1356 1541 1411; x_wconf 89' lang='lat' dir='ltr'><strong>animas</strong></span> <span class='ocrx_word' id='word_1_72' title='bbox 1569 1354 1900 1409; x_wconf 77' lang='lat' dir='ltr'><strong>infirmorum</strong></span> 
     </span>
    </p>
   </div>
   <div class='ocr_carea' id='block_1_13' title="bbox 307 1438 1902 1520">
    <p class='ocr_par' dir='ltr' id='par_1_13' title="bbox 307 1438 1902 1520">
     <span class='ocr_line' id='line_1_13' title="bbox 307 1438 1902 1520; baseline -0.002 -17"><span class='ocrx_word' id='word_1_73' title='bbox 307 1450 403 1520; x_wconf 87' lang='lat' dir='ltr'><strong>qui</strong></span> <span class='ocrx_word' id='word_1_74' title='bbox 431 1451 585 1505; x_wconf 66' lang='lat' dir='ltr'><strong>bona:</strong></span> <span class='ocrx_word' id='word_1_75' title='bbox 615 1448 769 1504; x_wconf 59' lang='lat' dir='ltr'><strong>fama)</strong></span> <span class='ocrx_word' id='word_1_76' title='bbox 820 1438 1096 1504; x_wconf 70' lang='grc' dir='ltr'><strong>εει-νοητὴ]</strong></span> <span class='ocrx_word' id='word_1_77' title='bbox 1156 1449 1245 1503; x_wconf 93' lang='lat' dir='ltr'><strong>Dei</strong></span> <span class='ocrx_word' id='word_1_78' title='bbox 1275 1448 1505 1503; x_wconf 87' lang='lat' dir='ltr'><strong>consulit</strong></span> <span class='ocrx_word' id='word_1_79' title='bbox 1524 1487 1538 1511; x_wconf 90' lang='lat'><strong>,</strong></span> <span class='ocrx_word' id='word_1_80' title='bbox 1568 1461 1726 1517; x_wconf 89' lang='lat' dir='ltr'><strong>quam</strong></span> <span class='ocrx_word' id='word_1_81' title='bbox 1777 1460 1902 1516; x_wconf 85' lang='lat' dir='ltr'><strong>erga</strong></span> 
     </span>
    </p>
   </div>
   <div class='ocr_carea' id='block_1_14' title="bbox 308 1538 1899 1615">
    <p class='ocr_par' dir='ltr' id='par_1_14' title="bbox 308 1538 1899 1615">
     <span class='ocr_line' id='line_1_14' title="bbox 308 1538 1899 1615; baseline -0.004 -15"><span class='ocrx_word' id='word_1_82' title='bbox 308 1559 541 1615; x_wconf 88' lang='lat' dir='ltr'><strong>corpora</strong></span> <span class='ocrx_word' id='word_1_83' title='bbox 593 1543 858 1614; x_wconf 77' lang='lat' dir='ltr'><strong>egentium</strong></span> <span class='ocrx_word' id='word_1_84' title='bbox 915 1543 1006 1613; x_wconf 91' lang='lat' dir='ltr'><strong>qui</strong></span> <span class='ocrx_word' id='word_1_85' title='bbox 1057 1558 1244 1613; x_wconf 89' lang='lat' dir='ltr'><strong>panem</strong></span> <span class='ocrx_word' id='word_1_86' title='bbox 1289 1540 1647 1597; x_wconf 86' lang='lat' dir='ltr'><strong>esurientibus</strong></span> <span class='ocrx_word' id='word_1_87' title='bbox 1689 1538 1899 1609; x_wconf 81' lang='lat' dir='ltr'><strong>frangit.</strong></span> 
     </span>
    </p>
   </div>
   <div class='ocr_carea' id='block_1_15' title="bbox 309 1630 1899 1708">
    <p class='ocr_par' dir='ltr' id='par_1_15' title="bbox 309 1630 1899 1708">
     <span class='ocr_line' id='line_1_15' title="bbox 309 1630 1899 1708; baseline -0.004 -16"><span class='ocrx_word' id='word_1_88' title='bbox 309 1637 653 1708; x_wconf 86' lang='lat' dir='ltr'><strong>Quapropter</strong></span> <span class='ocrx_word' id='word_1_89' title='bbox 686 1636 885 1691; x_wconf 86' lang='lat' dir='ltr'><strong>utinam</strong></span> <span class='ocrx_word' id='word_1_90' title='bbox 917 1636 1001 1690; x_wconf 90' lang='lat' dir='ltr'><strong>isti</strong></span> <span class='ocrx_word' id='word_1_91' title='bbox 1036 1636 1125 1705; x_wconf 88' lang='lat' dir='ltr'><strong>qui</strong></span> <span class='ocrx_word' id='word_1_92' title='bbox 1156 1648 1345 1689; x_wconf 86' lang='lat' dir='ltr'><strong>vacare</strong></span> <span class='ocrx_word' id='word_1_93' title='bbox 1384 1634 1569 1687; x_wconf 90' lang='lat' dir='ltr'><strong>volunt</strong></span> <span class='ocrx_word' id='word_1_94' title='bbox 1610 1630 1857 1686; x_wconf 90' lang='lat' dir='ltr'><strong>manibus</strong></span> <span class='ocrx_word' id='word_1_95' title='bbox 1884 1672 1899 1697; x_wconf 95' lang='lat'><strong>,</strong></span> 
     </span>
    </p>
   </div>
   <div class='ocr_carea' id='block_1_16' title="bbox 309 1723 1904 1797">
    <p class='ocr_par' dir='ltr' id='par_1_16' title="bbox 309 1723 1904 1797">
     <span class='ocr_line' id='line_1_16' title="bbox 309 1723 1904 1797; baseline -0.003 -13"><span class='ocrx_word' id='word_1_96' title='bbox 309 1729 533 1784; x_wconf 85' lang='lat' dir='ltr'><strong>omnino</strong></span> <span class='ocrx_word' id='word_1_97' title='bbox 560 1738 809 1783; x_wconf 86' lang='lat' dir='ltr'><strong>vacarent</strong></span> <span class='ocrx_word' id='word_1_98' title='bbox 835 1735 889 1782; x_wconf 88' lang='lat' dir='ltr'><strong>et</strong></span> <span class='ocrx_word' id='word_1_99' title='bbox 914 1728 1128 1796; x_wconf 84' lang='lat' dir='ltr'><strong>linguis.</strong></span> <span class='ocrx_word' id='word_1_100' title='bbox 1172 1727 1354 1797; x_wconf 83' lang='lat' dir='ltr'><strong>Neque</strong></span> <span class='ocrx_word' id='word_1_101' title='bbox 1382 1726 1525 1780; x_wconf 91' lang='lat' dir='ltr'><strong>enim</strong></span> <span class='ocrx_word' id='word_1_102' title='bbox 1551 1734 1656 1779; x_wconf 87' lang='lat' dir='ltr'><strong>tam</strong></span> <span class='ocrx_word' id='word_1_103' title='bbox 1708 1723 1904 1780; x_wconf 91' lang='lat' dir='ltr'><strong>multos</strong></span> 
     </span>
    </p>
   </div>
   <div class='ocr_carea' id='block_1_17' title="bbox 310 1816 1904 1887">
    <p class='ocr_par' dir='ltr' id='par_1_17' title="bbox 310 1816 1904 1887">
     <span class='ocr_line' id='line_1_17' title="bbox 310 1816 1904 1887; baseline -0.003 -11"><span class='ocrx_word' id='word_1_104' title='bbox 310 1821 378 1876; x_wconf 89' lang='lat' dir='ltr'><strong>ad</strong></span> <span class='ocrx_word' id='word_1_105' title='bbox 406 1820 756 1876; x_wconf 80' lang='lat' dir='ltr'><strong>imitationem</strong></span> <span class='ocrx_word' id='word_1_106' title='bbox 780 1820 1103 1886; x_wconf 89' lang='lat' dir='ltr'><strong>invitarent,</strong></span> <span class='ocrx_word' id='word_1_107' title='bbox 1135 1820 1179 1874; x_wconf 87' lang='lat' dir='ltr'><strong>si</strong></span> <span class='ocrx_word' id='word_1_108' title='bbox 1206 1819 1284 1874; x_wconf 90' lang='lat' dir='ltr'><strong>eis</strong></span> <span class='ocrx_word' id='word_1_109' title='bbox 1302 1835 1405 1874; x_wconf 93' lang='lat' dir='ltr'><strong>non</strong></span> <span class='ocrx_word' id='word_1_110' title='bbox 1437 1828 1637 1874; x_wconf 91' lang='lat' dir='ltr'><strong>tantum</strong></span> <span class='ocrx_word' id='word_1_111' title='bbox 1659 1816 1904 1887; x_wconf 88' lang='lat' dir='ltr'><strong>exempla</strong></span> 
     </span>
    </p>
   </div>
   <div class='ocr_carea' id='block_1_18' title="bbox 312 1911 1378 1983">
    <p class='ocr_par' dir='ltr' id='par_1_18' title="bbox 312 1911 1378 1983">
     <span class='ocr_line' id='line_1_18' title="bbox 312 1911 1378 1983; baseline -0.003 -17"><span class='ocrx_word' id='word_1_112' title='bbox 312 1913 493 1983; x_wconf 87' lang='lat' dir='ltr'><strong>pigra,</strong></span> <span class='ocrx_word' id='word_1_113' title='bbox 523 1911 617 1966; x_wconf 89' lang='lat' dir='ltr'><strong>sed</strong></span> <span class='ocrx_word' id='word_1_114' title='bbox 646 1913 807 1966; x_wconf 87' lang='lat' dir='ltr'><strong>etiam</strong></span> <span class='ocrx_word' id='word_1_115' title='bbox 828 1922 970 1964; x_wconf 86' lang='lat' dir='ltr'><strong>muta</strong></span> <span class='ocrx_word' id='word_1_116' title='bbox 999 1920 1378 1981; x_wconf 85' lang='lat' dir='ltr'><strong>proponerent.</strong></span> 
     </span>
    </p>
   </div>
   <div class='ocr_carea' id='block_1_19' title="bbox 322 1998 1906 2072">
    <p class='ocr_par' dir='ltr' id='par_1_19' title="bbox 322 1998 1906 2072">
     <span class='ocr_line' id='line_1_19' title="bbox 322 1998 1906 2072; baseline -0.003 -14"><span class='ocrx_word' id='word_1_117' title='bbox 322 2016 329 2017; x_wconf 44' lang='grc' dir='ltr'>ί</span> <span class='ocrx_word' id='word_1_118' title='bbox 381 2001 610 2058; x_wconf 75' lang='lat' dir='ltr'><strong>CAPUT</strong></span> <span class='ocrx_word' id='word_1_119' title='bbox 636 2000 825 2057; x_wconf 75' lang='lat' dir='ltr'>XXIII.</span> <span class='ocrx_word' id='word_1_120' title='bbox 849 2032 919 2041; x_wconf 97' lang='lat'>—</span> <span class='ocrx_word' id='word_1_121' title='bbox 947 2001 1037 2056; x_wconf 83' lang='grc'><strong>27.</strong></span> <span class='ocrx_word' id='word_1_122' title='bbox 1088 2000 1415 2072; x_wconf 81' lang='lat' dir='ltr'><strong>Evangetium</strong></span> <span class='ocrx_word' id='word_1_123' title='bbox 1466 2016 1568 2054; x_wconf 88' lang='lat' dir='ltr'><strong>non</strong></span> <span class='ocrx_word' id='word_1_124' title='bbox 1607 2009 1740 2054; x_wconf 83' lang='lat' dir='ltr'><strong>recte</strong></span> <span class='ocrx_word' id='word_1_125' title='bbox 1758 1998 1906 2054; x_wconf 84' lang='lat' dir='ltr'><strong>intel-</strong></span> 
     </span>
    </p>
   </div>
   <div class='ocr_carea' id='block_1_20' title="bbox 314 2091 1906 2165">
    <p class='ocr_par' dir='ltr' id='par_1_20' title="bbox 314 2091 1906 2165">
     <span class='ocr_line' id='line_1_20' title="bbox 314 2091 1906 2165; baseline -0.002 -15"><span class='ocrx_word' id='word_1_126' title='bbox 314 2093 496 2150; x_wconf 79' lang='lat' dir='ltr'><strong>lectum</strong></span> <span class='ocrx_word' id='word_1_127' title='bbox 520 2095 745 2165; x_wconf 79' lang='lat' dir='ltr'><strong>apigris.</strong></span> <span class='ocrx_word' id='word_1_128' title='bbox 773 2093 955 2149; x_wconf 80' lang='lat' dir='ltr'><strong>Jocose</strong></span> <span class='ocrx_word' id='word_1_129' title='bbox 986 2093 1278 2148; x_wconf 80' lang='lat' dir='ltr'><strong>deridentur</strong></span> <span class='ocrx_word' id='word_1_130' title='bbox 1302 2095 1489 2165; x_wconf 81' lang='lat' dir='ltr'><strong>ignaui.</strong></span> <span class='ocrx_word' id='word_1_131' title='bbox 1516 2091 1758 2147; x_wconf 81' lang='lat' dir='ltr'><strong>Monachi</strong></span> <span class='ocrx_word' id='word_1_132' title='bbox 1799 2109 1906 2147; x_wconf 79' lang='lat' dir='ltr'><strong>sese</strong></span> 
     </span>
    </p>
   </div>
   <div class='ocr_carea' id='block_1_21' title="bbox 312 2185 1905 2257">
    <p class='ocr_par' dir='ltr' id='par_1_21' title="bbox 312 2185 1905 2257">
     <span class='ocr_line' id='line_1_21' title="bbox 312 2185 1905 2257; baseline -0.002 -15"><span class='ocrx_word' id='word_1_133' title='bbox 312 2188 639 2254; x_wconf 72' lang='lat' dir='ltr'><strong>includentes,</strong></span> <span class='ocrx_word' id='word_1_134' title='bbox 665 2196 765 2242; x_wconf 87' lang='lat' dir='ltr'><strong>uta</strong></span> <span class='ocrx_word' id='word_1_135' title='bbox 790 2188 931 2242; x_wconf 86' lang='lat' dir='ltr'><strong>nullo</strong></span> <span class='ocrx_word' id='word_1_136' title='bbox 959 2188 1224 2241; x_wconf 86' lang='lat' dir='ltr'><strong>videantur</strong></span> <span class='ocrx_word' id='word_1_137' title='bbox 1239 2203 1328 2257; x_wconf 85' lang='lat' dir='ltr'><strong>per</strong></span> <span class='ocrx_word' id='word_1_138' title='bbox 1350 2188 1534 2240; x_wconf 83' lang='lat' dir='ltr'><strong>multos</strong></span> <span class='ocrx_word' id='word_1_139' title='bbox 1573 2186 1698 2240; x_wconf 80' lang='lat' dir='ltr'><strong>dies.</strong></span> <span class='ocrx_word' id='word_1_140' title='bbox 1730 2185 1905 2239; x_wconf 78' lang='lat' dir='ltr'><strong>Eran-</strong></span> 
     </span>
    </p>
   </div>
   <div class='ocr_carea' id='block_1_22' title="bbox 313 2278 1908 2350">
    <p class='ocr_par' dir='ltr' id='par_1_22' title="bbox 313 2278 1908 2350">
     <span class='ocr_line' id='line_1_22' title="bbox 313 2278 1908 2350; baseline -0.001 -17"><span class='ocrx_word' id='word_1_141' title='bbox 313 2280 524 2350; x_wconf 82' lang='lat' dir='ltr'><strong>geticum</strong></span> <span class='ocrx_word' id='word_1_142' title='bbox 541 2288 846 2349; x_wconf 68' lang='lat' dir='ltr'><strong>pra&#39;ceptum</strong></span> <span class='ocrx_word' id='word_1_143' title='bbox 875 2295 973 2334; x_wconf 87' lang='lat' dir='ltr'><strong>non</strong></span> <span class='ocrx_word' id='word_1_144' title='bbox 994 2278 1251 2350; x_wconf 81' lang='lat' dir='ltr'><strong>cogitandi</strong></span> <span class='ocrx_word' id='word_1_145' title='bbox 1271 2279 1333 2332; x_wconf 85' lang='lat' dir='ltr'><strong>de</strong></span> <span class='ocrx_word' id='word_1_146' title='bbox 1356 2279 1576 2333; x_wconf 81' lang='lat' dir='ltr'><strong>crastino</strong></span> <span class='ocrx_word' id='word_1_147' title='bbox 1601 2278 1908 2332; x_wconf 84' lang='lat' dir='ltr'><strong>concordare</strong></span> 
     </span>
    </p>
   </div>
   <div class='ocr_carea' id='block_1_23' title="bbox 313 2369 1905 2441">
    <p class='ocr_par' dir='ltr' id='par_1_23' title="bbox 313 2369 1905 2441">
     <span class='ocr_line' id='line_1_23' title="bbox 313 2369 1905 2441; baseline 0.001 -18"><span class='ocrx_word' id='word_1_148' title='bbox 313 2385 429 2424; x_wconf 72' lang='lat' dir='ltr'><strong>cuni</strong></span> <span class='ocrx_word' id='word_1_149' title='bbox 475 2371 738 2441; x_wconf 80' lang='lat' dir='ltr'><strong>Apostoto.</strong></span> <span class='ocrx_word' id='word_1_150' title='bbox 770 2370 922 2426; x_wconf 91' lang='lat' dir='ltr'><strong>Nunc</strong></span> <span class='ocrx_word' id='word_1_151' title='bbox 970 2386 1101 2426; x_wconf 89' lang='lat' dir='ltr'><strong>vero</strong></span> <span class='ocrx_word' id='word_1_152' title='bbox 1127 2380 1313 2427; x_wconf 90' lang='lat' dir='ltr'><strong>contra</strong></span> <span class='ocrx_word' id='word_1_153' title='bbox 1362 2371 1676 2441; x_wconf 85' lang='lat' dir='ltr'><strong>Apostolum</strong></span> <span class='ocrx_word' id='word_1_154' title='bbox 1706 2369 1905 2426; x_wconf 89' lang='lat' dir='ltr'><strong>Christi</strong></span> 
     </span>
    </p>
   </div>
   <div class='ocr_carea' id='block_1_24' title="bbox 312 2462 1908 2534">
    <p class='ocr_par' dir='ltr' id='par_1_24' title="bbox 312 2462 1908 2534">
     <span class='ocr_line' id='line_1_24' title="bbox 312 2462 1908 2534; baseline 0 -16"><span class='ocrx_word' id='word_1_155' title='bbox 312 2463 541 2519; x_wconf 86' lang='lat' dir='ltr'><strong>recitant</strong></span> <span class='ocrx_word' id='word_1_156' title='bbox 571 2462 915 2534; x_wconf 85' lang='lat' dir='ltr'><strong>Evangelium</strong></span> <span class='ocrx_word' id='word_1_157' title='bbox 944 2463 1162 2519; x_wconf 74' lang='lat' dir='ltr'><strong>Christi.</strong></span> <span class='ocrx_word' id='word_1_158' title='bbox 1210 2465 1280 2518; x_wconf 88' lang='lat' dir='ltr'><strong>Ita</strong></span> <span class='ocrx_word' id='word_1_159' title='bbox 1310 2463 1451 2519; x_wconf 87' lang='lat' dir='ltr'><strong>enim</strong></span> <span class='ocrx_word' id='word_1_160' title='bbox 1485 2464 1743 2519; x_wconf 88' lang='lat' dir='ltr'><strong>mirabilia</strong></span> <span class='ocrx_word' id='word_1_161' title='bbox 1781 2472 1908 2518; x_wconf 92' lang='lat' dir='ltr'><strong>sunt</strong></span> 
     </span>
    </p>
   </div>
   <div class='ocr_carea' id='block_1_25' title="bbox 314 2556 1907 2628">
    <p class='ocr_par' dir='ltr' id='par_1_25' title="bbox 314 2556 1907 2628">
     <span class='ocr_line' id='line_1_25' title="bbox 314 2556 1907 2628; baseline 0.001 -18"><span class='ocrx_word' id='word_1_162' title='bbox 314 2570 477 2625; x_wconf 86' lang='lat' dir='ltr'><strong>opera</strong></span> <span class='ocrx_word' id='word_1_163' title='bbox 508 2556 778 2626; x_wconf 88' lang='lat' dir='ltr'><strong>pigrorum</strong></span> <span class='ocrx_word' id='word_1_164' title='bbox 800 2597 814 2621; x_wconf 91' lang='lat'><strong>,</strong></span> <span class='ocrx_word' id='word_1_165' title='bbox 841 2565 901 2611; x_wconf 91' lang='lat' dir='ltr'><strong>ut</strong></span> <span class='ocrx_word' id='word_1_166' title='bbox 930 2556 1171 2627; x_wconf 89' lang='lat' dir='ltr'><strong>impediri</strong></span> <span class='ocrx_word' id='word_1_167' title='bbox 1208 2556 1370 2612; x_wconf 91' lang='lat' dir='ltr'><strong>velint</strong></span> <span class='ocrx_word' id='word_1_168' title='bbox 1399 2557 1683 2628; x_wconf 87' lang='lat' dir='ltr'><strong>Evangelio</strong></span> <span class='ocrx_word' id='word_1_169' title='bbox 1702 2597 1717 2622; x_wconf 92' lang='lat'><strong>,</strong></span> <span class='ocrx_word' id='word_1_170' title='bbox 1764 2556 1907 2626; x_wconf 90' lang='lat' dir='ltr'><strong>quod</strong></span> 
     </span>
    </p>
   </div>
   <div class='ocr_carea' id='block_1_26' title="bbox 314 2647 1909 2718">
    <p class='ocr_par' dir='ltr' id='par_1_26' title="bbox 314 2647 1909 2718">
     <span class='ocr_line' id='line_1_26' title="bbox 314 2647 1909 2718; baseline 0.001 -16"><span class='ocrx_word' id='word_1_171' title='bbox 314 2647 602 2716; x_wconf 80' lang='lat' dir='ltr'><strong>Apostolus</strong></span> <span class='ocrx_word' id='word_1_172' title='bbox 622 2647 740 2702; x_wconf 87' lang='lat' dir='ltr'><strong>ideo</strong></span> <span class='ocrx_word' id='word_1_173' title='bbox 759 2649 1008 2718; x_wconf 64' lang='lat' dir='ltr'><strong>praecepit</strong></span> <span class='ocrx_word' id='word_1_174' title='bbox 1028 2657 1081 2703; x_wconf 90' lang='lat' dir='ltr'><strong>et</strong></span> <span class='ocrx_word' id='word_1_175' title='bbox 1100 2648 1226 2703; x_wconf 88' lang='lat' dir='ltr'><strong>fecit</strong></span> <span class='ocrx_word' id='word_1_176' title='bbox 1243 2690 1256 2712; x_wconf 93' lang='lat'><strong>,</strong></span> <span class='ocrx_word' id='word_1_177' title='bbox 1283 2664 1349 2703; x_wconf 92' lang='lat' dir='ltr'><strong>ne</strong></span> <span class='ocrx_word' id='word_1_178' title='bbox 1371 2648 1718 2716; x_wconf 87' lang='lat' dir='ltr'><strong>impediretur</strong></span> <span class='ocrx_word' id='word_1_179' title='bbox 1734 2648 1909 2718; x_wconf 89' lang='lat' dir='ltr'><strong>ipsum</strong></span> 
     </span>
    </p>
   </div>
   <div class='ocr_carea' id='block_1_27' title="bbox 315 2738 1909 2811">
    <p class='ocr_par' dir='ltr' id='par_1_27' title="bbox 315 2738 1909 2811">
     <span class='ocr_line' id='line_1_27' title="bbox 315 2738 1909 2811; baseline 0.001 -18"><span class='ocrx_word' id='word_1_180' title='bbox 315 2738 685 2810; x_wconf 76' lang='lat' dir='ltr'><strong>Evangelium.</strong></span> <span class='ocrx_word' id='word_1_181' title='bbox 714 2739 781 2796; x_wconf 80' lang='lat' dir='ltr'><strong>Et</strong></span> <span class='ocrx_word' id='word_1_182' title='bbox 807 2749 983 2795; x_wconf 89' lang='lat' dir='ltr'><strong>tamen</strong></span> <span class='ocrx_word' id='word_1_183' title='bbox 1002 2740 1047 2796; x_wconf 90' lang='lat' dir='ltr'><strong>si</strong></span> <span class='ocrx_word' id='word_1_184' title='bbox 1075 2754 1169 2795; x_wconf 91' lang='lat' dir='ltr'><strong>eos</strong></span> <span class='ocrx_word' id='word_1_185' title='bbox 1193 2757 1261 2795; x_wconf 85' lang='lat' dir='ltr'><strong>ex</strong></span> <span class='ocrx_word' id='word_1_186' title='bbox 1288 2740 1415 2809; x_wconf 90' lang='lat' dir='ltr'><strong>ipsis</strong></span> <span class='ocrx_word' id='word_1_187' title='bbox 1433 2740 1703 2811; x_wconf 84' lang='lat' dir='ltr'><strong>Evangelii</strong></span> <span class='ocrx_word' id='word_1_188' title='bbox 1732 2740 1909 2796; x_wconf 86' lang='lat' dir='ltr'><strong>verbis</strong></span> 
     </span>
    </p>
   </div>
   <div class='ocr_carea' id='block_1_28' title="bbox 315 2830 1909 2901">
    <p class='ocr_par' dir='ltr' id='par_1_28' title="bbox 315 2830 1909 2901">
     <span class='ocr_line' id='line_1_28' title="bbox 315 2830 1909 2901; baseline -0.001 -16"><span class='ocrx_word' id='word_1_189' title='bbox 315 2830 611 2886; x_wconf 85' lang='lat' dir='ltr'><strong>secundum</strong></span> <span class='ocrx_word' id='word_1_190' title='bbox 633 2845 821 2886; x_wconf 89' lang='lat' dir='ltr'><strong>eorum</strong></span> <span class='ocrx_word' id='word_1_191' title='bbox 853 2830 1179 2885; x_wconf 89' lang='lat' dir='ltr'><strong>intellectum</strong></span> <span class='ocrx_word' id='word_1_192' title='bbox 1199 2831 1379 2886; x_wconf 89' lang='lat' dir='ltr'><strong>vivere</strong></span> <span class='ocrx_word' id='word_1_193' title='bbox 1398 2846 1670 2901; x_wconf 80' lang='lat' dir='ltr'><strong>cogamus,</strong></span> <span class='ocrx_word' id='word_1_194' title='bbox 1701 2830 1909 2901; x_wconf 86' lang='lat' dir='ltr'><strong>priores</strong></span> 
     </span>
    </p>
   </div>
   <div class='ocr_carea' id='block_1_29' title="bbox 316 2919 1909 2991">
    <p class='ocr_par' dir='ltr' id='par_1_29' title="bbox 316 2919 1909 2991">
     <span class='ocr_line' id='line_1_29' title="bbox 316 2919 1909 2991; baseline -0.001 -14"><span class='ocrx_word' id='word_1_195' title='bbox 316 2922 472 2977; x_wconf 85' lang='lat' dir='ltr'><strong>nobis</strong></span> <span class='ocrx_word' id='word_1_196' title='bbox 501 2919 727 2976; x_wconf 89' lang='lat' dir='ltr'><strong>suadere</strong></span> <span class='ocrx_word' id='word_1_197' title='bbox 747 2920 1117 2984; x_wconf 89' lang='lat' dir='ltr'><strong>conabuntur,</strong></span> <span class='ocrx_word' id='word_1_198' title='bbox 1148 2936 1305 2991; x_wconf 87' lang='lat' dir='ltr'><strong>quam</strong></span> <span class='ocrx_word' id='word_1_199' title='bbox 1336 2936 1441 2976; x_wconf 91' lang='lat' dir='ltr'><strong>non</strong></span> <span class='ocrx_word' id='word_1_200' title='bbox 1474 2921 1544 2975; x_wconf 89' lang='lat' dir='ltr'><strong>ita</strong></span> <span class='ocrx_word' id='word_1_201' title='bbox 1565 2920 1673 2975; x_wconf 89' lang='lat' dir='ltr'><strong>sint</strong></span> <span class='ocrx_word' id='word_1_202' title='bbox 1714 2920 1909 2977; x_wconf 91' lang='lat' dir='ltr'><strong>intelli-</strong></span> 
     </span>
    </p>
   </div>
   <div class='ocr_carea' id='block_1_30' title="bbox 319 3013 1910 3085">
    <p class='ocr_par' dir='ltr' id='par_1_30' title="bbox 319 3013 1910 3085">
     <span class='ocr_line' id='line_1_30' title="bbox 319 3013 1910 3085; baseline -0.001 -16"><span class='ocrx_word' id='word_1_203' title='bbox 319 3014 494 3085; x_wconf 85' lang='lat' dir='ltr'><strong>genda</strong></span> <span class='ocrx_word' id='word_1_204' title='bbox 522 3022 581 3067; x_wconf 89' lang='lat' dir='ltr'><strong>ut</strong></span> <span class='ocrx_word' id='word_1_205' title='bbox 609 3013 937 3083; x_wconf 65' lang='lat' dir='ltr'><strong>intelligunt.</strong></span> <span class='ocrx_word' id='word_1_206' title='bbox 956 3013 1114 3069; x_wconf 88' lang='lat' dir='ltr'><strong>Certe</strong></span> <span class='ocrx_word' id='word_1_207' title='bbox 1150 3014 1290 3068; x_wconf 89' lang='lat' dir='ltr'><strong>enim</strong></span> <span class='ocrx_word' id='word_1_208' title='bbox 1324 3022 1603 3083; x_wconf 86' lang='lat' dir='ltr'><strong>propterea</strong></span> <span class='ocrx_word' id='word_1_209' title='bbox 1634 3026 1694 3067; x_wconf 90' lang='lat' dir='ltr'><strong>se</strong></span> <span class='ocrx_word' id='word_1_210' title='bbox 1727 3013 1910 3068; x_wconf 91' lang='lat' dir='ltr'><strong>dicunt</strong></span> 
     </span>
    </p>
   </div>
   <div class='ocr_carea' id='block_1_31' title="bbox 319 3103 1929 3179">
    <p class='ocr_par' dir='ltr' id='par_1_31' title="bbox 319 3103 1929 3179">
     <span class='ocr_line' id='line_1_31' title="bbox 319 3103 1929 3179; baseline -0.002 -19"><span class='ocrx_word' id='word_1_211' title='bbox 319 3105 530 3175; x_wconf 84' lang='lat' dir='ltr'><strong>operari</strong></span> <span class='ocrx_word' id='word_1_212' title='bbox 561 3120 664 3173; x_wconf 78' lang='lat' dir='ltr'><strong>non</strong></span> <span class='ocrx_word' id='word_1_213' title='bbox 686 3104 913 3171; x_wconf 89' lang='lat' dir='ltr'><strong>debere,</strong></span> <span class='ocrx_word' id='word_1_214' title='bbox 945 3106 1066 3175; x_wconf 87' lang='lat' dir='ltr'><strong>quia</strong></span> <span class='ocrx_word' id='word_1_215' title='bbox 1088 3120 1185 3160; x_wconf 92' lang='lat' dir='ltr'><strong>nec</strong></span> <span class='ocrx_word' id='word_1_216' title='bbox 1209 3104 1451 3160; x_wconf 83' lang='lat' dir='ltr'><strong>volucres</strong></span> <span class='ocrx_word' id='word_1_217' title='bbox 1476 3103 1595 3159; x_wconf 70' lang='lat' dir='ltr'><strong>coeli</strong></span> <span class='ocrx_word' id='word_1_218' title='bbox 1620 3103 1929 3179; x_wconf 40' lang='lat' dir='ltr'><strong>seminam,</strong></span> 
     </span>
    </p>
   </div>
   <div class='ocr_carea' id='block_1_32' title="bbox 320 3193 1906 3267">
    <p class='ocr_par' dir='ltr' id='par_1_32' title="bbox 320 3193 1906 3267">
     <span class='ocr_line' id='line_1_32' title="bbox 320 3193 1906 3267; baseline -0.001 -16"><span class='ocrx_word' id='word_1_219' title='bbox 320 3211 499 3267; x_wconf 81' lang='lat' dir='ltr'><strong>neque</strong></span> <span class='ocrx_word' id='word_1_220' title='bbox 524 3204 730 3251; x_wconf 88' lang='lat' dir='ltr'><strong>metunt</strong></span> <span class='ocrx_word' id='word_1_221' title='bbox 748 3237 765 3262; x_wconf 92' lang='lat'><strong>,</strong></span> <span class='ocrx_word' id='word_1_222' title='bbox 787 3195 856 3252; x_wconf 89' lang='lat' dir='ltr'><strong>de</strong></span> <span class='ocrx_word' id='word_1_223' title='bbox 884 3195 1074 3267; x_wconf 88' lang='lat' dir='ltr'><strong>quibus</strong></span> <span class='ocrx_word' id='word_1_224' title='bbox 1104 3196 1258 3252; x_wconf 92' lang='lat' dir='ltr'><strong>nobis</strong></span> <span class='ocrx_word' id='word_1_225' title='bbox 1289 3195 1547 3251; x_wconf 89' lang='lat' dir='ltr'><strong>Dominus</strong></span> <span class='ocrx_word' id='word_1_226' title='bbox 1597 3193 1906 3249; x_wconf 88' lang='lat' dir='ltr'><strong>similitudi-</strong></span> 
     </span>
    </p>
   </div>
   <div class='ocr_carea' id='block_1_33' title="bbox 319 3282 1910 3355">
    <p class='ocr_par' dir='ltr' id='par_1_33' title="bbox 319 3282 1910 3355">
     <span class='ocr_line' id='line_1_33' title="bbox 319 3282 1910 3355; baseline -0.003 -13"><span class='ocrx_word' id='word_1_227' title='bbox 319 3302 442 3342; x_wconf 86' lang='lat' dir='ltr'><strong>nem</strong></span> <span class='ocrx_word' id='word_1_228' title='bbox 468 3286 651 3353; x_wconf 88' lang='lat' dir='ltr'><strong>dedit,</strong></span> <span class='ocrx_word' id='word_1_229' title='bbox 682 3302 747 3341; x_wconf 89' lang='lat' dir='ltr'><strong>ne</strong></span> <span class='ocrx_word' id='word_1_230' title='bbox 773 3285 841 3341; x_wconf 90' lang='lat' dir='ltr'><strong>de</strong></span> <span class='ocrx_word' id='word_1_231' title='bbox 872 3285 1063 3341; x_wconf 86' lang='lat' dir='ltr'><strong>talibus</strong></span> <span class='ocrx_word' id='word_1_232' title='bbox 1096 3285 1415 3342; x_wconf 87' lang='lat' dir='ltr'><strong>necessariis</strong></span> <span class='ocrx_word' id='word_1_233' title='bbox 1456 3284 1772 3355; x_wconf 86' lang='lat' dir='ltr'><strong>cogitemus.</strong></span> <span class='ocrx_word' id='word_1_234' title='bbox 1799 3282 1910 3340; x_wconf 90' lang='lat' dir='ltr'><strong>Cur</strong></span> 
     </span>
    </p>
   </div>
   <div class='ocr_carea' id='block_1_34' title="bbox 319 3376 1909 3450">
    <p class='ocr_par' dir='ltr' id='par_1_34' title="bbox 319 3376 1909 3450">
     <span class='ocr_line' id='line_1_34' title="bbox 319 3376 1909 3450; baseline -0.004 -14"><span class='ocrx_word' id='word_1_235' title='bbox 319 3394 449 3450; x_wconf 89' lang='lat' dir='ltr'><strong>ergo</strong></span> <span class='ocrx_word' id='word_1_236' title='bbox 479 3393 583 3434; x_wconf 93' lang='lat' dir='ltr'><strong>non</strong></span> <span class='ocrx_word' id='word_1_237' title='bbox 612 3378 891 3434; x_wconf 89' lang='lat' dir='ltr'><strong>attendunt</strong></span> <span class='ocrx_word' id='word_1_238' title='bbox 915 3377 1056 3448; x_wconf 82' lang='lat' dir='ltr'><strong>quod</strong></span> <span class='ocrx_word' id='word_1_239' title='bbox 1105 3377 1380 3448; x_wconf 83' lang='lat' dir='ltr'><strong>sequitur?</strong></span> <span class='ocrx_word' id='word_1_240' title='bbox 1407 3376 1588 3448; x_wconf 87' lang='lat' dir='ltr'><strong>Neque</strong></span> <span class='ocrx_word' id='word_1_241' title='bbox 1618 3376 1760 3431; x_wconf 89' lang='lat' dir='ltr'><strong>enim</strong></span> <span class='ocrx_word' id='word_1_242' title='bbox 1789 3384 1909 3431; x_wconf 87' lang='lat' dir='ltr'><strong>tan-</strong></span> 
     </span>
    </p>
   </div>
   <div class='ocr_carea' id='block_1_35' title="bbox 320 3470 1912 3542">
    <p class='ocr_par' dir='ltr' id='par_1_35' title="bbox 320 3470 1912 3542">
     <span class='ocr_line' id='line_1_35' title="bbox 320 3470 1912 3542; baseline -0.001 -15"><span class='ocrx_word' id='word_1_243' title='bbox 320 3472 602 3529; x_wconf 89' lang='lat' dir='ltr'><strong>tummodo</strong></span> <span class='ocrx_word' id='word_1_244' title='bbox 623 3472 724 3527; x_wconf 88' lang='lat' dir='ltr'><strong>hoc</strong></span> <span class='ocrx_word' id='word_1_245' title='bbox 747 3471 946 3527; x_wconf 90' lang='lat' dir='ltr'><strong>dictum</strong></span> <span class='ocrx_word' id='word_1_246' title='bbox 980 3479 1062 3528; x_wconf 89' lang='lat' dir='ltr'><strong>est</strong></span> <span class='ocrx_word' id='word_1_247' title='bbox 1086 3512 1099 3536; x_wconf 89' lang='lat'><strong>,</strong></span> <span class='ocrx_word' id='word_1_248' title='bbox 1130 3471 1252 3542; x_wconf 88' lang='lat' dir='ltr'><strong>quia</strong></span> <span class='ocrx_word' id='word_1_249' title='bbox 1282 3487 1383 3526; x_wconf 84' lang='lat' dir='ltr'><strong>non</strong></span> <span class='ocrx_word' id='word_1_250' title='bbox 1418 3470 1666 3526; x_wconf 79' lang='lat' dir='ltr'><strong>seminam</strong></span> <span class='ocrx_word' id='word_1_251' title='bbox 1690 3511 1706 3537; x_wconf 95' lang='lat'><strong>,</strong></span> <span class='ocrx_word' id='word_1_252' title='bbox 1756 3485 1912 3541; x_wconf 81' lang='lat' dir='ltr'><strong>neque</strong></span> 
     </span>
    </p>
   </div>
   <div class='ocr_carea' id='block_1_36' title="bbox 320 3548 1913 3637">
    <p class='ocr_par' dir='ltr' id='par_1_36' title="bbox 320 3548 1913 3637">
     <span class='ocr_line' id='line_1_36' title="bbox 320 3548 1913 3637; baseline -0.001 -16"><span class='ocrx_word' id='word_1_253' title='bbox 320 3575 551 3630; x_wconf 82' lang='lat' dir='ltr'><strong>metunt;</strong></span> <span class='ocrx_word' id='word_1_254' title='bbox 575 3565 668 3621; x_wconf 88' lang='lat' dir='ltr'><strong>sed</strong></span> <span class='ocrx_word' id='word_1_255' title='bbox 694 3564 959 3636; x_wconf 87' lang='lat' dir='ltr'><strong>adjectum</strong></span> <span class='ocrx_word' id='word_1_256' title='bbox 980 3574 1096 3631; x_wconf 89' lang='lat' dir='ltr'><strong>est,</strong></span> <span class='ocrx_word' id='word_1_257' title='bbox 1121 3581 1277 3633; x_wconf 85' lang='lat' dir='ltr'><strong>neque</strong></span> <span class='ocrx_word' id='word_1_258' title='bbox 1301 3548 1605 3636; x_wconf 82' lang='lat' dir='ltr'><strong>congregant</strong></span> <span class='ocrx_word' id='word_1_259' title='bbox 1626 3565 1679 3619; x_wconf 86' lang='lat' dir='ltr'><strong>in</strong></span> <span class='ocrx_word' id='word_1_260' title='bbox 1702 3566 1913 3637; x_wconf 86' lang='lat' dir='ltr'><strong>apothe-</strong></span> 
     </span>
    </p>
   </div>
   <div class='ocr_carea' id='block_1_37' title="bbox 320 3655 1908 3728">
    <p class='ocr_par' dir='ltr' id='par_1_37' title="bbox 320 3655 1908 3728">
     <span class='ocr_line' id='line_1_37' title="bbox 320 3655 1908 3728; baseline -0.001 -17"><span class='ocrx_word' id='word_1_261' title='bbox 320 3674 407 3711; x_wconf 78' lang='lat' dir='ltr'><strong>cas</strong></span> <span class='ocrx_word' id='word_1_262' title='bbox 435 3655 650 3726; x_wconf 80' lang='lat' dir='ltr'><strong>(Matth.</strong></span> <span class='ocrx_word' id='word_1_263' title='bbox 681 3672 765 3724; x_wconf 82' lang='lat' dir='ltr'><strong>vt,</strong></span> <span class='ocrx_word' id='word_1_264' title='bbox 794 3655 907 3728; x_wconf 83' lang='grc'>26).</span> <span class='ocrx_word' id='word_1_265' title='bbox 941 3655 1229 3727; x_wconf 70' lang='grc' dir='ltr'><strong>Αροιιιροω</strong></span> <span class='ocrx_word' id='word_1_266' title='bbox 1277 3665 1454 3711; x_wconf 86' lang='lat' dir='ltr'><strong>autem</strong></span> <span class='ocrx_word' id='word_1_267' title='bbox 1475 3696 1492 3723; x_wconf 93' lang='lat'><strong>,</strong></span> <span class='ocrx_word' id='word_1_268' title='bbox 1538 3656 1624 3712; x_wconf 88' lang='lat' dir='ltr'><strong>vel</strong></span> <span class='ocrx_word' id='word_1_269' title='bbox 1677 3656 1867 3713; x_wconf 90' lang='lat' dir='ltr'><strong>horrea</strong></span> <span class='ocrx_word' id='word_1_270' title='bbox 1891 3699 1908 3725; x_wconf 92' lang='lat'><strong>,</strong></span> 
     </span>
    </p>
   </div>
   <div class='ocr_carea' id='block_1_38' title="bbox 321 3747 1907 3818">
    <p class='ocr_par' dir='ltr' id='par_1_38' title="bbox 321 3747 1907 3818">
     <span class='ocr_line' id='line_1_38' title="bbox 321 3747 1907 3818; baseline -0.003 -13"><span class='ocrx_word' id='word_1_271' title='bbox 321 3750 406 3806; x_wconf 88' lang='lat' dir='ltr'><strong>vel</strong></span> <span class='ocrx_word' id='word_1_272' title='bbox 432 3749 655 3804; x_wconf 86' lang='lat' dir='ltr'><strong>verbum</strong></span> <span class='ocrx_word' id='word_1_273' title='bbox 684 3763 751 3804; x_wconf 90' lang='lat' dir='ltr'><strong>ex</strong></span> <span class='ocrx_word' id='word_1_274' title='bbox 800 3748 969 3805; x_wconf 89' lang='lat' dir='ltr'><strong>verbo</strong></span> <span class='ocrx_word' id='word_1_275' title='bbox 997 3750 1052 3813; x_wconf 80' lang='grc'>³,</span> <span class='ocrx_word' id='word_1_276' title='bbox 1108 3748 1422 3818; x_wconf 90' lang='lat' dir='ltr'><strong>repositoria</strong></span> <span class='ocrx_word' id='word_1_277' title='bbox 1452 3747 1472 3779; x_wconf 80' lang='grc'><strong><em>⁸</em></strong></span> <span class='ocrx_word' id='word_1_278' title='bbox 1512 3747 1615 3803; x_wconf 91' lang='lat' dir='ltr'><strong>dici</strong></span> <span class='ocrx_word' id='word_1_279' title='bbox 1662 3756 1907 3817; x_wconf 91' lang='lat' dir='ltr'><strong>possunt.</strong></span> 
     </span>
    </p>
   </div>
   <div class='ocr_carea' id='block_1_39' title="bbox 322 3837 1913 3911">
    <p class='ocr_par' dir='ltr' id='par_1_39' title="bbox 322 3837 1913 3911">
     <span class='ocr_line' id='line_1_39' title="bbox 322 3837 1913 3911; baseline -0.002 -15"><span class='ocrx_word' id='word_1_280' title='bbox 322 3842 429 3896; x_wconf 90' lang='lat' dir='ltr'><strong>Cur</strong></span> <span class='ocrx_word' id='word_1_281' title='bbox 450 3854 581 3911; x_wconf 87' lang='lat' dir='ltr'><strong>ergo</strong></span> <span class='ocrx_word' id='word_1_282' title='bbox 608 3840 695 3894; x_wconf 92' lang='lat' dir='ltr'><strong>isti</strong></span> <span class='ocrx_word' id='word_1_283' title='bbox 716 3854 902 3894; x_wconf 86' lang='lat' dir='ltr'><strong>manus</strong></span> <span class='ocrx_word' id='word_1_284' title='bbox 923 3839 1120 3894; x_wconf 89' lang='lat' dir='ltr'><strong>otiosas</strong></span> <span class='ocrx_word' id='word_1_285' title='bbox 1133 3847 1188 3894; x_wconf 86' lang='lat' dir='ltr'><strong>et</strong></span> <span class='ocrx_word' id='word_1_286' title='bbox 1213 3838 1367 3909; x_wconf 89' lang='lat' dir='ltr'><strong>plena</strong></span> <span class='ocrx_word' id='word_1_287' title='bbox 1393 3837 1711 3908; x_wconf 89' lang='lat' dir='ltr'><strong>repositoria</strong></span> <span class='ocrx_word' id='word_1_288' title='bbox 1728 3839 1913 3894; x_wconf 91' lang='lat' dir='ltr'><strong>volunt</strong></span> 
     </span>
    </p>
   </div>
   <div class='ocr_carea' id='block_1_40' title="bbox 323 3930 1909 4002">
    <p class='ocr_par' dir='ltr' id='par_1_40' title="bbox 323 3930 1909 4002">
     <span class='ocr_line' id='line_1_40' title="bbox 323 3930 1909 4002; baseline -0.002 -15"><span class='ocrx_word' id='word_1_289' title='bbox 323 3931 566 3989; x_wconf 84' lang='lat' dir='ltr'><strong>habere?</strong></span> <span class='ocrx_word' id='word_1_290' title='bbox 594 3930 702 3987; x_wconf 90' lang='lat' dir='ltr'><strong>Cur</strong></span> <span class='ocrx_word' id='word_1_291' title='bbox 725 3946 786 3987; x_wconf 89' lang='lat' dir='ltr'><strong>ea</strong></span> <span class='ocrx_word' id='word_1_292' title='bbox 813 3947 931 4002; x_wconf 63' lang='lat' dir='ltr'><strong>qua:</strong></span> <span class='ocrx_word' id='word_1_293' title='bbox 967 3940 1184 3986; x_wconf 90' lang='lat' dir='ltr'><strong>sumunt</strong></span> <span class='ocrx_word' id='word_1_294' title='bbox 1208 3946 1272 3987; x_wconf 84' lang='lat' dir='ltr'><strong>ex</strong></span> <span class='ocrx_word' id='word_1_295' title='bbox 1321 3930 1592 3985; x_wconf 90' lang='lat' dir='ltr'><strong>laboribus</strong></span> <span class='ocrx_word' id='word_1_296' title='bbox 1634 3930 1861 3984; x_wconf 90' lang='lat' dir='ltr'><strong>aliorum</strong></span> <span class='ocrx_word' id='word_1_297' title='bbox 1893 3971 1909 3995; x_wconf 92' lang='lat'><strong>,</strong></span> 
     </span>
    </p>
   </div>
   <div class='ocr_carea' id='block_1_41' title="bbox 322 4020 1913 4092">
    <p class='ocr_par' dir='ltr' id='par_1_41' title="bbox 322 4020 1913 4092">
     <span class='ocr_line' id='line_1_41' title="bbox 322 4020 1913 4092; baseline -0.001 -14"><span class='ocrx_word' id='word_1_298' title='bbox 322 4022 626 4080; x_wconf 84' lang='lat' dir='ltr'><strong>recondunt</strong></span> <span class='ocrx_word' id='word_1_299' title='bbox 653 4031 708 4078; x_wconf 92' lang='lat' dir='ltr'><strong>et</strong></span> <span class='ocrx_word' id='word_1_300' title='bbox 730 4031 946 4079; x_wconf 89' lang='lat' dir='ltr'><strong>servant</strong></span> <span class='ocrx_word' id='word_1_301' title='bbox 971 4021 1110 4077; x_wconf 90' lang='lat' dir='ltr'><strong>unde</strong></span> <span class='ocrx_word' id='word_1_302' title='bbox 1155 4020 1393 4092; x_wconf 90' lang='lat' dir='ltr'><strong>quotidie</strong></span> <span class='ocrx_word' id='word_1_303' title='bbox 1417 4020 1756 4091; x_wconf 85' lang='lat' dir='ltr'><strong>proferatur?</strong></span> <span class='ocrx_word' id='word_1_304' title='bbox 1804 4020 1913 4076; x_wconf 87' lang='lat' dir='ltr'><strong>Cur</strong></span> 
     </span>
    </p>
   </div>
   <div class='ocr_carea' id='block_1_42' title="bbox 324 4110 1914 4185">
    <p class='ocr_par' dir='ltr' id='par_1_42' title="bbox 324 4110 1914 4185">
     <span class='ocr_line' id='line_1_42' title="bbox 324 4110 1914 4185; baseline -0.002 -16"><span class='ocrx_word' id='word_1_305' title='bbox 324 4114 556 4185; x_wconf 86' lang='lat' dir='ltr'><strong>denique</strong></span> <span class='ocrx_word' id='word_1_306' title='bbox 580 4113 782 4169; x_wconf 93' lang='lat' dir='ltr'><strong>molunt</strong></span> <span class='ocrx_word' id='word_1_307' title='bbox 809 4120 864 4169; x_wconf 91' lang='lat' dir='ltr'><strong>et</strong></span> <span class='ocrx_word' id='word_1_308' title='bbox 886 4112 1157 4184; x_wconf 83' lang='lat' dir='ltr'><strong>coquunt?</strong></span> <span class='ocrx_word' id='word_1_309' title='bbox 1188 4113 1298 4167; x_wconf 89' lang='lat' dir='ltr'><strong>lloc</strong></span> <span class='ocrx_word' id='word_1_310' title='bbox 1341 4112 1482 4167; x_wconf 91' lang='lat' dir='ltr'><strong>enim</strong></span> <span class='ocrx_word' id='word_1_311' title='bbox 1509 4125 1635 4167; x_wconf 88' lang='lat' dir='ltr'><strong>aves</strong></span> <span class='ocrx_word' id='word_1_312' title='bbox 1684 4125 1793 4166; x_wconf 92' lang='lat' dir='ltr'><strong>non</strong></span> <span class='ocrx_word' id='word_1_313' title='bbox 1834 4110 1914 4167; x_wconf 88' lang='lat' dir='ltr'><strong>fa-</strong></span> 
     </span>
    </p>
   </div>
   <div class='ocr_carea' id='block_1_43' title="bbox 323 4203 1910 4276">
    <p class='ocr_par' dir='ltr' id='par_1_43' title="bbox 323 4203 1910 4276">
     <span class='ocr_line' id='line_1_43' title="bbox 323 4203 1910 4276; baseline 0 -17"><span class='ocrx_word' id='word_1_314' title='bbox 323 4205 492 4259; x_wconf 89' lang='lat' dir='ltr'><strong>ciunt.</strong></span> <span class='ocrx_word' id='word_1_315' title='bbox 524 4207 629 4259; x_wconf 83' lang='lat' dir='ltr'><strong>Aut</strong></span> <span class='ocrx_word' id='word_1_316' title='bbox 656 4204 699 4259; x_wconf 94' lang='lat' dir='ltr'><strong>si</strong></span> <span class='ocrx_word' id='word_1_317' title='bbox 729 4205 1005 4276; x_wconf 89' lang='lat' dir='ltr'><strong>reperiunt</strong></span> <span class='ocrx_word' id='word_1_318' title='bbox 1032 4203 1225 4275; x_wconf 89' lang='lat' dir='ltr'><strong>quibus</strong></span> <span class='ocrx_word' id='word_1_319' title='bbox 1253 4203 1355 4259; x_wconf 91' lang='lat' dir='ltr'><strong>hoc</strong></span> <span class='ocrx_word' id='word_1_320' title='bbox 1378 4217 1513 4274; x_wconf 90' lang='lat' dir='ltr'><strong>opus</strong></span> <span class='ocrx_word' id='word_1_321' title='bbox 1542 4218 1754 4275; x_wconf 85' lang='lat' dir='ltr'><strong>quoque</strong></span> <span class='ocrx_word' id='word_1_322' title='bbox 1783 4218 1910 4274; x_wconf 90' lang='lat' dir='ltr'><strong>per-</strong></span> 
     </span>
    </p>
   </div>
   <div class='ocr_carea' id='block_1_44' title="bbox 325 4294 1914 4369">
    <p class='ocr_par' dir='ltr' id='par_1_44' title="bbox 325 4294 1914 4369">
     <span class='ocr_line' id='line_1_44' title="bbox 325 4294 1914 4369; baseline 0.003 -19"><span class='ocrx_word' id='word_1_323' title='bbox 325 4296 613 4362; x_wconf 79' lang='lat' dir='ltr'><strong>suadeant,</strong></span> <span class='ocrx_word' id='word_1_324' title='bbox 648 4302 708 4351; x_wconf 90' lang='lat' dir='ltr'><strong>ut</strong></span> <span class='ocrx_word' id='word_1_325' title='bbox 732 4295 811 4352; x_wconf 87' lang='lat' dir='ltr'><strong>eis</strong></span> <span class='ocrx_word' id='word_1_326' title='bbox 832 4311 928 4367; x_wconf 90' lang='lat' dir='ltr'><strong>per</strong></span> <span class='ocrx_word' id='word_1_327' title='bbox 946 4296 1182 4367; x_wconf 83' lang='lat' dir='ltr'><strong>singulos</strong></span> <span class='ocrx_word' id='word_1_328' title='bbox 1211 4294 1327 4352; x_wconf 87' lang='lat' dir='ltr'><strong>dies</strong></span> <span class='ocrx_word' id='word_1_329' title='bbox 1345 4310 1498 4352; x_wconf 87' lang='lat' dir='ltr'><strong>escas</strong></span> <span class='ocrx_word' id='word_1_330' title='bbox 1526 4294 1750 4352; x_wconf 74' lang='lat' dir='ltr'><strong>afferant</strong></span> <span class='ocrx_word' id='word_1_331' title='bbox 1773 4313 1914 4369; x_wconf 78' lang='lat' dir='ltr'><strong>prae-</strong></span> 
     </span>
    </p>
   </div>
   <div class='ocr_carea' id='block_1_45' title="bbox 327 4385 1908 4458">
    <p class='ocr_par' dir='ltr' id='par_1_45' title="bbox 327 4385 1908 4458">
     <span class='ocr_line' id='line_1_45' title="bbox 327 4385 1908 4458; baseline 0.001 -15"><span class='ocrx_word' id='word_1_332' title='bbox 327 4397 574 4458; x_wconf 86' lang='lat' dir='ltr'><strong>paratas;</strong></span> <span class='ocrx_word' id='word_1_333' title='bbox 604 4386 796 4443; x_wconf 91' lang='lat' dir='ltr'><strong>saltem</strong></span> <span class='ocrx_word' id='word_1_334' title='bbox 822 4387 922 4443; x_wconf 89' lang='lat' dir='ltr'><strong>sibi</strong></span> <span class='ocrx_word' id='word_1_335' title='bbox 938 4402 1130 4457; x_wconf 91' lang='lat' dir='ltr'><strong>aquam</strong></span> <span class='ocrx_word' id='word_1_336' title='bbox 1157 4386 1243 4442; x_wconf 90' lang='lat' dir='ltr'><strong>vel</strong></span> <span class='ocrx_word' id='word_1_337' title='bbox 1268 4386 1335 4442; x_wconf 88' lang='lat' dir='ltr'><strong>de</strong></span> <span class='ocrx_word' id='word_1_338' title='bbox 1361 4385 1595 4442; x_wconf 87' lang='lat' dir='ltr'><strong>fontibus</strong></span> <span class='ocrx_word' id='word_1_339' title='bbox 1635 4386 1865 4444; x_wconf 77' lang='lat' dir='ltr'><strong>afferunt</strong></span> <span class='ocrx_word' id='word_1_340' title='bbox 1891 4430 1908 4457; x_wconf 92' lang='lat'><strong>,</strong></span> 
     </span>
    </p>
   </div>
   <div class='ocr_carea' id='block_1_46' title="bbox 325 4474 1915 4549">
    <p class='ocr_par' dir='ltr' id='par_1_46' title="bbox 325 4474 1915 4549">
     <span class='ocr_line' id='line_1_46' title="bbox 325 4474 1915 4549; baseline 0.002 -16"><span class='ocrx_word' id='word_1_341' title='bbox 325 4479 411 4533; x_wconf 90' lang='lat' dir='ltr'><strong>vel</strong></span> <span class='ocrx_word' id='word_1_342' title='bbox 439 4477 509 4533; x_wconf 88' lang='lat' dir='ltr'><strong>de</strong></span> <span class='ocrx_word' id='word_1_343' title='bbox 533 4474 780 4534; x_wconf 88' lang='lat' dir='ltr'><strong>cisternis</strong></span> <span class='ocrx_word' id='word_1_344' title='bbox 808 4486 899 4533; x_wconf 90' lang='lat' dir='ltr'><strong>aut</strong></span> <span class='ocrx_word' id='word_1_345' title='bbox 925 4476 1100 4549; x_wconf 89' lang='lat' dir='ltr'><strong>puteis</strong></span> <span class='ocrx_word' id='word_1_346' title='bbox 1124 4476 1375 4533; x_wconf 87' lang='lat' dir='ltr'><strong>hauriunt</strong></span> <span class='ocrx_word' id='word_1_347' title='bbox 1397 4486 1450 4533; x_wconf 91' lang='lat' dir='ltr'><strong>et</strong></span> <span class='ocrx_word' id='word_1_348' title='bbox 1474 4487 1740 4548; x_wconf 89' lang='lat' dir='ltr'><strong>reponunt</strong></span> <span class='ocrx_word' id='word_1_349' title='bbox 1767 4496 1781 4533; x_wconf 88' lang='lat'><strong>:</strong></span> <span class='ocrx_word' id='word_1_350' title='bbox 1809 4479 1915 4537; x_wconf 90' lang='lat' dir='ltr'><strong>hoc</strong></span> 
     </span>
    </p>
   </div>
   <div class='ocr_carea' id='block_1_47' title="bbox 327 4565 1914 4638">
    <p class='ocr_par' dir='ltr' id='par_1_47' title="bbox 327 4565 1914 4638">
     <span class='ocr_line' id='line_1_47' title="bbox 327 4565 1914 4638; baseline 0.002 -15"><span class='ocrx_word' id='word_1_351' title='bbox 327 4569 562 4624; x_wconf 77' lang='lat' dir='ltr'><strong>volatilia</strong></span> <span class='ocrx_word' id='word_1_352' title='bbox 587 4583 698 4624; x_wconf 91' lang='lat' dir='ltr'><strong>non</strong></span> <span class='ocrx_word' id='word_1_353' title='bbox 751 4567 970 4624; x_wconf 90' lang='lat' dir='ltr'><strong>faciunt.</strong></span> <span class='ocrx_word' id='word_1_354' title='bbox 1018 4565 1124 4624; x_wconf 91' lang='lat' dir='ltr'><strong>Sed</strong></span> <span class='ocrx_word' id='word_1_355' title='bbox 1177 4568 1220 4623; x_wconf 88' lang='lat' dir='ltr'><strong>si</strong></span> <span class='ocrx_word' id='word_1_356' title='bbox 1253 4567 1356 4624; x_wconf 90' lang='lat' dir='ltr'><strong>hoc</strong></span> <span class='ocrx_word' id='word_1_357' title='bbox 1401 4568 1612 4638; x_wconf 89' lang='lat' dir='ltr'><strong>placet,</strong></span> <span class='ocrx_word' id='word_1_358' title='bbox 1666 4569 1914 4626; x_wconf 85' lang='lat' dir='ltr'><strong>studeant</strong></span> 
     </span>
    </p>
   </div>
   <div class='ocr_carea' id='block_1_48' title="bbox 326 4658 1913 4731">
    <p class='ocr_par' dir='ltr' id='par_1_48' title="bbox 326 4658 1913 4731">
     <span class='ocr_line' id='line_1_48' title="bbox 326 4658 1913 4731; baseline 0.001 -15"><span class='ocrx_word' id='word_1_359' title='bbox 326 4660 485 4716; x_wconf 89' lang='lat' dir='ltr'><strong>etiam</strong></span> <span class='ocrx_word' id='word_1_360' title='bbox 516 4660 640 4716; x_wconf 92' lang='lat' dir='ltr'><strong>boni</strong></span> <span class='ocrx_word' id='word_1_361' title='bbox 663 4658 845 4715; x_wconf 84' lang='lat' dir='ltr'><strong>fideles</strong></span> <span class='ocrx_word' id='word_1_362' title='bbox 869 4669 924 4715; x_wconf 92' lang='lat' dir='ltr'><strong>et</strong></span> <span class='ocrx_word' id='word_1_363' title='bbox 942 4659 1103 4731; x_wconf 84' lang='lat' dir='ltr'><strong>Regis</strong></span> <span class='ocrx_word' id='word_1_364' title='bbox 1122 4660 1307 4715; x_wconf 66' lang='lat' dir='ltr'><strong>aeterni</strong></span> <span class='ocrx_word' id='word_1_365' title='bbox 1333 4659 1662 4716; x_wconf 90' lang='lat' dir='ltr'><strong>devotissimi</strong></span> <span class='ocrx_word' id='word_1_366' title='bbox 1696 4662 1913 4731; x_wconf 87' lang='lat' dir='ltr'><strong>provin-</strong></span> 
     </span>
    </p>
   </div>
   <div class='ocr_carea' id='block_1_49' title="bbox 326 4751 1909 4824">
    <p class='ocr_par' dir='ltr' id='par_1_49' title="bbox 326 4751 1909 4824">
     <span class='ocr_line' id='line_1_49' title="bbox 326 4751 1909 4824; baseline 0 -16"><span class='ocrx_word' id='word_1_367' title='bbox 326 4755 489 4809; x_wconf 88' lang='lat' dir='ltr'><strong>ciales</strong></span> <span class='ocrx_word' id='word_1_368' title='bbox 508 4796 523 4819; x_wconf 90' lang='lat'><strong>,</strong></span> <span class='ocrx_word' id='word_1_369' title='bbox 550 4752 856 4808; x_wconf 79' lang='lat' dir='ltr'><strong>fortissimis</strong></span> <span class='ocrx_word' id='word_1_370' title='bbox 877 4752 996 4823; x_wconf 89' lang='lat' dir='ltr'><strong>ejus</strong></span> <span class='ocrx_word' id='word_1_371' title='bbox 1017 4751 1273 4808; x_wconf 88' lang='lat' dir='ltr'><strong>militibus</strong></span> <span class='ocrx_word' id='word_1_372' title='bbox 1290 4767 1457 4824; x_wconf 91' lang='lat' dir='ltr'><strong>usque</strong></span> <span class='ocrx_word' id='word_1_373' title='bbox 1476 4752 1543 4809; x_wconf 87' lang='lat' dir='ltr'><strong>ad</strong></span> <span class='ocrx_word' id='word_1_374' title='bbox 1564 4752 1665 4808; x_wconf 90' lang='lat' dir='ltr'><strong>ista</strong></span> <span class='ocrx_word' id='word_1_375' title='bbox 1686 4753 1909 4822; x_wconf 90' lang='lat' dir='ltr'><strong>servire,</strong></span> 
     </span>
    </p>
   </div>
   <div class='ocr_carea' id='block_1_50' title="bbox 329 4844 1912 4917">
    <p class='ocr_par' dir='ltr' id='par_1_50' title="bbox 329 4844 1912 4917">
     <span class='ocr_line' id='line_1_50' title="bbox 329 4844 1912 4917; baseline 0.001 -18"><span class='ocrx_word' id='word_1_376' title='bbox 329 4855 385 4899; x_wconf 88' lang='lat' dir='ltr'><strong>ut</strong></span> <span class='ocrx_word' id='word_1_377' title='bbox 427 4845 527 4900; x_wconf 93' lang='lat' dir='ltr'><strong>sibi</strong></span> <span class='ocrx_word' id='word_1_378' title='bbox 559 4859 661 4901; x_wconf 89' lang='lat' dir='ltr'><strong>nec</strong></span> <span class='ocrx_word' id='word_1_379' title='bbox 689 4859 879 4916; x_wconf 87' lang='lat' dir='ltr'><strong>aquam</strong></span> <span class='ocrx_word' id='word_1_380' title='bbox 924 4844 1146 4914; x_wconf 89' lang='lat' dir='ltr'><strong>implere</strong></span> <span class='ocrx_word' id='word_1_381' title='bbox 1196 4855 1481 4917; x_wconf 89' lang='lat' dir='ltr'><strong>cogantur,</strong></span> <span class='ocrx_word' id='word_1_382' title='bbox 1532 4846 1577 4901; x_wconf 90' lang='lat' dir='ltr'><strong>si</strong></span> <span class='ocrx_word' id='word_1_383' title='bbox 1600 4846 1711 4915; x_wconf 83' lang='lat' dir='ltr'><strong>jam</strong></span> <span class='ocrx_word' id='word_1_384' title='bbox 1753 4846 1912 4901; x_wconf 89' lang='lat' dir='ltr'><strong>etiam</strong></span> 
     </span>
    </p>
   </div>
   <div class='ocr_carea' id='block_1_51' title="bbox 328 4934 1913 5008">
    <p class='ocr_par' dir='ltr' id='par_1_51' title="bbox 328 4934 1913 5008">
     <span class='ocr_line' id='line_1_51' title="bbox 328 4934 1913 5008; baseline 0.001 -18"><span class='ocrx_word' id='word_1_385' title='bbox 328 4935 448 4992; x_wconf 91' lang='lat' dir='ltr'><strong>illos</strong></span> <span class='ocrx_word' id='word_1_386' title='bbox 474 4936 566 5008; x_wconf 90' lang='lat' dir='ltr'><strong>qui</strong></span> <span class='ocrx_word' id='word_1_387' title='bbox 599 4945 726 4992; x_wconf 89' lang='lat' dir='ltr'><strong>tunc</strong></span> <span class='ocrx_word' id='word_1_388' title='bbox 748 4945 903 4993; x_wconf 93' lang='lat' dir='ltr'><strong>erant</strong></span> <span class='ocrx_word' id='word_1_389' title='bbox 928 4934 1278 5006; x_wconf 85' lang='lat' dir='ltr'><strong>Jerosolymae</strong></span> <span class='ocrx_word' id='word_1_390' title='bbox 1324 4950 1464 4991; x_wconf 90' lang='lat' dir='ltr'><strong>novo</strong></span> <span class='ocrx_word' id='word_1_391' title='bbox 1486 4936 1655 5007; x_wconf 90' lang='lat' dir='ltr'><strong>gradu</strong></span> <span class='ocrx_word' id='word_1_392' title='bbox 1692 4936 1913 5007; x_wconf 71' lang='lat' dir='ltr'><strong>iustitia:</strong></span> 
     </span>
    </p>
   </div>
   <div class='ocr_carea' id='block_1_52' title="bbox 327 5025 1915 5099">
    <p class='ocr_par' dir='ltr' id='par_1_52' title="bbox 327 5025 1915 5099">
     <span class='ocr_line' id='line_1_52' title="bbox 327 5025 1915 5099; baseline 0 -17"><span class='ocrx_word' id='word_1_393' title='bbox 327 5027 661 5099; x_wconf 85' lang='lat' dir='ltr'><strong>supergressi</strong></span> <span class='ocrx_word' id='word_1_394' title='bbox 687 5035 829 5083; x_wconf 86' lang='lat' dir='ltr'><strong>sunt.</strong></span> <span class='ocrx_word' id='word_1_395' title='bbox 881 5026 1014 5082; x_wconf 82' lang='lat' dir='ltr'><strong>Nam</strong></span> <span class='ocrx_word' id='word_1_396' title='bbox 1040 5025 1147 5080; x_wconf 91' lang='lat' dir='ltr'><strong>illis</strong></span> <span class='ocrx_word' id='word_1_397' title='bbox 1173 5025 1310 5081; x_wconf 89' lang='lat' dir='ltr'><strong>fame</strong></span> <span class='ocrx_word' id='word_1_398' title='bbox 1358 5026 1704 5094; x_wconf 89' lang='lat' dir='ltr'><strong>imminente,</strong></span> <span class='ocrx_word' id='word_1_399' title='bbox 1741 5037 1793 5084; x_wconf 88' lang='lat' dir='ltr'><strong>et</strong></span> <span class='ocrx_word' id='word_1_400' title='bbox 1822 5043 1915 5098; x_wconf 91' lang='lat' dir='ltr'><strong>per</strong></span> 
     </span>
    </p>
   </div>
   <div class='ocr_carea' id='block_1_53' title="bbox 327 5115 1914 5190">
    <p class='ocr_par' dir='ltr' id='par_1_53' title="bbox 327 5115 1914 5190">
     <span class='ocr_line' id='line_1_53' title="bbox 327 5115 1914 5190; baseline 0 -16"><span class='ocrx_word' id='word_1_401' title='bbox 327 5117 623 5190; x_wconf 82' lang='lat' dir='ltr'><strong>PrOphctas</strong></span> <span class='ocrx_word' id='word_1_402' title='bbox 643 5119 731 5190; x_wconf 91' lang='lat' dir='ltr'><strong>qui</strong></span> <span class='ocrx_word' id='word_1_403' title='bbox 761 5128 887 5175; x_wconf 89' lang='lat' dir='ltr'><strong>tunc</strong></span> <span class='ocrx_word' id='word_1_404' title='bbox 910 5127 1064 5173; x_wconf 88' lang='lat' dir='ltr'><strong>erant</strong></span> <span class='ocrx_word' id='word_1_405' title='bbox 1090 5126 1215 5173; x_wconf 86' lang='lat' dir='ltr'><strong>ante</strong></span> <span class='ocrx_word' id='word_1_406' title='bbox 1244 5115 1496 5188; x_wconf 86' lang='lat' dir='ltr'><strong>praedicta</strong></span> <span class='ocrx_word' id='word_1_407' title='bbox 1516 5158 1531 5183; x_wconf 92' lang='lat'><strong>,</strong></span> <span class='ocrx_word' id='word_1_408' title='bbox 1564 5118 1688 5173; x_wconf 89' lang='lat' dir='ltr'><strong>boni</strong></span> <span class='ocrx_word' id='word_1_409' title='bbox 1732 5118 1914 5174; x_wconf 85' lang='lat' dir='ltr'><strong>fideles</strong></span> 
     </span>
    </p>
   </div>
   <div class='ocr_carea' id='block_1_54' title="bbox 327 5206 1914 5281">
    <p class='ocr_par' dir='ltr' id='par_1_54' title="bbox 327 5206 1914 5281">
     <span class='ocr_line' id='line_1_54' title="bbox 327 5206 1914 5281; baseline 0.001 -17"><span class='ocrx_word' id='word_1_410' title='bbox 327 5222 394 5264; x_wconf 84' lang='lat' dir='ltr'><strong>ex</strong></span> <span class='ocrx_word' id='word_1_411' title='bbox 437 5209 645 5265; x_wconf 80' lang='lat' dir='ltr'><strong>Graecia</strong></span> <span class='ocrx_word' id='word_1_412' title='bbox 690 5208 956 5266; x_wconf 84' lang='lat' dir='ltr'><strong>frumenta</strong></span> <span class='ocrx_word' id='word_1_413' title='bbox 997 5208 1257 5264; x_wconf 88' lang='lat' dir='ltr'><strong>miserunt</strong></span> <span class='ocrx_word' id='word_1_414' title='bbox 1281 5207 1417 5280; x_wconf 81' lang='lat' dir='ltr'><strong>(Act.</strong></span> <span class='ocrx_word' id='word_1_415' title='bbox 1455 5223 1509 5261; x_wconf 76' lang='grc' dir='ltr'><strong>ιι</strong></span> <span class='ocrx_word' id='word_1_416' title='bbox 1533 5248 1547 5273; x_wconf 90' lang='grc'><em>,</em></span> <span class='ocrx_word' id='word_1_417' title='bbox 1573 5206 1798 5281; x_wconf 78' lang='grc'><strong>28-50);</strong></span> <span class='ocrx_word' id='word_1_418' title='bbox 1846 5224 1914 5265; x_wconf 85' lang='lat' dir='ltr'><strong>ex</strong></span> 
     </span>
    </p>
   </div>
   <div class='ocr_carea' id='block_1_55' title="bbox 327 5298 1914 5373">
    <p class='ocr_par' dir='ltr' id='par_1_55' title="bbox 327 5298 1914 5373">
     <span class='ocr_line' id='line_1_55' title="bbox 327 5298 1914 5373; baseline 0.001 -19"><span class='ocrx_word' id='word_1_419' title='bbox 327 5300 520 5369; x_wconf 87' lang='lat' dir='ltr'><strong>quibus</strong></span> <span class='ocrx_word' id='word_1_420' title='bbox 546 5300 711 5358; x_wconf 90' lang='lat' dir='ltr'><strong>credo</strong></span> <span class='ocrx_word' id='word_1_421' title='bbox 735 5302 877 5373; x_wconf 91' lang='lat' dir='ltr'><strong>quod</strong></span> <span class='ocrx_word' id='word_1_422' title='bbox 897 5300 974 5357; x_wconf 90' lang='lat' dir='ltr'><strong>illi</strong></span> <span class='ocrx_word' id='word_1_423' title='bbox 997 5315 1189 5372; x_wconf 87' lang='lat' dir='ltr'><strong>panem</strong></span> <span class='ocrx_word' id='word_1_424' title='bbox 1219 5299 1321 5356; x_wconf 93' lang='lat' dir='ltr'><strong>sibi</strong></span> <span class='ocrx_word' id='word_1_425' title='bbox 1350 5298 1625 5367; x_wconf 87' lang='lat' dir='ltr'><strong>fecerunt,</strong></span> <span class='ocrx_word' id='word_1_426' title='bbox 1652 5308 1743 5355; x_wconf 89' lang='lat' dir='ltr'><strong>aut</strong></span> <span class='ocrx_word' id='word_1_427' title='bbox 1769 5311 1914 5357; x_wconf 86' lang='lat' dir='ltr'><strong>certe</strong></span> 
     </span>
    </p>
   </div>
   <div class='ocr_carea' id='block_1_56' title="bbox 328 5391 1913 5466">
    <p class='ocr_par' dir='ltr' id='par_1_56' title="bbox 328 5391 1913 5466">
     <span class='ocr_line' id='line_1_56' title="bbox 328 5391 1913 5466; baseline 0.001 -18"><span class='ocrx_word' id='word_1_428' title='bbox 328 5393 629 5452; x_wconf 89' lang='lat' dir='ltr'><strong>faciendum</strong></span> <span class='ocrx_word' id='word_1_429' title='bbox 645 5404 968 5452; x_wconf 83' lang='lat' dir='ltr'><strong>curaverunt</strong></span> <span class='ocrx_word' id='word_1_430' title='bbox 999 5413 1014 5450; x_wconf 93' lang='lat'><strong>:</strong></span> <span class='ocrx_word' id='word_1_431' title='bbox 1046 5395 1187 5466; x_wconf 88' lang='lat' dir='ltr'><strong>quod</strong></span> <span class='ocrx_word' id='word_1_432' title='bbox 1206 5409 1332 5451; x_wconf 89' lang='lat' dir='ltr'><strong>aves</strong></span> <span class='ocrx_word' id='word_1_433' title='bbox 1358 5408 1462 5449; x_wconf 87' lang='lat' dir='ltr'><strong>non</strong></span> <span class='ocrx_word' id='word_1_434' title='bbox 1495 5391 1714 5448; x_wconf 86' lang='lat' dir='ltr'><strong>faciunt.</strong></span> <span class='ocrx_word' id='word_1_435' title='bbox 1741 5394 1846 5449; x_wconf 87' lang='lat' dir='ltr'><strong>Sed</strong></span> <span class='ocrx_word' id='word_1_436' title='bbox 1867 5397 1913 5449; x_wconf 88' lang='lat' dir='ltr'><strong>sl</strong></span> 
     </span>
    </p>
   </div>
   <div class='ocr_carea' id='block_1_57' title="bbox 323 5485 1913 5562">
    <p class='ocr_par' dir='ltr' id='par_1_57' title="bbox 323 5485 1913 5562">
     <span class='ocr_line' id='line_1_57' title="bbox 323 5485 1913 5562; baseline -0.003 -17"><span class='ocrx_word' id='word_1_437' title='bbox 323 5489 433 5559; x_wconf 82' lang='lat' dir='ltr'><strong>jam</strong></span> <span class='ocrx_word' id='word_1_438' title='bbox 453 5491 539 5545; x_wconf 92' lang='lat' dir='ltr'><strong>isti</strong></span> <span class='ocrx_word' id='word_1_439' title='bbox 564 5532 578 5557; x_wconf 88' lang='lat'><strong>,</strong></span> <span class='ocrx_word' id='word_1_440' title='bbox 608 5501 667 5546; x_wconf 90' lang='lat' dir='ltr'><strong>ut</strong></span> <span class='ocrx_word' id='word_1_441' title='bbox 683 5490 864 5546; x_wconf 88' lang='lat' dir='ltr'><strong>dicere</strong></span> <span class='ocrx_word' id='word_1_442' title='bbox 885 5504 1155 5562; x_wconf 76' lang='lat' dir='ltr'><strong>cmperam</strong></span> <span class='ocrx_word' id='word_1_443' title='bbox 1173 5530 1188 5556; x_wconf 91' lang='lat'><strong>,</strong></span> <span class='ocrx_word' id='word_1_444' title='bbox 1214 5489 1372 5545; x_wconf 88' lang='lat' dir='ltr'><strong>etiam</strong></span> <span class='ocrx_word' id='word_1_445' title='bbox 1402 5486 1520 5542; x_wconf 91' lang='lat' dir='ltr'><strong>illos</strong></span> <span class='ocrx_word' id='word_1_446' title='bbox 1545 5485 1723 5557; x_wconf 89' lang='lat' dir='ltr'><strong>aliquo</strong></span> <span class='ocrx_word' id='word_1_447' title='bbox 1748 5485 1913 5557; x_wconf 90' lang='lat' dir='ltr'><strong>gradu</strong></span> 
     </span>
    </p>
   </div>
   <div class='ocr_carea' id='block_1_58' title="bbox 391 5645 1571 5707">
    <p class='ocr_par' dir='ltr' id='par_1_58' title="bbox 391 5645 1571 5707">
     <span class='ocr_line' id='line_1_58' title="bbox 391 5645 1571 5707; baseline -0.005 -7"><span class='ocrx_word' id='word_1_448' title='bbox 391 5651 409 5680; x_wconf 79' lang='grc'><strong><em>³</em></strong></span> <span class='ocrx_word' id='word_1_449' title='bbox 443 5648 649 5700; x_wconf 73' lang='lat' dir='ltr'><strong>sicitas.</strong></span> <span class='ocrx_word' id='word_1_450' title='bbox 684 5655 740 5698; x_wconf 76' lang='lat' dir='ltr'><strong>At</strong></span> <span class='ocrx_word' id='word_1_451' title='bbox 772 5647 907 5707; x_wconf 88' lang='lat' dir='ltr'><strong>editi,</strong></span> <span class='ocrx_word' id='word_1_452' title='bbox 928 5645 1177 5698; x_wconf 78' lang='lat' dir='ltr'><strong>imitth</strong></span> <span class='ocrx_word' id='word_1_453' title='bbox 1204 5658 1222 5698; x_wconf 92' lang='lat'><strong><em>:</em></strong></span> <span class='ocrx_word' id='word_1_454' title='bbox 1244 5648 1402 5697; x_wconf 87' lang='lat' dir='ltr'><strong>minus</strong></span> <span class='ocrx_word' id='word_1_455' title='bbox 1420 5647 1571 5696; x_wconf 88' lang='lat' dir='ltr'><strong>bene.</strong></span> 
     </span>
    </p>
   </div>
   <div class='ocr_carea' id='block_1_59' title="bbox 391 5708 1797 5775">
    <p class='ocr_par' dir='ltr' id='par_1_59' title="bbox 391 5708 1797 5775">
     <span class='ocr_line' id='line_1_59' title="bbox 391 5708 1797 5775; baseline -0.004 -14"><span class='ocrx_word' id='word_1_456' title='bbox 391 5714 414 5775; x_wconf 66' lang='grc' dir='ltr'><strong>ξ</strong></span> <span class='ocrx_word' id='word_1_457' title='bbox 434 5712 573 5775; x_wconf 71' lang='lat' dir='ltr'><strong>Editi,</strong></span> <span class='ocrx_word' id='word_1_458' title='bbox 592 5708 789 5775; x_wconf 74' lang='lat' dir='ltr'><strong>verbum</strong></span> <span class='ocrx_word' id='word_1_459' title='bbox 808 5722 872 5759; x_wconf 74' lang='lat' dir='ltr'><strong>ea:</strong></span> <span class='ocrx_word' id='word_1_460' title='bbox 894 5708 1036 5759; x_wconf 83' lang='lat' dir='ltr'><strong>verba</strong></span> <span class='ocrx_word' id='word_1_461' title='bbox 1054 5720 1233 5775; x_wconf 71' lang='lat' dir='ltr'><strong>graeco.</strong></span> <span class='ocrx_word' id='word_1_462' title='bbox 1259 5711 1421 5774; x_wconf 79' lang='lat' dir='ltr'><strong>Abest,</strong></span> <span class='ocrx_word' id='word_1_463' title='bbox 1442 5720 1622 5775; x_wconf 75' lang='lat' dir='ltr'><strong>grwco,</strong></span> <span class='ocrx_word' id='word_1_464' title='bbox 1642 5719 1670 5756; x_wconf 89' lang='lat' dir='ltr'><strong>a</strong></span> <span class='ocrx_word' id='word_1_465' title='bbox 1690 5711 1797 5757; x_wconf 78' lang='lat' dir='ltr'><strong>Mss.</strong></span> 
     </span>
    </p>
   </div>
   <div class='ocr_carea' id='block_1_60' title="bbox 392 5770 1218 5837">
    <p class='ocr_par' dir='ltr' id='par_1_60' title="bbox 392 5770 1218 5837">
     <span class='ocr_line' id='line_1_60' title="bbox 392 5770 1218 5837; baseline -0.001 -15"><span class='ocrx_word' id='word_1_466' title='bbox 392 5773 416 5805; x_wconf 83' lang='grc'><em>³</em></span> <span class='ocrx_word' id='word_1_467' title='bbox 445 5779 495 5822; x_wconf 86' lang='lat' dir='ltr'><strong>In</strong></span> <span class='ocrx_word' id='word_1_468' title='bbox 517 5771 769 5837; x_wconf 81' lang='lat' dir='ltr'><strong>plerisque</strong></span> <span class='ocrx_word' id='word_1_469' title='bbox 787 5780 916 5835; x_wconf 57' lang='lat' dir='ltr'><strong>Mss,</strong></span> <span class='ocrx_word' id='word_1_470' title='bbox 936 5770 1218 5835; x_wconf 67' lang='lat' dir='ltr'><strong>repoitoria.</strong></span> 
     </span>
    </p>
   </div>
   <div class='ocr_carea' id='block_1_61' title="bbox 1707 300 2136 367">
    <p class='ocr_par' dir='ltr' id='par_1_61' title="bbox 1707 300 2136 367">
     <span class='ocr_line' id='line_1_61' title="bbox 1707 300 2136 367; baseline -0.005 -1"><span class='ocrx_word' id='word_1_471' title='bbox 1707 306 1909 366; x_wconf 79' lang='lat' dir='ltr'>LIBER</span> <span class='ocrx_word' id='word_1_472' title='bbox 1938 300 2030 365; x_wconf 70' lang='grc' dir='ltr'><strong>ΠΝ</strong></span> <span class='ocrx_word' id='word_1_473' title='bbox 2039 307 2136 367; x_wconf 91' lang='lat' dir='ltr'><strong>US.</strong></span> 
     </span>
    </p>
   </div>
   <div class='ocr_carea' id='block_1_62' title="bbox 3482 307 3592 373">
    <p class='ocr_par' dir='ltr' id='par_1_62' title="bbox 3482 307 3592 373">
     <span class='ocr_line' id='line_1_62' title="bbox 3482 307 3592 373; baseline -0.009 0"><span class='ocrx_word' id='word_1_474' title='bbox 3482 307 3592 373; x_wconf 69' lang='lat'><strong>610</strong></span> 
     </span>
    </p>
   </div>
   <div class='ocr_carea' id='block_1_63' title="bbox 2000 426 3589 503">
    <p class='ocr_par' dir='ltr' id='par_1_63' title="bbox 2000 426 3589 503">
     <span class='ocr_line' id='line_1_63' title="bbox 2000 426 3589 503; baseline 0 -17"><span class='ocrx_word' id='word_1_475' title='bbox 2000 431 2221 501; x_wconf 73' lang='lat' dir='ltr'><strong>iustitia:</strong></span> <span class='ocrx_word' id='word_1_476' title='bbox 2253 430 2605 497; x_wconf 86' lang='lat' dir='ltr'><strong>transierunt,</strong></span> <span class='ocrx_word' id='word_1_477' title='bbox 2647 441 2701 486; x_wconf 92' lang='lat' dir='ltr'><strong>et</strong></span> <span class='ocrx_word' id='word_1_478' title='bbox 2729 426 2950 487; x_wconf 92' lang='lat' dir='ltr'><strong>omnino</strong></span> <span class='ocrx_word' id='word_1_479' title='bbox 2977 429 3032 487; x_wconf 92' lang='lat' dir='ltr'><strong>in</strong></span> <span class='ocrx_word' id='word_1_480' title='bbox 3058 430 3126 487; x_wconf 87' lang='lat' dir='ltr'><strong>iis</strong></span> <span class='ocrx_word' id='word_1_481' title='bbox 3151 444 3270 503; x_wconf 60' lang='lat' dir='ltr'><strong>quas</strong></span> <span class='ocrx_word' id='word_1_482' title='bbox 3294 428 3363 486; x_wconf 86' lang='lat' dir='ltr'><strong>ad</strong></span> <span class='ocrx_word' id='word_1_483' title='bbox 3387 430 3589 487; x_wconf 84' lang='lat' dir='ltr'><strong>transi-</strong></span> 
     </span>
    </p>
   </div>
   <div class='ocr_carea' id='block_1_64' title="bbox 2006 521 3590 595">
    <p class='ocr_par' dir='ltr' id='par_1_64' title="bbox 2006 521 3590 595">
     <span class='ocr_line' id='line_1_64' title="bbox 2006 521 3590 595; baseline 0.001 -17"><span class='ocrx_word' id='word_1_484' title='bbox 2006 521 2233 593; x_wconf 87' lang='lat' dir='ltr'><strong>gendam</strong></span> <span class='ocrx_word' id='word_1_485' title='bbox 2266 524 2420 577; x_wconf 89' lang='lat' dir='ltr'><strong>vitam</strong></span> <span class='ocrx_word' id='word_1_486' title='bbox 2449 524 2603 579; x_wconf 88' lang='lat' dir='ltr'><strong>istam</strong></span> <span class='ocrx_word' id='word_1_487' title='bbox 2630 524 2937 595; x_wconf 90' lang='lat' dir='ltr'><strong>pertinent,</strong></span> <span class='ocrx_word' id='word_1_488' title='bbox 2965 524 3103 579; x_wconf 90' lang='lat' dir='ltr'><strong>sicut</strong></span> <span class='ocrx_word' id='word_1_489' title='bbox 3126 523 3370 580; x_wconf 88' lang='lat' dir='ltr'><strong>volucres</strong></span> <span class='ocrx_word' id='word_1_490' title='bbox 3395 533 3590 595; x_wconf 88' lang='lat' dir='ltr'><strong>agunt;</strong></span> 
     </span>
    </p>
   </div>
   <div class='ocr_carea' id='block_1_65' title="bbox 2008 613 3675 685">
    <p class='ocr_par' dir='ltr' id='par_1_65' title="bbox 2008 613 3675 685">
     <span class='ocr_line' id='line_1_65' title="bbox 2008 613 3675 685; baseline 0.002 -16"><span class='ocrx_word' id='word_1_491' title='bbox 2008 615 2290 670; x_wconf 88' lang='lat' dir='ltr'><strong>ostendant</strong></span> <span class='ocrx_word' id='word_1_492' title='bbox 2308 616 2459 671; x_wconf 90' lang='lat' dir='ltr'><strong>nobis</strong></span> <span class='ocrx_word' id='word_1_493' title='bbox 2474 615 2718 672; x_wconf 88' lang='lat' dir='ltr'><strong>homines</strong></span> <span class='ocrx_word' id='word_1_494' title='bbox 2735 617 2941 672; x_wconf 90' lang='lat' dir='ltr'><strong>servire</strong></span> <span class='ocrx_word' id='word_1_495' title='bbox 2958 615 3266 672; x_wconf 83' lang='lat' dir='ltr'><strong>volucribus</strong></span> <span class='ocrx_word' id='word_1_496' title='bbox 3287 657 3302 685; x_wconf 91' lang='lat'><strong>,</strong></span> <span class='ocrx_word' id='word_1_497' title='bbox 3335 616 3473 671; x_wconf 88' lang='lat' dir='ltr'><strong>sicut</strong></span> <span class='ocrx_word' id='word_1_498' title='bbox 3492 613 3597 672; x_wconf 89' lang='lat' dir='ltr'><strong>sibi</strong></span> <span class='ocrx_word' id='word_1_499' title='bbox 3666 650 3675 653; x_wconf 95' lang='lat'><em>-</em></span> 
     </span>
    </p>
   </div>
   <div class='ocr_carea' id='block_1_66' title="bbox 2007 707 3593 779">
    <p class='ocr_par' dir='ltr' id='par_1_66' title="bbox 2007 707 3593 779">
     <span class='ocr_line' id='line_1_66' title="bbox 2007 707 3593 779; baseline 0.001 -17"><span class='ocrx_word' id='word_1_500' title='bbox 2007 707 2198 763; x_wconf 90' lang='lat' dir='ltr'><strong>serviri</strong></span> <span class='ocrx_word' id='word_1_501' title='bbox 2243 708 2461 774; x_wconf 88' lang='lat' dir='ltr'><strong>volunt,</strong></span> <span class='ocrx_word' id='word_1_502' title='bbox 2493 709 2592 763; x_wconf 92' lang='lat' dir='ltr'><strong>nisi</strong></span> <span class='ocrx_word' id='word_1_503' title='bbox 2636 709 2805 779; x_wconf 86' lang='lat' dir='ltr'><strong>captis</strong></span> <span class='ocrx_word' id='word_1_504' title='bbox 2832 718 2887 765; x_wconf 90' lang='lat' dir='ltr'><strong>et</strong></span> <span class='ocrx_word' id='word_1_505' title='bbox 2930 708 3148 765; x_wconf 91' lang='lat' dir='ltr'><strong>inclusis</strong></span> <span class='ocrx_word' id='word_1_506' title='bbox 3172 749 3187 776; x_wconf 88' lang='lat'><strong>,</strong></span> <span class='ocrx_word' id='word_1_507' title='bbox 3227 708 3422 779; x_wconf 89' lang='lat' dir='ltr'><strong>quibus</strong></span> <span class='ocrx_word' id='word_1_508' title='bbox 3462 707 3593 764; x_wconf 82' lang='lat' dir='ltr'><strong>fides</strong></span> 
     </span>
    </p>
   </div>
   <div class='ocr_carea' id='block_1_67' title="bbox 2008 802 3595 871">
    <p class='ocr_par' dir='ltr' id='par_1_67' title="bbox 2008 802 3595 871">
     <span class='ocr_line' id='line_1_67' title="bbox 2008 802 3595 871; baseline 0 -16"><span class='ocrx_word' id='word_1_509' title='bbox 2008 816 2112 856; x_wconf 92' lang='lat' dir='ltr'><strong>non</strong></span> <span class='ocrx_word' id='word_1_510' title='bbox 2135 802 2359 859; x_wconf 88' lang='lat' dir='ltr'><strong>habetur</strong></span> <span class='ocrx_word' id='word_1_511' title='bbox 2378 844 2392 869; x_wconf 92' lang='lat'><strong>,</strong></span> <span class='ocrx_word' id='word_1_512' title='bbox 2422 819 2489 858; x_wconf 93' lang='lat' dir='ltr'><strong>ne</strong></span> <span class='ocrx_word' id='word_1_513' title='bbox 2514 804 2755 860; x_wconf 87' lang='lat' dir='ltr'><strong>volantes</strong></span> <span class='ocrx_word' id='word_1_514' title='bbox 2778 819 2884 859; x_wconf 91' lang='lat' dir='ltr'><strong>non</strong></span> <span class='ocrx_word' id='word_1_515' title='bbox 2911 802 3133 859; x_wconf 86' lang='lat' dir='ltr'><strong>redeant</strong></span> <span class='ocrx_word' id='word_1_516' title='bbox 3164 820 3177 858; x_wconf 91' lang='lat'><strong>:</strong></span> <span class='ocrx_word' id='word_1_517' title='bbox 3207 813 3261 871; x_wconf 87' lang='lat' dir='ltr'><strong>et</strong></span> <span class='ocrx_word' id='word_1_518' title='bbox 3288 812 3463 857; x_wconf 91' lang='lat' dir='ltr'><strong>tamen</strong></span> <span class='ocrx_word' id='word_1_519' title='bbox 3489 802 3595 856; x_wconf 69' lang='lat' dir='ltr'><strong>illae</strong></span> 
     </span>
    </p>
   </div>
   <div class='ocr_carea' id='block_1_68' title="bbox 2007 895 3598 968">
    <p class='ocr_par' dir='ltr' id='par_1_68' title="bbox 2007 895 3598 968">
     <span class='ocr_line' id='line_1_68' title="bbox 2007 895 3598 968; baseline 0 -20"><span class='ocrx_word' id='word_1_520' title='bbox 2007 895 2210 950; x_wconf 89' lang='lat' dir='ltr'><strong>malunt</strong></span> <span class='ocrx_word' id='word_1_521' title='bbox 2240 895 2343 950; x_wconf 90' lang='lat' dir='ltr'><strong>frui</strong></span> <span class='ocrx_word' id='word_1_522' title='bbox 2374 896 2620 952; x_wconf 87' lang='lat' dir='ltr'><strong>libertate</strong></span> <span class='ocrx_word' id='word_1_523' title='bbox 2642 940 2658 963; x_wconf 90' lang='lat'><strong>,</strong></span> <span class='ocrx_word' id='word_1_524' title='bbox 2687 905 2743 953; x_wconf 92' lang='lat' dir='ltr'><strong>et</strong></span> <span class='ocrx_word' id='word_1_525' title='bbox 2767 913 2833 955; x_wconf 87' lang='lat' dir='ltr'><strong>ex</strong></span> <span class='ocrx_word' id='word_1_526' title='bbox 2869 897 3011 968; x_wconf 88' lang='lat' dir='ltr'><strong>agris</strong></span> <span class='ocrx_word' id='word_1_527' title='bbox 3048 905 3305 968; x_wconf 88' lang='lat' dir='ltr'><strong>quantum</strong></span> <span class='ocrx_word' id='word_1_528' title='bbox 3355 895 3485 950; x_wconf 88' lang='lat' dir='ltr'><strong>satis</strong></span> <span class='ocrx_word' id='word_1_529' title='bbox 3513 903 3598 949; x_wconf 89' lang='lat' dir='ltr'><strong>est</strong></span> 
     </span>
    </p>
   </div>
   <div class='ocr_carea' id='block_1_69' title="bbox 2007 987 3591 1060">
    <p class='ocr_par' dir='ltr' id='par_1_69' title="bbox 2007 987 3591 1060">
     <span class='ocr_line' id='line_1_69' title="bbox 2007 987 3591 1060; baseline 0.002 -21"><span class='ocrx_word' id='word_1_530' title='bbox 2007 999 2233 1056; x_wconf 89' lang='lat' dir='ltr'><strong>capere,</strong></span> <span class='ocrx_word' id='word_1_531' title='bbox 2265 1002 2423 1057; x_wconf 89' lang='lat' dir='ltr'><strong>quam</strong></span> <span class='ocrx_word' id='word_1_532' title='bbox 2449 987 2517 1043; x_wconf 91' lang='lat' dir='ltr'><strong>ab</strong></span> <span class='ocrx_word' id='word_1_533' title='bbox 2553 987 2857 1045; x_wconf 88' lang='lat' dir='ltr'><strong>hominibus</strong></span> <span class='ocrx_word' id='word_1_534' title='bbox 2883 988 3121 1060; x_wconf 89' lang='lat' dir='ltr'><strong>apposita</strong></span> <span class='ocrx_word' id='word_1_535' title='bbox 3148 997 3198 1043; x_wconf 90' lang='lat' dir='ltr'><strong>et</strong></span> <span class='ocrx_word' id='word_1_536' title='bbox 3221 998 3473 1059; x_wconf 87' lang='lat' dir='ltr'><strong>apparata</strong></span> <span class='ocrx_word' id='word_1_537' title='bbox 3498 1001 3591 1042; x_wconf 92' lang='lat' dir='ltr'><strong>su-</strong></span> 
     </span>
    </p>
   </div>
   <div class='ocr_carea' id='block_1_70' title="bbox 2005 1093 2175 1134">
    <p class='ocr_par' dir='ltr' id='par_1_70' title="bbox 2005 1093 2175 1134">
     <span class='ocr_line' id='line_1_70' title="bbox 2005 1093 2175 1134; baseline -0.012 -1"><span class='ocrx_word' id='word_1_538' title='bbox 2005 1093 2175 1134; x_wconf 85' lang='lat' dir='ltr'><strong>mere.</strong></span> 
     </span>
    </p>
   </div>
   <div class='ocr_carea' id='block_1_71' title="bbox 2078 1169 3590 1245">
    <p class='ocr_par' dir='ltr' id='par_1_71' title="bbox 2078 1169 3590 1245">
     <span class='ocr_line' id='line_1_71' title="bbox 2078 1169 3590 1245; baseline 0.002 -21"><span class='ocrx_word' id='word_1_539' title='bbox 2078 1170 2168 1225; x_wconf 89' lang='grc'><strong>28.</strong></span> <span class='ocrx_word' id='word_1_540' title='bbox 2197 1169 2432 1227; x_wconf 88' lang='lat' dir='ltr'><strong>Proinde</strong></span> <span class='ocrx_word' id='word_1_541' title='bbox 2460 1187 2648 1228; x_wconf 90' lang='lat' dir='ltr'><strong>rursus</strong></span> <span class='ocrx_word' id='word_1_542' title='bbox 2673 1173 2804 1229; x_wconf 91' lang='lat' dir='ltr'><strong>istos</strong></span> <span class='ocrx_word' id='word_1_543' title='bbox 2820 1173 2926 1230; x_wconf 88' lang='lat' dir='ltr'><strong>alio</strong></span> <span class='ocrx_word' id='word_1_544' title='bbox 2954 1172 3264 1229; x_wconf 91' lang='lat' dir='ltr'><strong>sublimiore</strong></span> <span class='ocrx_word' id='word_1_545' title='bbox 3291 1172 3457 1245; x_wconf 90' lang='lat' dir='ltr'><strong>gradu</strong></span> <span class='ocrx_word' id='word_1_546' title='bbox 3500 1171 3590 1243; x_wconf 89' lang='lat' dir='ltr'><strong>ju-</strong></span> 
     </span>
    </p>
   </div>
   <div class='ocr_carea' id='block_1_72' title="bbox 2008 1263 3596 1337">
    <p class='ocr_par' dir='ltr' id='par_1_72' title="bbox 2008 1263 3596 1337">
     <span class='ocr_line' id='line_1_72' title="bbox 2008 1263 3596 1337; baseline 0.001 -18"><span class='ocrx_word' id='word_1_547' title='bbox 2008 1263 2167 1319; x_wconf 75' lang='lat' dir='ltr'><strong>stitiae</strong></span> <span class='ocrx_word' id='word_1_548' title='bbox 2191 1266 2548 1336; x_wconf 89' lang='lat' dir='ltr'><strong>superabunt,</strong></span> <span class='ocrx_word' id='word_1_549' title='bbox 2573 1267 2662 1337; x_wconf 91' lang='lat' dir='ltr'><strong>qui</strong></span> <span class='ocrx_word' id='word_1_550' title='bbox 2686 1282 2745 1323; x_wconf 89' lang='lat' dir='ltr'><strong>se</strong></span> <span class='ocrx_word' id='word_1_551' title='bbox 2775 1268 2846 1322; x_wconf 87' lang='lat' dir='ltr'><strong>ita</strong></span> <span class='ocrx_word' id='word_1_552' title='bbox 2872 1266 3235 1335; x_wconf 86' lang='lat' dir='ltr'><strong>instituerint,</strong></span> <span class='ocrx_word' id='word_1_553' title='bbox 3283 1276 3339 1322; x_wconf 91' lang='lat' dir='ltr'><strong>ut</strong></span> <span class='ocrx_word' id='word_1_554' title='bbox 3360 1266 3596 1337; x_wconf 88' lang='lat' dir='ltr'><strong>quotidie</strong></span> 
     </span>
    </p>
   </div>
   <div class='ocr_carea' id='block_1_73' title="bbox 2006 1358 3592 1432">
    <p class='ocr_par' dir='ltr' id='par_1_73' title="bbox 2006 1358 3592 1432">
     <span class='ocr_line' id='line_1_73' title="bbox 2006 1358 3592 1432; baseline 0.001 -19"><span class='ocrx_word' id='word_1_555' title='bbox 2006 1360 2063 1413; x_wconf 86' lang='lat' dir='ltr'><strong>in</strong></span> <span class='ocrx_word' id='word_1_556' title='bbox 2087 1373 2244 1429; x_wconf 88' lang='lat' dir='ltr'><strong>agros</strong></span> <span class='ocrx_word' id='word_1_557' title='bbox 2268 1368 2524 1430; x_wconf 91' lang='lat' dir='ltr'><strong>tanquam</strong></span> <span class='ocrx_word' id='word_1_558' title='bbox 2547 1360 2602 1414; x_wconf 93' lang='lat' dir='ltr'><strong>in</strong></span> <span class='ocrx_word' id='word_1_559' title='bbox 2623 1368 2832 1430; x_wconf 90' lang='lat' dir='ltr'><strong>pastum</strong></span> <span class='ocrx_word' id='word_1_560' title='bbox 2854 1368 3093 1432; x_wconf 90' lang='lat' dir='ltr'><strong>pergant,</strong></span> <span class='ocrx_word' id='word_1_561' title='bbox 3117 1369 3171 1416; x_wconf 88' lang='lat' dir='ltr'><strong>et</strong></span> <span class='ocrx_word' id='word_1_562' title='bbox 3191 1376 3296 1431; x_wconf 89' lang='lat' dir='ltr'><strong>quo</strong></span> <span class='ocrx_word' id='word_1_563' title='bbox 3315 1368 3555 1430; x_wconf 89' lang='lat' dir='ltr'><strong>tempore</strong></span> <span class='ocrx_word' id='word_1_564' title='bbox 3576 1358 3592 1390; x_wconf 78' lang='lat'><em>‘</em></span> 
     </span>
    </p>
   </div>
   <div class='ocr_carea' id='block_1_74' title="bbox 2008 1449 3594 1522">
    <p class='ocr_par' dir='ltr' id='par_1_74' title="bbox 2008 1449 3594 1522">
     <span class='ocr_line' id='line_1_74' title="bbox 2008 1449 3594 1522; baseline 0.001 -18"><span class='ocrx_word' id='word_1_565' title='bbox 2008 1449 2311 1505; x_wconf 86' lang='lat' dir='ltr'><strong>invenerint</strong></span> <span class='ocrx_word' id='word_1_566' title='bbox 2356 1459 2615 1521; x_wconf 90' lang='lat' dir='ltr'><strong>carpant,</strong></span> <span class='ocrx_word' id='word_1_567' title='bbox 2658 1466 2722 1507; x_wconf 91' lang='lat' dir='ltr'><strong>ac</strong></span> <span class='ocrx_word' id='word_1_568' title='bbox 2780 1453 2953 1522; x_wconf 87' lang='lat' dir='ltr'><strong>sopita</strong></span> <span class='ocrx_word' id='word_1_569' title='bbox 3007 1452 3191 1507; x_wconf 73' lang='lat' dir='ltr'><strong>fame&#39;</strong></span> <span class='ocrx_word' id='word_1_570' title='bbox 3237 1462 3594 1508; x_wconf 88' lang='lat' dir='ltr'><strong>revertantur.</strong></span> 
     </span>
    </p>
   </div>
   <div class='ocr_carea' id='block_1_75' title="bbox 2009 1541 3594 1616">
    <p class='ocr_par' dir='ltr' id='par_1_75' title="bbox 2009 1541 3594 1616">
     <span class='ocr_line' id='line_1_75' title="bbox 2009 1541 3594 1616; baseline 0 -17"><span class='ocrx_word' id='word_1_571' title='bbox 2009 1541 2114 1599; x_wconf 90' lang='lat' dir='ltr'><strong>Sed</strong></span> <span class='ocrx_word' id='word_1_572' title='bbox 2163 1544 2319 1615; x_wconf 88' lang='lat' dir='ltr'><strong>plane</strong></span> <span class='ocrx_word' id='word_1_573' title='bbox 2348 1553 2566 1615; x_wconf 91' lang='lat' dir='ltr'><strong>propter</strong></span> <span class='ocrx_word' id='word_1_574' title='bbox 2611 1559 2861 1615; x_wconf 87' lang='lat' dir='ltr'><strong>agrorum</strong></span> <span class='ocrx_word' id='word_1_575' title='bbox 2909 1544 3159 1601; x_wconf 89' lang='lat' dir='ltr'><strong>custodes</strong></span> <span class='ocrx_word' id='word_1_576' title='bbox 3196 1559 3357 1616; x_wconf 90' lang='lat' dir='ltr'><strong>quam</strong></span> <span class='ocrx_word' id='word_1_577' title='bbox 3393 1544 3594 1599; x_wconf 92' lang='lat' dir='ltr'><strong>bonum</strong></span> 
     </span>
    </p>
   </div>
   <div class='ocr_carea' id='block_1_76' title="bbox 2009 1634 3593 1706">
    <p class='ocr_par' dir='ltr' id='par_1_76' title="bbox 2009 1634 3593 1706">
     <span class='ocr_line' id='line_1_76' title="bbox 2009 1634 3593 1706; baseline 0 -17"><span class='ocrx_word' id='word_1_578' title='bbox 2009 1643 2154 1690; x_wconf 89' lang='lat' dir='ltr'><strong>esset</strong></span> <span class='ocrx_word' id='word_1_579' title='bbox 2179 1677 2193 1701; x_wconf 95' lang='lat'><strong>,</strong></span> <span class='ocrx_word' id='word_1_580' title='bbox 2221 1635 2268 1690; x_wconf 89' lang='lat' dir='ltr'><strong>si</strong></span> <span class='ocrx_word' id='word_1_581' title='bbox 2294 1636 2453 1691; x_wconf 90' lang='lat' dir='ltr'><strong>etiam</strong></span> <span class='ocrx_word' id='word_1_582' title='bbox 2500 1650 2700 1706; x_wconf 91' lang='lat' dir='ltr'><strong>pennas</strong></span> <span class='ocrx_word' id='word_1_583' title='bbox 2728 1636 2908 1706; x_wconf 90' lang='lat' dir='ltr'><strong>largiri</strong></span> <span class='ocrx_word' id='word_1_584' title='bbox 2958 1636 3215 1691; x_wconf 92' lang='lat' dir='ltr'><strong>Dominus</strong></span> <span class='ocrx_word' id='word_1_585' title='bbox 3242 1634 3553 1706; x_wconf 89' lang='lat' dir='ltr'><strong>dignaretur</strong></span> <span class='ocrx_word' id='word_1_586' title='bbox 3577 1676 3593 1702; x_wconf 92' lang='lat'><strong>,</strong></span> 
     </span>
    </p>
   </div>
   <div class='ocr_carea' id='block_1_77' title="bbox 2009 1726 3599 1798">
    <p class='ocr_par' dir='ltr' id='par_1_77' title="bbox 2009 1726 3599 1798">
     <span class='ocr_line' id='line_1_77' title="bbox 2009 1726 3599 1798; baseline 0.002 -18"><span class='ocrx_word' id='word_1_587' title='bbox 2009 1734 2069 1781; x_wconf 91' lang='lat' dir='ltr'><strong>ut</strong></span> <span class='ocrx_word' id='word_1_588' title='bbox 2094 1726 2233 1781; x_wconf 89' lang='lat' dir='ltr'><strong>servi</strong></span> <span class='ocrx_word' id='word_1_589' title='bbox 2263 1726 2357 1782; x_wconf 91' lang='lat' dir='ltr'><strong>Dei</strong></span> <span class='ocrx_word' id='word_1_590' title='bbox 2379 1727 2433 1781; x_wconf 92' lang='lat' dir='ltr'><strong>in</strong></span> <span class='ocrx_word' id='word_1_591' title='bbox 2464 1727 2604 1798; x_wconf 90' lang='lat' dir='ltr'><strong>agris</strong></span> <span class='ocrx_word' id='word_1_592' title='bbox 2627 1728 2815 1783; x_wconf 91' lang='lat' dir='ltr'><strong>alienis</strong></span> <span class='ocrx_word' id='word_1_593' title='bbox 2833 1728 3031 1783; x_wconf 90' lang='lat' dir='ltr'><strong>inventi</strong></span> <span class='ocrx_word' id='word_1_594' title='bbox 3058 1743 3164 1784; x_wconf 92' lang='lat' dir='ltr'><strong>non</strong></span> <span class='ocrx_word' id='word_1_595' title='bbox 3184 1735 3431 1798; x_wconf 88' lang='lat' dir='ltr'><strong>tanquam</strong></span> <span class='ocrx_word' id='word_1_596' title='bbox 3452 1726 3599 1783; x_wconf 84' lang='lat' dir='ltr'><strong>fures</strong></span> 
     </span>
    </p>
   </div>
   <div class='ocr_carea' id='block_1_78' title="bbox 2009 1818 3596 1891">
    <p class='ocr_par' dir='ltr' id='par_1_78' title="bbox 2009 1818 3596 1891">
     <span class='ocr_line' id='line_1_78' title="bbox 2009 1818 3596 1891; baseline -0.001 -18"><span class='ocrx_word' id='word_1_597' title='bbox 2009 1818 2596 1888; x_wconf 88' lang='lat' dir='ltr'><strong>comprehenderentur</strong></span> <span class='ocrx_word' id='word_1_598' title='bbox 2619 1860 2634 1886; x_wconf 90' lang='lat'><strong>,</strong></span> <span class='ocrx_word' id='word_1_599' title='bbox 2663 1819 2757 1875; x_wconf 90' lang='lat' dir='ltr'><strong>sed</strong></span> <span class='ocrx_word' id='word_1_600' title='bbox 2780 1828 3030 1891; x_wconf 87' lang='lat' dir='ltr'><strong>tanquam</strong></span> <span class='ocrx_word' id='word_1_601' title='bbox 3059 1818 3231 1875; x_wconf 90' lang='lat' dir='ltr'><strong>sturni</strong></span> <span class='ocrx_word' id='word_1_602' title='bbox 3269 1820 3596 1889; x_wconf 86' lang='lat' dir='ltr'><strong>lugarentur.</strong></span> 
     </span>
    </p>
   </div>
   <div class='ocr_carea' id='block_1_79' title="bbox 2008 1909 3598 1983">
    <p class='ocr_par' dir='ltr' id='par_1_79' title="bbox 2008 1909 3598 1983">
     <span class='ocr_line' id='line_1_79' title="bbox 2008 1909 3598 1983; baseline 0 -18"><span class='ocrx_word' id='word_1_603' title='bbox 2008 1909 2163 1967; x_wconf 85' lang='lat' dir='ltr'><strong>Nunc</strong></span> <span class='ocrx_word' id='word_1_604' title='bbox 2207 1925 2338 1966; x_wconf 91' lang='lat' dir='ltr'><strong>vero</strong></span> <span class='ocrx_word' id='word_1_605' title='bbox 2390 1910 2479 1967; x_wconf 89' lang='lat' dir='ltr'><strong>ille</strong></span> <span class='ocrx_word' id='word_1_606' title='bbox 2504 1920 2758 1982; x_wconf 91' lang='lat' dir='ltr'><strong>quantum</strong></span> <span class='ocrx_word' id='word_1_607' title='bbox 2784 1912 3021 1983; x_wconf 88' lang='lat' dir='ltr'><strong>poterit,</strong></span> <span class='ocrx_word' id='word_1_608' title='bbox 3077 1910 3367 1967; x_wconf 86' lang='lat' dir='ltr'><strong>imitabitur</strong></span> <span class='ocrx_word' id='word_1_609' title='bbox 3395 1925 3549 1967; x_wconf 86' lang='lat' dir='ltr'><strong>avem</strong></span> <span class='ocrx_word' id='word_1_610' title='bbox 3579 1951 3598 1978; x_wconf 95' lang='lat'><strong>,</strong></span> 
     </span>
    </p>
   </div>
   <div class='ocr_carea' id='block_1_80' title="bbox 2010 2001 3602 2073">
    <p class='ocr_par' dir='ltr' id='par_1_80' title="bbox 2010 2001 3602 2073">
     <span class='ocr_line' id='line_1_80' title="bbox 2010 2001 3602 2073; baseline 0 -15"><span class='ocrx_word' id='word_1_611' title='bbox 2010 2018 2169 2073; x_wconf 90' lang='lat' dir='ltr'><strong>quem</strong></span> <span class='ocrx_word' id='word_1_612' title='bbox 2196 2003 2217 2035; x_wconf 85' lang='grc'>³</span> <span class='ocrx_word' id='word_1_613' title='bbox 2243 2018 2434 2073; x_wconf 90' lang='lat' dir='ltr'><strong>capere</strong></span> <span class='ocrx_word' id='word_1_614' title='bbox 2460 2012 2682 2059; x_wconf 87' lang='lat' dir='ltr'><strong>venator</strong></span> <span class='ocrx_word' id='word_1_615' title='bbox 2708 2019 2816 2058; x_wconf 91' lang='lat' dir='ltr'><strong>non</strong></span> <span class='ocrx_word' id='word_1_616' title='bbox 2841 2003 3059 2073; x_wconf 91' lang='lat' dir='ltr'><strong>poterit.</strong></span> <span class='ocrx_word' id='word_1_617' title='bbox 3091 2001 3201 2058; x_wconf 90' lang='lat' dir='ltr'><strong>Sed</strong></span> <span class='ocrx_word' id='word_1_618' title='bbox 3246 2016 3373 2058; x_wconf 86' lang='lat' dir='ltr'><strong>ecce</strong></span> <span class='ocrx_word' id='word_1_619' title='bbox 3406 2016 3602 2058; x_wconf 84' lang='lat' dir='ltr'><strong>conce-</strong></span> 
     </span>
    </p>
   </div>
   <div class='ocr_carea' id='block_1_81' title="bbox 2009 2093 3601 2163">
    <p class='ocr_par' dir='ltr' id='par_1_81' title="bbox 2009 2093 3601 2163">
     <span class='ocr_line' id='line_1_81' title="bbox 2009 2093 3601 2163; baseline -0.001 -13"><span class='ocrx_word' id='word_1_620' title='bbox 2009 2095 2140 2150; x_wconf 89' lang='lat' dir='ltr'><strong>dant</strong></span> <span class='ocrx_word' id='word_1_621' title='bbox 2164 2109 2352 2150; x_wconf 91' lang='lat' dir='ltr'><strong>omnes</strong></span> <span class='ocrx_word' id='word_1_622' title='bbox 2378 2094 2549 2150; x_wconf 91' lang='lat' dir='ltr'><strong>servis</strong></span> <span class='ocrx_word' id='word_1_623' title='bbox 2569 2095 2699 2162; x_wconf 92' lang='lat' dir='ltr'><strong>Dei,</strong></span> <span class='ocrx_word' id='word_1_624' title='bbox 2724 2103 2781 2149; x_wconf 93' lang='lat' dir='ltr'><strong>ut</strong></span> <span class='ocrx_word' id='word_1_625' title='bbox 2801 2109 2922 2150; x_wconf 91' lang='lat' dir='ltr'><strong>cum</strong></span> <span class='ocrx_word' id='word_1_626' title='bbox 2953 2094 3136 2149; x_wconf 89' lang='lat' dir='ltr'><strong>volunt</strong></span> <span class='ocrx_word' id='word_1_627' title='bbox 3156 2093 3208 2148; x_wconf 92' lang='lat' dir='ltr'><strong>in</strong></span> <span class='ocrx_word' id='word_1_628' title='bbox 3239 2108 3424 2149; x_wconf 92' lang='lat' dir='ltr'><strong>eorum</strong></span> <span class='ocrx_word' id='word_1_629' title='bbox 3443 2107 3601 2163; x_wconf 87' lang='lat' dir='ltr'><strong>agros</strong></span> 
     </span>
    </p>
   </div>
   <div class='ocr_carea' id='block_1_82' title="bbox 2010 2182 3606 2257">
    <p class='ocr_par' dir='ltr' id='par_1_82' title="bbox 2010 2182 3606 2257">
     <span class='ocr_line' id='line_1_82' title="bbox 2010 2182 3606 2257; baseline -0.003 -15"><span class='ocrx_word' id='word_1_630' title='bbox 2010 2195 2238 2253; x_wconf 89' lang='lat' dir='ltr'><strong>exeant,</strong></span> <span class='ocrx_word' id='word_1_631' title='bbox 2268 2194 2428 2257; x_wconf 90' lang='lat' dir='ltr'><strong>atque</strong></span> <span class='ocrx_word' id='word_1_632' title='bbox 2457 2186 2581 2241; x_wconf 91' lang='lat' dir='ltr'><strong>inde</strong></span> <span class='ocrx_word' id='word_1_633' title='bbox 2600 2184 2775 2242; x_wconf 89' lang='lat' dir='ltr'><strong>securi</strong></span> <span class='ocrx_word' id='word_1_634' title='bbox 2801 2184 3095 2257; x_wconf 86' lang='lat' dir='ltr'><strong>refectique</strong></span> <span class='ocrx_word' id='word_1_635' title='bbox 3121 2182 3400 2240; x_wconf 89' lang='lat' dir='ltr'><strong>discedant</strong></span> <span class='ocrx_word' id='word_1_636' title='bbox 3429 2201 3442 2237; x_wconf 89' lang='lat'><strong>:</strong></span> <span class='ocrx_word' id='word_1_637' title='bbox 3467 2183 3606 2239; x_wconf 89' lang='lat' dir='ltr'><strong>sicut</strong></span> 
     </span>
    </p>
   </div>
   <div class='ocr_carea' id='block_1_83' title="bbox 2009 2274 3603 2349">
    <p class='ocr_par' dir='ltr' id='par_1_83' title="bbox 2009 2274 3603 2349">
     <span class='ocr_line' id='line_1_83' title="bbox 2009 2274 3603 2349; baseline -0.001 -18"><span class='ocrx_word' id='word_1_638' title='bbox 2009 2278 2210 2348; x_wconf 90' lang='lat' dir='ltr'><strong>populo</strong></span> <span class='ocrx_word' id='word_1_639' title='bbox 2253 2278 2415 2333; x_wconf 90' lang='lat' dir='ltr'><strong>Israel</strong></span> <span class='ocrx_word' id='word_1_640' title='bbox 2446 2293 2543 2348; x_wconf 90' lang='lat' dir='ltr'><strong>per</strong></span> <span class='ocrx_word' id='word_1_641' title='bbox 2579 2279 2751 2349; x_wconf 85' lang='lat' dir='ltr'><strong>legem</strong></span> <span class='ocrx_word' id='word_1_642' title='bbox 2786 2286 3114 2349; x_wconf 83' lang='lat' dir='ltr'><strong>praeceptum</strong></span> <span class='ocrx_word' id='word_1_643' title='bbox 3141 2284 3227 2333; x_wconf 90' lang='lat' dir='ltr'><strong>est</strong></span> <span class='ocrx_word' id='word_1_644' title='bbox 3274 2284 3331 2330; x_wconf 90' lang='lat' dir='ltr'><strong>ut</strong></span> <span class='ocrx_word' id='word_1_645' title='bbox 3378 2275 3430 2330; x_wconf 93' lang='lat' dir='ltr'><strong>in</strong></span> <span class='ocrx_word' id='word_1_646' title='bbox 3460 2274 3603 2345; x_wconf 83' lang='lat' dir='ltr'><strong>agris</strong></span> 
     </span>
    </p>
   </div>
   <div class='ocr_carea' id='block_1_84' title="bbox 2012 2364 3603 2437">
    <p class='ocr_par' dir='ltr' id='par_1_84' title="bbox 2012 2364 3603 2437">
     <span class='ocr_line' id='line_1_84' title="bbox 2012 2364 3603 2437; baseline -0.001 -15"><span class='ocrx_word' id='word_1_647' title='bbox 2012 2367 2126 2422; x_wconf 87' lang='lat' dir='ltr'><strong>suis</strong></span> <span class='ocrx_word' id='word_1_648' title='bbox 2154 2366 2327 2423; x_wconf 89' lang='lat' dir='ltr'><strong>furem</strong></span> <span class='ocrx_word' id='word_1_649' title='bbox 2376 2368 2557 2423; x_wconf 92' lang='lat' dir='ltr'><strong>nullus</strong></span> <span class='ocrx_word' id='word_1_650' title='bbox 2586 2376 2831 2433; x_wconf 90' lang='lat' dir='ltr'><strong>teneret,</strong></span> <span class='ocrx_word' id='word_1_651' title='bbox 2885 2368 2988 2423; x_wconf 90' lang='lat' dir='ltr'><strong>nisi</strong></span> <span class='ocrx_word' id='word_1_652' title='bbox 3029 2368 3120 2437; x_wconf 93' lang='lat' dir='ltr'><strong>qui</strong></span> <span class='ocrx_word' id='word_1_653' title='bbox 3172 2381 3353 2422; x_wconf 91' lang='lat' dir='ltr'><strong>secum</strong></span> <span class='ocrx_word' id='word_1_654' title='bbox 3402 2364 3603 2436; x_wconf 89' lang='lat' dir='ltr'><strong>aliquid</strong></span> 
     </span>
    </p>
   </div>
   <div class='ocr_carea' id='block_1_85' title="bbox 2011 2453 3603 2531">
    <p class='ocr_par' dir='ltr' id='par_1_85' title="bbox 2011 2453 3603 2531">
     <span class='ocr_line' id='line_1_85' title="bbox 2011 2453 3603 2531; baseline -0.001 -18"><span class='ocrx_word' id='word_1_655' title='bbox 2011 2460 2175 2515; x_wconf 85' lang='lat' dir='ltr'><strong>vellet</strong></span> <span class='ocrx_word' id='word_1_656' title='bbox 2199 2459 2411 2515; x_wconf 90' lang='lat' dir='ltr'><strong>auferre</strong></span> <span class='ocrx_word' id='word_1_657' title='bbox 2441 2477 2456 2526; x_wconf 92' lang='lat'><strong>;</strong></span> <span class='ocrx_word' id='word_1_658' title='bbox 2485 2475 2606 2514; x_wconf 91' lang='lat' dir='ltr'><strong>nam</strong></span> <span class='ocrx_word' id='word_1_659' title='bbox 2637 2461 2728 2531; x_wconf 90' lang='lat' dir='ltr'><strong>qui</strong></span> <span class='ocrx_word' id='word_1_660' title='bbox 2752 2459 2886 2516; x_wconf 90' lang='lat' dir='ltr'><strong>nihil</strong></span> <span class='ocrx_word' id='word_1_661' title='bbox 2916 2457 3058 2513; x_wconf 91' lang='lat' dir='ltr'><strong>aliud</strong></span> <span class='ocrx_word' id='word_1_662' title='bbox 3084 2458 3347 2529; x_wconf 89' lang='lat' dir='ltr'><strong>attigisset</strong></span> <span class='ocrx_word' id='word_1_663' title='bbox 3366 2470 3524 2527; x_wconf 89' lang='lat' dir='ltr'><strong>quam</strong></span> <span class='ocrx_word' id='word_1_664' title='bbox 3547 2453 3603 2511; x_wconf 89' lang='lat' dir='ltr'><strong>id</strong></span> 
     </span>
    </p>
   </div>
   <div class='ocr_carea' id='block_1_86' title="bbox 2012 2547 3606 2622">
    <p class='ocr_par' dir='ltr' id='par_1_86' title="bbox 2012 2547 3606 2622">
     <span class='ocr_line' id='line_1_86' title="bbox 2012 2547 3606 2622; baseline -0.004 -15"><span class='ocrx_word' id='word_1_665' title='bbox 2012 2551 2157 2622; x_wconf 89' lang='lat' dir='ltr'><strong>quod</strong></span> <span class='ocrx_word' id='word_1_666' title='bbox 2184 2551 2542 2619; x_wconf 87' lang='lat' dir='ltr'><strong>comedisset,</strong></span> <span class='ocrx_word' id='word_1_667' title='bbox 2570 2551 2799 2606; x_wconf 89' lang='lat' dir='ltr'><strong>liberum</strong></span> <span class='ocrx_word' id='word_1_668' title='bbox 2831 2550 3256 2621; x_wconf 90' lang='lat' dir='ltr'><strong>impunitumque</strong></span> <span class='ocrx_word' id='word_1_669' title='bbox 3285 2548 3434 2604; x_wconf 89' lang='lat' dir='ltr'><strong>abire</strong></span> <span class='ocrx_word' id='word_1_670' title='bbox 3460 2547 3606 2604; x_wconf 87' lang='lat' dir='ltr'><strong>sine-</strong></span> 
     </span>
    </p>
   </div>
   <div class='ocr_carea' id='block_1_87' title="bbox 2012 2641 3600 2718">
    <p class='ocr_par' dir='ltr' id='par_1_87' title="bbox 2012 2641 3600 2718">
     <span class='ocr_line' id='line_1_87' title="bbox 2012 2641 3600 2718; baseline -0.002 -19"><span class='ocrx_word' id='word_1_671' title='bbox 2012 2653 2135 2701; x_wconf 89' lang='lat' dir='ltr'><strong>rent</strong></span> <span class='ocrx_word' id='word_1_672' title='bbox 2160 2644 2335 2718; x_wconf 82' lang='lat' dir='ltr'><strong>(Deut.</strong></span> <span class='ocrx_word' id='word_1_673' title='bbox 2367 2661 2497 2700; x_wconf 71' lang='grc' dir='ltr'>χχιιι</span> <span class='ocrx_word' id='word_1_674' title='bbox 2517 2686 2530 2709; x_wconf 85' lang='grc'><em>,</em></span> <span class='ocrx_word' id='word_1_675' title='bbox 2564 2646 2631 2701; x_wconf 64' lang='grc'>24</span> <span class='ocrx_word' id='word_1_676' title='bbox 2655 2688 2670 2713; x_wconf 90' lang='grc'><strong><em>,</em></strong></span> <span class='ocrx_word' id='word_1_677' title='bbox 2701 2645 2818 2716; x_wconf 83' lang='grc'>25).</span> <span class='ocrx_word' id='word_1_678' title='bbox 2842 2644 2991 2703; x_wconf 88' lang='lat' dir='ltr'><strong>Unde</strong></span> <span class='ocrx_word' id='word_1_679' title='bbox 3018 2645 3176 2701; x_wconf 88' lang='lat' dir='ltr'><strong>etiam</strong></span> <span class='ocrx_word' id='word_1_680' title='bbox 3200 2644 3373 2715; x_wconf 87' lang='lat' dir='ltr'><strong>spicas</strong></span> <span class='ocrx_word' id='word_1_681' title='bbox 3392 2641 3600 2698; x_wconf 89' lang='lat' dir='ltr'><strong>vellen-</strong></span> 
     </span>
    </p>
   </div>
   <div class='ocr_carea' id='block_1_88' title="bbox 2014 2733 3606 2807">
    <p class='ocr_par' dir='ltr' id='par_1_88' title="bbox 2014 2733 3606 2807">
     <span class='ocr_line' id='line_1_88' title="bbox 2014 2733 3606 2807; baseline -0.001 -16"><span class='ocrx_word' id='word_1_682' title='bbox 2014 2736 2159 2792; x_wconf 92' lang='lat' dir='ltr'><strong>tibus</strong></span> <span class='ocrx_word' id='word_1_683' title='bbox 2185 2735 2461 2807; x_wconf 89' lang='lat' dir='ltr'><strong>discipulis</strong></span> <span class='ocrx_word' id='word_1_684' title='bbox 2500 2738 2707 2793; x_wconf 92' lang='lat' dir='ltr'><strong>Domini</strong></span> <span class='ocrx_word' id='word_1_685' title='bbox 2732 2780 2746 2804; x_wconf 93' lang='lat'><strong>,</strong></span> <span class='ocrx_word' id='word_1_686' title='bbox 2788 2737 2856 2793; x_wconf 91' lang='lat' dir='ltr'><strong>de</strong></span> <span class='ocrx_word' id='word_1_687' title='bbox 2881 2736 3106 2793; x_wconf 89' lang='lat' dir='ltr'><strong>sabbato</strong></span> <span class='ocrx_word' id='word_1_688' title='bbox 3145 2735 3324 2807; x_wconf 89' lang='lat' dir='ltr'><strong>potius</strong></span> <span class='ocrx_word' id='word_1_689' title='bbox 3352 2749 3510 2806; x_wconf 89' lang='lat' dir='ltr'><strong>quam</strong></span> <span class='ocrx_word' id='word_1_690' title='bbox 3535 2733 3606 2789; x_wconf 90' lang='lat' dir='ltr'><strong>de</strong></span> 
     </span>
    </p>
   </div>
   <div class='ocr_carea' id='block_1_89' title="bbox 2015 2823 3608 2903">
    <p class='ocr_par' dir='ltr' id='par_1_89' title="bbox 2015 2823 3608 2903">
     <span class='ocr_line' id='line_1_89' title="bbox 2015 2823 3608 2903; baseline -0.003 -17"><span class='ocrx_word' id='word_1_691' title='bbox 2015 2829 2157 2886; x_wconf 86' lang='lat' dir='ltr'><strong>furto</strong></span> <span class='ocrx_word' id='word_1_692' title='bbox 2180 2830 2351 2886; x_wconf 62' lang='lat' dir='ltr'><strong>Judaei</strong></span> <span class='ocrx_word' id='word_1_693' title='bbox 2377 2831 2685 2886; x_wconf 90' lang='lat' dir='ltr'><strong>calumniati</strong></span> <span class='ocrx_word' id='word_1_694' title='bbox 2715 2839 2839 2886; x_wconf 88' lang='lat' dir='ltr'><strong>sunt</strong></span> <span class='ocrx_word' id='word_1_695' title='bbox 2882 2829 3095 2903; x_wconf 82' lang='lat' dir='ltr'><strong>(Matth.</strong></span> <span class='ocrx_word' id='word_1_696' title='bbox 3136 2844 3247 2896; x_wconf 86' lang='lat' dir='ltr'><strong>xu,</strong></span> <span class='ocrx_word' id='word_1_697' title='bbox 3285 2828 3311 2882; x_wconf 78' lang='lat' dir='ltr'><strong>I</strong></span> <span class='ocrx_word' id='word_1_698' title='bbox 3342 2868 3358 2894; x_wconf 93' lang='lat'><strong>,</strong></span> <span class='ocrx_word' id='word_1_699' title='bbox 3388 2826 3470 2898; x_wconf 73' lang='grc'><strong>2).</strong></span> <span class='ocrx_word' id='word_1_700' title='bbox 3500 2823 3608 2881; x_wconf 86' lang='lat' dir='ltr'><strong>Sed</strong></span> 
     </span>
    </p>
   </div>
   <div class='ocr_carea' id='block_1_90' title="bbox 2014 2916 3608 2994">
    <p class='ocr_par' dir='ltr' id='par_1_90' title="bbox 2014 2916 3608 2994">
     <span class='ocr_line' id='line_1_90' title="bbox 2014 2916 3608 2994; baseline -0.001 -20"><span class='ocrx_word' id='word_1_701' title='bbox 2014 2923 2139 2994; x_wconf 91' lang='lat' dir='ltr'><strong>quid</strong></span> <span class='ocrx_word' id='word_1_702' title='bbox 2166 2923 2269 2978; x_wconf 87' lang='lat' dir='ltr'><strong>erit</strong></span> <span class='ocrx_word' id='word_1_703' title='bbox 2297 2921 2560 2994; x_wconf 90' lang='lat' dir='ltr'><strong>agendum</strong></span> <span class='ocrx_word' id='word_1_704' title='bbox 2586 2923 2652 2978; x_wconf 88' lang='lat' dir='ltr'><strong>de</strong></span> <span class='ocrx_word' id='word_1_705' title='bbox 2704 2923 2787 2977; x_wconf 89' lang='lat' dir='ltr'><strong>his</strong></span> <span class='ocrx_word' id='word_1_706' title='bbox 2828 2920 3156 2992; x_wconf 90' lang='lat' dir='ltr'><strong>temporibus</strong></span> <span class='ocrx_word' id='word_1_707' title='bbox 3199 2918 3361 2986; x_wconf 90' lang='lat' dir='ltr'><strong>anni,</strong></span> <span class='ocrx_word' id='word_1_708' title='bbox 3413 2916 3608 2989; x_wconf 83' lang='lat' dir='ltr'><strong>quibus</strong></span> 
     </span>
    </p>
   </div>
   <div class='ocr_carea' id='block_1_91' title="bbox 2014 3008 3605 3086">
    <p class='ocr_par' dir='ltr' id='par_1_91' title="bbox 2014 3008 3605 3086">
     <span class='ocr_line' id='line_1_91' title="bbox 2014 3008 3605 3086; baseline -0.004 -15"><span class='ocrx_word' id='word_1_709' title='bbox 2014 3029 2138 3071; x_wconf 89' lang='lat' dir='ltr'><strong>esca</strong></span> <span class='ocrx_word' id='word_1_710' title='bbox 2159 3031 2277 3085; x_wconf 85' lang='lat' dir='ltr'><strong>quac</strong></span> <span class='ocrx_word' id='word_1_711' title='bbox 2302 3017 2480 3071; x_wconf 90' lang='lat' dir='ltr'><strong>statim</strong></span> <span class='ocrx_word' id='word_1_712' title='bbox 2503 3017 2640 3070; x_wconf 91' lang='lat' dir='ltr'><strong>sumi</strong></span> <span class='ocrx_word' id='word_1_713' title='bbox 2667 3016 2871 3086; x_wconf 89' lang='lat' dir='ltr'><strong>possit,</strong></span> <span class='ocrx_word' id='word_1_714' title='bbox 2905 3016 2957 3070; x_wconf 92' lang='lat' dir='ltr'><strong>in</strong></span> <span class='ocrx_word' id='word_1_715' title='bbox 2983 3014 3129 3085; x_wconf 87' lang='lat' dir='ltr'><strong>agris</strong></span> <span class='ocrx_word' id='word_1_716' title='bbox 3154 3028 3262 3068; x_wconf 90' lang='lat' dir='ltr'><strong>non</strong></span> <span class='ocrx_word' id='word_1_717' title='bbox 3289 3008 3605 3067; x_wconf 75' lang='lat' dir='ltr'><strong>invenitur?</strong></span> 
     </span>
    </p>
   </div>
   <div class='ocr_carea' id='block_1_92' title="bbox 2014 3104 3608 3179">
    <p class='ocr_par' dir='ltr' id='par_1_92' title="bbox 2014 3104 3608 3179">
     <span class='ocr_line' id='line_1_92' title="bbox 2014 3104 3608 3179; baseline -0.003 -15"><span class='ocrx_word' id='word_1_718' title='bbox 2014 3108 2268 3179; x_wconf 84' lang='lat' dir='ltr'><strong>Quisquis</strong></span> <span class='ocrx_word' id='word_1_719' title='bbox 2284 3108 2484 3179; x_wconf 89' lang='lat' dir='ltr'><strong>aliquid</strong></span> <span class='ocrx_word' id='word_1_720' title='bbox 2511 3108 2728 3163; x_wconf 90' lang='lat' dir='ltr'><strong>domum</strong></span> <span class='ocrx_word' id='word_1_721' title='bbox 2750 3107 2897 3179; x_wconf 87' lang='lat' dir='ltr'><strong>quod</strong></span> <span class='ocrx_word' id='word_1_722' title='bbox 2912 3107 3012 3162; x_wconf 90' lang='lat' dir='ltr'><strong>sibi</strong></span> <span class='ocrx_word' id='word_1_723' title='bbox 3037 3104 3317 3177; x_wconf 90' lang='lat' dir='ltr'><strong>coquendo</strong></span> <span class='ocrx_word' id='word_1_724' title='bbox 3336 3110 3608 3175; x_wconf 71' lang='lat' dir='ltr'><strong>praeparet</strong></span> 
     </span>
    </p>
   </div>
   <div class='ocr_carea' id='block_1_93' title="bbox 2015 3193 3607 3260">
    <p class='ocr_par' dir='ltr' id='par_1_93' title="bbox 2015 3193 3607 3260">
     <span class='ocr_line' id='line_1_93' title="bbox 2015 3193 3607 3260; baseline -0.003 -7"><span class='ocrx_word' id='word_1_725' title='bbox 2015 3199 2227 3255; x_wconf 80' lang='lat' dir='ltr'><strong>auferre</strong></span> <span class='ocrx_word' id='word_1_726' title='bbox 2271 3198 2588 3260; x_wconf 88' lang='lat' dir='ltr'><strong>tentaverit,</strong></span> <span class='ocrx_word' id='word_1_727' title='bbox 2643 3196 2937 3253; x_wconf 91' lang='lat' dir='ltr'><strong>secundum</strong></span> <span class='ocrx_word' id='word_1_728' title='bbox 2992 3196 3222 3251; x_wconf 91' lang='lat' dir='ltr'><strong>istorum</strong></span> <span class='ocrx_word' id='word_1_729' title='bbox 3271 3193 3607 3250; x_wconf 88' lang='lat' dir='ltr'><strong>intellectum</strong></span> 
     </span>
    </p>
   </div>
   <div class='ocr_carea' id='block_1_94' title="bbox 2016 3287 3607 3361">
    <p class='ocr_par' dir='ltr' id='par_1_94' title="bbox 2016 3287 3607 3361">
     <span class='ocr_line' id='line_1_94' title="bbox 2016 3287 3607 3361; baseline -0.002 -14"><span class='ocrx_word' id='word_1_730' title='bbox 2016 3291 2198 3347; x_wconf 89' lang='lat' dir='ltr'><strong>audiet</strong></span> <span class='ocrx_word' id='word_1_731' title='bbox 2245 3306 2311 3346; x_wconf 84' lang='lat' dir='ltr'><strong>ex</strong></span> <span class='ocrx_word' id='word_1_732' title='bbox 2348 3289 2687 3361; x_wconf 85' lang='lat' dir='ltr'><strong>Evangelio:</strong></span> <span class='ocrx_word' id='word_1_733' title='bbox 2735 3288 2917 3355; x_wconf 88' lang='lat' dir='ltr'><strong>Pone;</strong></span> <span class='ocrx_word' id='word_1_734' title='bbox 2976 3287 3080 3344; x_wconf 90' lang='lat' dir='ltr'><strong>hoc</strong></span> <span class='ocrx_word' id='word_1_735' title='bbox 3129 3287 3276 3345; x_wconf 89' lang='lat' dir='ltr'><strong>enim</strong></span> <span class='ocrx_word' id='word_1_736' title='bbox 3317 3302 3445 3344; x_wconf 90' lang='lat' dir='ltr'><strong>aves</strong></span> <span class='ocrx_word' id='word_1_737' title='bbox 3496 3300 3607 3344; x_wconf 89' lang='lat' dir='ltr'><strong>non</strong></span> 
     </span>
    </p>
   </div>
   <div class='ocr_carea' id='block_1_95' title="bbox 2014 3381 2239 3439">
    <p class='ocr_par' dir='ltr' id='par_1_95' title="bbox 2014 3381 2239 3439">
     <span class='ocr_line' id='line_1_95' title="bbox 2014 3381 2239 3439; baseline 0 -1"><span class='ocrx_word' id='word_1_738' title='bbox 2014 3381 2239 3439; x_wconf 85' lang='lat' dir='ltr'><strong>faciunt.</strong></span> 
     </span>
    </p>
   </div>
   <div class='ocr_carea' id='block_1_96' title="bbox 2085 3472 3610 3540">
    <p class='ocr_par' dir='ltr' id='par_1_96' title="bbox 2085 3472 3610 3540">
     <span class='ocr_line' id='line_1_96' title="bbox 2085 3472 3610 3540; baseline -0.001 -10"><span class='ocrx_word' id='word_1_739' title='bbox 2085 3474 2176 3532; x_wconf 90' lang='grc'><strong>29.</strong></span> <span class='ocrx_word' id='word_1_740' title='bbox 2208 3474 2403 3532; x_wconf 86' lang='lat' dir='ltr'><strong>Verum</strong></span> <span class='ocrx_word' id='word_1_741' title='bbox 2430 3482 2483 3530; x_wconf 89' lang='lat' dir='ltr'><strong>et</strong></span> <span class='ocrx_word' id='word_1_742' title='bbox 2511 3473 2613 3530; x_wconf 93' lang='lat' dir='ltr'><strong>hoc</strong></span> <span class='ocrx_word' id='word_1_743' title='bbox 2638 3472 2994 3530; x_wconf 88' lang='lat' dir='ltr'><strong>concedamus</strong></span> <span class='ocrx_word' id='word_1_744' title='bbox 3011 3515 3027 3540; x_wconf 91' lang='lat'><strong>,</strong></span> <span class='ocrx_word' id='word_1_745' title='bbox 3062 3477 3174 3528; x_wconf 91' lang='lat' dir='ltr'><strong>toto</strong></span> <span class='ocrx_word' id='word_1_746' title='bbox 3198 3478 3442 3528; x_wconf 89' lang='lat' dir='ltr'><strong>vertente</strong></span> <span class='ocrx_word' id='word_1_747' title='bbox 3465 3485 3610 3528; x_wconf 91' lang='lat' dir='ltr'><strong>anno</strong></span> 
     </span>
    </p>
   </div>
   <div class='ocr_carea' id='block_1_97' title="bbox 2016 3563 3605 3638">
    <p class='ocr_par' dir='ltr' id='par_1_97' title="bbox 2016 3563 3605 3638">
     <span class='ocr_line' id='line_1_97' title="bbox 2016 3563 3605 3638; baseline -0.001 -16"><span class='ocrx_word' id='word_1_748' title='bbox 2016 3582 2176 3638; x_wconf 86' lang='lat' dir='ltr'><strong>posse</strong></span> <span class='ocrx_word' id='word_1_749' title='bbox 2221 3567 2273 3621; x_wconf 93' lang='lat' dir='ltr'><strong>in</strong></span> <span class='ocrx_word' id='word_1_750' title='bbox 2317 3566 2459 3636; x_wconf 86' lang='lat' dir='ltr'><strong>agris</strong></span> <span class='ocrx_word' id='word_1_751' title='bbox 2501 3565 2726 3637; x_wconf 89' lang='lat' dir='ltr'><strong>reperiri</strong></span> <span class='ocrx_word' id='word_1_752' title='bbox 2753 3564 2837 3620; x_wconf 90' lang='lat' dir='ltr'><strong>vel</strong></span> <span class='ocrx_word' id='word_1_753' title='bbox 2877 3579 2942 3620; x_wconf 84' lang='lat' dir='ltr'><strong>ex</strong></span> <span class='ocrx_word' id='word_1_754' title='bbox 2969 3563 3161 3620; x_wconf 88' lang='lat' dir='ltr'><strong>arbore</strong></span> <span class='ocrx_word' id='word_1_755' title='bbox 3183 3563 3268 3620; x_wconf 90' lang='lat' dir='ltr'><strong>vel</strong></span> <span class='ocrx_word' id='word_1_756' title='bbox 3298 3579 3363 3624; x_wconf 80' lang='lat' dir='ltr'><strong>ex</strong></span> <span class='ocrx_word' id='word_1_757' title='bbox 3390 3563 3605 3633; x_wconf 86' lang='lat' dir='ltr'><strong>herbis,</strong></span> 
     </span>
    </p>
   </div>
   <div class='ocr_carea' id='block_1_98' title="bbox 2018 3657 3610 3729">
    <p class='ocr_par' dir='ltr' id='par_1_98' title="bbox 2018 3657 3610 3729">
     <span class='ocr_line' id='line_1_98' title="bbox 2018 3657 3610 3729; baseline 0.001 -16"><span class='ocrx_word' id='word_1_758' title='bbox 2018 3659 2100 3715; x_wconf 92' lang='lat' dir='ltr'><strong>vel</strong></span> <span class='ocrx_word' id='word_1_759' title='bbox 2125 3675 2190 3714; x_wconf 85' lang='lat' dir='ltr'><strong>ex</strong></span> <span class='ocrx_word' id='word_1_760' title='bbox 2217 3659 2515 3729; x_wconf 89' lang='lat' dir='ltr'><strong>quibusque</strong></span> <span class='ocrx_word' id='word_1_761' title='bbox 2539 3658 2805 3714; x_wconf 91' lang='lat' dir='ltr'><strong>radicibus</strong></span> <span class='ocrx_word' id='word_1_762' title='bbox 2834 3657 2977 3728; x_wconf 86' lang='lat' dir='ltr'><strong>quod</strong></span> <span class='ocrx_word' id='word_1_763' title='bbox 3007 3657 3061 3712; x_wconf 92' lang='lat' dir='ltr'><strong>in</strong></span> <span class='ocrx_word' id='word_1_764' title='bbox 3082 3672 3259 3713; x_wconf 88' lang='lat' dir='ltr'><strong>escam</strong></span> <span class='ocrx_word' id='word_1_765' title='bbox 3280 3657 3417 3713; x_wconf 90' lang='lat' dir='ltr'><strong>sumi</strong></span> <span class='ocrx_word' id='word_1_766' title='bbox 3440 3657 3610 3729; x_wconf 88' lang='lat' dir='ltr'><strong>possit</strong></span> 
     </span>
    </p>
   </div>
   <div class='ocr_carea' id='block_1_99' title="bbox 2016 3748 3605 3817">
    <p class='ocr_par' dir='ltr' id='par_1_99' title="bbox 2016 3748 3605 3817">
     <span class='ocr_line' id='line_1_99' title="bbox 2016 3748 3605 3817; baseline -0.002 -10"><span class='ocrx_word' id='word_1_767' title='bbox 2016 3752 2311 3816; x_wconf 89' lang='lat' dir='ltr'><strong>incoctum,</strong></span> <span class='ocrx_word' id='word_1_768' title='bbox 2360 3758 2452 3805; x_wconf 91' lang='lat' dir='ltr'><strong>aut</strong></span> <span class='ocrx_word' id='word_1_769' title='bbox 2489 3758 2635 3805; x_wconf 92' lang='lat' dir='ltr'><strong>certe</strong></span> <span class='ocrx_word' id='word_1_770' title='bbox 2675 3757 2817 3805; x_wconf 90' lang='lat' dir='ltr'><strong>tanta</strong></span> <span class='ocrx_word' id='word_1_771' title='bbox 2846 3748 3157 3805; x_wconf 83' lang='lat' dir='ltr'><strong>exercitatio</strong></span> <span class='ocrx_word' id='word_1_772' title='bbox 3183 3749 3422 3817; x_wconf 88' lang='lat' dir='ltr'><strong>corporis</strong></span> <span class='ocrx_word' id='word_1_773' title='bbox 3450 3748 3605 3805; x_wconf 88' lang='lat' dir='ltr'><strong>adhi-</strong></span> 
     </span>
    </p>
   </div>
   <div class='ocr_carea' id='block_1_100' title="bbox 2015 3837 3610 3911">
    <p class='ocr_par' dir='ltr' id='par_1_100' title="bbox 2015 3837 3610 3911">
     <span class='ocr_line' id='line_1_100' title="bbox 2015 3837 3610 3911; baseline -0.003 -14"><span class='ocrx_word' id='word_1_774' title='bbox 2015 3842 2206 3899; x_wconf 86' lang='lat' dir='ltr'><strong>beatur</strong></span> <span class='ocrx_word' id='word_1_775' title='bbox 2228 3884 2243 3909; x_wconf 92' lang='lat'><strong>,</strong></span> <span class='ocrx_word' id='word_1_776' title='bbox 2288 3850 2348 3896; x_wconf 91' lang='lat' dir='ltr'><strong>ut</strong></span> <span class='ocrx_word' id='word_1_777' title='bbox 2385 3856 2448 3896; x_wconf 90' lang='lat' dir='ltr'><strong>ea</strong></span> <span class='ocrx_word' id='word_1_778' title='bbox 2486 3855 2607 3911; x_wconf 65' lang='lat' dir='ltr'><strong>quae</strong></span> <span class='ocrx_word' id='word_1_779' title='bbox 2647 3838 2923 3909; x_wconf 90' lang='lat' dir='ltr'><strong>coquenda</strong></span> <span class='ocrx_word' id='word_1_780' title='bbox 2957 3845 3118 3903; x_wconf 92' lang='lat' dir='ltr'><strong>sunt,</strong></span> <span class='ocrx_word' id='word_1_781' title='bbox 3149 3837 3308 3893; x_wconf 91' lang='lat' dir='ltr'><strong>etiam</strong></span> <span class='ocrx_word' id='word_1_782' title='bbox 3333 3837 3496 3893; x_wconf 91' lang='lat' dir='ltr'><strong>cruda</strong></span> <span class='ocrx_word' id='word_1_783' title='bbox 3520 3853 3610 3894; x_wconf 88' lang='lat' dir='ltr'><strong>as-</strong></span> 
     </span>
    </p>
   </div>
   <div class='ocr_carea' id='block_1_101' title="bbox 2016 3929 3606 4003">
    <p class='ocr_par' dir='ltr' id='par_1_101' title="bbox 2016 3929 3606 4003">
     <span class='ocr_line' id='line_1_101' title="bbox 2016 3929 3606 4003; baseline -0.004 -11"><span class='ocrx_word' id='word_1_784' title='bbox 2016 3944 2227 4003; x_wconf 85' lang='lat' dir='ltr'><strong>sumpta</strong></span> <span class='ocrx_word' id='word_1_785' title='bbox 2248 3948 2352 3989; x_wconf 91' lang='lat' dir='ltr'><strong>non</strong></span> <span class='ocrx_word' id='word_1_786' title='bbox 2374 3940 2636 3999; x_wconf 89' lang='lat' dir='ltr'><strong>noceant,</strong></span> <span class='ocrx_word' id='word_1_787' title='bbox 2664 3932 2937 4002; x_wconf 91' lang='lat' dir='ltr'><strong>possitque</strong></span> <span class='ocrx_word' id='word_1_788' title='bbox 2958 3931 3117 3985; x_wconf 90' lang='lat' dir='ltr'><strong>etiam</strong></span> <span class='ocrx_word' id='word_1_789' title='bbox 3146 3929 3464 3985; x_wconf 90' lang='lat' dir='ltr'><strong>hiemalibus</strong></span> <span class='ocrx_word' id='word_1_790' title='bbox 3483 3929 3606 4001; x_wconf 91' lang='lat' dir='ltr'><strong>qui-</strong></span> 
     </span>
    </p>
   </div>
   <div class='ocr_carea' id='block_1_102' title="bbox 2017 4020 3608 4095">
    <p class='ocr_par' dir='ltr' id='par_1_102' title="bbox 2017 4020 3608 4095">
     <span class='ocr_line' id='line_1_102' title="bbox 2017 4020 3608 4095; baseline -0.001 -14"><span class='ocrx_word' id='word_1_791' title='bbox 2017 4026 2251 4081; x_wconf 90' lang='lat' dir='ltr'><strong>buslibet</strong></span> <span class='ocrx_word' id='word_1_792' title='bbox 2287 4022 2662 4095; x_wconf 88' lang='lat' dir='ltr'><strong>asperitatibus</strong></span> <span class='ocrx_word' id='word_1_793' title='bbox 2701 4022 2767 4078; x_wconf 91' lang='lat' dir='ltr'><strong>ad</strong></span> <span class='ocrx_word' id='word_1_794' title='bbox 2813 4020 3000 4093; x_wconf 89' lang='lat' dir='ltr'><strong>pabula</strong></span> <span class='ocrx_word' id='word_1_795' title='bbox 3045 4020 3295 4092; x_wconf 89' lang='lat' dir='ltr'><strong>procedi;</strong></span> <span class='ocrx_word' id='word_1_796' title='bbox 3337 4029 3496 4093; x_wconf 91' lang='lat' dir='ltr'><strong>atque</strong></span> <span class='ocrx_word' id='word_1_797' title='bbox 3534 4021 3608 4079; x_wconf 86' lang='lat' dir='ltr'><strong>ita</strong></span> 
     </span>
    </p>
   </div>
   <div class='ocr_carea' id='block_1_103' title="bbox 2017 4104 3607 4186">
    <p class='ocr_par' dir='ltr' id='par_1_103' title="bbox 2017 4104 3607 4186">
     <span class='ocr_line' id='line_1_103' title="bbox 2017 4104 3607 4186; baseline -0.001 -15"><span class='ocrx_word' id='word_1_798' title='bbox 2017 4117 2109 4172; x_wconf 81' lang='lat' dir='ltr'><strong>ﬁat</strong></span> <span class='ocrx_word' id='word_1_799' title='bbox 2128 4124 2185 4171; x_wconf 91' lang='lat' dir='ltr'><strong>ut</strong></span> <span class='ocrx_word' id='word_1_800' title='bbox 2206 4115 2339 4171; x_wconf 88' lang='lat' dir='ltr'><strong>nihil</strong></span> <span class='ocrx_word' id='word_1_801' title='bbox 2361 4104 2763 4186; x_wconf 67' lang='lat' dir='ltr'><strong>prteparandum</strong></span> <span class='ocrx_word' id='word_1_802' title='bbox 2785 4113 3077 4180; x_wconf 81' lang='lat' dir='ltr'><strong>auferatur,</strong></span> <span class='ocrx_word' id='word_1_803' title='bbox 3105 4112 3236 4169; x_wconf 91' lang='lat' dir='ltr'><strong>nihil</strong></span> <span class='ocrx_word' id='word_1_804' title='bbox 3250 4113 3300 4168; x_wconf 93' lang='lat' dir='ltr'><strong>in</strong></span> <span class='ocrx_word' id='word_1_805' title='bbox 3317 4112 3607 4169; x_wconf 89' lang='lat' dir='ltr'><strong>crastinum</strong></span> 
     </span>
    </p>
   </div>
   <div class='ocr_carea' id='block_1_104' title="bbox 2016 4204 3610 4281">
    <p class='ocr_par' dir='ltr' id='par_1_104' title="bbox 2016 4204 3610 4281">
     <span class='ocr_line' id='line_1_104' title="bbox 2016 4204 3610 4281; baseline -0.003 -15"><span class='ocrx_word' id='word_1_806' title='bbox 2016 4218 2307 4281; x_wconf 86' lang='lat' dir='ltr'><strong>reponatur</strong></span> <span class='ocrx_word' id='word_1_807' title='bbox 2336 4228 2349 4263; x_wconf 90' lang='lat'><strong>:</strong></span> <span class='ocrx_word' id='word_1_808' title='bbox 2380 4223 2484 4263; x_wconf 92' lang='lat' dir='ltr'><strong>non</strong></span> <span class='ocrx_word' id='word_1_809' title='bbox 2514 4215 2763 4278; x_wconf 90' lang='lat' dir='ltr'><strong>poterunt</strong></span> <span class='ocrx_word' id='word_1_810' title='bbox 2788 4207 2887 4262; x_wconf 87' lang='lat' dir='ltr'><strong>ista</strong></span> <span class='ocrx_word' id='word_1_811' title='bbox 2917 4220 3131 4263; x_wconf 89' lang='lat' dir='ltr'><strong>servare</strong></span> <span class='ocrx_word' id='word_1_812' title='bbox 3155 4205 3245 4276; x_wconf 91' lang='lat' dir='ltr'><strong>qui</strong></span> <span class='ocrx_word' id='word_1_813' title='bbox 3273 4220 3332 4261; x_wconf 89' lang='lat' dir='ltr'><strong>se</strong></span> <span class='ocrx_word' id='word_1_814' title='bbox 3351 4220 3448 4275; x_wconf 89' lang='lat' dir='ltr'><strong>per</strong></span> <span class='ocrx_word' id='word_1_815' title='bbox 3471 4204 3610 4261; x_wconf 81' lang='lat' dir='ltr'><strong>mul-</strong></span> 
     </span>
    </p>
   </div>
   <div class='ocr_carea' id='block_1_105' title="bbox 2020 4303 3608 4375">
    <p class='ocr_par' dir='ltr' id='par_1_105' title="bbox 2020 4303 3608 4375">
     <span class='ocr_line' id='line_1_105' title="bbox 2020 4303 3608 4375; baseline -0.001 -14"><span class='ocrx_word' id='word_1_816' title='bbox 2020 4313 2101 4361; x_wconf 90' lang='lat' dir='ltr'><strong>tos</strong></span> <span class='ocrx_word' id='word_1_817' title='bbox 2152 4305 2266 4360; x_wconf 92' lang='lat' dir='ltr'><strong>dics</strong></span> <span class='ocrx_word' id='word_1_818' title='bbox 2290 4319 2320 4359; x_wconf 90' lang='lat' dir='ltr'><strong>a</strong></span> <span class='ocrx_word' id='word_1_819' title='bbox 2340 4312 2630 4375; x_wconf 89' lang='lat' dir='ltr'><strong>conspectu</strong></span> <span class='ocrx_word' id='word_1_820' title='bbox 2660 4303 2931 4360; x_wconf 91' lang='lat' dir='ltr'><strong>hominum</strong></span> <span class='ocrx_word' id='word_1_821' title='bbox 2963 4313 3271 4374; x_wconf 88' lang='lat' dir='ltr'><strong>separatos,</strong></span> <span class='ocrx_word' id='word_1_822' title='bbox 3303 4311 3359 4360; x_wconf 91' lang='lat' dir='ltr'><strong>et</strong></span> <span class='ocrx_word' id='word_1_823' title='bbox 3383 4303 3512 4358; x_wconf 88' lang='lat' dir='ltr'><strong>nulli</strong></span> <span class='ocrx_word' id='word_1_824' title='bbox 3539 4303 3608 4360; x_wconf 92' lang='lat' dir='ltr'><strong>ad</strong></span> 
     </span>
    </p>
   </div>
   <div class='ocr_carea' id='block_1_106' title="bbox 2018 4395 3609 4468">
    <p class='ocr_par' dir='ltr' id='par_1_106' title="bbox 2018 4395 3609 4468">
     <span class='ocr_line' id='line_1_106' title="bbox 2018 4395 3609 4468; baseline -0.001 -13"><span class='ocrx_word' id='word_1_825' title='bbox 2018 4412 2078 4455; x_wconf 91' lang='lat' dir='ltr'><strong>se</strong></span> <span class='ocrx_word' id='word_1_826' title='bbox 2115 4397 2414 4468; x_wconf 74' lang='lat' dir='ltr'><strong>prmbentes</strong></span> <span class='ocrx_word' id='word_1_827' title='bbox 2441 4412 2754 4465; x_wconf 88' lang='lat' dir='ltr'><strong>accessum,</strong></span> <span class='ocrx_word' id='word_1_828' title='bbox 2796 4395 3074 4452; x_wconf 90' lang='lat' dir='ltr'><strong>includunt</strong></span> <span class='ocrx_word' id='word_1_829' title='bbox 3108 4412 3166 4452; x_wconf 91' lang='lat' dir='ltr'><strong>se</strong></span> <span class='ocrx_word' id='word_1_830' title='bbox 3199 4396 3343 4467; x_wconf 90' lang='lat' dir='ltr'><strong>ipsos</strong></span> <span class='ocrx_word' id='word_1_831' title='bbox 3369 4398 3609 4454; x_wconf 88' lang='lat' dir='ltr'><strong>viventes</strong></span> 
     </span>
    </p>
   </div>
   <div class='ocr_carea' id='block_1_107' title="bbox 2019 4487 3607 4562">
    <p class='ocr_par' dir='ltr' id='par_1_107' title="bbox 2019 4487 3607 4562">
     <span class='ocr_line' id='line_1_107' title="bbox 2019 4487 3607 4562; baseline -0.001 -17"><span class='ocrx_word' id='word_1_832' title='bbox 2019 4491 2072 4546; x_wconf 91' lang='lat' dir='ltr'><strong>in</strong></span> <span class='ocrx_word' id='word_1_833' title='bbox 2119 4506 2310 4562; x_wconf 90' lang='lat' dir='ltr'><strong>magna</strong></span> <span class='ocrx_word' id='word_1_834' title='bbox 2355 4489 2650 4546; x_wconf 89' lang='lat' dir='ltr'><strong>intentione</strong></span> <span class='ocrx_word' id='word_1_835' title='bbox 2698 4488 3018 4543; x_wconf 90' lang='lat' dir='ltr'><strong>orationum.</strong></span> <span class='ocrx_word' id='word_1_836' title='bbox 3064 4487 3130 4543; x_wconf 84' lang='lat' dir='ltr'><strong>Hi</strong></span> <span class='ocrx_word' id='word_1_837' title='bbox 3174 4487 3315 4542; x_wconf 91' lang='lat' dir='ltr'><strong>enim</strong></span> <span class='ocrx_word' id='word_1_838' title='bbox 3361 4487 3607 4543; x_wconf 85' lang='lat' dir='ltr'><strong>facillima</strong></span> 
     </span>
    </p>
   </div>
   <div class='ocr_carea' id='block_1_108' title="bbox 2018 4576 3609 4653">
    <p class='ocr_par' dir='ltr' id='par_1_108' title="bbox 2018 4576 3609 4653">
     <span class='ocr_line' id='line_1_108' title="bbox 2018 4576 3609 4653; baseline -0.004 -15"><span class='ocrx_word' id='word_1_839' title='bbox 2018 4581 2233 4653; x_wconf 91' lang='lat' dir='ltr'><strong>quidem</strong></span> <span class='ocrx_word' id='word_1_840' title='bbox 2278 4591 2438 4651; x_wconf 89' lang='lat' dir='ltr'><strong>atque</strong></span> <span class='ocrx_word' id='word_1_841' title='bbox 2478 4580 2736 4634; x_wconf 88' lang='lat' dir='ltr'><strong>vilissima</strong></span> <span class='ocrx_word' id='word_1_842' title='bbox 2760 4620 2775 4645; x_wconf 87' lang='lat'><strong>,</strong></span> <span class='ocrx_word' id='word_1_843' title='bbox 2820 4592 3001 4634; x_wconf 90' lang='lat' dir='ltr'><strong>secum</strong></span> <span class='ocrx_word' id='word_1_844' title='bbox 3040 4585 3220 4631; x_wconf 88' lang='lat' dir='ltr'><strong>tamen</strong></span> <span class='ocrx_word' id='word_1_845' title='bbox 3249 4576 3495 4632; x_wconf 91' lang='lat' dir='ltr'><strong>alimenta</strong></span> <span class='ocrx_word' id='word_1_846' title='bbox 3526 4577 3609 4631; x_wconf 91' lang='lat' dir='ltr'><strong>in-</strong></span> 
     </span>
    </p>
   </div>
   <div class='ocr_carea' id='block_1_109' title="bbox 2019 4665 3607 4739">
    <p class='ocr_par' dir='ltr' id='par_1_109' title="bbox 2019 4665 3607 4739">
     <span class='ocr_line' id='line_1_109' title="bbox 2019 4665 3607 4739; baseline -0.006 -8"><span class='ocrx_word' id='word_1_847' title='bbox 2019 4675 2237 4731; x_wconf 91' lang='lat' dir='ltr'><strong>cludere</strong></span> <span class='ocrx_word' id='word_1_848' title='bbox 2260 4668 2647 4735; x_wconf 65' lang='lat' dir='ltr'><strong>consuerunt‘,</strong></span> <span class='ocrx_word' id='word_1_849' title='bbox 2674 4684 2794 4739; x_wconf 61' lang='lat' dir='ltr'><strong>quae</strong></span> <span class='ocrx_word' id='word_1_850' title='bbox 2822 4668 2876 4722; x_wconf 93' lang='lat' dir='ltr'><strong>in</strong></span> <span class='ocrx_word' id='word_1_851' title='bbox 2902 4666 3023 4722; x_wconf 91' lang='lat' dir='ltr'><strong>illos</strong></span> <span class='ocrx_word' id='word_1_852' title='bbox 3046 4665 3159 4722; x_wconf 87' lang='lat' dir='ltr'><strong>dies</strong></span> <span class='ocrx_word' id='word_1_853' title='bbox 3184 4666 3375 4736; x_wconf 91' lang='lat' dir='ltr'><strong>quibus</strong></span> <span class='ocrx_word' id='word_1_854' title='bbox 3400 4680 3429 4719; x_wconf 91' lang='lat' dir='ltr'><strong>a</strong></span> <span class='ocrx_word' id='word_1_855' title='bbox 3459 4667 3607 4722; x_wconf 93' lang='lat' dir='ltr'><strong>nullo</strong></span> 
     </span>
    </p>
   </div>
   <div class='ocr_carea' id='block_1_110' title="bbox 2019 4756 3602 4832">
    <p class='ocr_par' dir='ltr' id='par_1_110' title="bbox 2019 4756 3602 4832">
     <span class='ocr_line' id='line_1_110' title="bbox 2019 4756 3602 4832; baseline -0.006 -8"><span class='ocrx_word' id='word_1_856' title='bbox 2019 4768 2188 4823; x_wconf 89' lang='lat' dir='ltr'><strong>videri</strong></span> <span class='ocrx_word' id='word_1_857' title='bbox 2225 4773 2562 4832; x_wconf 89' lang='lat' dir='ltr'><strong>statuerunt,</strong></span> <span class='ocrx_word' id='word_1_858' title='bbox 2589 4760 2857 4818; x_wconf 82' lang='lat' dir='ltr'><strong>sufficiant</strong></span> <span class='ocrx_word' id='word_1_859' title='bbox 2885 4777 2899 4815; x_wconf 90' lang='lat'><strong>:</strong></span> <span class='ocrx_word' id='word_1_860' title='bbox 2924 4757 3067 4831; x_wconf 88' lang='lat' dir='ltr'><strong>quod</strong></span> <span class='ocrx_word' id='word_1_861' title='bbox 3096 4772 3221 4813; x_wconf 88' lang='lat' dir='ltr'><strong>aves</strong></span> <span class='ocrx_word' id='word_1_862' title='bbox 3250 4771 3354 4813; x_wconf 90' lang='lat' dir='ltr'><strong>non</strong></span> <span class='ocrx_word' id='word_1_863' title='bbox 3383 4756 3602 4815; x_wconf 89' lang='lat' dir='ltr'><strong>faciunt.</strong></span> 
     </span>
    </p>
   </div>
   <div class='ocr_carea' id='block_1_111' title="bbox 2020 4849 3606 4926">
    <p class='ocr_par' dir='ltr' id='par_1_111' title="bbox 2020 4849 3606 4926">
     <span class='ocr_line' id='line_1_111' title="bbox 2020 4849 3606 4926; baseline -0.006 -12"><span class='ocrx_word' id='word_1_864' title='bbox 2020 4858 2090 4914; x_wconf 86' lang='lat' dir='ltr'><strong>Et</strong></span> <span class='ocrx_word' id='word_1_865' title='bbox 2135 4858 2324 4914; x_wconf 91' lang='lat' dir='ltr'><strong>borum</strong></span> <span class='ocrx_word' id='word_1_866' title='bbox 2364 4854 2577 4926; x_wconf 89' lang='lat' dir='ltr'><strong>quidem</strong></span> <span class='ocrx_word' id='word_1_867' title='bbox 2628 4851 3062 4917; x_wconf 81' lang='lat' dir='ltr'><strong>exercitationem</strong></span> <span class='ocrx_word' id='word_1_868' title='bbox 3118 4849 3169 4904; x_wconf 94' lang='lat' dir='ltr'><strong>in</strong></span> <span class='ocrx_word' id='word_1_869' title='bbox 3221 4856 3329 4904; x_wconf 89' lang='lat' dir='ltr'><strong>tam</strong></span> <span class='ocrx_word' id='word_1_870' title='bbox 3377 4849 3606 4905; x_wconf 90' lang='lat' dir='ltr'><strong>mirabili</strong></span> 
     </span>
    </p>
   </div>
   <div class='ocr_carea' id='block_1_112' title="bbox 2020 4939 3607 5018">
    <p class='ocr_par' dir='ltr' id='par_1_112' title="bbox 2020 4939 3607 5018">
     <span class='ocr_line' id='line_1_112' title="bbox 2020 4939 3607 5018; baseline -0.007 -11"><span class='ocrx_word' id='word_1_871' title='bbox 2020 4948 2379 5017; x_wconf 89' lang='lat' dir='ltr'><strong>continentia,</strong></span> <span class='ocrx_word' id='word_1_872' title='bbox 2424 4943 2851 5018; x_wconf 89' lang='lat' dir='ltr'><strong>quandoquidem</strong></span> <span class='ocrx_word' id='word_1_873' title='bbox 2900 4941 3097 4997; x_wconf 91' lang='lat' dir='ltr'><strong>habent</strong></span> <span class='ocrx_word' id='word_1_874' title='bbox 3137 4941 3304 4996; x_wconf 90' lang='lat' dir='ltr'><strong>otium</strong></span> <span class='ocrx_word' id='word_1_875' title='bbox 3343 4955 3448 5009; x_wconf 84' lang='lat' dir='ltr'><strong>quo</strong></span> <span class='ocrx_word' id='word_1_876' title='bbox 3491 4939 3607 4996; x_wconf 67' lang='lat' dir='ltr'><strong>haec</strong></span> 
     </span>
    </p>
   </div>
   <div class='ocr_carea' id='block_1_113' title="bbox 2020 5031 3606 5116">
    <p class='ocr_par' dir='ltr' id='par_1_113' title="bbox 2020 5031 3606 5116">
     <span class='ocr_line' id='line_1_113' title="bbox 2020 5031 3606 5116; baseline -0.008 -17"><span class='ocrx_word' id='word_1_877' title='bbox 2020 5051 2211 5116; x_wconf 86' lang='lat' dir='ltr'><strong>agant,</strong></span> <span class='ocrx_word' id='word_1_878' title='bbox 2254 5056 2417 5111; x_wconf 87' lang='lat' dir='ltr'><strong>seque</strong></span> <span class='ocrx_word' id='word_1_879' title='bbox 2454 5037 2737 5094; x_wconf 86' lang='lat' dir='ltr'><strong>imitandos</strong></span> <span class='ocrx_word' id='word_1_880' title='bbox 2777 5050 2885 5091; x_wconf 90' lang='lat' dir='ltr'><strong>non</strong></span> <span class='ocrx_word' id='word_1_881' title='bbox 2920 5031 3148 5106; x_wconf 90' lang='lat' dir='ltr'><strong>superba</strong></span> <span class='ocrx_word' id='word_1_882' title='bbox 3172 5033 3193 5066; x_wconf 82' lang='lat'><strong>&#39;</strong></span> <span class='ocrx_word' id='word_1_883' title='bbox 3219 5032 3482 5100; x_wconf 90' lang='lat' dir='ltr'><strong>elatione,</strong></span> <span class='ocrx_word' id='word_1_884' title='bbox 3512 5031 3606 5088; x_wconf 89' lang='lat' dir='ltr'><strong>sed</strong></span> 
     </span>
    </p>
   </div>
   <div class='ocr_carea' id='block_1_114' title="bbox 2021 5123 3606 5199">
    <p class='ocr_par' dir='ltr' id='par_1_114' title="bbox 2021 5123 3606 5199">
     <span class='ocr_line' id='line_1_114' title="bbox 2021 5123 3606 5199; baseline -0.009 -8"><span class='ocrx_word' id='word_1_885' title='bbox 2021 5132 2352 5191; x_wconf 91' lang='lat' dir='ltr'><strong>misericordi</strong></span> <span class='ocrx_word' id='word_1_886' title='bbox 2397 5131 2675 5187; x_wconf 89' lang='lat' dir='ltr'><strong>sanctitate</strong></span> <span class='ocrx_word' id='word_1_887' title='bbox 2724 5134 3071 5199; x_wconf 91' lang='lat' dir='ltr'><strong>proponant,</strong></span> <span class='ocrx_word' id='word_1_888' title='bbox 3118 5140 3223 5180; x_wconf 90' lang='lat' dir='ltr'><strong>non</strong></span> <span class='ocrx_word' id='word_1_889' title='bbox 3274 5123 3448 5180; x_wconf 91' lang='lat' dir='ltr'><strong>solum</strong></span> <span class='ocrx_word' id='word_1_890' title='bbox 3497 5138 3606 5178; x_wconf 88' lang='lat' dir='ltr'><strong>non</strong></span> 
     </span>
    </p>
   </div>
   <div class='ocr_carea' id='block_1_115' title="bbox 2021 5214 3611 5297">
    <p class='ocr_par' dir='ltr' id='par_1_115' title="bbox 2021 5214 3611 5297">
     <span class='ocr_line' id='line_1_115' title="bbox 2021 5214 3611 5297; baseline -0.009 -14"><span class='ocrx_word' id='word_1_891' title='bbox 2021 5223 2391 5297; x_wconf 90' lang='lat' dir='ltr'><strong>reprehendo,</strong></span> <span class='ocrx_word' id='word_1_892' title='bbox 2438 5221 2533 5278; x_wconf 91' lang='lat' dir='ltr'><strong>sed</strong></span> <span class='ocrx_word' id='word_1_893' title='bbox 2573 5227 2829 5292; x_wconf 89' lang='lat' dir='ltr'><strong>quantum</strong></span> <span class='ocrx_word' id='word_1_894' title='bbox 2871 5218 3088 5290; x_wconf 87' lang='lat' dir='ltr'><strong>dignum</strong></span> <span class='ocrx_word' id='word_1_895' title='bbox 3130 5225 3213 5272; x_wconf 91' lang='lat' dir='ltr'><strong>est</strong></span> <span class='ocrx_word' id='word_1_896' title='bbox 3254 5214 3470 5270; x_wconf 88' lang='lat' dir='ltr'><strong>laudare</strong></span> <span class='ocrx_word' id='word_1_897' title='bbox 3499 5228 3611 5278; x_wconf 78' lang='lat' dir='ltr'><strong>non</strong></span> 
     </span>
    </p>
   </div>
   <div class='ocr_carea' id='block_1_116' title="bbox 2086 5444 3412 5512">
    <p class='ocr_par' dir='ltr' id='par_1_116' title="bbox 2086 5444 3412 5512">
     <span class='ocr_line' id='line_1_116' title="bbox 2086 5444 3412 5512; baseline -0.011 -7"><span class='ocrx_word' id='word_1_898' title='bbox 2086 5459 2103 5489; x_wconf 75' lang='grc' dir='ltr'><strong>ι</strong></span> <span class='ocrx_word' id='word_1_899' title='bbox 2137 5453 2405 5504; x_wconf 77' lang='lat' dir='ltr'><strong>Casalensis</strong></span> <span class='ocrx_word' id='word_1_900' title='bbox 2438 5459 2582 5504; x_wconf 87' lang='lat' dir='ltr'><strong>vetus</strong></span> <span class='ocrx_word' id='word_1_901' title='bbox 2613 5450 2787 5512; x_wconf 85' lang='lat' dir='ltr'><strong>codex,</strong></span> <span class='ocrx_word' id='word_1_902' title='bbox 2808 5453 2867 5512; x_wconf 21' lang='lat' dir='ltr'><strong>Aet</strong></span> <span class='ocrx_word' id='word_1_903' title='bbox 2897 5444 3025 5512; x_wconf 76' lang='lat' dir='ltr'><strong>quod</strong></span> <span class='ocrx_word' id='word_1_904' title='bbox 3055 5456 3145 5510; x_wconf 86' lang='lat' dir='ltr'><strong>pro</strong></span> <span class='ocrx_word' id='word_1_905' title='bbox 3182 5451 3412 5507; x_wconf 83' lang='lat' dir='ltr'><strong>tempore.</strong></span> 
     </span>
    </p>
   </div>
   <div class='ocr_carea' id='block_1_117' title="bbox 2086 5510 3399 5578">
    <p class='ocr_par' dir='ltr' id='par_1_117' title="bbox 2086 5510 3399 5578">
     <span class='ocr_line' id='line_1_117' title="bbox 2086 5510 3399 5578; baseline 0.014 -15"><span class='ocrx_word' id='word_1_906' title='bbox 2086 5520 2106 5551; x_wconf 74' lang='grc'>³</span> <span class='ocrx_word' id='word_1_907' title='bbox 2136 5515 2468 5565; x_wconf 86' lang='lat' dir='ltr'><strong>Cisterciensis</strong></span> <span class='ocrx_word' id='word_1_908' title='bbox 2491 5522 2592 5574; x_wconf 62' lang='grc' dir='ltr'><strong>δίδη</strong></span> <span class='ocrx_word' id='word_1_909' title='bbox 2617 5510 2769 5578; x_wconf 74' lang='lat' dir='ltr'><strong>posita</strong></span> <span class='ocrx_word' id='word_1_910' title='bbox 2790 5510 2933 5574; x_wconf 71' lang='grc' dir='ltr'><strong>Γανηέ·</strong></span> <span class='ocrx_word' id='word_1_911' title='bbox 3130 5575 3175 5578; x_wconf 88' lang='lat'><strong>__</strong></span> <span class='ocrx_word' id='word_1_912' title='bbox 3196 5574 3229 5578; x_wconf 91' lang='lat'>__</span> <span class='ocrx_word' id='word_1_913' title='bbox 3263 5567 3293 5578; x_wconf 87' lang='lat'><strong>-.</strong></span> <span class='ocrx_word' id='word_1_914' title='bbox 3334 5577 3341 5578; x_wconf 61' lang='lat'><strong>,</strong></span> <span class='ocrx_word' id='word_1_915' title='bbox 3388 5565 3399 5576; x_wconf 87' lang='lat'><strong>.</strong></span> 
     </span>
    </p>
   </div>
   <div class='ocr_carea' id='block_1_118' title="bbox 2087 5562 3610 5640">
    <p class='ocr_par' dir='ltr' id='par_1_118' title="bbox 2087 5562 3610 5640">
     <span class='ocr_line' id='line_1_118' title="bbox 2087 5562 3610 5640; baseline -0.009 -12"><span class='ocrx_word' id='word_1_916' title='bbox 2087 5581 2108 5612; x_wconf 79' lang='grc'>³</span> <span class='ocrx_word' id='word_1_917' title='bbox 2481 5582 2535 5625; x_wconf 80' lang='lat' dir='ltr'><strong>At</strong></span> <span class='ocrx_word' id='word_1_918' title='bbox 2549 5562 2774 5625; x_wconf 73' lang='lat' dir='ltr'><strong>aie&#39;liores</strong></span> <span class='ocrx_word' id='word_1_919' title='bbox 2790 5562 2921 5633; x_wconf 69' lang='lat' dir='ltr'><strong>&#39;Mss.,</strong></span> <span class='ocrx_word' id='word_1_920' title='bbox 2947 5582 3104 5635; x_wconf 82' lang='lat' dir='ltr'><strong>quem.</strong></span> <span class='ocrx_word' id='word_1_921' title='bbox 3130 5575 3185 5620; x_wconf 81' lang='lat' dir='ltr'><strong>Et</strong></span> <span class='ocrx_word' id='word_1_922' title='bbox 3196 5565 3403 5619; x_wconf 63' lang='lat' dir='ltr'><strong>Vaticani</strong></span> <span class='ocrx_word' id='word_1_923' title='bbox 3420 5562 3517 5615; x_wconf 80' lang='lat' dir='ltr'><strong>duo</strong></span> <span class='ocrx_word' id='word_1_924' title='bbox 3530 5563 3610 5615; x_wconf 72' lang='lat' dir='ltr'><strong>ha~</strong></span> 
     </span>
    </p>
   </div>
   <div class='ocr_carea' id='block_1_119' title="bbox 2020 5637 2772 5702">
    <p class='ocr_par' dir='ltr' id='par_1_119' title="bbox 2020 5637 2772 5702">
     <span class='ocr_line' id='line_1_119' title="bbox 2020 5637 2772 5702; baseline -0.015 -8"><span class='ocrx_word' id='word_1_925' title='bbox 2020 5643 2161 5702; x_wconf 85' lang='lat' dir='ltr'><strong>bent,</strong></span> <span class='ocrx_word' id='word_1_926' title='bbox 2186 5637 2355 5689; x_wconf 76' lang='lat' dir='ltr'><strong>vinitor</strong></span> <span class='ocrx_word' id='word_1_927' title='bbox 2375 5674 2390 5699; x_wconf 92' lang='lat'><strong>,</strong></span> <span class='ocrx_word' id='word_1_928' title='bbox 2415 5639 2537 5699; x_wconf 80' lang='lat' dir='ltr'><strong>loco,</strong></span> <span class='ocrx_word' id='word_1_929' title='bbox 2564 5641 2772 5688; x_wconf 80' lang='lat' dir='ltr'><strong>venator.</strong></span> 
     </span>
    </p>
   </div>
   <div class='ocr_carea' id='block_1_120' title="bbox 2085 5702 2920 5763">
    <p class='ocr_par' dir='ltr' id='par_1_120' title="bbox 2085 5702 2920 5763">
     <span class='ocr_line' id='line_1_120' title="bbox 2085 5702 2920 5763; baseline -0.011 -11"><span class='ocrx_word' id='word_1_930' title='bbox 2085 5703 2108 5735; x_wconf 73' lang='grc' dir='ltr'>ι</span> <span class='ocrx_word' id='word_1_931' title='bbox 2141 5709 2284 5751; x_wconf 81' lang='lat' dir='ltr'><strong>Juxta</strong></span> <span class='ocrx_word' id='word_1_932' title='bbox 2307 5709 2447 5763; x_wconf 82' lang='lat' dir='ltr'><strong>ven.,</strong></span> <span class='ocrx_word' id='word_1_933' title='bbox 2472 5703 2798 5763; x_wconf 75' lang='lat' dir='ltr'><strong>consuescunt.</strong></span> <span class='ocrx_word' id='word_1_934' title='bbox 2865 5702 2920 5763; x_wconf 70' lang='lat' dir='ltr'><strong>at.</strong></span> 
     </span>
    </p>
   </div>
   <div class='ocr_carea' id='block_1_121' title="bbox 2086 5746 3612 5829">
    <p class='ocr_par' dir='ltr' id='par_1_121' title="bbox 2086 5746 3612 5829">
     <span class='ocr_line' id='line_1_121' title="bbox 2086 5746 3612 5829; baseline -0.007 -14"><span class='ocrx_word' id='word_1_935' title='bbox 2086 5766 2108 5799; x_wconf 78' lang='grc' dir='ltr'><strong>ι</strong></span> <span class='ocrx_word' id='word_1_936' title='bbox 2141 5746 2327 5816; x_wconf 48' lang='lat' dir='ltr'><strong>sistas</strong></span> <span class='ocrx_word' id='word_1_937' title='bbox 2347 5746 2734 5829; x_wconf 51' lang='lat' dir='ltr'><strong>suam</strong></span> <span class='ocrx_word' id='word_1_938' title='bbox 2755 5760 2918 5825; x_wconf 70' lang='lat' dir='ltr'><strong>again,</strong></span> <span class='ocrx_word' id='word_1_939' title='bbox 2952 5752 3238 5812; x_wconf 78' lang='lat' dir='ltr'><strong>imitanth</strong></span> <span class='ocrx_word' id='word_1_940' title='bbox 3269 5765 3365 5808; x_wconf 80' lang='lat' dir='ltr'><strong>non</strong></span> <span class='ocrx_word' id='word_1_941' title='bbox 3383 5746 3612 5818; x_wconf 68' lang='lat' dir='ltr'><strong>superbe.</strong></span> 
     </span>
    </p>
   </div>
  </div>
