4166 6208
492 261 592 319 571

1420 256 1509 312 DE
1548 254 1776 311 OPERE
1816 250 2310 322 MONACHORUM,
2351 254 2409 311 S.
2451 256 2820 313 AUGUSTINI

3665 262 3775 318 ςγδι

488 338 727 450 possum.
771 374 910 445 Quid
936 383 1109 431 tamen
1136 370 1205 428 de
1228 371 1313 428 bis
1338 371 1566 427 dicimus
1583 411 1599 436 ,
1631 368 1922 426 secundum
1947 368 2076 422 isto-
2184 369 2343 425 vitam
2371 372 2721 443 militiamque
2742 376 3069 430 convertitur
3085 416 3102 443 ,
3128 374 3174 430 si
3192 391 3314 431 eum
3339 376 3515 434 adhuc
3538 386 3771 450 oportet,

487 483 609 525 rum
650 464 979 524 intellectum
1018 479 1085 522 ex
1116 462 1435 534 evangelicis
1459 457 1677 517 verbis?
1702 460 1784 516 An
1812 459 1948 515 forte
1966 471 2076 529 quo

486 562 615 618 sunt
663 560 955 616 sanctiores
978 602 993 628 ,
1042 575 1108 616 eo
1154 564 1281 615 sunt
1316 555 1621 613 volucribus
1661 551 2069 621 dissimiliores,

485 655 609 725 quia
637 653 740 710 nisi
768 660 1026 724 reponant
1051 650 1153 708 sibi
1177 666 1329 707 escas
1354 650 1406 706 in
1435 650 1693 722 plurimos
1720 649 1867 716 dies,
1897 646 2071 704 inclu-

482 745 613 803 dere
651 762 713 802 se
737 745 808 801 ita
831 786 847 812 ,
879 754 935 800 ut
964 743 1186 811 faciunt,
1216 760 1324 801 non
1352 742 1643 800 valebunt?
1673 743 1739 798 Et
1765 743 1948 812 utique
1973 756 2073 795 no-

480 836 686 892 biscum
738 834 993 903 audiunt,
1047 834 1224 891 Nolite
1270 852 1390 908 ergo
1440 836 1659 908 cogitare
1702 835 1757 890 in
1792 835 2069 889 crastinum

480 923 697 1001 (Matth.
723 942 811 995 v1,

550 1020 641 1079 50.
685 1022 1024 1093 Quapropter
1048 1063 1062 1088 ,
1108 1029 1167 1076 ut
1203 1020 1439 1077 breviter
1474 1018 1830 1091 complectar,
1858 1019 1945 1075 isti
1976 1019 2065 1090 qui

474 1130 544 1172 ex
582 1114 856 1186 Evangelii
899 1128 1149 1185 perverso
1187 1114 1462 1169 intellectu
1499 1122 1606 1168 tam
1635 1112 1914 1169 manifesta
1935 1127 2067 1181 apo-

474 1206 661 1262 stolica
693 1213 957 1277 pnncepta
988 1216 1292 1277 pervertere
1321 1205 1644 1272 moliuntur,
1671 1212 1762 1259 aut
1787 1219 1893 1259 non
1920 1204 2064 1275 cogi-

475 1308 588 1356 tent
613 1303 664 1355 in
690 1302 981 1356 crastinum
1007 1344 1023 1368 ,
1056 1303 1193 1357 sicut
1222 1302 1452 1356 volatilia
1476 1303 1596 1359 ρωιὶ
1622 1320 1637 1368 ;
1669 1308 1759 1356 aut
1787 1301 2062 1371 obtempe-

469 1399 591 1447 rent
631 1392 925 1464 Apostolo,
975 1394 1113 1449 sicut
1157 1394 1248 1449 lilii
1287 1394 1465 1450 dilecti
1499 1413 1511 1447 :
1543 1394 1649 1448 imo
1679 1402 1961 1465 utrumque
1985 1392 2061 1448 fa-

468 1485 643 1551 ciant,
672 1484 793 1555 quia
820 1495 1104 1556 utrumque
1128 1488 1436 1542 concordat.
1468 1486 1652 1558 Neque
1679 1487 1822 1541 enim
1848 1493 2059 1542 contra-

466 1576 545 1631 ria
588 1576 811 1632 Domino
851 1593 948 1633 suo
987 1589 1229 1634 moneret
1268 1577 1461 1634 Paulus
1500 1592 1684 1633 servus
1709 1576 1905 1633 Clu-isti
1930 1577 2059 1634 Jesu

466 1667 691 1739 (Roma
717 1711 730 1733 ,
764 1670 840 1739 1).
872 1668 984 1725 lloc
1008 1671 1149 1725 enim
1181 1670 1297 1724 istis
1323 1675 1503 1741 aperte
1529 1668 1756 1725 dicimus
1787 1688 1798 1723 :
1831 1669 1888 1725 Si
1911 1668 2055 1725 vola-

464 1759 573 1815 tilia
614 1762 734 1818 caeli
762 1762 839 1817 sic
873 1761 1163 1833 intelligitis
1200 1763 1254 1818 in
1288 1763 1572 1835 Evangelio
1596 1806 1611 1831 ,
1638 1774 1697 1819 ut
1720 1765 1900 1819 nolitis
1926 1780 2056 1835 ope-

461 1852 632 1909 rando
665 1855 906 1909 manibus
938 1857 1126 1910 vestris
1145 1855 1343 1911 victum
1369 1864 1841 1927 tegumentumque
1861 1873 2056 1928 procu-

462 1958 622 2009 rare;
664 1944 798 2001 nihil
836 1948 996 2001 etiam
1036 1950 1309 2017 reponatis
1335 1950 1386 2003 in
1409 1949 1697 2005 crastinum
1719 1993 1735 2018 ,
1763 1950 1901 2005 sicut
1922 1950 2053 2007 nihil

461 2046 729 2108 reponunt
755 2040 986 2094 volatilia
1015 2028 1160 2097 caeli.
1194 2040 1251 2095 Si
1278 2051 1454 2097 autem
1486 2043 1684 2114 aliquid
1708 2059 1970 2114 reponere
1998 2044 2052 2099 in

460 2131 789 2197 crastinum,
840 2143 1013 2203 potest
1053 2150 1160 2189 non
1197 2150 1316 2190 esse
1356 2145 1539 2190 contra
1583 2134 1932 2206 Evangelium
1959 2135 2052 2192 ubi

458 2223 660 2280 dictum
699 2235 814 2292 est,
857 2226 1111 2298 Respicite
1144 2226 1373 2282 volatilia
1404 2225 1518 2282 caeli
1535 2269 1550 2294 ,
1579 2226 1697 2299 quia
1721 2243 1878 2297 neque
1900 2228 2050 2282 semi-

457 2326 613 2383 nant,
661 2334 819 2388 neque
861 2328 1084 2385 metunt,
1133 2336 1291 2391 neque
1328 2328 1629 2391 congregant
1653 2317 1709 2374 in
1736 2321 2049 2390 apothecas:

457 2416 633 2479 potest
669 2410 829 2463 etiam
862 2426 967 2465 non
995 2425 1115 2465 esse
1143 2421 1330 2465 contra
1362 2410 1710 2481 Evangelium
1739 2426 1839 2466 nec
1861 2420 2049 2467 contra

455 2503 855 2560 similitudinem
896 2504 1189 2560 volatilium
1236 2504 1358 2561 coeli
1392 2548 1406 2571 ,
1455 2506 1617 2559 vitam
1666 2505 1820 2561 istam
1867 2505 2049 2562 carnis

455 2597 747 2668 corporalis
767 2597 1093 2666 Operationis
1113 2597 1296 2654 labore
1317 2600 1633 2669 transigere.

524 2688 752 2747 CAPUT
776 2689 964 2747 XXIV.
986 2722 1057 2732 —
1083 2692 1171 2747 51.
1201 2691 1408 2762 Aliquid
1432 2693 1485 2746 iu
1509 2692 1783 2746 crastinum
1804 2706 2051 2762 reponere

452 2797 556 2835 non
597 2779 850 2852 prohiberi
897 2798 984 2850 per
1028 2779 1378 2855 Evangelium.
1409 2781 1465 2837 Si
1497 2781 1637 2836 enim
1663 2791 1952 2852 urgeantur
1976 2795 2045 2835 ex

453 2872 769 2944 Evangelio,
794 2883 852 2928 ut
873 2872 1005 2928 nihil
1035 2885 1292 2944 reponant
1315 2874 1367 2929 in
1388 2873 1678 2930 crastinum
1705 2892 1719 2941 ;
1744 2873 2044 2930 rectissime

446 2966 779 3036 respondent
815 2985 829 3020 :
865 2966 972 3022 Cur
1007 2982 1135 3039 ergo
1164 2967 1278 3039 ipse
1305 2968 1560 3023 Dominus
1589 2966 1792 3023 loculos
1820 2967 2041 3033 habuit,

451 3052 544 3116 ubi
584 3061 861 3131 pecuniam
906 3061 1185 3118 collectam
1225 3072 1511 3133 reponeret
1558 3060 1736 3132 (Joan.
1777 3078 1891 3129 xu,
1938 3059 2045 3131 6)?

450 3146 560 3206 Cur
588 3161 734 3207 tanto
760 3161 917 3221 ante,
958 3150 1099 3209 fame
1124 3154 1432 3210 imminente
1461 3155 1477 3186 ί
1506 3197 1520 3219 ,
1553 3152 1817 3209 frumenta
1842 3153 2045 3210 sanctis

450 3242 691 3314 patribus
732 3245 892 3301 inissa
935 3254 1060 3301 sunt
1104 3245 1239 3318 (Act.
1285 3263 1370 3309 xi,
1410 3243 1644 3317 28-50)?
1671 3246 1775 3300 Cur
1801 3242 2043 3315 Apostoli

452 3335 534 3391 sic
569 3336 872 3406 indigentia:
898 3349 1202 3394 sanctorum
1229 3339 1526 3394 necessaria
1558 3349 1946 3408 procurarunt,
1975 3356 2043 3397 ne

453 3428 669 3484 deesset
694 3429 744 3482 in
772 3438 1041 3499 posterum
1064 3472 1078 3495 ,
1107 3439 1166 3485 ut
1188 3429 1525 3485 beatissimus
1550 3431 1746 3487 Paulus
1767 3431 1833 3486 ad
1854 3430 2044 3488 Corin-

451 3517 595 3573 thios
623 3519 674 3572 in
706 3518 940 3588 Epistola
967 3519 1221 3576 scriberet
1253 3539 1266 3575 :
1296 3519 1373 3575 De
1397 3520 1617 3576 collectis
1643 3532 1811 3578 autem
1838 3523 1892 3577 in
1920 3541 2044 3579 san-

452 3621 591 3680 ctos,
635 3610 763 3666 sicut
801 3610 1031 3666 ordinavi
1078 3613 1316 3668 Ecclesiis
1359 3614 1604 3681 Galatiw,
1645 3617 1715 3670 ita
1758 3628 1803 3671 et
1842 3634 1928 3672 vos
1955 3621 2041 3688 fa-

450 3703 549 3758 cile
574 3718 593 3757 :
617 3703 891 3758 secundum
920 3721 1070 3758 unam
1096 3705 1290 3760 sabbati
1313 3709 1650 3777 unusquisque
1669 3717 1879 3762 vestrum
1901 3708 2046 3779 apud

450 3810 505 3849 se
534 3804 687 3865 ponat
716 3795 736 3827 ²
757 3837 772 3860 ,
796 3794 1140 3851 tltesaurizans
1166 3799 1301 3866 quod
1325 3801 1367 3851 ei
1392 3797 1671 3868 placuerit;
1699 3807 1751 3853 ut
1778 3817 1902 3866 non,
1927 3818 2043 3855 cum

450 3900 633 3940 venero
650 3928 663 3951 ,
695 3896 813 3940 tunc
839 3886 1059 3942 collecta:
1082 3887 1224 3957 ﬁant.
1255 3885 1381 3943 Cum
1409 3900 1575 3942 autem
1600 3890 1864 3958 advenero,
1885 3908 2042 3963 quos-

449 3995 660 4050 cumque
708 3981 1035 4051 probaveritis
1062 3999 1149 4052 per
1176 3983 1443 4052 epistolas,
1479 3983 1569 4039 hos
1596 3986 1789 4039 mittam
1819 3991 2046 4059 perferre

447 4073 666 4144 gratiam
703 4083 920 4129 vestram
962 4074 1013 4127 in
1054 4073 1353 4129 Jerusalem.
1403 4077 1555 4144 Quod
1580 4079 1625 4132 si
1654 4079 1863 4151 dignum
1889 4080 2045 4150 fuerit

447 4175 505 4219 ut
545 4177 590 4220 et
636 4154 738 4235 ego’
770 4183 910 4229 eam,
952 4183 1142 4219 mecum
1177 4166 1316 4222 ibunt
1348 4168 1389 4241 (l
1419 4168 1538 4224 Cor.
1565 4187 1653 4225 xvr
1675 4214 1690 4237 ,
1725 4173 1888 4241 1-4)?
1917 4174 2047 4232 Hinc

448 4266 505 4311 et
553 4257 656 4311 alia
704 4256 867 4310 multa
917 4256 1282 4325 c0piosissime
1323 4268 1378 4313 et
1422 4260 1698 4317 verissime
1744 4262 2043 4332 proferunt.

448 4345 651 4414 Quibus
693 4345 1076 4417 respondemus
1108 4364 1120 4400 :
1155 4346 1357 4404 Videtis
1395 4366 1523 4420 ergo
1544 4392 1557 4416 ,
1590 4354 1830 4422 quamvis
1857 4354 2045 4412 Domi-

448 4452 552 4494 ttns
576 4434 801 4511 dixerit,
831 4436 1007 4493 Nolite
1030 4439 1251 4512 cogitare
1275 4443 1328 4498 in
1354 4442 1672 4512 crastinum;
1703 4463 1807 4502 non
1834 4464 1928 4504 vos
1956 4459 2044 4505 ta-

448 4547 572 4589 men
594 4530 710 4588 istis
736 4532 911 4589 verbis
930 4534 1047 4604 (εοεί
1077 4543 1133 4589 ιιι
1161 4534 1288 4591 nihil
1318 4532 1368 4591 in
1397 4536 1688 4593 crastinum
1710 4542 1999 4599 reservetis
2023 4562 2043 4599 :

448 4641 546 4682 cur
594 4641 722 4697 ergo
764 4626 952 4682 iisdem
995 4627 1174 4683 verbis
1201 4644 1297 4684 vos
1324 4630 1440 4701 cogi
1470 4630 1645 4687 dicitis
1666 4675 1679 4699 ,
1713 4642 1771 4688 ut
1800 4635 1998 4691 vacetis
2017 4636 2048 4691 ?

446 4717 554 4773 Cur
580 4718 811 4774 volatilia
838 4718 960 4775 coeli
988 4735 1093 4774 non
1123 4718 1274 4777 vobis
1296 4734 1419 4777 sunt
1438 4726 1685 4795 exemplo
1707 4726 1774 4783 ad
1802 4728 1931 4784 nihil
1957 4745 2047 4786 re-

446 4810 803 4880 servandum,
842 4820 898 4868 et
932 4811 1093 4868 vultis
1126 4820 1185 4868 ut
1226 4813 1333 4868 sint
1370 4814 1618 4886 exemplo
1657 4817 1725 4873 ad
1754 4819 1883 4874 nihil
1908 4837 2044 4891 ope-

445 4902 670 4959 randum
692 4902 717 4958 ’ἓ
1127 4912 1148 4923 ’

519 4992 747 5050 CAPUT
775 4992 943 5051 XXV.
969 5025 1042 5037 —
1068 4996 1157 5052 52.
1192 4994 1412 5070 Negotia
1439 4998 1613 5070 priora
1638 4999 1900 5074 reliquisse
1918 5003 2047 5074 quid

446 5083 637 5157 prosit,
684 5085 730 5140 si
771 5086 941 5141 adhuc
964 5089 1313 5143 laborandum.
1341 5089 1636 5147 Communis
1656 5094 1769 5148 vita:
1792 5095 2041 5152 charitas.

451 5176 667 5248 Operari
695 5179 833 5234 decet
860 5182 1008 5235 etiam
1036 5183 1122 5252 qui
1146 5200 1208 5237 ea:
1229 5185 1330 5240 vita
1352 5186 1623 5243 excelsiore
1647 5199 2001 5246 convertuntur
2017 5234 2040 5262 ,

446 5272 536 5327 sed
574 5275 729 5327 multo
767 5276 927 5345 magis
967 5278 1057 5345 qui
1092 5293 1153 5329 ea:
1178 5278 1278 5330 vita
1307 5278 1591 5335 humiliore.
1625 5280 1768 5336 Dicet
1798 5283 1987 5354 aliquis
2020 5304 2037 5340 :

447 5363 582 5430 Quid
622 5381 750 5436 ergo
788 5365 1003 5435 prodest
1029 5380 1185 5421 servo
1217 5369 1305 5422 Dei
1326 5409 1340 5434 ,
1374 5370 1513 5438 quod
1546 5372 1809 5439 prioribus
1833 5376 2042 5433 actibus

447 5471 583 5526 quos
622 5457 673 5512 in
712 5456 909 5512 saeculo
937 5455 1165 5512 habebat
1190 5460 1388 5513 relictis
1407 5500 1421 5526 ,
1451 5460 1517 5514 ad
1546 5461 1681 5517 hanc
1706 5464 2039 5533 spiritnnlem

514 5592 529 5624 ι
567 5592 751 5667 aliquot
766 5596 893 5667 3353.,
927 5591 1105 5665 fratrem
1122 5590 1461 5667 imntineutem.
1486 5603 1539 5649 Et
1556 5599 1674 5650 infra
1696 5600 1792 5651 duo
1808 5603 2035 5667 Vaticani,

441 5665 621 5717 metis
648 5654 877 5706 fratribus
898 5654 1044 5717 missa
1062 5663 1187 5705 sunt.

509 5730 531 5760 ι
551 5736 625 5778 διε
652 5729 759 5775 uss.
781 5722 839 5768 At
862 5715 997 5780 editi,
1023 5723 1238 5793 reponat.

2181 468 2433 533 tanquam
2465 461 2673 534 Opilieis
2700 464 2719 496 ¹
2739 505 2754 531 ,
2794 478 3045 522 exercere
3075 466 3284 537 negotia
3302 467 3328 522 ?
3346 465 3510 535 Quasi
3533 483 3663 526 vero
3686 467 3773 528 la-

2179 553 2283 610 cile
2310 557 2480 626 possit
2506 556 2679 612 verbis
2705 556 2993 627 explicari,
3025 568 3278 630 quantum
3303 560 3474 631 prosit
3502 566 3645 633 quod
3665 562 3771 622 Do.

2178 649 2356 706 minus
2396 651 2543 707 diviti
2587 652 2863 709 consilium
2906 654 3175 723 capiendae
3202 657 3325 708 vita:
3351 664 3566 713 aeternae
3595 657 3769 730 requi-

2177 743 2319 798 renti
2348 743 2423 798 ait
2451 752 2506 798 ut
2533 744 2728 800 laceret
2747 746 2770 778 ¹
2789 787 2802 810 ,
2830 746 2873 801 si
2903 746 3061 801 vellet
3086 762 3205 802 esse
3228 748 3494 817 perfectus
3518 766 3531 815 ;
3562 759 3621 805 ut
3642 767 3770 808 ven-

2174 834 2300 889 ditis
2340 851 2460 907 qute
2501 834 2766 903 habebat,
2811 845 2866 893 et
2904 838 3209 904 indigentia:
3252 856 3541 911 pauperum
3583 841 3767 899 distri-

2172 924 2348 993 butis,
2375 942 2497 982 eum
2527 937 2840 999 sequeretur
2866 928 3073 1001 (Matth.
3104 946 3219 998 xix,
3245 929 3360 1004 2i).
3385 932 3491 987 Ant
3512 932 3631 1004 quis
3659 943 3765 990 tam

2173 1018 2424 1089 expedito
2462 1036 2621 1076 cursu
2662 1030 2876 1078 secutus
2917 1031 2999 1077 est
3031 1022 3310 1078 Dominum
3331 1067 3344 1089 ,
3372 1041 3529 1095 quam
3561 1026 3650 1083 ille
3675 1027 3765 1097 qui

2172 1109 2280 1177 ait,
2330 1108 2450 1165 Non
2486 1112 2539 1165 in
2579 1129 2791 1166 vacuum
2828 1115 3062 1179 cucurri,
3105 1132 3195 1169 nec
3223 1115 3277 1170 in
3303 1133 3515 1170 vacuum
3539 1116 3765 1173 laboravi

2172 1202 2430 1276 (Philipp.
2474 1222 2544 1269 ιι,
2590 1204 2726 1276 16)?
2759 1208 2849 1276 qui
2880 1217 3053 1262 tamen
3081 1224 3240 1278 opera
3267 1210 3365 1264 ista
3395 1219 3444 1264 et
3478 1214 3756 1282 przecepit,

2169 1304 2224 1349 et
2253 1292 2396 1350 fecit.
2422 1296 2535 1351 Hoc
2558 1297 2708 1352 nobis
2736 1305 2875 1352 tanta
2897 1300 3210 1354 auctoritate
3230 1299 3403 1355 doctis
3430 1309 3486 1356 et
3509 1300 3761 1358 informa-

2168 1389 2239 1443 tis
2254 1386 2497 1443 sufficere
2518 1388 2701 1445 debuit
2723 1389 2787 1445 ad
2804 1393 3106 1461 exemplum
3127 1390 3532 1464 derelinquendi
3545 1395 3566 1427 ³
3581 1396 3759 1465 pristi-

2166 1496 2266 1538 nas
2304 1482 2580 1538 facultates
2604 1525 2619 1549 ,
2648 1493 2702 1539 et
2748 1485 2989 1539 manibus
3028 1485 3303 1555 operandi.
3342 1486 3448 1543 Sed
3488 1497 3542 1544 et
3568 1503 3665 1544 nos
3689 1487 3756 1544 ab

2166 1574 2284 1644 ipso
2321 1575 2545 1631 Domino
2573 1576 2759 1647 adjuti,
2789 1592 3072 1646 possumus
3102 1576 3325 1634 fortasse
3353 1588 3637 1650 utcumque
3661 1593 3752 1634 εο-

2163 1681 2461 1737 gnoscere,
2505 1658 2664 1722 etiam
2705 1668 2783 1722 sic
2825 1667 3167 1737 operantibus
3210 1668 3377 1724 servis
3414 1667 3540 1733 Dei,
3578 1670 3751 1740 priora

2165 1767 2345 1813 tamen
2402 1760 2611 1830 negotia
2672 1759 2952 1831 reliquisse
2991 1760 3117 1830 quid
3169 1761 3355 1831 prosit.
3402 1760 3461 1817 Si
3498 1762 3641 1817 enim
3684 1763 3753 1820 ad

2164 1848 2304 1905 hanc
2340 1851 2501 1905 vitam
2541 1867 2607 1907 ex
2632 1850 2794 1908 divite
2823 1853 3102 1922 quisquam
3129 1853 3457 1907 convertitur
3475 1895 3491 1920 ,
3522 1862 3577 1909 et
3603 1854 3753 1911 nulla

2163 1940 2469 1997 inﬁrmitate
2506 1948 2746 2012 corporis
2774 1942 3060 2012 impeditur
3078 1985 3092 2009 ,
3127 1944 3268 1997 itane
3292 1942 3582 2014 desipimus
3604 1960 3634 1999 a
3660 1959 3751 2002 sa-

2161 2047 2294 2102 pore
2338 2032 2562 2098 Christi,
2608 2040 2668 2087 nt
2705 2048 2811 2088 non
2852 2034 3210 2103 intelligamus
3239 2041 3467 2104 quantus
3488 2035 3750 2106 superbia

2161 2121 2356 2192 prioris
2397 2133 2571 2178 tumor
2606 2130 2858 2190 sanetur,
2898 2139 3018 2179 cum
3057 2124 3388 2180 circumcisis
3426 2124 3744 2195 superfluis,

2159 2215 2350 2286 quibus
2388 2224 2512 2271 ante
2551 2217 2758 2271 animus
2783 2216 3123 2273 exitiabiliter
3149 2214 3645 2288 inﬂammabatur‘,
3676 2217 3747 2275 ad

2158 2305 2368 2361 modica
2410 2321 2529 2376 qua:
2567 2314 2772 2363 restant
2808 2306 2929 2363 huic
2959 2307 3080 2362 vitae
3109 2309 3420 2365 naturaliter
3447 2310 3745 2367 necessaria

2157 2396 2318 2452 etiam
2355 2396 2561 2467 opillcis
2596 2399 2866 2454 humilitas
2896 2399 3115 2456 minime
3143 2400 3459 2458 recusetur?
3480 2401 3538 2459 Si
3567 2412 3745 2460 autem

2156 2490 2226 2545 ad
2266 2490 2401 2547 hanc
2440 2493 2602 2546 vitam
2643 2508 2705 2547 ex
2733 2503 3044 2565 paupertate
3069 2497 3425 2563 convertitur,
3460 2511 3565 2552 non
3595 2504 3747 2567 putet.

2154 2596 2217 2640 se
2255 2582 2307 2638 id
2335 2598 2494 2655 agere
2532 2584 2671 2654 quod
2700 2585 2921 2656 agebat,
2962 2588 3008 2641 si
3044 2585 3113 2643 ab
3148 2602 3333 2644 amore
3367 2588 3450 2645 vel
3486 2588 3743 2660 augenda:

2155 2674 2649 2745 quantulaecumque
2668 2674 2692 2707 ⁸
2714 2675 2791 2731 rei
2816 2677 3034 2746 privatae
3058 2718 3072 2744 ,
3091 2677 3201 2748 jam
3223 2693 3330 2734 non
3350 2693 3595 2750 qumrens
3622 2694 3742 2750 qua:

2155 2778 2252 2819 sua
2292 2774 2417 2819 sunt
2439 2807 2453 2831 ,
2491 2763 2584 2820 sed
2615 2780 2733 2836 qua:
2760 2765 2887 2822 Jesu
2920 2767 3116 2824 Christi
3155 2767 3317 2838 (Ibid.
3343 2768 3436 2842 2|)
3456 2812 3471 2837 ,
3503 2769 3570 2825 ad
3596 2784 3743 2826 com-

2156 2856 2333 2911 munis
2362 2856 2482 2912 vitze
2510 2871 2569 2913 se
2598 2858 2863 2914 transtulit
2895 2862 3208 2918 charitatem
3228 2903 3244 2931 ,
3273 2863 3325 2917 in
3355 2876 3544 2919 eorum
3572 2863 3743 2921 socie-

2155 2954 2265 3003 tate
2299 2948 2566 3017 victurus,
2604 2950 2795 3021 quibus
2832 2960 2915 3007 est
2949 2953 3125 3008 anima
3163 2968 3265 3009 una
3299 2961 3353 3009 et
3378 2969 3473 3011 cor
3501 2970 3660 3010 unum
3687 2956 3741 3010 in

2155 3036 2325 3093 Deum
2345 3080 2359 3104 ,
2402 3039 2472 3093 ita
2514 3047 2569 3095 ut
2608 3056 2767 3097 nemo
2791 3042 2934 3098 dicat
2954 3044 3153 3115 aliquid
3182 3046 3484 3116 proprium,
3518 3046 3610 3101 scd
3636 3046 3745 3102 sint

2154 3130 2259 3184 illis
2297 3131 2472 3187 omnia
2517 3134 2820 3189 communia
2868 3134 3008 3207 (Act.
3056 3152 3141 3205 tv,
3184 3137 3299 3211 52).
3332 3138 3388 3195 Si
3416 3141 3558 3196 enim
3590 3142 3744 3213 hujus

2155 3230 2383 3277 terreme
2429 3223 2730 3294 reipublicae
2770 3226 2974 3298 antiqui
3019 3229 3290 3299 principes
3335 3230 3745 3301 praeclarissimo
3788 3240 3795 3243 '

2152 3313 2509 3371 litteratorum
2548 3330 2767 3373 suorum
2807 3319 3020 3391 eloquio
3056 3321 3333 3391 praedicari
3363 3324 3567 3390 Solent,
3600 3325 3745 3396 quod

2153 3420 2270 3461 rem
2300 3420 2638 3463 communem
2670 3409 2903 3466 universi
2928 3412 3107 3483 p0puli
3136 3428 3247 3468 suae
3274 3414 3500 3470 civitatis
3526 3418 3746 3487 privatis

2154 3499 2267 3555 suis
2294 3501 2456 3556 rebus
2483 3502 2561 3557 sic
2589 3505 3016 3574 anteponebant,
3047 3514 3106 3561 ut
3126 3507 3339 3579 quidam
3361 3525 3543 3565 eorum
3567 3509 3745 3568 Africa

2153 3590 2387 3646 edomita
2436 3593 2822 3664 triumphator,
2863 3597 2991 3668 quid
3030 3600 3249 3655 nubenti
3287 3600 3411 3657 filia:
3447 3602 3600 3658 daret
3636 3620 3745 3661 non

2155 3682 2433 3752 habuerit,
2473 3684 2577 3741 nisi
2605 3700 2672 3743 ex
2708 3691 3169 3747 senatusconsulto
3196 3692 3265 3747 de
3292 3693 3503 3763 publico
3531 3695 3745 3753 dotare.

2154 3785 2242 3831 tur
2279 3778 2354 3851 (α)
2388 3797 2401 3832 :
2430 3795 2536 3852 quo
2570 3783 2749 3838 animo
2778 3785 2938 3842 debet
2961 3802 3079 3844 esse
3108 3789 3160 3843 in
3186 3791 3565 3861 rempublicam
3592 3807 3743 3848 suam

2154 3869 2287 3924 civis
2325 3881 2540 3928 aeterna:
2578 3873 2726 3931 illius
2760 3877 2988 3935 civitatis
3024 3879 3317 3938 Jerusalem
3344 3884 3613 3953 ccelestis,
3641 3882 3745 3942 nisi

2153 3970 2214 4016 ut
2259 3961 2388 4018 illud
2437 3962 2611 4034 ipsum
2655 3969 2796 4039 quod
2837 3971 3064 4042 propriis
3102 3973 3347 4029 manibus
3380 3975 3745 4043 elaborat,in

2154 4068 2438 4113 commune
2459 4058 2651 4115 habeat
2669 4075 2790 4116 cum
2820 4061 2983 4119 fratre
3006 4106 3020 4131 ,
3045 4074 3099 4121 et
3118 4065 3163 4121 si
3189 4066 3312 4139 quid
3336 4067 3384 4123 ei
3406 4066 3650 4137 defuerit,
3678 4067 3746 4126 de

2154 4148 2424 4204 communi
2450 4151 2734 4224 suppleat;
2762 4154 2945 4212 dicens
2971 4173 3093 4213 cum
3121 4158 3215 4215 illo
3239 4160 3393 4230 cujus
3421 4168 3746 4233 prmceptum

2155 4243 2564 4315 exemplumque
2626 4256 2842 4305 secutus
2896 4260 3012 4317 est,
3055 4251 3215 4319 Quasi
3253 4253 3383 4309 nihil
3422 4253 3658 4311 habentes
3698 4266 3747 4312 et

2154 4335 2327 4386 omnia
2353 4337 2664 4404 possidentes
2694 4338 2757 4411 (ll
2786 4339 2903 4395 Cor.
2934 4359 3019 4411 vr,
3053 4342 3191 4416 10)?
3406 4406 3429 4411 ι,

2227 4426 2316 4480 55.
2340 4426 2698 4495 Quamobrem
2727 4432 2886 4486 etiam
2918 4433 2992 4489 illi
3018 4436 3105 4504 qui
3134 4436 3316 4491 relicta
3337 4430 3423 4492 vel
3439 4428 3742 4507 distributa,

2155 4516 2268 4572 sive
2299 4518 2473 4590 ampla
2499 4563 2514 4587 ,
2538 4520 2652 4577 sive
2677 4524 3050 4596 qualicumque
3075 4524 3322 4595 epulenta
3352 4526 3628 4597 facultate,
3660 4530 3747 4585 in-

2155 4618 2240 4663 ter
2276 4625 2532 4681 pauperes
2565 4612 2764 4669 Christi
2800 4616 2881 4685 pia
2910 4628 2962 4670 et
2994 4618 3191 4673 salubri
3226 4619 3523 4677 humilitate
3562 4638 3749 4681 nume-

2154 4702 2263 4757 rari
2302 4704 2621 4772 voluerunt;
2651 4708 2695 4763 si
2725 4724 2951 4779 corpore
2980 4709 3048 4764 ita
3079 4711 3289 4779 valent,
3318 4722 3370 4769 et
3401 4713 3469 4770 ab
3498 4715 3749 4771 ecclesia-

2154 4798 2305 4852 sticis
2344 4802 2778 4869 occupationibus
2814 4812 3003 4857 vacant
3036 4805 3362 4876 (quanquam
3390 4807 3470 4862 eis
3498 4816 3606 4863 tam
3637 4823 3749 4863 ma-

2152 4905 2316 4960 gnum
2342 4891 2503 4946 animi
2526 4895 2606 4947 sui
2627 4892 3003 4952 documentum
3030 4897 3371 4955 alierentibus
3392 4942 3406 4967 ,
3434 4910 3489 4956 et
3509 4902 3748 4971 ejusdem

2155 4983 2424 5037 societatis
2452 4984 2756 5054 indigentiae
2784 4988 2851 5042 de
2878 4986 2964 5043 his
2996 4989 3153 5045 rebus
3180 5007 3313 5059 quas
3339 4991 3638 5058 habebant,
3663 4992 3749 5048 vel

2154 5075 2443 5143 plurimum
2466 5076 2551 5133 vel
2590 5094 2696 5134 non
2740 5097 2924 5151 parum
2947 5082 3380 5153 conferentibus,
3422 5088 3596 5153 vicem
3630 5100 3751 5165 sus-

2218 5301 2235 5363 ξ
2270 5297 2343 5363 sic
2364 5304 2469 5347 Mss.
2497 5297 2711 5363 At‘editi,
2728 5297 2943 5363 opiﬁces.

2215 5358 2239 5435 ξ
2271 5360 2341 5435 sic
2365 5367 2471 5435 Mss.
2482 5422 2492 5432 .
2508 5358 2784 5435 muniam,
2800 5358 2876 5435 :ait
2901 5362 3235 5435 quitlfarer'el.

2218 5421 2240 5493 ξ
2274 5427 2372 5493 quo
2395 5422 2603 5493 \Zaticani
2634 5421 3061 5493 sissannwcjnobt's
3082 5431 3215 5475 tanta
3245 5425 3504 5493 mtctoritas
3530 5423 3749 5493 suﬁicere

2151 5477 2318 5549 debuit
2359 5483 2697 5549 ι’ρίίηιῃιεηᾴὶ.⁸
2730 5485 2815 5549 alii
2839 5487 3065 5547 quidam,
3111 5500 3204 5538 nec
3224 5487 3378 5549 nobis,
3401 5477 3498 5539 etc.

2217 5544 2239 5608 fr
2274 5544 2441 5608 Plures
2462 5544 2587 5604 Mssa,
2612 5544 2890 5608 inflabntur.

2216 5607 2237 5674 εξ
2272 5606 2343 5674 sic
2366 5614 2469 5674 tuas.
2501 5614 2552 5655 Λι
2576 5606 3245 5674 editi,quantulumcumque.

2218 5666 2482 5738 (αλδεηλίο,
2507 5666 2816 5738 διιιιό-Σὶιιὸτ.
2845 5669 2928 5719 nn.
2956 5670 3004 5733 4,
3029 5666 3210 5738 capit,
3234 5681 3287 5726 et
3307 5680 3422 5725 zon-
3439 5673 3489 5738 2.
3507 5680 3750 5728 ειεειιθοο

2154 5724 2479 5794 ad'Albmam,
2496 5724 2603 5793 cap.
2632 5729 2707 5782 12.
