4140 6216
257 318 373 378 5³13

258 432 536 491 tentanda:
570 431 697 487 vitai
752 442 943 486 eorm
970 442 1058 485 res
1086 429 1202 499 ipsa
1225 428 1524 484 communis
1548 436 1604 482 et
1630 425 1862 482 fraterna

257 526 501 583 charisss
519 520 737 592 debeat)
761 558 780 587 ,
804 529 983 576 tanien
1003 519 1050 575 si
1073 526 1129 574 et
1156 519 1256 589 ipsi
1279 519 1525 574 manibus
1544 529 1860 588 operentur,

259 626 323 671 ut
354 616 520 686 pigris
546 630 610 668 ex
642 613 751 667 vita
773 610 1058 667 humiliore
1076 617 1135 663 et
1148 609 1220 664 ob
1245 608 1348 664 hoc
1368 608 1743 664 exercitatiore
1770 622 1863 663 veo

262 706 536 763 aientibus
554 704 799 761 auferant
815 702 1213 758 exeusntioncm
1238 716 1253 767 ;
1276 702 1443 755 multo
1465 700 1863 755 misericordius

262 808 465 870 agunt,
493 812 653 867 quam
678 810 798 851 cum
830 793 1008 849 omnia
1036 807 1133 846 sua
1161 791 1518 862 indigentibus
1546 791 1859 846 diviserunt.

260 891 419 960 Quod
454 889 669 960 quidem
707 889 752 943 si
790 887 999 950 nolint,
1038 886 1159 955 quis
1181 884 1375 941 audeat
1402 884 1635 954 cogere?
1660 884 1865 953 Quibus

263 995 447 1040 tamen
491 980 808 1038 invenienda
845 988 971 1035 sunt
993 993 1156 1048 opera
1184 979 1237 1033 in
1266 977 1590 1033 monasterio
1609 1017 1624 1039 ,
1653 976 1865 1031 etiamsi

262 1092 295 1130 a
332 1075 598 1145 corporali
628 1072 902 1129 lunetione
927 1070 1177 1126 liberiora
1196 1112 1211 1133 ,
1241 1069 1335 1124 sed
1364 1069 1602 1139 vigilanti
1636 1067 1863 1124 admini—
1892 1096 1895 1097 ν

264 1167 527 1222 stratione
553 1164 786 1221 curanda
807 1202 823 1229 ,
854 1172 913 1217 ut
936 1178 1035 1217 nec
1056 1162 1153 1230 ipsi
1180 1176 1372 1231 panem
1392 1175 1549 1216 suum
1569 1201 1587 1225 ,
1611 1160 1861 1230 quoniam

266 1258 569 1314 communis
601 1257 710 1327 iam
739 1254 911 1311 factus
936 1261 1051 1318 est,
1081 1253 1247 1323 gratis
1275 1251 1596 1307 manducent
1623 1250 1725 1323 (a).
1754 1249 1866 1306 Nec

266 1348 649 1405 attendendum
677 1356 761 1404 est
779 1346 832 1401 in
848 1345 1041 1414 quibus
1055 1343 1411 1409 monasteriis,
1430 1344 1513 1399 vel
1530 1344 1583 1397 in
1601 1357 1706 1413 quo
1722 1342 1862 1407 loco,

267 1444 631 1516 indigentibus
674 1441 924 1497 lratribus
960 1440 1187 1510 quisque
1228 1438 1283 1492 id
1322 1436 1467 1507 quod
1505 1435 1734 1491 habebat
1759 1436 1862 1489 im-

266 1537 535 1608 penderit.
560 1534 804 1590 Omnium
830 1534 975 1588 enim
996 1529 1418 1588 Christianorum
1444 1544 1547 1585 una
1565 1528 1865 1599 respublica

268 1639 370 1689 est.
416 1631 486 1686 Et
527 1629 649 1685 ideo
690 1629 929 1699 quisquis
973 1626 1289 1682 Christianis
1316 1625 1614 1681 necessaria
1643 1624 1866 1680 ubilibet

269 1724 604 1795 erogsverit,
637 1723 955 1792 ubicumque
984 1722 1141 1776 etiam
1175 1720 1288 1789 ipse
1311 1718 1454 1789 quod
1482 1718 1583 1775 sibi
1612 1731 1864 1773 necessa-

269 1816 417 1871 rium
440 1822 526 1869 est
544 1813 767 1883 accipit,
794 1812 865 1869 de
888 1811 1084 1868 Christi
1113 1811 1268 1867 bonis
1293 1810 1488 1881 accipit
1512 1810 1549 1862 ί.
1579 1808 1715 1873 Quia
1743 1807 1866 1863 ubi-

270 1921 503 1977 cumque
529 1913 586 1961 et
608 1905 724 1975 ipse
752 1904 947 1960 talibus
963 1903 1145 1968 dedit,
1174 1902 1295 1972 quis
1321 1902 1421 1957 nisi
1446 1900 1691 1956 Christus
1708 1914 1864 1956 acce-

270 1996 390 2067 pit‘l
419 1996 501 2052 Illi
525 2005 703 2053 autem
729 1996 818 2067 qui
840 1996 1001 2052 etiam
1028 2003 1224 2064 printer
1252 1994 1409 2049 istam
1432 2000 1668 2047 sanctam
1694 1991 1867 2047 socie-

273 2097 437 2144 tatem
459 2088 621 2143 vitam
652 2087 837 2143 labore
863 2086 1103 2157 corporis
1127 2084 1520 2153 transigebant,
1548 2097 1616 2138 ex
1640 2096 1868 2153 quorum

272 2195 501 2235 numero
520 2179 701 2249 plures
726 2177 793 2232 ad
820 2177 1141 2232 monasteria
1171 2176 1425 2240 veniunt,
1454 2173 1576 2243 quia
1597 2181 1652 2226 et
1676 2173 1729 2227 in
1750 2173 1871 2242 ipso

274 2271 515 2326 humano
549 2283 749 2340 genere
788 2268 971 2338 plures
1006 2274 1171 2331 sunt;
1201 2267 1245 2321 sl
1277 2265 1469 2320 nolunt
1495 2263 1741 2333 operari,
1769 2276 1869 2318 nec

273 2364 615 2420 manducent.
664 2361 848 2432 Neque
887 2360 1030 2416 enim
1069 2369 1347 2429 propterea
1398 2358 1452 2412 in
1494 2356 1679 2412 militia
1723 2353 1869 2411 chri-

272 2458 445 2513 stiana
487 2456 556 2511 ad
595 2455 847 2525 pietatem
884 2454 1078 2509 divites
1112 2453 1492 2517 humiliantur,
1520 2460 1580 2507 ut
1609 2463 1870 2520 pauperes

272 2550 340 2606 ad
379 2548 684 2620 superbiam
714 2547 1062 2605 extollantur.
1095 2544 1251 2600 Nullo
1276 2544 1437 2600 modo
1458 2544 1603 2599 enim
1626 2543 1782 2599 decet
1811 2549 1871 2597 ut

274 2644 329 2699 in
361 2658 427 2699 ea
464 2643 573 2697 vita
596 2641 693 2697 ubi
716 2642 846 2695 ﬂant
875 2648 1155 2695 senatores
1178 2637 1467 2702 laboriosi,
1497 2636 1570 2693 ibi
1600 2638 1728 2692 liant
1754 2635 1873 2706 opi-

276 2740 409 2792 lices
446 2735 645 2799 otiosi;
690 2742 745 2789 et
784 2746 893 2804 quo
927 2731 1147 2787 veniunt
1184 2731 1385 2787 relictis
1409 2730 1617 2787 deliciis
1638 2729 1750 2785 suis
1777 2729 1871 2801 qui

285 2828 499 2884 Inerant
525 2825 843 2896 prsidioan
864 2824 1063 2879 domini
1085 2864 1102 2889 ,
1129 2823 1203 2878 ibi
1228 2824 1337 2878 sint
1352 2823 1539 2878 rustici
1564 2821 1796 2878 delicati.

342 2918 572 2976 CAPUT
608 2916 797 2973 XXVI.
826 2945 897 2959 --
926 2916 1013 2971 56.
1040 2915 1307 2982 Quomodo
1330 2914 1712 2985 intelligendum
1732 2928 1869 2984 prrs-

277 3020 478 3081 cepssnn
523 3008 693 3073 illud,
730 3016 788 3063 ut
828 3023 891 3061 ne
931 3007 1138 3063 solliciti
1185 3007 1343 3061 simus
1365 3006 1428 3059 de
1454 3006 1569 3060 cibo
1589 3014 1636 3059 et
1667 3005 1868 3061 vestitu.

283 3101 549 3170 Quomodo
574 3098 922 3170 accipiendum
947 3097 1081 3152 illud
1098 3139 1117 3164 ,
1144 3097 1512 3151 devolatilibus
1534 3096 1647 3152 cali
1674 3107 1721 3151 et
1748 3096 1875 3152 liliis

278 3192 409 3264 agri.
435 3192 508 3245 At
543 3191 689 3247 enim
729 3191 985 3245 Dominus
1010 3188 1087 3244 ait
1115 3207 1130 3244 :
1157 3186 1339 3243 Nolite
1372 3187 1579 3242 solliciti
1604 3201 1711 3243 esse
1754 3188 1869 3244 ani-

277 3299 375 3339 tua!
415 3283 541 3353 quid
582 3281 923 3347 nrarrducetis,
967 3297 1127 3351 neque
1168 3280 1369 3350 corpori
1411 3278 1534 3348 quid
1569 3278 1871 3335 patiamini.

277 3375 473 3443 Recte,
527 3374 779 3445 quoniam
831 3388 991 3443 supra
1033 3372 1243 3428 dixerat
1296 3390 1310 3426 :

275 3468 465 3524 servire
487 3475 539 3520 et
564 3479 881 3520 mutante.
921 3464 1021 3531 Qui
1069 3463 1210 3518 enim
1239 3468 1455 3531 propter
1483 3461 1587 3517 hoc
1624 3461 1868 3530 Evange-

276 3557 405 3613 lium
450 3556 743 3626 praedicat,
788 3565 847 3610 ut
890 3554 1083 3610 habeat
1124 3552 1265 3609 unde
1301 3550 1611 3616 manducet,
1651 3560 1704 3606 et
1730 3550 1873 3608 unde

274 3649 566 3712 vestiatur,
592 3647 747 3702 simul
791 3661 851 3703 se
893 3654 1040 3715 putat
1065 3653 1120 3700 et
1146 3644 1258 3700 Deo
1281 3643 1519 3709 servire,
1549 3643 1669 3713 quia
1698 3642 1876 3698 Evan-

275 3739 476 3810 gelium
516 3737 805 3807 praedicat;
853 3744 910 3791 et
954 3749 1308 3798 mammonae,
1339 3733 1460 3803 quia
1512 3740 1726 3802 propter
1766 3732 1871 3788 ista

276 3830 579 3888 necessaria
620 3828 873 3899 praedicat
918 3844 933 3880 :
976 3825 1119 3897 quod
1149 3826 1403 3882 Dominus
1438 3825 1570 3880 dicit
1617 3824 1731 3879 ﬁeri
1759 3840 1869 3880 non

279 3935 457 3991 posse.
503 3922 584 3974 Ae
628 3934 723 3988 per
750 3917 852 3971 hoc
879 3916 971 3971 ille
1011 3915 1103 3984 qui
1133 3922 1347 3984 propter
1391 3914 1492 3969 ista
1521 3912 1869 3981 Evangelium

278 4008 537 4080 praedicat
554 4049 571 4071 .
597 4023 702 4063 non
727 4008 836 4063 Deo
853 4047 870 4072 ,
900 4005 993 4061 sed
1023 4019 1340 4060 mammona:
1364 4002 1568 4057 servire
1593 4002 1868 4056 convinci-

280 4110 396 4167 tur;
426 4101 529 4157 etsi
556 4100 698 4155 Deus
740 4099 832 4154 illo
873 4096 941 4154 ad
974 4097 1201 4153 aliorum
1229 4104 1571 4165 provectum,
1601 4091 1870 4163 quomodo

282 4191 397 4261 ipse
444 4191 649 4257 nescit,
685 4197 881 4245 utatur.
914 4188 1044 4243 Nam
1076 4186 1200 4241 huic
1244 4184 1521 4240 sententia:
1557 4182 1866 4254 subiungit,

279 4282 463 4340 dicens
480 4325 498 4350 ,
528 4281 556 4336 Ι
564 4281 659 4337 deo
677 4282 790 4337 dico
814 4280 952 4336 vobis
968 4321 984 4345 ,
1012 4278 1167 4334 nolite
1185 4278 1387 4333 solliciti
1416 4292 1522 4330 esse
1547 4275 1729 4330 animle
1747 4274 1869 4343 quid

278 4374 590 4431 manducetis
608 4415 622 4439 ,
649 4389 808 4443 neque
829 4373 1027 4442 corpori
1055 4370 1175 4440 quid
1196 4368 1473 4423 uestiumini
1502 4383 1522 4420 :
1551 4381 1655 4421 non
1685 4374 1742 4420 ut
1769 4366 1869 4420 ista

278 4482 387 4522 non
414 4474 735 4536 procurent,
761 4473 1017 4533 quantum
1060 4459 1363 4515 necessitati
1398 4457 1527 4512 satis
1554 4459 1696 4523 est',
1727 4455 1869 4514 unde

280 4557 504 4614 honeste
549 4557 846 4627 potuerint;
895 4554 989 4609 sed
1031 4562 1087 4607 ut
1134 4567 1239 4607 non
1287 4551 1384 4606 ista
1427 4550 1763 4613 intueantur,
1814 4559 1870 4606 et

280 4659 498 4722 propter
537 4650 638 4705 ista
677 4649 872 4704 iaciant
913 4645 1167 4718 quidquid
1211 4646 1264 4699 in
1312 4643 1581 4715 Evangelii
1612 4642 1870 4714 praedica-

280 4743 425 4797 tione
473 4739 495 4771 ³
541 4739 716 4795 facere
759 4738 1033 4808 iubentur.
1082 4738 1213 4791 Eam
1260 4736 1456 4806 quippe
1520 4734 1866 4790 intentionem

282 4848 444 4903 quare
469 4831 596 4902 quid
638 4833 760 4898 liat,
796 4831 1010 4885 oculum
1033 4838 1186 4883 vocat
1220 4845 1233 4882 ;
1261 4826 1403 4883 unde
1442 4826 1600 4896 paulo
1625 4825 1868 4896 superius

282 4923 631 4994 loquebatur,
680 4931 738 4976 ut
764 4921 830 4975 ad
869 4921 970 4973 hoc
993 4917 1378 4985 descenderet,
1403 4927 1458 4973 et
1479 4917 1721 4979 dicebat,
1764 4916 1871 4970 Lu-

284 5029 429 5069 cerna
465 5013 695 5081 corporis
730 5012 803 5065 tui
830 5018 903 5063 est
926 5008 1105 5063 oculus
1143 5016 1257 5062 tuus
1278 5023 1297 5061 :
1319 5006 1364 5060 si
1399 5006 1574 5061 oculus
1599 5017 1713 5061 tuus
1748 5008 1871 5061 sim-

283 5105 400 5176 plex
436 5104 622 5175 fuerit,
672 5112 829 5158 totum
866 5115 1049 5171 corpus
1092 5107 1233 5152 tuum
1274 5098 1494 5151 lucidum
1527 5099 1659 5164 erit;
1695 5098 1873 5152 sisere

346 5216 363 5247 ⁸
397 5222 521 5274 vox,
542 5212 694 5274 bonis,
713 5224 778 5262 ex
797 5212 1085 5262 auctoritate
1108 5215 1183 5259 Er.
1206 5208 1355 5274 Lugd.
1381 5216 1500 5274 ven.
1518 5215 1628 5274 t._ov.
1646 5210 1875 5274 restituta

285 5282 378 5327 est.
392 5283 476 5324 PP.
500 5269 812 5335 Benedictini,
832 5286 892 5323 ea
908 5274 958 5323 in
974 5279 1115 5323 textu
1135 5269 1332 5331 omissa,
1345 5269 1527 5321 addunt
1547 5270 1598 5320 in
1617 5270 1868 5334 margine:

291 5337 525 5400 «supple,
549 5336 748 5387 rebus.»
816 5343 874 5384 st.
973 5395 983 5406 ι
1059 5395 1070 5407 _

347 5401 369 5432 ’
400 5404 529 5448 Ilss..
555 5404 786 5448 quantum
801 5402 1094 5448 necessitatis

349 5402 369 5432 s
400 5404 529 5459 διας,
555 5404 786 5459 quantum
801 5402 1094 5449 necessitatis
1108 5402 1196 5448 εδει

349 5462 371 5528 ξ
400 5462 473 5528 _sic
491 5467 598 5510 uss.
627 5467 680 5510 At
712 5460 847 5528 editi,
872 5457 1135 5528 ρτωεοηίος,
1172 5522 1199 5528 Α,
1427 5518 1455 5528 _.

348 5522 549 5591 (autne
570 5529 759 5583 Spectat
782 5515 934 5570 illa'B.
960 5521 1203 5591 Benedicti
1229 5518 1491 5591 przeceriio
1506 5518 1556 5589 in
1578 5515 1870 5591 Reguiaica-

282 5576 389 5647 μηδ
407 5576 491 5647 ’18ι
508 5584 572 5632 de
587 5576 745 5645 Opere
769 5595 995 5647 ntanuum
1020 5596 1031 5630 :
1064 5602 1085 5627 (ι
1101 5576 1343 5631 Fratribus
1367 5576 1565 5647 inﬁrmis
1592 5577 1672 5647 vel
1694 5576 1873 5627 delica-

292 5641 318 5691 ἱ
339 5647 406 5696 tis
423 5643 539 5706 talis
558 5641 708 5706 opera
730 5651 813 5692 aut
835 5657 915 5692 ars
937 5645 1236 5703 iniungalur,
1263 5649 1316 5690 ut
1338 5654 1449 5706 _nec
1467 5641 1607 5691 otiosi
1636 5641 1752 5696 sint,
1779 5653 1873 5690 nec

293 5722 319 5753 s
344 5702 793 5756 violentia—laboris
831 5702 1175 5766 opprimantur,
1211 5711 1269 5753 ut
1298 5702 1575 5766 elfttgentur
1611 5716 1624 5753 :
1663 5713 1874 5765 quorum

291 5765 1458 5857 nmiumwaguueconmagmest»

872 5471 1109 5523 primum

1697 311 1899 369 LIBER
1928 311 2127 371 UNUS.

1364 3369 1489 3426 Non
1529 3370 1735 3441 potestis
1757 3354 1897 3427 Dee

3452 317 3563 381 57‘

1974 429 2153 483 oculus
2177 437 2292 483 tuus
2311 444 2522 500 nequam
2549 430 2730 500 fuerit,
2760 440 2917 486 totum
2952 448 3139 499 corpus
3163 440 3307 489 tuum
3334 433 3560 489 tenebro-
3614 490 3619 509 ί

1970 537 2080 575 sum
2105 522 2234 587 erit;
2276 522 2330 577 id
2360 532 2472 591 est,
2504 524 2626 578 talia
2656 534 2811 580 erunt
2849 526 2984 580 facta
3034 535 3119 581 tua
3139 567 3155 592 ,
3201 527 3373 598 qualis
3397 526 3559 584 fuerit

1970 613 2194 670 intentio
2222 623 2308 669 tua
2337 631 2431 670 cur
2454 632 2514 671 ea
2548 616 2726 671 facias.
2758 619 2820 671 Et
2846 619 2913 672 ad
2942 618 3042 673 hoc
3069 619 3211 673 enim
3241 628 3298 674 ut
3323 619 3554 688 veniret,

1970 721 2129 777 supra
2184 708 2252 763 de
2295 709 2649 782 eleemosynis
2704 721 3059 780 praeceperat,
3114 712 3324 780 dicens,
3383 711 3559 769 Nolite
3618 706 3621 715 ’

1969 799 2183 853 condere
2210 799 2344 853 uobis
2364 801 2624 855 thesauros
2647 803 2697 855 in
2720 803 2862 855 terris
2882 844 2896 866 ,
2936 802 3018 855 ubi
3047 818 3216 874 azrugo
3240 812 3287 858 et
3309 804 3444 858 tinea
3464 819 3556 859 ea:—

1970 890 2233 954 terminat,
2261 902 2308 945 et
2342 892 2424 945 ubi
2465 897 2600 963 fures
2631 893 2875 960 e/fodiunt
2904 905 2950 949 et
2990 898 3244 966 furantur.
3279 897 3555 954 Recondite

1968 995 2083 1034 vero
2112 982 2250 1037 vobis
2284 985 2542 1039 thesauros
2567 984 2619 1038 in
2648 986 2769 1038 ccelo
2788 1027 2807 1050 ,
2836 985 2918 1039 ubi
2948 1002 3104 1057 neque
3128 987 3260 1040 tinea
3284 1004 3443 1058 neque
3471 1005 3553 1043 ru-

1970 1072 2083 1143 bigo
2109 1074 2436 1138 exterminat,
2462 1085 2509 1128 et
2538 1076 2622 1129 ubi
2656 1079 2793 1146 fures
2824 1093 2927 1129 non
2963 1076 3254 1146 perfodiunt
3291 1089 3337 1134 et
3365 1081 3548 1151 furan-

1968 1170 2070 1215 tur.
2102 1162 2199 1217 Ubi
2227 1163 2360 1217 enim
2387 1164 2481 1218 erit
2510 1165 2771 1219 thesaurus
2812 1175 2955 1230 tuus,
2985 1166 3053 1219 ibi
3078 1168 3170 1221 erit
3191 1176 3240 1221 et
3276 1185 3362 1223 cor
3387 1177 3551 1223 tuum.

1973 1255 2176 1311 Deinde
2227 1258 2532 1328 subiunxit,
2582 1258 2812 1313 Lucerna
2866 1262 3093 1330 corporis
3137 1262 3211 1315 tui
3257 1270 3330 1318 est
3374 1264 3554 1319 oculus
3604 1326 3609 1331 ,

1970 1355 2085 1401 tuus
2114 1346 2327 1415 (Matth.
2367 1350 2442 1418 vr)
2489 1367 2503 1403 :
2550 1357 2607 1404 ut
2631 1350 2703 1405 illi
2732 1351 2936 1407 scilicet
2958 1352 3046 1421 qui
3084 1352 3453 1425 eleemosynas
3471 1352 3553 1411 fa-

1968 1439 2149 1511 ciunt,
2175 1458 2282 1497 non
2306 1458 2369 1498 ca
2415 1441 2613 1499 faciant
2657 1444 2978 1513 intentione,
3025 1454 3085 1501 ut
3123 1447 3205 1502 vel
3250 1447 3553 1503 hominibus

1970 1532 2137 1587 velint
2159 1532 2388 1603 placere,
2416 1535 2496 1589 vel
2528 1536 2580 1590 in
2609 1544 2746 1591 terra
2776 1536 2875 1591 sibi
2901 1547 3137 1608 quaerant
3165 1538 3382 1607 rependi
3409 1537 3555 1608 quod

1969 1620 2187 1677 faciunt.
2233 1623 2386 1681 Unde
2435 1634 2491 1680 et
2536 1628 2821 1695 Apostolus
2865 1644 2985 1684 cum
3031 1629 3312 1685 Timotheo
3360 1629 3554 1689 divites

1969 1715 2268 1773 monendos
2291 1718 2602 1788 praeciperet
2620 1759 2636 1786 ,
2670 1720 2880 1787 Facile,
2907 1721 3103 1790 inquit,
3132 1721 3384 1789 tribuant,
3413 1738 3554 1778 com-

1970 1808 2259 1874 municent,
2303 1809 2638 1866 thesaurizent
2663 1812 2757 1866 sibi
2779 1813 3161 1883 fundamentum
3181 1814 3363 1869 bonum
3391 1814 3447 1870 in
3471 1818 3553 1886 [ιι-
3600 1870 3607 1875 ,

1971 1907 2172 1966 turum,
2199 1910 2256 1954 ut
2277 1902 2660 1971 apprehendens
2702 1919 2871 1957 veram
2892 1905 3045 1958 vitam
3080 1904 3127 1974 (l
3158 1902 3291 1958 Tim.
3313 1920 3394 1971 vt,
3419 1905 3487 1960 l8
3506 1913 3555 1961 et

1971 1993 2088 2065 l9).
2134 1992 2269 2049 Cum
2309 2010 2437 2066 ergo
2480 1996 2537 2051 in
2583 1994 2812 2050 futuram
2856 1997 3017 2055 vitam
3059 1997 3316 2054 direxerit
3341 1998 3555 2054 oculum

1973 2084 2228 2143 Dominus
2276 2086 2645 2158 eleemosynas
2691 2086 3033 2156 farcientium,
3080 2098 3135 2145 et
3181 2091 3233 2145 in
3281 2090 3555 2147 caelestem

1972 2175 2307 2243 mercedem,
2337 2187 2397 2232 ut
2425 2178 2630 2247 possint
2651 2187 2708 2234 et
2731 2180 2843 2247 ipsa
2874 2179 3006 2235 facta
3048 2194 3168 2237 esse
3194 2180 3364 2236 lucida
3385 2224 3402 2249 ,
3429 2195 3557 2237 cum

1972 2268 2199 2337 simplex
2236 2270 2421 2324 oculus
2465 2269 2622 2325 fuerit
2668 2273 2747 2339 (in
2796 2272 2939 2326 illam
2982 2272 3179 2343 quippe
3212 2272 3557 2329 novissimam

1972 2359 2376 2415 retributionem
2408 2361 2550 2416 valet
2578 2361 2717 2431 quod
2761 2363 2887 2417 alibi
2934 2363 3037 2427 ait,
3072 2362 3172 2428 Qui
3220 2379 3304 2416 vos
3328 2362 3555 2431 excipit,

1972 2467 2052 2505 me
2072 2452 2255 2521 excipit
2269 2468 2287 2516 ;
2317 2461 2365 2505 et
2386 2453 2472 2521 qui
2496 2469 2573 2506 me
2595 2453 2812 2521 excipit,
2841 2453 3025 2520 excipit
3046 2469 3159 2505 eum
3177 2456 3263 2522 qui
3282 2468 3360 2507 me

1976 2540 2078 2609 Qui
2100 2541 2285 2612 excipit
2314 2542 2609 2611 prophetam
2646 2542 2701 2595 in
2726 2544 2925 2596 nomine
2958 2544 3247 2612 prapltette,
3278 2541 3555 2597 mercedem
3592 2588 3595 2593 .

1972 2631 2231 2703 propheta:
2254 2633 2498 2703 accipiet;
2523 2642 2570 2689 et
2594 2633 2678 2698 qui
2702 2634 2886 2701 excipit
2901 2634 3100 2703 justum
3129 2634 3182 2686 in
3222 2633 3422 2687 nomine
3465 2634 3558 2701 itt-

1973 2723 2073 2791 sti,
2092 2723 2371 2779 mercedem
2398 2724 2525 2794 justi
2553 2725 2762 2795 accipiet
2790 2740 2809 2780 :
2834 2735 2879 2779 et
2917 2725 3003 2795 qui
3032 2734 3204 2795 potum
3237 2725 3426 2779 dederit
3468 2724 3559 2781 uni
3588 2778 3593 2783 .

1974 2829 2037 2869 ex
2064 2814 2172 2870 istis
2212 2815 2432 2869 minimis
2456 2815 2661 2868 calicem
2685 2831 2828 2885 aqua:
2866 2815 3064 2886 frigidm
3092 2824 3283 2869 tantum
3310 2816 3365 2869 in
3395 2815 3561 2869 nomi~

1974 2924 2037 2962 ne
2059 2907 2334 2977 discipuli;
2363 2924 2510 2963 amen
2535 2908 2648 2963 dico
2688 2908 2852 2973 vobis,
2896 2924 2996 2961 non
3022 2908 3197 2977 peribit
3238 2923 3421 2962 merces
3448 2907 3560 2977 ejus

1977 2999 2189 3073 [Mattio
2229 3016 2294 3064 ι.
2322 3000 2584 3074 lli-4‘21);
2629 3018 2696 3055 ne
2735 3001 2872 3056 forte
2916 3001 3347 3069 correptooculo
3370 3013 3560 3056 eorum

1973 3092 2063 3161 qui
2093 3095 2396 3148 necessaria
2442 3091 2757 3160 impendunt
2806 3090 3164 3160 indigentibus
3190 3099 3248 3145 et
3286 3089 3563 3159 prophetis

1974 3195 2028 3243 et
2047 3185 2205 3255 iustis
2228 3193 2287 3239 et
2318 3184 2589 3254 discipulis
2618 3185 2852 3251 Domini,
2886 3185 3125 3253 ipsorum
3150 3183 3337 3238 oculus
3361 3183 3560 3252 depra-

1974 3286 2185 3335 varetur
2212 3277 2420 3346 inquos
2455 3278 2555 3331 ista
2584 3275 2770 3331 ﬁerent
2793 3282 2853 3329 ut
2877 3284 3093 3346 propter
3117 3275 3217 3330 ista
3252 3272 3563 3343 accipienda

1973 3369 2175 3429 vellent
2225 3368 2437 3425 Christo
2457 3367 2684 3423 militare
2704 3384 2715 3418 :
2734 3366 2921 3433 Nemo,
2944 3366 3147 3436 inquit,
3178 3374 3339 3437 potest
3365 3366 3562 3421 duobus

1974 3463 2191 3518 dominis
2209 3463 2410 3517 seruire.
2443 3462 2506 3516 Et
2531 3461 2689 3531 paulo
2733 3468 2852 3529 post
2880 3477 2894 3513 ε
2928 3456 3047 3513 Non
3074 3458 3312 3528 potestis,
3353 3456 3559 3527 inquit,

1974 3553 2084 3609 Deo
2120 3553 2304 3608 seruire
2345 3562 2390 3606 et
2413 3565 2731 3606 mammonae.
2772 3548 3066 3618 Statimque
3093 3547 3404 3603 contexuit:
3432 3544 3560 3600 Ideo

1974 3645 2088 3699 dico
2115 3645 2250 3699 vobis
2267 3683 2283 3711 ,
2313 3644 2467 3698 nolite
2504 3642 2707 3696 solliciti
2743 3657 2848 3695 esse
2871 3640 3053 3694 animo:
3080 3640 3200 3710 quid
3225 3636 3559 3704 manducetis,

1974 3751 2132 3805 neque
2152 3735 2353 3805 corpori
2373 3733 2495 3802 quid
2521 3732 2820 3786 uestiamini.

2044 3825 2134 3881 55.
2164 3827 2230 3880 Et
2254 3823 2395 3893 quod
2423 3823 2661 3891 sequitur
2688 3821 2756 3875 de
2779 3820 3081 3875 volatilibus
3110 3819 3233 3874 etnli
3257 3827 3310 3873 et
3337 3818 3403 3872 de
3429 3817 3555 3874 liliis

1973 3919 2122 3988 agri,
2149 3917 2216 3970 ad
2260 3916 2360 3970 hoc
2402 3914 2562 3980 dicit,
2594 3930 2662 3967 ne
2688 3913 2966 3982 quisquam
3002 3912 3164 3965 Deum
3193 3919 3346 3981 putet
3373 3924 3560 3967 servo-

1973 4022 2092 4062 rum
2119 4020 2334 4060 suorum
2357 4004 2656 4059 necessaria
2678 4019 2785 4057 non
2814 4017 3035 4066 curare;
3058 4016 3178 4057 cum
3203 4001 3317 4071 eius
3345 4001 3557 4071 sapien-

1974 4099 2179 4154 tissima
2209 4095 2539 4167 providentia
2567 4111 2735 4165 usque
2760 4094 2826 4149 ad
2854 4095 2949 4148 ista
2979 4093 3204 4149 creanda
3236 4095 3253 4125 ¹
3277 4102 3334 4149 et
3355 4093 3557 4164 gubero

1974 4189 2149 4245 nanda
2170 4187 2460 4259 perveniat.
2490 4187 2671 4257 Neque
2691 4187 2833 4243 enim
2864 4201 2967 4240 non
2996 4186 3109 4255 ipse
3132 4184 3303 4255 pascit
3318 4194 3373 4242 et
3398 4185 3559 4249 vestit

1973 4282 2131 4336 etiam
2153 4294 2249 4335 eos
2267 4280 2355 4349 qui
2380 4279 2624 4334 manibus
2650 4288 2957 4349 operantur.
2986 4277 3093 4333 Sed
3124 4293 3188 4335 ne
3212 4276 3556 4333 christianum

1973 4371 2218 4427 militiam
2262 4370 2329 4426 ad
2395 4370 2500 4427 hoc
2543 4371 2895 4440 detorqucant
2933 4378 2988 4424 ιιι
3051 4370 3150 4424 ista
3202 4370 3558 4440 conquirant,

1973 4462 2077 4518 hoc
2124 4478 2309 4518 servos
2349 4476 2478 4517 suos
2522 4462 2778 4518 Dominus
2804 4470 3132 4531 praemonet,
3183 4468 3241 4514 ut
3279 4461 3332 4515 in
3359 4476 3423 4515 eo
3452 4461 3555 4516 mi-

1972 4557 2193 4615 nisterio
2230 4557 2371 4627 quod
2412 4556 2759 4612 Sacramento
2804 4556 2917 4623 eius
2959 4553 3216 4618 debetur,
3268 4566 3377 4606 non
3419 4553 3556 4617 ista,

1972 4647 2067 4702 sed
2097 4662 2322 4717 regnum
2348 4645 2463 4713 eius
2489 4653 2546 4699 et
2568 4644 2829 4713 iustitiam
2854 4643 3145 4712 cogitemus
3173 4657 3187 4693 :
3218 4651 3269 4694 et
3298 4640 3413 4696 haec
3434 4654 3558 4695 om-

1972 4741 2058 4793 nia
2105 4744 2440 4807 apponentur
2481 4735 2634 4789 nobis
2660 4735 2771 4788 sive
2814 4748 2906 4802 per
2948 4746 3135 4785 manus
3171 4730 3555 4805 operantibus,

1972 4830 2085 4901 sive
2116 4828 2420 4882 inlirmitate
2444 4824 2686 4894 corporis
2731 4822 2997 4892 impeditis
3020 4861 3036 4887 ,
3067 4821 3177 4876 sive
3216 4821 3380 4890 ipsius
3418 4820 3563 4876 mili-

1975 4920 2063 4976 tiai
2087 4919 2181 4974 tali
2208 4918 2557 4989 occupatione
2580 4914 2835 4971 districtis
2861 4924 2919 4970 ut
2945 4914 3075 4969 nihil
3101 4912 3246 4968 aliud
3274 4928 3434 4983 agere
3459 4928 3559 4969 va-

1973 5016 2196 5071 luamus.

2043 5104 2269 5161 CAPUT
2308 5103 2522 5160 XXVII.
2555 5134 2626 5144 —
2657 5102 2910 5160 Utendum
2953 5101 3206 5156 industria
3243 5110 3452 5167 nostra,
3492 5117 3557 5158 ne

1974 5197 2138 5252 Deum
2167 5207 2356 5252 tentare
2376 5198 2649 5265 uideamur.
2677 5197 2858 5266 Neque
2895 5196 3036 5251 enim
3064 5195 3186 5265 quia
3211 5194 3345 5250 dixit
3375 5194 3516 5250 Deus
3536 5234 3554 5262 ,

1972 5287 2166 5342 Inuoco
2192 5304 2269 5343 me
2296 5288 2350 5342 in
2378 5288 2461 5341 die
2485 5286 2849 5353 tribulationis,
2890 5296 2936 5341 et
2964 5288 3181 5340 eximam
3210 5295 3286 5349 te,
3317 5294 3363 5339 et
3391 5286 3555 5356 glori-

1975 5379 2150 5448 ﬁcabis
2186 5395 2264 5432 me
2289 5378 2458 5448 (Psal.
2483 5394 2608 5435 xm
2629 5421 2643 5443 ,
2669 5380 2789 5450 l5),
2822 5387 3098 5449 propterea
3128 5393 3231 5432 non
3259 5376 3440 5432 debuit
3470 5374 3557 5430 fu-

1973 5485 2100 5540 gere
2147 5471 2464 5541 Apostolus,
2505 5478 2561 5525 et
2590 5486 2682 5540 per
2712 5486 2919 5523 murum
2952 5470 3003 5525 in
3052 5478 3230 5537 sporta
3284 5466 3554 5535 submitti,

1976 5572 2034 5617 ut
2079 5579 2266 5618 manus
2310 5566 2675 5633 pursequeutis
2714 5564 2963 5619 evaderet
3008 5564 3137 5629 (Art.
3188 5578 3272 5626 Ix,
3302 5560 3430 5633 25),
3458 5560 3556 5616 sed

1976 5665 2283 5723 exspectare
2314 5657 2484 5725 potius
2512 5666 2568 5710 ut
2595 5658 3157 5725 comprehenderetur,
3185 5661 3240 5711 et
3265 5667 3389 5713 eum
3414 5650 3561 5710 sicut

2042 5764 2060 5795 ι
2094 5764 2257 5817 Probe
2277 5775 2404 5820 notae
2420 5773 2550 5823 uss“
2571 5765 2856 5821 recreanda.
