4140 6216
500 334 607 397 575

504 459 617 510 tres
645 462 837 523 pueros
862 447 932 505 de
951 446 1140 505 mediis
1162 445 1370 519 ignibus
1393 445 1638 502 liberaret
1666 442 1822 516 (Dan.
1853 451 1908 496 tu
1925 483 1939 508 ,
1967 439 2082 510 50).

503 543 614 601 Aut
644 551 859 614 propter
883 541 987 597 hoc
1027 554 1130 596 nec
1163 538 1420 595 Dominus
1459 537 1638 592 dicere
1662 534 1875 601 debuit,
1906 532 1967 589 Si
2003 548 2090 587 vos

505 636 756 709 persecuti
817 633 1004 706 fuerint
1063 633 1119 688 in
1171 649 1275 687 una
1336 631 1532 686 civitate
1554 672 1569 698 ,
1637 630 1794 702 fugite
1837 628 1891 682 in
1935 626 2089 681 aliam

509 724 722 797 (Matth.
762 740 825 791 κ,
882 722 1005 795 23);
1054 723 1176 794 quia
1209 723 1323 794 ipse
1369 722 1540 789 dixit,
1579 719 1641 776 Si
1687 720 1809 789 quid
1855 718 2089 789 petieritis

505 815 714 871 Patrem
753 815 807 870 in
846 817 1046 870 nomine
1090 831 1225 882 meo,
1265 814 1405 869 dabit
1440 813 1577 869 vobis
1603 810 1781 884 (Joan.
1810 826 1903 867 ινι
1925 853 1940 878 ,
1971 809 2086 880 23).

503 906 653 963 Sicut
690 921 817 977 ergo
842 906 1082 978 quisquis
1106 907 1530 979 persecutionem
1562 903 1883 975 fugientibus
1923 902 2087 958 disci-

504 996 645 1067 pulis
683 993 879 1052 Christi
919 997 1176 1067 objiceret
1221 994 1525 1068 hujusmodi
1571 994 1953 1066 quaestionem,
1997 1007 2095 1047 cur

504 1102 614 1143 non
641 1088 876 1144 stetisset
918 1088 1093 1158 potius
1113 1129 1128 1155 ,
1159 1096 1215 1143 et
1264 1088 1510 1143 invocato
1536 1087 1648 1142 Deo
1673 1100 1769 1158 per
1791 1085 1908 1156 ejus
1933 1085 2092 1139 mira-

511 1177 639 1234 bilia
665 1180 743 1236 sic
771 1188 1180 1245 eruerentur,ut
1198 1180 1681 1236 Danielaleonibus
1710 1177 1872 1250 (Dan.
1901 1193 1975 1242 vr,
1998 1176 2089 1242 25,

512 1279 561 1325 et
580 1285 673 1325 xw
693 1310 708 1335 ,
739 1270 834 1341 40)
854 1312 868 1336 ,
895 1278 955 1325 ut
978 1270 1168 1327 Petrus
1221 1286 1289 1326 ex
1322 1271 1547 1326 vinculis
1572 1270 1706 1343 (Act.
1732 1284 1807 1324 xu
1828 1311 1843 1335 ,
1875 1270 1967 1340 7);
2010 1283 2097 1324 re-

514 1359 846 1430 sponderent
882 1375 986 1416 non
1048 1377 1107 1418 se
1154 1363 1457 1433 oportuisse
1501 1369 1709 1418 tentare
1752 1362 1955 1427 Deum,
2000 1360 2095 1416 sed

516 1436 643 1507 tuine
667 1468 790 1508 eum
820 1453 946 1508 talia
972 1454 1019 1509 si
1045 1454 1207 1510 vellet
1226 1469 1347 1511 esse
1367 1454 1628 1509 facturum
1648 1495 1663 1523 ,
1687 1467 1809 1509 cum
1837 1452 1937 1523 ipsi
1965 1452 2094 1524 quid

510 1543 748 1600 facerent
777 1559 882 1600 non
911 1545 1203 1611 haberent;
1231 1562 1354 1602 cum
1384 1560 1513 1602 vero
1541 1547 1619 1602 eis
1644 1545 1820 1617 fugam
1862 1546 1914 1600 in
1942 1553 2095 1617 pote-

510 1643 700 1692 Statem
725 1634 993 1703 dedisset,
1035 1636 1243 1693 etiamsi
1271 1652 1369 1708 per
1392 1636 1537 1691 illam
1572 1636 1963 1704 liberarentur,
1990 1650 2097 1691 non

512 1726 616 1782 nisi
644 1725 712 1780 ab
740 1726 858 1796 ipso
886 1726 1100 1782 liberari
1132 1742 1145 1779 :
1177 1727 1257 1783 sic
1274 1730 1434 1784 etiam
1463 1728 1561 1783 Dei
1588 1728 1758 1783 servis
1781 1727 2099 1783 vacantibus

511 1825 567 1871 et
606 1817 905 1871 valentibus
930 1817 1181 1887 exemplo
1224 1826 1279 1872 et
1315 1824 1583 1888 praecepto
1606 1816 1900 1888 apostolico
1927 1816 2101 1871 mani-

513 1906 615 1963 bus
635 1908 746 1962 suis
772 1908 970 1962 victum
993 1908 1288 1978 transigere
1306 1948 1321 1973 ,
1354 1908 1400 1963 si
1424 1908 1544 1978 quis
1569 1923 1635 1964 ex
1663 1907 1950 1979 Evangelio
1977 1922 2097 1963 mo—

514 1997 654 2052 verit
679 1997 1029 2067 quaestionem
1072 1997 1140 2053 de
1180 1997 1483 2053 volatilibus
1524 1998 1682 2067 cmli,
1708 2014 1830 2070 qua:
1873 2013 1979 2054 non
2008 2012 2099 2054 se-

520 2086 760 2152 minant,
808 2102 983 2158 neque
1024 2096 1267 2156 metunt,
1315 2103 1489 2160 neque
1525 2096 1851 2162 congregant
1877 2090 1931 2145 in
1976 2104 2105 2160 apo-

518 2179 736 2246 thecas,
776 2186 833 2235 et
864 2178 933 2235 de
954 2179 1079 2235 liliis
1115 2181 1264 2251 agri,
1309 2180 1433 2252 quia
1463 2195 1569 2236 non
1608 2180 1889 2250 laborant,
1931 2196 2104 2252 neque

520 2278 685 2336 nent;
716 2269 873 2327 facile
900 2271 1334 2343 respondebunt,
1358 2273 1416 2330 Si
1445 2282 1500 2329 et
1519 2288 1618 2329 nos
1646 2289 1740 2344 per
1756 2274 1987 2345 aliquam
2017 2275 2103 2331 vel

518 2361 887 2417 inﬁmitatem
924 2363 1008 2419 vel
1037 2364 1440 2435 occupationem
1484 2380 1589 2421 non
1618 2367 1887 2437 possimus
1914 2380 2105 2437 opera-

518 2452 587 2519 ri,
605 2452 684 2507 sic
713 2452 805 2509 ille
835 2465 934 2509 nos
957 2464 1141 2525 pascet
1167 2462 1225 2510 et
1251 2456 1464 2524 vestiet,
1494 2457 1942 2527 quemadmodum
1972 2473 2104 2514 aves

519 2553 575 2601 et
603 2544 708 2600 lilia
729 2586 744 2614 ,
787 2560 908 2618 quae
938 2547 1069 2602 nihil
1096 2559 1388 2619 operantur
1414 2548 1782 2619 hujuscemodi
1816 2568 1829 2606 :
1859 2565 1980 2607 cum
2010 2567 2106 2606 au-

521 2642 630 2691 tem
658 2650 940 2706 possumus
957 2677 975 2705 ,
998 2653 1102 2694 non
1123 2639 1378 2697 debemus
1406 2649 1612 2697 tentare
1634 2641 1804 2697 Deum
1827 2652 2102 2709 nostrum;

522 2728 646 2798 quia
672 2736 728 2784 et
753 2728 856 2786 hoc
878 2730 1020 2802 quod
1043 2747 1356 2803 possumus,
1388 2735 1503 2805 ejus
1540 2750 1760 2792 munere
1786 2749 2103 2807 possumus,

522 2826 718 2875 etcum
744 2818 870 2877 hinc
901 2822 1158 2889 vivimus,
1188 2823 1281 2879 illo
1305 2825 1564 2896 largiente
1588 2826 1817 2882 vivimus
1836 2869 1850 2893 ,
1876 2827 1968 2897 qui
1998 2827 2105 2882 lar-

522 2907 665 2979 gitus
701 2917 785 2966 est
829 2920 890 2966 ut
934 2912 1219 2983 possimus.
1267 2913 1337 2969 Et
1373 2914 1494 2970 ideo
1533 2913 1602 2971 de
1628 2914 1744 2972 istis
1791 2916 2108 2973 necessariis

525 3000 738 3057 solliciti
764 3017 870 3059 non
896 3019 1111 3073 sumus;
1142 3007 1267 3077 quia
1302 3021 1425 3062 cum
1463 3009 1576 3063 haec
1603 3022 1886 3079 possumus
1909 3024 2066 3081 agere
2088 3051 2105 3078 ,

527 3092 617 3150 ille
644 3109 743 3151 nos
767 3097 937 3167 pascit
958 3106 1013 3153 et
1054 3099 1247 3169 vestit,
1277 3114 1309 3155 a
1330 3115 1437 3172 quo
1464 3109 1756 3172 pascuntur
1781 3101 2026 3158 homines
2054 3109 2109 3158 et

527 3186 825 3244 vestiuntur
871 3205 886 3243 :
932 3204 1054 3247 cum
1101 3206 1232 3249 vero
1273 3191 1391 3248 haec
1435 3206 1542 3248 non
1583 3207 1866 3264 possumus
1908 3208 2068 3265 agere
2088 3234 2106 3262 ,

524 3278 669 3337 idem
699 3280 815 3352 ipse
848 3296 947 3339 nos
970 3284 1142 3353 pascit
1164 3292 1220 3340 et
1257 3285 1445 3352 vestit,
1462 3299 1493 3339 a
1518 3299 1624 3355 quo
1662 3299 1790 3341 aves
1817 3294 2112 3356 pascuntur

524 3380 579 3429 et
606 3372 716 3427 lilia
755 3374 1094 3440 vestiuntur;
1137 3375 1389 3446 quoniam
1433 3389 1531 3447 nos
1564 3376 1735 3447 pluris
1769 3391 1952 3431 sumus
1982 3376 2106 3432 illis.

525 3462 862 3533 Quapropter
904 3464 957 3518 in
1002 3464 1103 3519 ista
1137 3465 1325 3520 militia
1368 3446 1705 3534 no§tra,nec
1728 3466 1782 3522 in
1816 3468 2108 3523 crastinum

525 3554 852 3623 cogitamus;
893 3553 1014 3625 quia
1060 3568 1166 3610 non
1215 3565 1431 3626 propter
1473 3557 1572 3612 ista
1612 3558 1956 3628 temporalia,
2005 3574 2111 3629 quo

525 3643 760 3716 pertinet
797 3645 1101 3715 crastinus,
1131 3646 1229 3703 sed
1265 3656 1480 3719 propter
1507 3648 1595 3703 illa
1617 3649 1940 3720 sempiterna
1962 3691 1978 3717 ,
2012 3650 2107 3706 ubi

527 3751 741 3808 semper
791 3734 1081 3795 hodiernus
1122 3747 1232 3806 est,
1283 3754 1382 3794 nos
1430 3740 1501 3794 illi
1552 3739 1928 3810 probavimus,
1970 3750 2031 3797 ut
2060 3742 2111 3797 ei

527 3827 689 3883 nullis
727 3829 954 3899 negotiis
991 3831 1337 3888 smcularibus
1379 3832 1632 3903 implicati
1688 3832 1995 3904 placeamus
2044 3831 2111 3903 (Il

528 3919 661 3976 Tim.
687 3936 722 3976 ll
742 3963 758 3990 ,
785 3923 866 3994 4).

596 4009 823 4069 CAPUT
859 4010 1099 4069 XXVIII.
1145 4045 1215 4057 -—-
1252 4014 1340 4071 ‘56.
1379 4014 1631 4088 Graphice
1661 4016 1892 4071 describit
1935 4033 2113 4072 mona-

528 4103 651 4157 chos
670 4103 854 4157 otiosos
879 4115 927 4158 et
965 4119 1138 4176 vagos.
1175 4106 1305 4172 Quae
1328 4120 1447 4161 cum
1471 4107 1543 4161 ita
1570 4107 1705 4175 sint,
1734 4108 1849 4163 sine
1872 4123 1959 4163 me
1985 4123 2111 4178 pau-

531 4191 729 4260 lulum,
759 4202 941 4249 sancte
965 4193 1130 4250 frater
1181 4195 1296 4266 (dat
1322 4198 1463 4251 enim
1492 4197 1620 4252 mihi
1646 4198 1902 4254 Dominus
1935 4215 2031 4269 per
2059 4209 2112 4256 te

531 4298 777 4354 magnam
814 4284 1086 4357 fiduciam)
1109 4328 1124 4352 ,
1157 4302 1252 4343 eos
1279 4288 1424 4358 ipsos
1446 4289 1641 4359 alloqui
1673 4290 1809 4346 ﬁlios
1838 4300 1894 4347 et
1920 4290 2111 4348 fratres

530 4386 748 4433 nostros
772 4419 787 4446 ,
816 4393 950 4449 quos
978 4381 1101 4435 novi
1127 4389 1322 4451 quanta
1350 4380 1627 4436 nobiscum
1665 4381 1949 4439 dilectione
1984 4399 2111 4454 par-

530 4471 731 4538 turias,
773 4470 947 4528 donec
984 4472 1037 4528 in
1068 4472 1147 4529 eis
1183 4472 1472 4543 apostolica
1520 4473 1800 4544 disciplina
1832 4475 2107 4531 formetur.

531 4561 577 4619 0
600 4564 740 4620 servi
780 4564 911 4633 Dei,
938 4564 1132 4621 milites
1158 4565 1383 4633 Christi,
1426 4566 1569 4622 itane
1596 4566 1942 4622 dissimulatis
1966 4569 2114 4624 calli-

529 4653 737 4710 dissimi
779 4655 947 4711 hostis
991 4656 1243 4726 insidias,
1274 4658 1366 4730 qui
1404 4657 1598 4714 bonam
1624 4658 1815 4715 famam
1840 4669 2068 4717 vestram
2093 4703 2109 4730 ,

530 4753 639 4801 tam
666 4746 863 4803 bonum
887 4747 1083 4804 Christi
1124 4748 1344 4805 odorem
1363 4792 1378 4817 ,
1408 4765 1476 4806 ne
1511 4749 1691 4806 dicant
1717 4750 1910 4806 animae
1935 4752 2110 4817 bonae,

532 4837 660 4894 Post
697 4840 900 4895 adorent
942 4850 1312 4914 unguentorum
1342 4852 1544 4898 tuorum
1566 4858 1826 4898 curremus
1855 4842 2027 4915 (Cant.
2055 4861 2107 4911 ι,

533 4930 613 5004 5),
628 4941 681 4987 et
701 4932 779 4989 sic
804 4933 1022 5004 laqueos
1041 4934 1157 5005 ejus
1181 4934 1429 5004 evadant,
1446 4935 1590 4991 omni
1608 4935 1768 4993 modo
1779 4936 1999 5007 cupiens
2019 4938 2115 4993 ob-

532 5040 749 5081 scurare
765 5026 1039 5097 putoribus
1057 5028 1187 5093 suis,
1209 5036 1314 5082 tam
1333 5027 1527 5083 multos
1545 5027 1849 5098 hypocritas
1865 5028 1963 5083 sub
1976 5028 2117 5084 habi-

536 5124 593 5170 ιιι
632 5117 1012 5173 manachorum
1035 5133 1414 5189 usquequaque
1434 5119 1702 5190 dispersit,
1722 5120 2113 5177 circumeuntes

532 5208 856 5278 provincias,
881 5223 1140 5281 nusquam
1165 5212 1374 5275 missos,
1396 5226 1654 5281 nusquam
1679 5210 1831 5278 fixos,
1851 5227 2111 5282 nusquam

538 5308 740 5356 stantes
759 5342 774 5367 ,
797 5316 1057 5372 nusquam
1101 5301 1367 5359 sedentes.
1403 5302 1509 5358 Alii
1536 5304 1783 5359 membra
1794 5314 2109 5377 martyrum,

531 5389 579 5445 ei
611 5399 789 5447 tamen
817 5401 1130 5464 martyrum,
1150 5393 1453 5461 venditant;
1473 5395 1559 5451 alii
1575 5393 1809 5451 ﬁmbrias
1820 5407 1874 5452 et
1896 5397 2117 5468 phylac-

533 5482 665 5537 teria
711 5497 807 5538 sua
836 5483 1211 5555 magniﬁcam;
1257 5484 1343 5539 alii
1394 5497 1640 5557 parentes
1665 5489 1747 5543 vel
1791 5488 2111 5559 consangui—

530 5585 664 5628 neos
688 5589 815 5630 suos
841 5575 893 5631 in
936 5575 1026 5631 illa
1053 5575 1137 5632 vel
1182 5577 1235 5631 in
1266 5577 1355 5632 illa
1381 5579 1599 5649 regione
1644 5593 1702 5635 se
1727 5579 1941 5636 audisse
1962 5581 2113 5634 vive-

532 5680 624 5731 re,
649 5678 704 5722 et
727 5667 792 5722 ad
818 5684 911 5725 eos
949 5685 1172 5741 pergere
1198 5673 1559 5739 mentiuntur;
1589 5681 1644 5728 ct
1676 5688 1863 5729 omnes
1892 5682 2109 5744 petunt,

531 5768 721 5819 omnes
743 5758 995 5837 exigunt,
1034 5770 1127 5821 aut
1175 5773 1418 5837 sumptus
1444 5766 1669 5825 lucrosae
1705 5765 1988 5839 egestatis.
2018 5776 2114 5826 aut

1418 332 1505 388 DE
1539 329 1765 388 OPERE
1803 323 2293 392 MONACHOHUM,
2332 276 2401 382 S:
2433 327 2796 384 AUGUSTINI

3668 324 3776 383 576

2197 439 2457 494 simulatae
2504 440 2730 509 pretium
2772 435 3065 493 sanctitatis
3091 450 3108 491 :
3132 449 3255 491 cum
3289 434 3503 491 interea
3534 432 3781 491 ubicum-

2195 545 2298 599 que
2325 530 2376 584 in
2408 529 2559 585 factis
2585 530 2695 585 suis
2719 529 2873 584 malis
2909 526 3229 599 deprehensi
3254 525 3489 593 fuerint,
3513 526 3603 582 vel
3642 541 3781 598 quo-

2197 637 2302 691 quo
2344 623 2502 678 modo
2533 624 2892 689 innotuerint,
2923 622 3023 677 sub
3060 621 3293 692 generali
3335 621 3552 677 nomine
3583 636 3777 677 mona-

2196 713 2419 769 chorum
2477 724 2710 771 vestrurn
2779 715 3105 785 propositum
3165 714 3597 784 blasphematur,
3662 725 3779 771 tam

2197 805 2393 862 bonum
2415 849 2428 872 ,
2460 817 2563 862 tam
2588 819 2829 863 sanctum
2850 848 2865 874 ,
2896 807 3038 878 quod
3067 807 3120 861 in
3144 805 3345 862 Christi
3374 807 3591 863 nomine
3632 808 3784 878 cupi-

2197 911 2347 963 mus,
2392 897 2532 953 sicut
2576 915 2671 969 per
2713 899 2847 955 alias
2878 908 3085 967 terras,
3133 899 3213 955 sic
3236 914 3332 969 per
3350 906 3517 954 totam
3543 898 3783 955 Africam

2197 990 2477 1063 pullulare.
2502 992 2688 1048 Nonne
2725 1006 2854 1063 ergo
2876 991 3275 1047 inflammamini
3300 991 3418 1047 zelo
3438 991 3567 1047 Dei?
3595 991 3786 1047 Nonne

2198 1082 2521 1137 concalescit
2544 1096 2639 1138 cor
2680 1094 2915 1139 vestrum
2944 1084 3079 1137 intra
3107 1098 3231 1150 vos,
3273 1092 3329 1138 et
3357 1083 3411 1137 in
3437 1082 3787 1138 meditatione

2199 1183 2375 1231 vestra
2405 1176 2703 1231 exardescit
2733 1176 2868 1246 ignis
2890 1176 3059 1247 (Psal.
3092 1191 3325 1241 xxxvm,
3359 1175 3415 1248 4)
3434 1217 3449 1241 ,
3476 1184 3532 1229 ut
3557 1175 3786 1230 istorum

2199 1266 2339 1320 mala
2362 1281 2522 1337 opera
2551 1267 2705 1322 honis
2730 1268 2983 1338 operibus
3013 1267 3443 1338 persequamini,
3473 1274 3531 1320 ut
3565 1266 3646 1321 eis
3669 1280 3788 1320 am-

2202 1360 2399 1430 putetis
2460 1360 2797 1416 occasionem
2862 1359 3091 1431 turpium
3137 1358 3531 1425 nundinarum,
3594 1358 3790 1428 quibus

2202 1450 2527 1506 existimatio
2555 1460 2732 1507 vestra
2776 1450 3014 1516 laeditur,
3057 1458 3112 1505 et
3138 1449 3366 1505 infirmis
3407 1448 3786 1504 ollendiculum

2202 1541 2456 1611 ponitur?
2503 1540 2823 1597 Miseremini
2851 1555 2980 1611 ergo
3005 1549 3059 1596 et
3083 1539 3445 1610 compatimini
3466 1580 3480 1606 ,
3522 1547 3578 1592 et
3602 1545 3786 1593 osten-

2202 1633 2312 1689 dite
2339 1631 2645 1688 hominibus
2663 1675 2678 1700 ,
2702 1647 2809 1688 non
2835 1647 2931 1688 vos
2969 1632 3025 1686 in
3053 1632 3165 1687 otio
3193 1630 3405 1687 facilem
3436 1631 3664 1695 victum,
3690 1627 3789 1684 sed

2204 1742 2302 1799 per
2329 1735 2606 1797 angustam
2653 1734 2708 1781 et
2749 1734 2952 1781 arctam
2990 1725 3130 1780 viam
3177 1724 3337 1795 hujus
3381 1724 3670 1794 propositi,
3699 1737 3791 1779 re-

2203 1833 2366 1890 gnum
2398 1819 2493 1875 Dei
2519 1833 2781 1890 qumrere.
2812 1818 3010 1873 Eadem
3032 1817 3182 1873 vobis
3205 1831 3364 1872 causa
3388 1826 3472 1873 est
3496 1833 3616 1889 quae
3644 1820 3794 1890 Apo-

2205 1911 2343 1967 stolo
2386 1912 2514 1978 fuit,
2546 1918 2605 1966 ut
2630 1912 2915 1981 amputetis
2945 1910 3280 1966 occasionem
3318 1910 3382 1965 iis
3408 1910 3499 1981 qui
3541 1920 3793 1981 quaerunt

2206 2003 2538 2059 occasionem
2606 2001 2672 2074 (Il
2709 2002 2829 2058 Cor.
2873 2018 2966 2069 χι,
3036 2000 3164 2072 12),
3210 2011 3268 2056 ut
3314 2002 3403 2072 qui
3448 2001 3661 2057 illorum
3689 2019 3790 2073 pu-

2209 2093 2412 2149 toribus
2451 2091 2830 2164 prtefocantur,
2879 2093 2933 2147 in
2974 2091 3140 2148 odore
3176 2100 3353 2148 vestro
3372 2092 3514 2148 bono
3539 2092 3791 2149 reﬁcian-

2206 2192 2314 2240 tur.

2276 2274 2504 2332 CAPUT
2540 2274 2925 2331 XXIX—~37.
2959 2274 3326 2344 Occupationes
3346 2275 3631 2345 Augustini.
3659 2274 3797 2330 Mal-

2208 2366 2276 2422 let
2310 2383 2450 2421 more
2474 2365 2841 2420 Monacnorum
2869 2365 3069 2436 operari
3095 2366 3245 2420 certis
3270 2365 3427 2419 horis.
3454 2363 3571 2420 Non
3600 2364 3792 2437 alliga-

2207 2472 2328 2513 mus
2363 2470 2526 2512 onera
2565 2456 2779 2527 gravia;
2838 2463 2894 2510 et
2938 2455 3128 2511 vestris
3170 2454 3409 2510 humeris
3470 2455 3794 2525 imponimus

2210 2563 2328 2619 quae
2369 2561 2469 2603 nos
2507 2547 2672 2617 digito
2696 2547 2959 2618 attingere
2999 2547 3248 2602 nolumus
3273 2546 3487 2618 (Matth.
3515 2564 3648 2604 mn
3667 2590 3684 2617 ,
3710 2548 3792 2621 ι).

2209 2640 2531 2709 Qumrite,et
2555 2640 2827 2710 agnoscite
2870 2639 3083 2695 labores
3136 2643 3544 2710 occupationum
3589 2648 3798 2697 nostra-

2210 2749 2360 2802 rum,
2393 2743 2448 2789 et
2470 2733 2524 2788 in
2560 2733 2822 2803 aliquibus
2866 2742 3169 2790 nostrorum
3199 2735 3360 2789 etiam
3384 2748 3669 2805 corporum
3712 2733 3797 2791 in-

2210 2825 2524 2892 ﬁrmitates,
2571 2834 2626 2880 et
2664 2825 3022 2881 Ecclesiarum
3071 2824 3268 2896 quibus
3311 2828 3579 2881 servimus
3633 2825 3796 2882 talem

2206 2917 2319 2989 jam
2353 2916 2793 2973 consuetudinem
2814 2958 2829 2984 ,
2859 2926 2917 2972 ut
2963 2932 3062 2973 nos
3104 2916 3173 2972 ad
3202 2918 3292 2973 illa
3338 2932 3500 2988 opera
3522 2959 3539 2984 ,
3579 2917 3646 2973 ad
3674 2932 3798 2988 qua:

2212 3022 2308 3064 vos
2352 3008 2660 3075 hortamur,
2704 3023 2895 3064 vacare
2937 3022 3042 3064 non
3067 3008 3265 3065 sinant.
3296 3007 3608 3078 Quanquam
3648 3006 3797 3064 enim

2213 3102 2392 3159 dicere
2418 3103 2682 3174 possimus
2700 3143 2716 3168 ,
2750 3100 2879 3168 Quis
2897 3100 3081 3156 militat
3115 3101 3221 3156 suis
3252 3100 3516 3173 stipendiis
3530 3101 3798 3173 unquam?

2217 3195 2343 3263 Quis
2369 3196 2567 3266 plantat
2607 3194 2803 3249 vineam
2822 3234 2837 3257 ,
2860 3202 2908 3247 et
2934 3193 2998 3248 de
3022 3193 3194 3264 fructu
3231 3194 3343 3263 ejus
3384 3209 3487 3247 non
3506 3192 3644 3247 edit?
3670 3191 3800 3260 Quis

2215 3289 2379 3360 pascit
2416 3304 2646 3360 gregem,
2675 3296 2722 3343 et
2754 3286 2818 3340 de
2846 3287 2977 3341 lacte
3016 3287 3183 3358 gregis
3211 3301 3311 3340 non
3349 3284 3605 3356 percipit(
3631 3283 3648 3337 I
3678 3283 3798 3339 Cor.

2214 3395 2304 3445 ιι,
2337 3379 2434 3452 7)?
2475 3379 2674 3434 Tamen
2721 3377 3000 3433 Dominum
3043 3376 3258 3444 Iesum,
3291 3377 3344 3430 in
3384 3376 3539 3446 cujus
3584 3375 3802 3431 nomine

2214 3488 2435 3531 securus
2481 3471 2598 3527 haec
2637 3471 2756 3528 dico
2779 3512 2793 3537 ,
2850 3478 3044 3526 testem
3105 3471 3294 3525 invoco
3354 3482 3515 3539 super
3569 3468 3801 3522 animam

2215 3580 2390 3622 meam
2412 3606 2427 3632 ,
2473 3565 2726 3635 quoniam
2766 3572 3025 3631 quantum
3055 3561 3243 3618 attinet
3264 3560 3330 3615 ad
3361 3575 3539 3614 meum
3564 3573 3802 3615 commo-

2213 3658 2339 3715 dum
2359 3700 2373 3724 ,
2406 3657 2572 3711 multo
2608 3655 2819 3710 mallem
2852 3670 2947 3724 per
2990 3654 3226 3725 singulos
3266 3653 3383 3709 dies
3409 3653 3570 3709 certis
3616 3653 3762 3707 horis
3782 3693 3798 3720 ,

2215 3757 2468 3821 quantum
2497 3748 2550 3802 in
2595 3747 2732 3801 bene
2770 3745 3061 3801 moderatis
3090 3745 3429 3800 monasteriis
3455 3744 3800 3800 constitutum

2214 3850 2327 3905 est,
2374 3836 2570 3909 aliquid
2612 3835 2855 3891 manibus
2898 3836 3109 3904 operari
3135 3836 3228 3905 (a),
3261 3843 3317 3889 et
3350 3843 3570 3889 crateras
3600 3834 3762 3889 horas
3783 3835 3799 3865 ¹

2215 3930 2413 3986 habere
2458 3927 2523 3982 ad
2553 3926 2838 3997 legendum
2865 3933 2919 3980 et
2946 3926 3235 3989 orandum,
3269 3932 3360 3979 aut
3382 3922 3578 3994 aliquid
3619 3922 3686 3977 de
3715 3924 3801 3979 di-

2215 4023 2352 4078 vinis
2380 4019 2594 4076 Litteris
2636 4017 2895 4089 agendum
2925 4017 3152 4083 liberas,
3184 4031 3341 4087 quam
3380 4013 3803 4070 tumultuosissi-

2215 4129 2330 4169 mas
2367 4111 2744 4185 perplexitates
2769 4123 3047 4163 causarum
3074 4106 3366 4162 alienarum
3400 4107 3504 4173 pati
3544 4105 3614 4159 de
3639 4118 3803 4174 nego-

2218 4206 2305 4261 tiis
2344 4202 2686 4259 saecularibus
2724 4201 2810 4255 vel
2847 4199 3135 4271 judicando
3158 4197 3502 4261 dirimendis,
3538 4198 3618 4251 vel
3649 4198 3806 4252 inter-

2215 4295 2478 4354 veniendo
2506 4293 2858 4367 praecidendis
2892 4311 2905 4346 :
2934 4291 3127 4359 quibus
3151 4304 3250 4345 nos
3271 4288 3530 4344 molestiis
3550 4286 3690 4342 idem
3719 4287 3805 4340 af-

2216 4391 2375 4446 ﬁxit'
2427 4391 2729 4462 apostolus.
2761 4401 2866 4441 non
2895 4386 3074 4454 utique
3117 4397 3249 4450 suo,
3298 4382 3388 4436 sed
3431 4380 3546 4449 ejus
3589 4380 3678 4448 qui
3708 4395 3807 4449 per

2217 4501 2337 4542 eum
2364 4484 2680 4555 loquebatur
2706 4480 2957 4545 arbitrio,
2991 4492 3122 4549 quas
3151 4487 3328 4531 tamen
3361 4475 3533 4543 ipsum
3582 4486 3804 4542 perpes-

2217 4592 2333 4633 sum
2386 4574 2549 4630 fuisse
2593 4589 2700 4627 non
2746 4571 2991 4643 Iegimus.
3039 4569 3188 4622 Alter
3228 4566 3372 4621 enim
3420 4579 3480 4619 se
3525 4562 3803 4619 habebat8

2217 4666 2542 4739 apostolatus
2579 4665 2693 4735 ejus
2740 4664 3027 4720 discursus.
3055 4658 3167 4714 Nec
3200 4657 3363 4725 dixit,
3396 4656 3681 4714 chutan’a
3706 4656 3803 4728 igi-

2282 4848 2298 4879 ι
2335 4844 2522 4909 Aliquot
2543 4850 2673 4905 Mss,
2697 4847 2920 4909 et_ce_rtas
2942 4838 3102 4890 horas.

2280 4911 2300 4942 ²
2333 4904 2501 4958 Plui-es
2518 4914 2645 4970 Mss,
2664 4904 2868 4970 afﬂixit.

2283 4971 2303 5003 ³
2336 4976 2385 5018 In
2410 4978 2512 5019 MSS.
2538 4964 2790 5027 multisfse
2813 4964 3066 5017 habebant.

2281 5032 2354 5095 (a)
2377 5033 2492 5081 nine
2514 5044 2542 5079 a
2565 5036 2613 5078 Β.
2636 5019 2901 5095 penedicto
2938 5027 3252 5095 constitutum
3274 5024 3324 5095 in
3348 5019 3670 5095 Regula,_cap.

2226 5113 2250 5143 at
2266 5080 2421 5145 (iet-tis
2444 5080 2744 5156 temporibus
2763 5090 2987 5156 occupari
3013 5088 3208 5156 debent
3229 5080 3479 5156 fratrgsin
3506 5080 3675 5156 labore
3696 5093 3800 5156 ma-

2226 5142 2249 5203 .’
2272 5142 2437 5215 unum,
2452 5142 2459 5144 ἡ
2475 5142 2624 5204 certis
2656 5154 2833 5203 iterum
2856 5142 2990 5200 h'oris
3010 5152 3061 5198 iu
3094 5147 3306 5215 lectione
3330 5146 3505 5215 divina.
3526 5161 3548 5188 ν
3578 5142 3805 5215 tiamdetu

2218 5203 2410 5269 vivendi
2425 5203 2649 5266 'normam
2671 5214 2900 5279 servabat
2924 5211 3171 5279 augustini
3193 5215 3404 5279 sectator
3423 5203 3720 5279 Fulgentius,
3739 5205 3807 5276 de

2218 5292 2316 5343 quo
2338 5279 2606 5343 Femndus
2625 5279 2676 5326 in
2694 5277 2803 5343 ejus
2823 5276 2943 5333 vita,
2962 5270 3068 5335 cap.
3088 5271 3182 5343 ll:
3212 5288 3235 5317 ι
3261 5270 3485 5343 grauibus,
3502 5270 3809 5343 inquit,_spis

2228 5328 2626 5391 Iidelectahiliter
2640 5328 2952 5401 operabatur.
2979 5328 3090 5384 Nam
3117 5341 3167 5401 c‘t
3184 5331 3440 5401 scriptoris
3458 5336 3565 5377 arte
3589 5328 3807 5401 laudabis

2227 5421 2248 5450 ι
2270 5389 2382 5454 liter
2396 5389 2651 5460 utebatur,
2673 5389 2725 5449 et
2750 5412 2813 5448 ex
2839 5398 3105 5460 palmarum
3134 5394 3269 5461 foliis
3279 5389 3804 5461 [labellossmpissime

2226 5484 2249 5512 ε(
2271 5452 2567 5517 contexebat
2590 5477 2602 5512 :
2629 5452 2707 5512 cui
2743 5452 2899 5522 Operi,
2928 5461 3076 5509 etiam
3096 5470 3206 5507 cum
3242 5454 3417 5522 fuisse}
3445 5452 3615 5522 ablutas,
3644 5452 3691 5499 in
3713 5462 3808 5522 suo

2227 5546 2248 5573 (ι
2272 5512 2564 5577 monasterio
2586 5512 2803 5574 vacabat.
2825 5512 3034 5570 Lectioni
3058 5526 3223 5568 autem
3241 5518 3292 5566 in
3312 5513 3489 5563 cellula
3514 5512 3806 5577 frequenter

2226 5607 2248 5635 «
2271 5575 2430 5651 coram
2465 5588 2694 5636 fratribus
2729 5584 3005 5651 insistebat.
3038 5598 3060 5651 ξ
3096 5587 3152 5651 tat
3185 5578 3375 5651 cap.
3414 5590 3426 5624 :
3471 5575 3808 5651 elaborantes

2226 5668 2248 5697 ι
2271 5650 2448 5711 fratres
2470 5656 2524 5698 et
2547 5659 2697 5711 opera
2732 5642 2943 5711 carnalia
2976 5640 3453 5711 indelessisiviribus
3486 5643 3805 5711 exercentes,

2226 5729 2248 5759 α
2268 5696 2493 5763 lectionis
2509 5696 2691 5760 autem
2714 5705 2927 5757 studium
2948 5718 3044 5753 non
3082 5703 3343 5762 habentes,
3362 5702 3522 5750 minus
3551 5696 3806 5762 diligebat,

2226 5791 2251 5825 ι
2267 5787 2361 5828 nec
2382 5775 2566 5827 honore
2588 5772 2796 5826 maximo
2817 5767 2994 5832 dignos
3019 5765 3281 5832 judicabat.
3307 5780 3330 5811 ι
