4140 6216
272 345 305 387 νι
385 321 495 380 577

387 422 473 470 tur
484 412 692 487 judicia
728 413 773 467 si
811 412 1083 468 habueritis
1102 453 1117 480 ,
1160 413 1226 468 ad
1273 427 1373 470 nos
1416 413 1655 482 deferte;
1703 423 1823 485 aut,
1877 432 1976 474 nos

382 506 696 562 conStituite
733 504 800 560 ad
839 504 1184 574 iudicandum
1220 507 1390 574 :sed,
1433 525 1516 564 eos
1549 510 1635 578 qui
1674 509 1976 580 contempti-

380 597 506 652 biles
535 597 729 651 suntin
759 594 991 650 Ecclesia
1009 637 1022 660 ,
1048 596 1141 650 hos
1161 638 1174 662 ,
1207 597 1408 668 inquit,
1435 599 1694 654 collocate.
1724 600 1806 654 Ad
1839 618 1978 656 reve-

378 691 595 746 rentiam
622 687 760 744 vobis
794 689 909 743 dico
933 705 953 743 :
979 689 1050 743 sic
1075 705 1177 743 non
1215 701 1288 744 est
1317 692 1444 745 inter
1472 708 1559 746 vos
1586 693 1849 763 quisquam
1894 711 1976 747 sa-

353 783 552 867 ‘piens,
595 782 684 850 qui
727 781 884 852 possit
930 781 1059 835 inter
1109 786 1318 852 fratrem
1369 801 1517 838 suum
1557 786 1838 856 judicare?
1867 785 1974 841 Sed

375 877 538 944 frater
579 889 694 926 cum
729 875 886 944 fratre
923 873 1213 941 iudicatur,
1265 883 1312 928 et
1357 878 1451 929 hoc
1479 877 1619 944 apud
1646 877 1877 944 inﬁdeles
1928 877 1970 950 (Ι

375 965 494 1021 Cor.
527 982 610 1031 νι,
653 966 806 1036 4ο6)ῑ
840 964 1118 1036 Sapientes
1156 981 1282 1037 ergo
1307 966 1397 1037 qui
1430 966 1480 1021 in
1532 968 1662 1023 locis
1704 969 1970 1024 consiste-

377 1056 505 1114 bant
535 1057 718 1113 fideles
747 1066 804 1114 et
843 1065 1085 1122 sanctos,
1116 1073 1223 1112 non
1251 1059 1340 1128 qui
1386 1058 1486 1114 hac
1525 1069 1683 1130 atque
1708 1059 1809 1115 hac
1843 1076 1968 1130 pro-

378 1158 500 1220 pter
540 1149 889 1220 Evangelium
933 1149 1338 1219 discurrebant,
1384 1151 1566 1206 talium
1635 1154 1967 1223 negotiorum

368 1243 768 1298 examinatores
792 1258 912 1298 esse
937 1243 1121 1298 voluit.
1146 1243 1298 1299 Unde
1326 1260 1596 1314 nunquam
1623 1245 1690 1301 de
1714 1247 1806 1301 illo
1834 1248 1967 1303 scri-

370 1345 526 1406 ptum
553 1345 636 1390 est
660 1336 803 1407 quod
831 1336 1114 1406 aliquando
1141 1337 1337 1392 talibus
1365 1339 1668 1403 vacaverit,
1702 1354 1732 1392 a
1771 1340 1964 1409 quibus

367 1443 473 1485 nos
514 1442 770 1484 excusare
800 1444 907 1483 non
938 1443 1219 1499 possumus
1239 1471 1254 1496 ,
1291 1429 1499 1485 etiamsi
1526 1420 1994 1500 contemptibiles.

367 1521 580 1584 simus;
610 1521 732 1590 quia
773 1529 827 1575 et
853 1519 951 1575 hos
975 1521 1228 1576 collocari
1254 1521 1450 1584 voluit,
1495 1523 1539 1576 si
1570 1522 1838 1591 sapientes
1867 1522 1964 1578 de-

364 1612 636 1679 fuissent,
674 1613 846 1682 potius
887 1629 1047 1684 quam
1075 1621 1132 1668 ut
1160 1614 1371 1685 negotia
1397 1612 1819 1670 Christianorum
1862 1615 1960 1672 de-

366 1704 643 1760 ferrentur
683 1704 735 1758 in
782 1703 975 1760 forum.
1015 1705 1182 1774 Quem
1226 1714 1402 1761 tamen
1443 1705 1682 1762 laborem
1701 1691 1818 1762 ~non
1843 1707 1961 1764 sine

364 1795 732 1852 consolatione
765 1797 972 1851 Domini
1017 1796 1337 1867 suscipimus
1379 1812 1474 1867 pro
1503 1813 1598 1868 spe
1626 1799 1750 1854 vitae
1795 1807 1959 1854 aeter-

365 1902 487 1952 nae,
520 1896 578 1942 ut
605 1886 838 1941 fructum
864 1887 1099 1942 feramus
1142 1902 1263 1956 cum
1293 1889 1594 1944 tolerantia.
1635 1889 1787 1945 Servi
1813 1891 1956 1946 enim

365 1993 553 2034 sumus
572 1978 690 2048 ejus
717 1978 968 2034 Ecclesiae
985 2019 1001 2044 ,
1050 1989 1104 2033 et
1134 1979 1363 2034 maxime
1384 1979 1768 2035 infirmioribus
1792 1996 1956 2036 mem-

364 2070 511 2137 bris,
540 2071 851 2142 qualialibet
875 2073 890 2102 ¹
919 2073 973 2126 in
1017 2071 1206 2127 eodem
1235 2085 1461 2142 corpore
1504 2073 1743 2128 membra
1765 2073 1950 2128 simus.

366 2160 567 2217 Omitto
593 2161 729 2217 alias
756 2162 1172 2218 innumerabiles
1193 2162 1586 2218 ecclesiasticas
1612 2177 1790 2230 curas,
1822 2178 1954 2234 quas

363 2253 594 2309 fortasse
625 2269 780 2309 nemo
809 2253 1012 2319 credit,
1045 2253 1146 2308 nisi
1172 2253 1263 2324 qui
1307 2262 1560 2324 expertus
1585 2262 1687 2308 est.
1719 2253 1835 2308 Non
1863 2269 1952 2308 er-

362 2363 432 2419 go
453 2347 732 2419 alligamus
762 2361 925 2402 onera
955 2347 1138 2417 gravia
1156 2387 1171 2412 ,
1205 2355 1260 2402 et
1284 2345 1521 2402 humeris
1542 2346 1732 2401 vestris
1777 2346 1951 2416 impo-

363 2441 542 2496 nimus
567 2456 687 2511 qua:
719 2455 816 2495 nos
858 2439 1024 2511 digito
1048 2454 1154 2494 non
1186 2439 1482 2510 tangimus;
1523 2437 1951 2509 quandoquidem

365 2535 412 2589 si
438 2533 601 2588 officii
644 2533 813 2588 nostri
845 2533 988 2588 salva
1017 2533 1223 2587 ratione
1244 2545 1523 2602 possemus
1553 2529 1719 2600 (videt
1745 2529 1834 2584 ille
1861 2529 1950 2600 qui

362 2625 557 2697 probat
583 2624 745 2680 corda
781 2627 1018 2696 nostra),
1050 2623 1327 2679 mallemus
1353 2622 1470 2678 hate
1506 2637 1698 2694 agere,
1729 2637 1846 2692 quae
1894 2628 1954 2675 ut

269 2751 275 2758 ι
361 2717 534 2787 agatis
569 2715 852 2771 hortamur
872 2757 887 2783 ,
917 2730 1077 2786 quam
1105 2729 1167 2770 ea
1196 2729 1314 2784 qua:
1354 2729 1454 2769 nos
1482 2727 1643 2784 agere
1685 2713 1946 2782 cogimur.

360 2806 506 2863 Sane
533 2807 784 2862 omnibus
828 2814 883 2862 et
913 2805 1065 2860 nobis
1088 2813 1142 2861 et
1166 2805 1317 2860 vobis
1341 2820 1438 2874 pro
1464 2811 1648 2878 nostro
1684 2803 1849 2874 gradu
1897 2811 1952 2857 et

360 2899 540 2957 officio
569 2899 941 2956 laborantibus
965 2908 1019 2954 et
1043 2907 1186 2954 arcta
1215 2899 1299 2952 via
1329 2906 1412 2953 est
1435 2897 1490 2952 in
1517 2897 1699 2952 labore
1733 2906 1786 2951 et
1822 2911 1952 2951 arru-

359 3007 520 3057 mna;
551 3000 608 3047 et
639 3001 815 3047 tamen
861 2992 914 3046 in
943 3005 1039 3061 spe
1065 2987 1419 3061 gaudentibus
1451 2989 1636 3059 jugum
1683 2987 1802 3057 ejus
1827 2987 1949 3043 lene

359 3094 442 3142 est
467 3093 522 3141 et
543 3085 752 3140 sarcina
777 3084 909 3140 levis
927 3123 942 3149 ,
972 3084 1062 3155 qui
1102 3096 1200 3138 nos
1229 3082 1438 3138 vocavit
1458 3080 1524 3135 ad
1553 3081 1792 3151 requiem
1813 3121 1827 3145 ,
1857 3080 1948 3150 qui

358 3179 507 3249 prior
533 3177 815 3234 transitum
859 3176 986 3232 fecit
1026 3191 1058 3231 a
1094 3175 1334 3231 convalle
1359 3173 1668 3244 plorationis
1687 3213 1702 3237 ,
1731 3171 1821 3226 ubi
1851 3186 1949 3226 nec

357 3269 474 3340 ipse
519 3268 636 3324 sine
674 3268 942 3338 pressaris
989 3268 1109 3323 fuit.
1155 3267 1212 3323 Si
1258 3266 1487 3331 fratres,
1548 3265 1592 3320 si
1637 3263 1729 3318 filii
1777 3265 1946 3319 nostri

355 3363 519 3428 estis,
547 3361 593 3417 si
621 3361 903 3426 conservi,
941 3361 1024 3416 vel
1064 3361 1240 3430 potius
1283 3359 1336 3414 in
1365 3358 1575 3414 Christo
1621 3358 1760 3413 servi
1786 3358 1947 3412 vestri

356 3470 580 3520 sumus;
611 3454 791 3510 audite
827 3470 948 3525 quae
990 3467 1305 3519 monemus,
1338 3451 1609 3522 agnoscite
1654 3466 1774 3521 qua:
1819 3465 1949 3519 prm-
1990 3455 1996 3460 ‘

356 3547 622 3617 cipimus,
651 3546 846 3602 sumite
869 3561 990 3616 quas
1019 3545 1410 3616 dispensamus.
1455 3542 1510 3599 Si
1552 3552 1728 3598 autem
1761 3541 1948 3596 Phari-

355 3637 454 3692 snsi
519 3651 705 3692 sumus
740 3636 1019 3708 alligantes
1060 3649 1222 3690 onera
1282 3634 1461 3705 gravia
1517 3641 1571 3688 et
1613 3636 1948 3702 imponentes

357 3731 602 3788 humeris
642 3731 864 3795 vestris;
914 3745 1032 3800 quae
1074 3729 1301 3784 dicimus
1346 3728 1534 3792 facile,
1577 3725 1784 3782 etiamSi
1828 3740 1948 3796 quae

357 3822 587 3879 facimus
629 3821 941 3892 improbatis
985 3820 1194 3894 (Matth.
1223 3835 1382 3885 χχιιι,
1430 3819 1510 3888 '5).
1557 3817 1721 3873 Nobis
1768 3825 1943 3870 autem

358 3915 641 3970 minimum
671 3923 754 3969 est
779 3922 837 3969 ut
863 3929 893 3968 a
919 3913 1071 3968 vobis
1095 3912 1447 3982 dijudieemnr
1464 3952 1480 3972 ,
1507 3919 1598 3963 aut
1623 3909 1947 3963 ab'humano

358 4006 449 4063 die
496 4007 538 4076 (Ι
583 4005 701 4061 Cor.
734 4021 788 4060 ιν
809 4045 822 4071 ,
869 4006 951 4075 5).
984 4005 1152 4073 Quam
1194 4017 1449 4074 germana
1477 4001 1735 4056 charitate
1759 3999 1828 4052 sit
1853 4014 1948 4052 no-

357 4099 445 4154 bis
471 4113 600 4154 cura
635 4098 704 4153 de
727 4097 877 4152 vobis
897 4139 912 4163 ,
943 4097 1035 4152 ille
1071 4095 1317 4165 inspiciat
1340 4093 1430 4164 qui
1451 4091 1598 4147 dedit
1621 4090 1762 4160 quod
1791 4089 1946 4158 inspi-

358 4189 612 4246 ciendum
631 4189 749 4259 ejus
773 4189 945 4245 oculis
967 4187 1273 4243 offeramus.
1303 4185 1578 4239 Postremo
1617 4181 1757 4252 quod
1789 4181 1947 4234 vultis

357 4285 556 4340 sentite
597 4283 666 4338 de
706 4283 860 4338 nobis
901 4299 914 4335 :
963 4281 1158 4336 Paulus
1206 4277 1478 4349 apostolus
1525 4277 1673 4330 vobis
1710 4274 1948 4343 prtecipit

357 4385 419 4433 et
459 4377 710 4433 obsecrat
747 4377 801 4430 in
846 4376 1102 4439 Domino,
1151 4382 1208 4427 ut
1252 4387 1373 4427 eum
1419 4369 1663 4432 silentio,
1721 4368 1770 4421 id
1821 4375 1942 4432 est,

358 4468 530 4539 quieti
554 4477 610 4524 et
633 4467 942 4523 obedienter
970 4465 1198 4520 ordinati
1228 4471 1516 4532 operantes
1536 4503 1548 4525 ,
1579 4468 1814 4516 vestrum
1854 4474 1944 4528 pa-

361 4579 488 4621 nem
531 4563 861 4619 manducetis
906 4561 973 4631 (ll
1002 4560 1179 4614 Thess.
1211 4575 1296 4621 ιιι,
1351 4557 1460 4627 19.).
1493 4556 1603 4609 Nec
1631 4555 1698 4608 de
1740 4554 1830 4607 illo
1851 4595 1864 4617 ,
1892 4561 1948 4606 ut

363 4656 614 4718 arbitror,
637 4654 836 4723 aliquid
864 4652 988 4707 mali
1009 4651 1244 4715 creditis,
1269 4658 1323 4705 et
1345 4651 1394 4702 in
1421 4649 1565 4702 illum
1593 4647 1680 4716 qui
1710 4663 1803 4717 per
1825 4661 1943 4699 eum

360 4746 600 4816 loquitur
624 4745 947 4800 credidistis.

430 4837 658 4894 CAPUT
715 4836 882 4892 XXX.
921 4866 991 4877 —
1030 4836 1118 4891 58.
1159 4835 1319 4889 Timet
1357 4851 1419 4888 ne
1466 4833 1659 4888 desidia
1697 4833 1946 4884 malorum

356 4932 696 5000 pigrescentes
723 4929 840 4984 boni
871 4935 1279 4994 corrumpantur.
1326 4926 1472 4990 Haec,
1509 4926 1580 4977 mi
1613 4922 1943 4986 cbarissime,

355 5029 415 5077 et
431 5023 482 5076 in
501 5021 701 5076 Christi
722 5019 1016 5090 visceribus
1043 5015 1343 5072 venerande
1367 5017 1528 5068 frater
1555 5015 1758 5076 Aureli,
1781 5027 1947 5082 quau-

356 5122 473 5169 tum
500 5111 720 5166 donavit
748 5119 804 5165 ut
841 5122 1075 5180 possem,
1103 5107 1192 5175 qui
1238 5119 1330 5174 per
1356 5113 1406 5158 te
1431 5104 1562 5156 mihi
1602 5104 1760 5172 jussit
1786 5111 1842 5156 ut
1871 5102 1946 5155 fa-

355 5220 562 5271 cerem,
579 5203 649 5260 de
675 5217 838 5272 opere
865 5197 1246 5255 monachorum
1274 5211 1378 5250 non
1403 5193 1579 5248 distuli
1601 5194 1864 5257 scribere;
1896 5193 1946 5247 id

354 5297 594 5353 maxime
620 5308 834 5359 curans,
866 5307 934 5348 ne
961 5289 1087 5346 boni
1115 5289 1304 5343 fratres
1327 5285 1634 5357 apostolicis
1669 5283 1948 5354 praeceptis

352 5389 698 5454 obedientes,
725 5402 754 5440 a
785 5386 952 5457 pigris
975 5393 1030 5440 et
1055 5381 1483 5440 inobedientibus
1509 5381 1667 5434 etiam
1700 5380 1948 5448 przevari-

353 5492 576 5540 catores
601 5479 876 5561 Evangelii
915 5479 1224 5534 dicerentur
1253 5496 1263 5531 :
1290 5484 1348 5531 ut
1377 5476 1466 5545 qui
1499 5487 1602 5527 non
1633 5481 1944 5542 operantur,

350 5577 554 5635 saltem
603 5576 726 5630 illos
763 5574 855 5644 qui
907 5583 1196 5643 operantur
1241 5571 1344 5626 sibi
1392 5566 1792 5639 anteponendos
1831 5577 1950 5620 esse

351 5686 474 5729 non
525 5669 786 5724 dubitent.
823 5667 1086 5723 Caeterum
1131 5668 1249 5738 quis
1293 5666 1428 5722 ferat
1474 5664 1718 5721 homines
1765 5668 1951 5716 contu-

439 5789 458 5822 ι
481 5787 556 5838 sic
575 5792 684 5838 Mss.
715 5785 835 5838 editi
855 5797 992 5846 vero,
1015 5781 1317 5848 quarualibet.

1815 323 2016 380 LIBER
2053 324 2258 386 UNUS.

3564 343 3671 401 578

2090 435 2268 476 maces
2295 422 2661 482 saluberrimis
2688 427 2931 498 Apostoli
2961 431 3177 490 monitis
3203 431 3538 504 resistentes,
3558 452 3669 493 non

2083 515 2220 570 sicut
2265 517 2586 575 infirmiores
2628 522 2864 589 tolerari,
2893 523 2988 580 sed
3016 525 3154 582 sicut
3179 528 3339 582 etiam
3375 528 3669 586 sanctiores

2083 608 2391 677 praedicari;
2443 620 2498 665 ut
2522 616 2846 670 monasteria
2877 616 3119 672 doctrina
3170 621 3380 675 saniore
3429 619 3666 690 fundata,

2081 701 2292 769 gemina
2332 702 2583 759 illecebra
2613 718 3044 777 corrumpantur,
3081 720 3137 765 et
3165 711 3422 766 dissoluta
3454 712 3668 768 licentia

2079 796 2392 862 vacationis,
2431 807 2486 852 et
2524 797 2655 852 falso
2691 801 2907 857 nomine
2936 803 3269 858 sanctitatis?
3314 804 3496 861 Sciant
3539 821 3667 876 ergo

2078 884 2236 940 etiam
2265 888 2445 942 caeteri
2476 887 2669 944 fratres
2691 900 2744 945 et
2769 890 2861 945 ﬁlii
2890 893 3079 959 nostri,
3112 895 3200 963 qui
3229 893 3408 950 favere
3450 896 3664 962 talibus,

2076 987 2130 1033 et
2169 978 2471 1049 hujusmodi
2527 987 2996 1055 prresumptiouem
3041 1003 3136 1057 per
3180 988 3534 1060 ignorantiam
3565 990 3662 1044 de-

2075 1072 2294 1130 fendere
2325 1086 2677 1141 (consuerunt,
2723 1091 2782 1132 se
2834 1079 3169 1148 potissimum
3210 1082 3572 1152 corrigendos,
3609 1089 3666 1137 ut

2074 1166 2150 1220 illi
2191 1167 2385 1238 corrigi
2425 1170 2652 1239 possint,
2690 1185 2798 1224 non
2838 1179 2897 1224 ut
2935 1171 3292 1238 infirmentur,
3324 1174 3658 1230 benefacere.

2073 1259 2213 1314 Sane
2252 1259 2304 1314 in
2336 1274 2402 1315 eo
2442 1261 2583 1331 quod
2615 1262 2785 1316 servis
2827 1262 2921 1318 Dei
2952 1273 3195 1334 prompte
3232 1276 3390 1336 atque
3415 1269 3663 1326 alacriter

2071 1354 2371 1408 necessaria
2401 1353 2826 1418 subministrant,
2859 1371 2965 1410 non
2995 1357 3168 1412 solum
3220 1373 3324 1414 non
3358 1363 3656 1430 reprehen-

2069 1440 2267 1506 dimus,
2308 1443 2401 1498 sed
2449 1443 2609 1499 etiam
2654 1446 2968 1501 suavissime
2997 1450 3414 1519 amplectimur:
3447 1452 3538 1507 sed
3587 1469 3657 1510 ne

2068 1549 2318 1604 perversa
2351 1536 2718 1592 misericordia
2757 1539 2926 1609 magis
2964 1554 3149 1595 eorum
3191 1541 3380 1597 futurae
3409 1543 3530 1599 vitae
3556 1561 3656 1600 no-

2066 1636 2242 1695 ceant,
2270 1642 2428 1698 quam
2460 1630 2712 1698 praesenti
2751 1629 3088 1686 subveniant.

2137 1722 2227 1778 39.
2268 1721 2442 1777 Minus
2460 1724 2604 1778 enim
2637 1733 2908 1793 peccatur,
2934 1726 2978 1779 si
3005 1742 3110 1781 non
3143 1726 3388 1784 laudetur
3407 1738 3656 1799 peccator
3691 1741 3693 1744 ‘

2063 1815 2117 1870 in
2143 1815 2422 1872 desideriis
2461 1817 2653 1872 anima:
2677 1831 2810 1883 suae,
2838 1827 2893 1872 et
2918 1819 3008 1888 qui
3038 1819 3217 1889 iniqua
3259 1821 3398 1890 gerit
3426 1822 3647 1879 benedi-

2063 1915 2214 1963 catur
2243 1907 2414 1979 (Psal.
2448 1924 2522 1972 Ix,
2552 1907 2669 1979 24).

2131 1996 2356 2055 CAPUT
2394 1998 2587 2054 XXXI.
2611 2027 2682 2038 —
2720 1998 2784 2052 In
2815 1998 3095 2053 Monac/ros
3123 2000 3348 2055 crinitos.
3381 2000 3518 2069 Quid
3546 2017 3648 2058 au-

2061 2100 2167 2148 tem
2196 2091 2450 2163 iniquius,
2473 2107 2631 2162 quam
2660 2091 2799 2147 velle
2823 2090 2927 2147 sibi
2967 2092 3325 2163 obtemperari
3364 2110 3395 2149 a
3435 2095 3654 2151 minori-

2060 2182 2181 2250 bus,
2209 2190 2264 2239 et
2287 2183 2429 2238 nolle
2457 2183 2833 2254 obtemperare
2857 2183 3188 2253 majoribus?
3217 2184 3477 2254 Apostolo
3509 2185 3650 2254 dico,

2059 2289 2166 2329 non
2217 2275 2403 2342 nobis,
2456 2275 2508 2330 in
2562 2284 2765 2330 tantum
2819 2285 2879 2331 ut
2925 2277 3087 2332 etiam
3127 2292 3335 2332 comam
3377 2280 3650 2335 nutriant:

2057 2367 2202 2423 unde
2225 2367 2316 2423 ille
2343 2383 2443 2423 nec
2463 2367 2722 2438 disputari
2750 2368 2973 2424 omnino
2996 2367 3188 2432 voluit,
3211 2367 3418 2434 dicens,
3452 2368 3514 2424 Si
3539 2371 3652 2440 quis

2057 2460 2163 2514 uult
2199 2460 2535 2514 contentiosas
2573 2476 2711 2525 esse,
2763 2475 2855 2512 nos
2897 2458 3048 2512 talem
3096 2459 3505 2512 consuetudinem
3547 2476 3650 2515 non

2057 2554 2316 2620 habemus,
2345 2569 2503 2624 neque
2533 2550 2763 2606 Ecclesia
2791 2550 2907 2606 Dei.
2941 2549 3054 2605 Hoc
3078 2558 3247 2604 autem
3274 2550 3514 2621 praecipio
3535 2567 3554 2605 :
3590 2561 3652 2607 ut

2057 2647 2264 2702 scilicet
2291 2659 2398 2700 non
2428 2643 2746 2699 disserentis
2771 2642 2988 2698 solertia
3031 2641 3353 2712 requiratur,
3379 2641 3476 2697 sed
3506 2657 3649 2713 prae-

2056 2737 2307 2810 cipientis
2336 2738 2625 2792 auctoritas
2652 2736 2980 2792 attendatur.
3009 2735 3142 2790 Nam
3179 2742 3234 2790 et
3262 2734 3364 2790 hoc
3386 2751 3494 2806 quo
3521 2751 3647 2807 per-

2056 2835 2210 2898 tinet,
2249 2845 2453 2903 quaeso,
2494 2838 2600 2885 tam
2637 2838 2824 2900 aperte
2866 2837 3053 2883 contra
3094 2827 3338 2898 Apostoli
3381 2836 3647 2899 praecepta

2055 2921 2336 2979 comari‘?
2368 2923 2448 2976 An
2485 2922 2557 2976 ita
2579 2920 2875 2975 vacandum
2907 2928 3008 2984 est,
3032 2927 3216 2974 utnec
3241 2927 3485 2974 tonsores
3513 2934 3647 2990 ope-

2055 3013 2282 3069 rentur?
2329 3014 2410 3068 An
2436 3013 2558 3082 quia
2587 3011 2923 3082 evangelicas
2951 3011 3197 3065 volucres
3228 3010 3425 3064 imitari
3467 3023 3527 3065 se
3566 3008 3648 3064 di-

2054 3117 2202 3174 cunt,
2232 3107 2384 3177 quasi
2413 3105 2639 3175 depilari
2685 3105 2891 3170 timent,
2924 3118 2992 3157 ne
3038 3103 3219 3158 volare
3257 3117 3361 3156 non
3403 3102 3647 3173 possint?

2051 3199 2258 3256 Vereor
2295 3199 2347 3253 in
2375 3197 2478 3252 hoc
2503 3197 2689 3252 vitium
2720 3196 2867 3266 plura
2899 3195 3097 3258 dicere,
3139 3205 3360 3266 propter
3384 3194 3645 3266 quosdam

2053 3292 2277 3348 crinitos
2302 3292 2512 3356 fratres,
2539 3303 2767 3359 quorum
2808 3295 3003 3357 praeter
3049 3285 3152 3342 hoc
3193 3285 3356 3340 multa
3405 3293 3460 3340 et
3503 3300 3643 3356 pene

2053 3388 2231 3444 omnia
2262 3398 2600 3439 veneramur.
2639 3381 2745 3437 Sed
2775 3394 2882 3450 quo
2918 3379 3086 3449 magis
3114 3392 3208 3434 eos
3243 3377 3296 3432 in
3317 3377 3534 3433 Christo
3559 3377 3645 3433 di-

2054 3480 2288 3551 ligimus,
2322 3491 2388 3530 eo
2417 3473 2701 3531 sollicitius
2726 3471 3095 3525 admonemus.
3142 3467 3327 3538 Neque
3355 3469 3497 3523 enim
3528 3482 3646 3526 me-

2053 3576 2251 3628 tuimus
2294 3586 2364 3627 ne
2408 3568 2682 3623 humilitas
2733 3579 2918 3620 eorum
2965 3569 3180 3631 respuat
3223 3560 3645 3616 admonitionem

2053 3673 2326 3727 nostram;
2374 3657 2803 3730 quandoquidem
2848 3663 2901 3710 et
2930 3668 3027 3706 nos
3069 3668 3098 3706 a
3144 3652 3360 3718 talibus,
3391 3651 3477 3706 ubi
3508 3651 3646 3708 forte

2053 3754 2344 3810 titubamus
2387 3759 2476 3804 aut
2521 3750 2852 3811 aberramus,
2898 3745 3146 3811 cupimus
3190 3742 3488 3797 admoneri.
3531 3742 3646 3798 Hoc

2052 3858 2181 3913 ergo
2213 3841 2561 3894 admonemus
2590 3845 2694 3889 tam
2737 3840 2953 3887 sanctos
2982 3833 3146 3897 viros,
3176 3846 3243 3885 ne
3273 3831 3452 3884 stultis
3480 3845 3643 3885 vano-

2051 3950 2169 3988 rum
2226 3925 2776 3999 argumentationibus
2823 3928 3157 3985 moveantur,
3204 3927 3262 3974 et
3301 3934 3395 3973 eos
3439 3919 3491 3974 in
3545 3919 3645 3976 hac

2054 4021 2403 4093 perversitate
2447 4017 2741 4079 imitentur,
2771 4012 2962 4083 quibus
2992 4019 3117 4065 sunt
3146 4011 3199 4064 in
3241 4011 3450 4066 eteteris
3488 4011 3644 4084 longe

2053 4113 2362 4170 dissimiles.
2406 4110 2483 4164 illi
2521 4109 2664 4164 enim
2707 4105 2950 4162 venalem
2991 4103 3437 4160 circumferentes
3471 4106 3644 4178 hypo-

2053 4209 2263 4271 crisim,
2308 4207 2496 4259 timent
2550 4216 2619 4257 ne
2672 4200 2824 4255 vilior
2879 4197 3140 4254 habeatur
3187 4207 3340 4254 tonsa
3387 4199 3643 4255 sanctitas

2053 4315 2210 4372 quam
2258 4305 2486 4363 comata,
2523 4303 2578 4349 ut
2605 4293 2856 4349 videlicet
2897 4291 2989 4362 qui
3037 4306 3132 4347 eos
3183 4290 3350 4359 videt,
3397 4291 3644 4365 antiquos

2053 4393 2174 4449 illos
2203 4406 2336 4462 quos
2369 4391 2590 4461 legimus
2635 4391 2852 4458 cogitet,
2883 4384 3185 4441 Samuelem
3211 4391 3267 4440 et
3303 4393 3527 4442 carteros
3553 4386 3642 4457 qui

2054 4501 2159 4540 non
2201 4483 2557 4539 tondebantur
2585 4479 2771 4551 (Num.
2805 4493 2882 4539 v1,
2911 4474 2988 4546 5).
3011 4476 3122 4531 Nec
3141 4476 3376 4546 cogitant
3401 4476 3526 4546 quid
3557 4478 3643 4532 in-

2054 4577 2207 4633 tersit
2232 4578 2371 4631 inter
2399 4573 2531 4628 illud
2577 4568 2948 4640 propheticum
2989 4566 3369 4632 velamentum,
3406 4574 3463 4620 et
3505 4565 3644 4622 hanc

2054 4666 2328 4738 Evangelii
2357 4662 2757 4726 revelationem,
2788 4659 2856 4714 de
2879 4671 2982 4726 qua
3010 4656 3140 4712 dicit
3163 4641 3487 4726 Apostolus:
3517 4657 3642 4713 Cum

2054 4759 2312 4815 transieris
2338 4756 2405 4810 ad
2452 4753 2729 4818 Christum,
2758 4753 3014 4820 auferetur
3041 4747 3270 4802 uelamen
3295 4746 3369 4818 (ll
3398 4745 3518 4803 Cor.
3561 4765 3638 4818 ιιι,

2055 4852 2166 4922 16).
2214 4848 2366 4919 Quod
2406 4847 2547 4902 enim
2593 4839 2924 4914 significabat
2972 4837 3218 4894 velamen
3269 4837 3640 4908 interpositum

2053 4946 2190 5000 inter
2211 4941 2395 4996 faciem
2436 4935 2602 5008 Moysi
2633 4943 2686 4990 et
2712 4941 2983 5004 aspectum
3024 4930 3207 5002 populi
3247 4929 3409 4984 Israel
3440 4929 3636 5000 (Exod.

2054 5051 2242 5100 χχχιι,
2285 5032 2400 5102 53),
2429 5030 2530 5084 hoc
2579 5023 2910 5098 significabat
2952 5023 3056 5077 illis
3109 5021 3438 5092 temporibus
3480 5021 3639 5076 etiam

2052 5142 2203 5182 coma
2243 5132 2565 5180 sanctorum.
2593 5119 2724 5174 Nam
2755 5117 2894 5171 idem
2925 5113 3198 5184 apostolus
3227 5113 3385 5168 etiam
3432 5128 3640 5168 comam

2053 5235 2149 5290 pro
2178 5217 2480 5273 velamento
2499 5226 2618 5268 esse
2638 5210 2788 5273 dicit,
2811 5207 2964 5277 cujus
2989 5204 3305 5261 auctoritate
3340 5205 3426 5258 isti
3451 5221 3642 5274 urgen-

2056 5322 2158 5368 tur.
2208 5311 2404 5380 Apertc
2445 5307 2638 5376 quippe
2671 5303 2777 5357 ait:
2817 5300 2908 5354 Vir
2944 5299 3146 5370 quidem
3193 5298 3235 5352 si
3284 5307 3512 5352 comatus
3553 5298 3639 5362 sit,

2053 5403 2332 5476 ignominia
2361 5411 2431 5454 est
2460 5399 2552 5452 illi.
2590 5398 2756 5466 Ipsam
2785 5391 3151 5465 ignominiam,
3181 5390 3444 5460 inquiunt,
3473 5391 3642 5445 susci-

2055 5498 2229 5568 pimus
2256 5493 2445 5548 merito
2477 5497 2813 5558 peccatorum
2846 5493 3182 5538 nostrorum:
3212 5480 3277 5534 ad
3316 5480 3420 5535 hoc
3439 5481 3635 5536 obten-

2054 5590 2240 5646 dentes
2269 5585 2530 5640 simulatae
2580 5579 2890 5635 humilitatis
2921 5573 3307 5641 umbraculum,
3339 5582 3399 5628 ut
3443 5576 3547 5631 sub
3570 5591 3636 5632 eo

2123 5775 2133 5803 ι
2174 5770 2360 5831 Aliquot
2388 5773 2512 5827 Mss,
2556 5762 2736 5814 conari.
2770 5761 2936 5812 Plures
2973 5758 3074 5821 alii,
3107 5771 3310 5823 uacare,
3351 5764 3435 5812 aut
3454 5771 3638 5815 uacare.
