4140 6216
604 263 709 326 579

600 393 901 457 proponant
924 390 1164 449 venalem
1192 395 1410 466 typhum
1430 399 1449 431 ί
1468 416 1481 461 ;
1501 401 1649 470 quasi
1669 403 1959 473 Apostolus
1991 423 2179 479 super-

600 475 741 531 biam
760 478 970 547 doceat,
998 497 1115 537 cum
1146 484 1293 552 dicit,
1327 487 1505 547 Omnis
1543 493 1618 545 vir
1641 510 1795 549 orans
1827 508 1915 551 aut
1958 502 2182 570 prophe-
2289 522 2395 563 non

600 576 714 623 tans
735 570 893 624 velato
913 574 1094 641 capite,
1114 578 1377 647 confundit
1398 589 1548 651 caput
1569 599 1752 649 suum;
1778 596 1850 654 et,
1881 587 1968 645 Vir
1978 593 2182 662 quidem
2288 599 2413 656 bent

599 674 699 712 non
727 660 867 715 debet
912 663 1080 719 velare
1118 677 1290 736 caput,
1335 686 1448 724 cum
1487 672 1550 726 sit
1597 674 1764 747 imago
1803 689 1851 733 et
1891 660 2056 750 gloria
2087 685 2179 741 Dei

598 748 648 821 (Ι
675 749 792 806 Cor.
839 768 913 817 ιι,
956 754 1132 825 4-16).
1174 759 1273 827 Qui
1315 776 1441 834 ergo
1482 764 1630 832 dicit,
1673 785 1773 823 non
1818 748 1978 841 debet,
2008 779 2177 835 nescit

592 838 732 896 forte
766 842 958 898 docere
987 846 1359 906 humilitatem.
1411 854 1515 909 Sed
1557 858 1603 912 si
1649 858 1784 914 hanc
1832 838 2175 932 ignominiam

593 940 832 1002 tempore
859 934 1151 1006 Evangelii,
1185 942 1325 1010 quod
1365 952 1478 999 erat
1503 962 1893 1008 sacramentum
1936 962 2175 1026 tempore

588 1023 900 1094 praphetiae,
926 1043 1022 1097 pro
1052 1029 1350 1089 humilitate
1384 1034 1470 1091 isti
1498 1049 1787 1111 appetunt;
1821 1023 2095 1115 tondeant,
2117 1060 2174 1107 et

586 1113 760 1170 cilicio
786 1127 945 1188 caput
980 1119 1177 1175 velent.
1225 1122 1328 1180 Sed
1369 1141 1475 1181 non
1521 1130 1621 1185 erit
1665 1139 1791 1190 tunc
1833 1139 2042 1207 species
2076 1113 2169 1197 illa

587 1206 809 1274 venalis,
837 1209 956 1279 quia
983 1211 1207 1268 Samson
1238 1230 1343 1271 non
1373 1218 1566 1286 cilicio,
1598 1222 1696 1279 sed
1722 1206 1873 1283 coma
1894 1229 2170 1288 velabatur

586 1296 781 1369 (Judic.
816 1317 932 1366 xvr,
968 1305 1079 1373 l7).

650 1389 878 1447 CAPUT
919 1393 1328 1456 ΧΧΧιι.-4ο.
1374 1401 1618 1462 Perversa
1645 1408 1988 1482 interpretatio
2017 1413 2169 1471 Sari;

581 1489 746 1552 ptum
778 1501 866 1555 per
902 1488 1109 1543 crinitos
1159 1494 1450 1548 monachos.
1497 1495 1696 1555 Paulus
1724 1505 1980 1573 apostolus
2018 1524 2160 1563 sum-

580 1589 715 1625 mam
761 1579 1039 1631 castitatem
1084 1584 1360 1653 professus.
1406 1584 1722 1660 Prwceptum
1772 1594 1892 1650 viris
1948 1597 2017 1653 de
2058 1614 2161 1656 non

577 1663 790 1719 vetando
829 1669 1012 1738 capite.
1064 1671 1211 1726 Mens
1257 1692 1346 1745 per
1380 1676 1563 1746 virum,
1614 1685 2018 1756 concupiscentia
2069 1705 2160 1759 per

576 1755 834 1810 mulierem
862 1760 1100 1829 ﬁgurata.
1134 1762 1247 1816 Jam
1274 1766 1423 1832 illud,
1452 1770 1494 1821 si
1526 1770 1629 1827 dici
1661 1755 1856 1843 pateat,
1884 1792 2041 1850 quam
2069 1755 2156 1835 lu-

573 1855 759 1902 ctuose
793 1850 1075 1906 ridiculum
1112 1864 1214 1920 est,
1238 1858 1376 1925 quod
1406 1875 1588 1917 rursus
1616 1864 1930 1924 invenerunt
1961 1870 2030 1926 ad
2056 1871 2155 1927 de-

570 1937 867 1995 fensionem
893 1944 1120 1999 crinium
1160 1962 1399 2004 suorum.
1425 1951 1631 2021 Virum,
1659 1956 1925 2028 inquiunt,
1965 1962 2152 2032 prohi-

570 2028 686 2084 buit
726 2033 1009 2103 Apostolus
1041 2035 1237 2093 habere
1269 2055 1478 2098 comam
1509 2062 1524 2099 :
1556 2046 1645 2114 qui
1690 2057 1867 2106 autem
1903 2028 1985 2109 sev
2005 2052 2151 2125 ipsos

567 2130 933 2179 castraverunt
982 2137 1197 2198 propter
1238 2147 1458 2203 regnum
1505 2138 1758 2195 ccelorum
1789 2139 2002 2214 (Matth.
2032 2160 2146 2215 nx,

568 2210 683 2284 l2),
709 2214 818 2284 jam
869 2232 972 2271 non
1012 2228 1137 2274 sunt
1183 2221 1300 2276 viri.
1349 2223 1393 2279 Ο
1422 2224 1742 2284 dementiam
1791 2210 2142 2305 singularem!

563 2302 753 2363 Merito
780 2308 869 2379 qui
895 2309 997 2365 hoc
1030 2311 1174 2379 dicit,
1205 2315 1459 2372 adversus
1485 2330 1684 2377 sanctae
1712 2302 2001 2395 Scriptum
2028 2343 2144 2385 ma-

558 2398 753 2455 nifesta
792 2403 1055 2471 prteconia
1085 2407 1307 2463 consilio
1347 2409 1589 2467 nefandae
1632 2412 1920 2487 impietatis
1960 2434 2139 2477 arma-

559 2498 663 2557 tur,
704 2499 759 2547 et
790 2505 1097 2564 perseverat
1135 2497 1188 2552 in
1229 2500 1420 2557 itinere
1464 2512 1727 2575 tortuoso,
1755 2517 1809 2563 et
1836 2511 2138 2579 pestiferam

554 2583 849 2640 doctrinam
891 2597 1113 2643 conatur
1152 2591 1422 2660 inducere,
1460 2598 1580 2668 quia
1622 2616 1724 2654 non
1756 2610 1839 2657 est
1867 2603 2036 2661 beatus
2062 2606 2139 2661 vir

551 2674 638 2744 qui
665 2692 765 2729 non
792 2676 913 2731 abiit
941 2680 992 2732 in
1016 2681 1223 2735 consilio
1247 2684 1537 2762 impiorum,
1556 2699 1604 2743 et
1636 2691 1687 2743 in
1715 2692 1795 2743 via
1814 2704 2133 2762 peccatorum

552 2779 654 2817 non
690 2766 844 2833 stetit,
877 2778 922 2821 et
959 2770 1011 2822 in
1046 2772 1285 2825 cathedra
1326 2776 1622 2843 pestilentia
1653 2797 1754 2834 non
1791 2785 1920 2838 sedit
1959 2785 2128 2856 (Psal.

551 2853 673 2924 ιδ).
695 2854 823 2909 Nam
851 2857 892 2911 si
922 2858 973 2911 in
996 2859 1110 2929 lege
1129 2860 1224 2915 Dei
1244 2864 1590 2922 meditaretur
1617 2868 1704 2926 die
1721 2886 1782 2927 ac
1811 2853 1985 2945 nocte,
2019 2877 2128 2935 illic

550 2946 819 3003 inveniret
863 2948 1033 3018 ipsum
1077 2954 1374 3023 apostolum
1422 2958 1661 3030 Paulum,
1694 2966 1781 3034 qui
1811 2976 1955 3026 certe
1981 2985 2128 3027 sum-

547 3050 690 3091 mam
719 3040 1013 3095 castitatem
1042 3043 1312 3112 professus
1336 3047 1483 3116 dicit,
1524 3050 1714 3108 Vellem
1754 3067 1921 3112 autem
1954 3077 2125 3117 omnes

546 3124 773 3181 homines
801 3145 907 3184 esse
937 3133 1065 3186 sicut
1100 3151 1179 3188 me
1205 3135 1368 3206 ipsum
1392 3139 1441 3211 (1
1472 3140 1589 3201 Cor.
1616 3161 1708 3211 vu,
1733 3147 1786 3220 7)
1814 3167 1827 3204 :
1857 3160 1912 3205 et
1946 3160 2122 3213 tamen

541 3233 601 3275 se
622 3220 793 3275 virum
824 3225 1056 3279 ostendit
1085 3243 1192 3282 non
1236 3230 1408 3286 solum
1451 3232 1523 3289 ita
1561 3237 1811 3309 vivendo,
1837 3243 1931 3300 sed
1961 3247 2120 3303 etiam

540 3310 613 3365 ita
658 3311 943 3383 loquendo.
983 3317 1069 3370 Ait
1108 3319 1288 3373 enim:
1320 3321 1445 3376 Cum
1482 3342 1637 3380 essent
1679 3335 1936 3399 parvulus,
1973 3340 2120 3409 quasi

538 3403 780 3473 parvulus
803 3404 1058 3474 loquebar,
1091 3412 1233 3478 quasi
1262 3415 1504 3479 parvulus
1523 3420 1799 3489 sepiebant,
1828 3427 1973 3495 quasi
1986 3403 2114 3497 par-

534 3493 685 3549 uulus
709 3493 1022 3563 cogitabam;
1057 3513 1172 3550 cum
1202 3510 1366 3554 autem
1396 3504 1470 3556 vir
1494 3505 1699 3572 e/fectus
1721 3528 1854 3580 sum,
1879 3521 2116 3574 evacuavi

535 3597 595 3635 ea
627 3598 740 3653 qua:
782 3585 978 3655 parvuli
998 3599 1137 3642 erant
1173 3588 1283 3657 (Id.
1318 3608 1435 3660 xm,
1461 3595 1568 3669 11).
1598 3598 1704 3655 Sed
1728 3604 1851 3674 quid
1881 3607 2112 3677 Aposto-

533 3669 642 3727 lum
672 3686 1107 3745 commemorem,
1129 3694 1247 3734 cum
1273 3680 1339 3737 de
1364 3683 1479 3755 ipso
1510 3686 1737 3746 Domino
1762 3703 1816 3749 et
1837 3694 2111 3758 Salvatore

533 3772 717 3819 nostro
742 3768 981 3824 nesciant
1009 3771 1134 3842 quid
1162 3775 1412 3846 sentiant,
1446 3780 1534 3850 qui
1582 3781 1693 3838 haec
1723 3785 1924 3846 dicunt.
1974 3793 2106 3850 Nam

527 3851 596 3910 de
621 3871 726 3925 quo
753 3856 858 3912 alio
887 3858 1096 3929 dicitur,
1136 3861 1311 3920 Donec
1341 3885 1660 3929 occurramus
1697 3893 1867 3934 omnes
1894 3882 1948 3938 in
1987 3885 2105 3940 uni-

527 3952 677 4000 tatem
701 3948 822 4016 ﬁdei
849 3959 895 4004 et
922 3953 1227 4024 agnitionem
1255 3957 1380 4013 Filii
1408 3961 1519 4027 Dei,
1544 3966 1595 4019 in
1628 3968 1789 4025 virum
1805 3975 2100 4046 perfectum,

524 4036 577 4091 in
610 4055 896 4094 mensuram
924 4045 1084 4098 artatis
1125 4048 1449 4117 plenitudinis
1490 4056 1711 4127 Christi;
1749 4036 1818 4118 ut
1835 4036 1970 4123 ultra
2000 4088 2103 4127 non

522 4127 678 4184 simus
709 4133 907 4200 parvuli
919 4136 1104 4204 jactati
1128 4149 1174 4191 et
1206 4142 1490 4199 circumlati
1509 4152 1643 4204 omni
1672 4166 1813 4210 vento
1835 4160 2097 4233 doctrinae,

520 4216 577 4271 in
625 4218 859 4274 illusione
909 4224 1188 4296 hominum,
1230 4231 1282 4283 in
1334 4238 1520 4289 astutia
1567 4241 1635 4292 ad
1679 4248 2098 4308 machinationem

522 4308 708 4361 erroris
739 4308 949 4381 (Ephes.
984 4329 1054 4380 tv,
1090 4315 1155 4370 15
1179 4326 1225 4370 et
1250 4321 1380 4392 lt)?
1409 4324 1519 4392 Qua
1549 4328 1791 4388 illusione
1823 4337 1906 4391 isti
1948 4341 2097 4398 deci-

520 4398 671 4468 piunt
698 4398 990 4470 imperitos,
1011 4420 1111 4477 qua
1140 4413 1329 4467 astutia
1356 4425 1411 4468 et
1438 4419 1876 4482 machinamentis
1899 4429 2091 4489 inimici

518 4499 573 4546 et
594 4490 691 4561 ipsi
718 4493 1180 4567 circumferuntur,
1209 4512 1262 4555 et
1297 4504 1347 4559 in
1379 4522 1470 4562 sua
1495 4510 1893 4575 circumlatione
1913 4522 2093 4579 cohae-

515 4589 697 4638 rentes
724 4584 823 4639 sibi
853 4589 1057 4645 animos
1086 4591 1415 4652 inlirmornm
1461 4603 1687 4672 quodam
1719 4610 1878 4666 modo
1917 4625 2093 4675 rotare

514 4683 795 4743 conantur,
854 4687 904 4732 ut
953 4681 1151 4750 pariter
1198 4690 1439 4744 nesciant
1493 4694 1579 4749 ubi
1620 4697 1744 4754 sint.
1799 4703 2092 4762 Audierunt

513 4765 654 4818 enim
677 4767 762 4821 vel
791 4767 1033 4839 legerunt
1059 4776 1196 4846 quod
1223 4781 1473 4850 scriptum
1501 4795 1600 4852 est,
1630 4789 1938 4866 Quicumque
1956 4800 2089 4855 enim

513 4853 753 4925 baptizati
779 4860 895 4912 estis
932 4862 983 4915 in
1025 4862 1242 4933 Christo,
1287 4870 1537 4929 Christum
1579 4853 1963 4940 induistisdubi
1990 4907 2090 4949 non

512 4953 584 4998 est
628 4943 860 5011 Judteus,
899 4968 1055 5022 neque
1092 4954 1330 5022 (.‘rtecns;
1372 4979 1469 5016 non
1504 4984 1694 5037 servus,
1736 4990 1893 5044 neque
1930 4978 2087 5048 liber;

511 5050 611 5088 non
656 5041 929 5106 masculus,
976 5061 1131 5114 neque
1174 5051 1361 5117 femina
1392 5053 1583 5127 (Colat.
1612 5076 1687 5127 ιιι,
1716 5061 1785 5119 27
1809 5041 1855 5119 et
1874 5068 1998 5139 28);
2030 5041 2086 5129 et

509 5138 614 5178 non
662 5126 959 5197 intelligunt
988 5137 1278 5191 secundum
1314 5142 1336 5172 ¹
1360 5147 1588 5203 carnalis
1631 5164 1787 5209 sexus
1827 5126 2081 5233 concupi-

504 5216 760 5269 scentiam
805 5218 903 5272 hoc
932 5237 1050 5278 esse
1078 5224 1300 5297 dictum,
1333 5234 1449 5302 quia
1480 5235 1530 5290 in
1560 5238 1811 5323 interiore
1842 5216 2077 5324 homine,

504 5303 590 5324 --ιε
621 5319 693 5324 -ιγ
728 5322 743 5324 -
966 5313 977 5324 ⁸
1152 5317 1165 5324 “

504 5303 590 5359 ubi
621 5319 941 5364 renovamur
966 5313 1015 5365 in
1045 5317 1277 5372 novitate
1304 5326 1499 5381 mentis
1527 5340 1723 5389 nostra;
1756 5307 1833 5407 (ἸΙ
1853 5339 1969 5395 Cor.
2005 5303 2077 5414 IV:

502 5395 614 5465 16),
644 5398 818 5454 nullus
845 5415 1004 5457 sexus
1039 5404 1337 5476 hujusmodi
1370 5427 1469 5472 est.
1501 5419 1614 5476 Non
1643 5395 1773 5496 ergo
1800 5395 2078 5503 propterea

498 5499 557 5538 se
584 5499 779 5558 negent
808 5491 971 5561 viros,
1003 5497 1124 5566 quia
1166 5505 1462 5564 masculino
1504 5526 1639 5571 sexu
1668 5491 1812 5575 nihil'
1846 5491 2075 5594 operan-

562 5616 581 5690 ξ
612 5615 781 5690 plures
798 5628 923 5685 Mss,
943 5630 1126 5690 typum.

559 5678 742 5775 m‘:
1186 5695 1353 5762 Abest,
1376 5712 1490 5764 non,
1526 5707 1587 5756 ab
1612 5710 1825 5766 editione
1846 5723 1921 5769 Er.
1962 5729 2013 5775 et
2044 5738 2071 5773 a

494 5732 1107 5811 nam..."

1262 278 1349 337 DE
1389 281 1615 342 OPERE
1654 287 2150 362 MONACHORUH,
2191 295 2249 355 S.
2292 298 2661 363 AUGUSTINI
2700 307 2900 367 LIBER
2943 312 3142 371 UNUS.

2439 417 2568 474 Nam
2598 430 2652 477 et
2677 427 2939 499 coniugati
2982 432 3256 493 christiani
3292 442 3382 514 qni
3424 442 3531 503 hoc
3559 463 3876 532 operantur,

2435 515 2724 572 secundum
2757 519 2856 575 hoc
2901 524 3082 595 utique
3127 528 3401 590 christiani
3432 550 3574 607 sunt,
3594 515 3744 616 quod
3773 515 3878 610 hia:

2440 619 2725 666 commune
2762 628 2883 667 cum
2926 620 3134 674 cmtcris
3175 640 3277 679 non
3305 627 3639 701 christianis.
3664 651 3717 696 et
3746 660 3873 707 cum

2287 690 2418 762 ipsis
2456 700 2754 766 pecoribus.
2786 706 2941 762 Aliud
2983 720 3064 765 est
3106 716 3246 771 enim
3276 721 3415 789 quod
3449 725 3530 781 vel

2282 789 2612 858 conceditur,
2670 797 2756 851 vel
2817 802 3025 857 mortali
3095 813 3457 880 propagationi
3516 789 3868 898 persolvitur";

2280 878 2420 935 aliud
2463 893 2640 940 autem
2683 891 2824 958 quod
2868 894 2934 948 ad
2980 878 3361 966 capessendam
3414 878 3867 986 incorruptam—ei

2278 979 2534 1030 mlernam
2562 978 2721 1034 vitam
2762 982 2902 1038 lideli
2934 987 3266 1055 professione
3312 978 3644 1070 significatur
3654 1009 3691 1062 ι.
3725 978 3866 1071 ιιιυὰ

2274 1076 2406 1134 ergo
2428 1068 2572 1136 quod
2609 1070 2678 1125 de
2701 1087 2807 1128 non
2844 1077 3071 1135 velando
3100 1084 3273 1152 capite
3296 1068 3424 1144 viris
3450 1096 3774 1169 przccipitur,
3804 1068 3864 1160 in

2272 1166 2500 1225 oorpore
2535 1162 2749 1230 quidem
2782 1165 3053 1237 ﬁguratur,
3084 1173 3176 1227 sed
3206 1175 3258 1229 in
3304 1191 3484 1236 mente
3521 1162 3629 1254 agi;
3658 1189 3747 1244 ubi
3759 1162 3865 1250 ’ρει

2270 1243 2447 1317 imago
2471 1257 2526 1304 et
2543 1252 2708 1321 gloria
2734 1255 2845 1321 Dei,
2878 1259 3038 1315 verba
3066 1262 3179 1332 ipsa
3206 1264 3476 1325 indicant:
3508 1243 3851 1351 Vir'quideni,

2271 1334 2457 1406 inquit,
2492 1356 2594 1393 non
2614 1342 2755 1397 debet
2778 1346 2946 1402 velare
2973 1363 3146 1420 caput,
3171 1369 3284 1409 cum
3314 1358 3379 1411 sit
3402 1360 3572 1433 imago
3602 1334 3651 1419 et
3688 1334 3859 1440 gloria

2267 1422 2386 1479 Dei.
2440 1427 2538 1483 Ubi
2587 1442 2766 1488 autem
2797 1437 2866 1489 sit
2908 1438 3023 1493 haec
3063 1442 3238 1514 imago
3284 1448 3398 1516 ipse
3444 1422 3853 1522 declarat:

2263 1513 2431 1572 dicit:
2465 1518 2641 1576 Nolite
2679 1528 2877 1581 rnentiri
2920 1513 3186 1595 intricatur
3208 1513 3546 1609 capolimtes
3572 1513 3736 1605 autem
3760 1569 3852 1610 eos

2293 422 2396 470 tur.

2259 1791 2348 1857 qui
2370 1794 2553 1847 crearit
2573 1812 2687 1850 eum
2712 1798 2930 1868 (Colon.
2947 1819 3023 1869 ιιι,
3054 1807 3089 1861 9
3112 1819 3157 1861 et
3181 1810 3288 1882 ιθ).
3320 1815 3450 1881 Quis
3476 1791 3678 1879 dubitet
3701 1791 3843 1887 hanc

2258 1882 2656 1941 movationem
2685 1889 2735 1942 in
2762 1902 2939 1947 mente
2966 1895 3121 1951 lteri?
3148 1899 3257 1956 Sed
3283 1912 3339 1958 et
3365 1908 3455 1977 qui
3483 1908 3709 1983 dubitat,
3743 1882 3842 1975 au:

2257 1967 2370 2026 d'nt
2389 1975 2713 2042 apertiorem
2735 1985 3074 2040 sementium.
3104 1990 3298 2047 Eadem
3324 1967 3519 2069 quippe
3540 1967 3837 2069 admoneris

2254 2058 2328 2115 ita
2350 2061 2483 2119 dicit
2507 2066 2614 2122 alio
2639 2068 2757 2125 loco
2781 2090 2796 2125 :
2829 2074 2977 2129 Sicut
3002 2089 3073 2133 est
3096 2084 3280 2140 ueritas
3314 2058 3371 2143 in

2252 2164 2340 2208 vos
2363 2156 2641 2213 scendam
2685 2164 2905 2231 priorem
2945 2176 3372 2233 conversationem
3414 2156 3621 2242 ueterem
3645 2156 3833 2250 'homi-

2250 2260 2399 2312 rtem,
2441 2263 2557 2303 αιιιι
2612 2253 2701 2322 qui
2751 2261 3092 2329 corrumpitur
3142 2271 3421 2326 secundum
3469 2281 3836 2351 concupiscen-

2249 2338 2349 2393 tias
2382 2338 2732 2411 άαεμίοηίη
2766 2355 3081 2409 "nomini
3106 2368 3274 2415 autent
3310 2365 3493 2433 spiritu
3528 2338 3712 2431 τηειιτὶε
3749 2394 3835 2434 οε-

2242 2436 2382 2497 stra,
2427 2441 2474 2486 et
2502 2434 2697 2493 induite
2736 2440 2923 2531 meum
2966 2446 3236 2517 hominem,
3282 2471 3396 2511 eum
3431 2462 3519 2531 qui
3554 2469 3832 2527 secundum

2242 2518 2410 2575 Deum
2449 2533 2647 2580 creatus
2696 2539 2772 2583 est
2811 2530 3026 2603 (Ephea.
3071 2554 3142 2606 ιν,
3197 2542 3418 2619 πει).
3443 2518 3611 2620 ’ρυιει
3664 2518 3829 2631 ἐξεἶῖ

2241 2611 2492 2669 mulieres
2516 2631 2622 2672 non
2658 2619 2856 2678 habent
2888 2627 3025 2683 hanc
3052 2611 3446 2696 innovationem
3484 2611 3826 2716 mentis,

2238 2711 2323 2758 est
2365 2706 2538 2778 imago
2575 2710 2712 2768 Dei?
2757 2716 2888 2784 Quis
2919 2719 3021 2776 hoc
3048 2723 3282 2783 dixerit?
3326 2732 3434 2788 Sed
3469 2706 3712 2809 corporis
3735 2706 3823 2803 ai

2237 2808 2366 2851 sexu
2396 2813 2501 2854 non
2522 2816 2642 2858 eam
2670 2806 2969 2877 significant
2992 2832 3007 2869 :
3034 2828 3314 2887 propterea
3353 2826 3518 2883 velari
3537 2806 3816 2900 iubentur.

2235 2887 2382 2945 Illam
2402 2894 2599 2965 quippe
2624 2899 2927 2968 signiﬁcant
2953 2916 3179 2976 partem,
3204 2927 3268 2968 eo
3294 2914 3410 2985 ipso
3436 2887 3816 2990 quo'muliere-s

2232 2991 2374 3047 sunt,
2418 3000 2539 3056 quae
2581 2994 3082 3063 concupiscentialis
3125 3003 3228 3060 dici
3282 3017 3477 3079 potest,
3524 3017 3610 3071 cui
3656 3033 3816 3080 mens

2226 3071 2552 3145 dominatur,
2582 3082 2744 3137 etiam
2776 3085 2886 3154 ipsa
2913 3089 3120 3146 subdita
3152 3071 3435 3167 Deo-suo,
3463 3071 3813 3174 quando—ire:

2226 3169 2464 3228 ctissime
2497 3182 2556 3228 et
2587 3175 2986 3237 ordinatissime
3025 3185 3239 3244 vivitur.
3271 3190 3423 3259 Quod
3460 3169 3590 3270 ergo
3629 3211 3712 3258 est
3752 3204 3810 3263 in

2225 3271 2334 3313 uno
2358 3260 2575 3319 homine
2598 3281 2753 3323 mens
2775 3276 2831 3323 et
2854 3276 3283 3345 concupiscentia
3312 3282 3333 3354 (
3347 3284 3436 3340 illa
3475 3260 3616 3346 edim

2226 3349 2342 3406 haec
2378 3356 2614 3424 regitur;
2666 3359 2755 3415 illa
2783 3361 3104 3435 dominatur,
3136 3371 3253 3429 haec
3291 3349 3587 3456 subditur),
3620 3349 3805 3448 hocv

2220 3442 2429 3501 duobus
2456 3446 2777 3518 hominibus,
2800 3457 2918 3512 viro
2942 3463 2999 3515 et
3023 3464 3267 3535 muliere,
3298 3442 3589 3533 secundum
3618 3442 3804 3541 sexum

2219 3538 2461 3605 corporis
2488 3538 2764 3609 ﬁguratum
2792 3546 2869 3603 De
2892 3563 3000 3620 quo
3024 3566 3364 3616 sacramento
3397 3563 3619 3636 loquens

2215 3624 2387 3681 stolus
2431 3627 2579 3698 dicit,
2622 3633 2794 3691 virum
2840 3653 2948 3694 non
2997 3642 3196 3701 debere
3240 3651 3423 3720 velari,
3466 3624 3560 3713 sed
3604 3624 3800 3724 debere

2216 3716 2516 3775 mulierem.
2574 3722 2748 3781 Tanto
2791 3730 2936 3785 enim
2987 3733 3272 3803 gloriosius
3316 3716 3472 3802 mens
3518 3750 3584 3805 ad

2214 3807 2354 3863 riora
2399 3823 2766 3885 promovetur,
2791 3831 2994 3891 quanta
3020 3825 3322 3899 diligentius
3354 3836 3425 3891 ab
3459 3807 3798 3904 interioribus

2211 3903 2638 3973 concupiscentia
2690 3910 3002 3981 cohibetur;
3056 3918 3227 3977 donec
3274 3931 3415 3981 totus
3457 3928 3620 3987 homo
3667 3903 3794 3994 curn

2211 3990 2327 4059 ipso
2356 3994 2518 4050 etiam
2560 4000 2773 4055 mortali
2802 4017 2945 4060 nunc
2975 4015 3033 4062 et
3066 4009 3237 4082 fragili
3264 4029 3491 4086 corpore
3513 4020 3567 4076 in
3603 4036 3794 4083 resur-

2210 4086 2448 4143 rectione
2472 4089 2760 4149 novissima
2786 4095 3187 4171 incorruptione
3207 4116 3366 4180 atque
3391 4112 3792 4181 immortalitate

2206 4172 2473 4243 induatur,
2500 4189 2556 4233 et
2591 4182 2943 4243 absorbeatur
2986 4206 3133 4250 mors
3170 4196 3225 4252 in
3250 4172 3530 4262 victoriam
3580 4172 3785 4280 (

2204 4278 2296 4330 xv,
2335 4267 2448 4335 5t).

2272 4353 2497 4412 CAPUT
2534 4358 2960 4424 xxxut.—-ti.
2980 4370 3782 4463 Βοηοοφιοαιωπσνιηιωσνοουι

2202 4454 2257 4498 ιιι
2302 4447 2513 4516 capillos
2566 4453 2771 4510 radunt.
2798 4459 3133 4533 Quapropter
3152 4470 3238 4537 qui
3281 4480 3425 4527 recta
3472 4475 3650 4535 facere
3686 4447 3781 4539 3o.

2200 4534 2335 4602 lunt,
2365 4538 2611 4597 desinant
2641 4545 2828 4602 saltem
2857 4551 3051 4609 docere
3078 4534 3348 4623 perversa.
3378 4563 3485 4619 Sed
3520 4570 3611 4625 alii
3634 4534 3778 4642 sunt,

2198 4641 2333 4694 quos
2372 4632 2472 4684 isto
2515 4647 2762 4693 sermone
2786 4643 3138 4710 corripimus'
3164 4664 3176 4701 :
3210 4649 3331 4707 illos
3356 4666 3534 4715 autem
3558 4665 3651 4733 qui
3678 4632 3780 4725 hoc

2199 4733 2304 4771 uno
2330 4720 2456 4774 vitio
2480 4724 2794 4792 capillorum
2834 4742 3017 4789 contra
3062 4751 3384 4812 prteceptam
3428 4720 3774 4819 apostolicum

2194 4812 2545 4875 demissorum
2572 4823 2848 4883 oﬂ'endunt
2872 4839 2929 4885 et
2953 4836 3267 4902 perturbant
3294 4812 3588 4903 Ecclesium
3617 4867 3631 4903 :
3653 4812 3773 4921 quia

2193 4916 2313 4960 cum
2337 4906 2428 4962 alii
2448 4910 2690 4970 nolentes
2712 4916 2781 4973 de
2811 4918 2917 4975 illis
2943 4924 3069 4979 mali
3097 4926 3297 4998 aliquid
3326 4936 3543 5001 sentire,
3565 4906 3768 5007 cogunt?

2193 5001 2279 5051 tur
2302 4999 2579 5059 manifesta
2595 5007 2756 5061 verba
2784 5010 3024 5080 Apostoli
3046 5017 3098 5070 in
3128 5034 3430 5088 perversam
3455 4999 3774 5101 detorquere
3801 5007 3814 5028 ’

2190 5090 2532 5160 sententiam,
2565 5094 2653 5151 alii
2681 5112 2869 5155 sanum
2898 5104 3221 5164 intellectum
3255 5090 3645 5185 Scripturarum
3672 5124 3771 5179 de-

2187 5176 2405 5237 fendere
2452 5185 2673 5255 malunt,
2695 5204 2855 5259 quam
2898 5197 3171 5263 quoslibet
3202 5176 3453 5262 homines
3493 5176 3768 5281 auctare};

2186 5269 2420 5327 existunt
2458 5274 2595 5332 inter
2637 5276 2828 5336 fratres
2871 5283 3191 5344 inﬁrmiores
3219 5300 3275 5346 et
3320 5293 3582 5354 ﬁrmiores
3617 5269 3768 5357 ants:

2185 5359 2410 5418 rissimze
2448 5374 2501 5420 et
2544 5369 3009 5436 pericnIOsissimte
3051 5384 3426 5443 contentiones
3457 5405 3471 5441 :
3505 5392 3649 5461 quod
3692 5396 3768 5452 illi

2183 5448 2318 5507 forte
2340 5454 2385 5508 si
2414 5455 2628 5523 scirent,
2663 5460 2761 5517 hoc
2789 5480 3005 5536 quoque
3029 5472 3146 5527 sine
3171 5473 3506 5535 dubitatione

2180 5550 2316 5606 rent,
2346 5560 2572 5614 quorum
2600 5560 2792 5608 czetera
2806 5558 3076 5618 miramur
3102 5572 3160 5621 et
3182 5580 3459 5626 amamus:
3484 5573 3607 5630 illos
3631 5591 3765 5649 ergo

2241 5674 2259 5739 ξ
2295 5681 2344 5723 In
2361 5683 2485 5739 Mss,
2509 5680 2739 5739 signatur.

2238 5736 2260 5804 ξ
2290 5742 2414 5804 Mss,
2441 5736 2741 5804 corrigimus.

2242 5795 2261 5826 ³
2293 5798 2363 5846 sic
2385 5795 2488 5850 Mss.
2518 5795 2698 5855 At'Lov.
2724 5807 3003 5871 quibuslibet
3023 5817 3288 5876 hominibus
3310 5827 3521 5883 adulati.
3796 5867 3817 5913 ι
