4166 6208
375 348 482 407 881

379 479 490 522 non
533 462 857 534 corripimus
876 502 892 526 ,
922 459 1016 516 sed
1044 474 1296 532 rogamus
1327 468 1380 516 et
1403 460 1746 516 obsecramus
1776 472 1873 528 per
1895 457 1980 513 di-

375 557 656 613 vinitatem
697 561 753 612 et
787 553 1169 609 humanitatem
1196 553 1418 620 Christi,
1448 561 1504 608 et
1532 567 1629 624 per
1659 551 1974 608 charitatem

373 647 609 722 Spiritus
649 647 841 712 sancti,
868 661 939 702 ne
985 645 1123 701 ultra
1161 645 1271 716 jam
1321 653 1519 716 ponant
1553 644 1657 700 hoc
1681 643 1977 702 offendicu-

373 740 487 798 lum
511 739 759 807 infirmis,
782 755 880 810 pro
905 738 1096 809 quibus
1114 736 1360 792 Christus
1390 747 1632 793 mortuus
1661 745 1764 806 est,
1792 747 1844 794 et
1871 739 1973 793 do-

376 833 547 894 lorem
599 831 998 900 cruciatumque
1041 829 1209 884 nostri
1260 828 1437 884 cordis
1476 836 1817 900 exaggerent,
1849 843 1970 884 cum

371 926 671 997 cogitamus
697 931 898 994 quanto
927 921 1215 992 proclivius
1244 921 1344 975 hoc
1371 920 1570 976 malum
1597 921 1663 976 ad
1694 921 1968 992 decipien-

372 1017 473 1073 dos
501 1017 745 1071 honune;
775 1015 968 1069 imitari
997 1014 1206 1082 possint
1229 1013 1378 1080 mali,
1410 1028 1532 1069 cum
1574 1013 1628 1068 in
1653 1013 1732 1070 eis
1763 1014 1867 1070 hoc
1893 1014 1972 1068 vi-

374 1109 506 1165 dent
533 1123 665 1180 quos
691 1119 909 1178 propter
931 1105 1032 1160 alia
1057 1114 1203 1160 tanta
1228 1106 1364 1162 bona
1388 1104 1582 1162 debitis
1603 1105 1797 1164 officiis
1824 1107 1969 1161 chri-

373 1202 563 1258 stianzn
607 1199 912 1256 dilectionis
957 1197 1306 1254 honoramus.
1356 1198 1510 1266 Quod
1568 1198 1612 1254 si
1664 1207 1783 1269 post
1829 1197 1968 1253 hanc

369 1290 792 1346 admonitionem
824 1289 906 1344 vel
938 1289 1116 1359 potius
1152 1288 1579 1344 obsecrationem
1627 1299 1862 1344 nostram
1911 1291 1965 1344 in

842 1408 1140 1418 Ψ

1689 1410 1922 1417 .--

1636 1449 1770 1458 -..υ-ο.

1050 344 1140 403 DE
1177 341 1614 402 DNINA'I‘IONE
1653 341 2030 412 DEMONUM,
2073 342 2131 399 S.
2170 341 2540 401 AUGUSTINI
2575 342 2780 404 LIBER
2817 345 3020 406 UNUS.

1927 1410 2123 1418 ——¥

1783 1449 2141 1458 -—....——_..———.—

2082 472 2150 514 eo
2175 459 2274 512 sibi
2297 461 2744 528 perseverandum
2767 476 2886 517 esse
2913 463 3232 536 putaverint,
3264 463 3394 522 nihil
3419 465 3562 524 aliud
3584 468 3668 526 fa-

2081 551 2287 606 ciemus
2315 567 2472 622 quam
2501 553 2802 610 dolchimus
2841 567 2896 611 et
2931 571 3226 626 gememus.
3258 557 3372 615 Hoc
3401 563 3669 632 noverint,

2079 644 2312 700 sumcit:
2343 645 2389 699 si
2419 647 2558 701 servi
2598 647 2691 701 Dei
2737 659 2890 714 sunt,
2925 650 3274 716 miserentur;
3302 653 3344 708 si
3371 670 3477 710 non
3503 635 3698 711 miseo'

2077 745 2284 802 rentur,
2329 740 2451 790 nolo
2493 738 2780 808 quidquam
2829 739 3043 809 gravius
3081 741 3280 797 dicere.
3319 742 3443 798 [hec
3490 745 3671 816 itaque

2078 828 2258 883 omnia
2291 827 2344 882 in
2375 827 2568 900 quibus
2596 829 2820 886 fortasse
2857 829 3132 902 loquacior
3161 831 3253 894 fui,
3284 850 3441 904 quam
3473 836 3674 892 vellent

2077 921 2455 990 occupationes
2482 931 2535 974 et
2567 929 2668 975 tuae
2695 931 2748 976 et
2779 937 2932 986 mete,
2957 923 3001 977 si
3029 923 3312 993 approbas,
3346 924 3428 982 fac
3459 914 3691 987 innote-i

2076 1024 2226 1066 scere
2253 1010 2504 1066 fratribus
2537 1021 2590 1065 et
2629 1012 2751 1066 [iliis
2781 1014 2999 1080 nostris,
3033 1025 3250 1086 propter
3271 1032 3406 1086 quos
3437 1018 3568 1074 mihi
3605 1033 3666 1075 es

2075 1101 2179 1160 hoc
2205 1120 2342 1159 OllllS
2375 1105 2624 1176 dignatus
2652 1106 2958 1180 imponere:
2985 1109 3028 1162 si
3058 1119 3233 1164 autem
3261 1109 3462 1182 aliquid
3492 1121 3662 1168 retra-

2077 1198 2309 1253 hendum
2331 1199 2411 1254 vel
2439 1200 2827 1256 emendandum
2851 1199 3080 1266 videtur,
3107 1201 3381 1272 rescriptis
3405 1212 3508 1260 tutu
3524 1203 3664 1260 Bea-

2074 1291 2314 1346 titudinis
2339 1293 2602 1346 noverim.

452 1507 534 1568 In
560 1505 788 1568 librum
815 1505 893 1568 de
919 1505 1342 1585 Divinatione
1359 1506 1763 1585 Daemonum,
1789 1504 1930 1570 cide
1954 1505 2066 1569 lib.
2089 1506 2152 1578 2,
2185 1523 2323 1585 cap.
2366 1506 2468 1578 30,
2521 1507 3072 1569 Retraetatiouum
3093 1553 3112 1582 ,
3167 1509 3287 1571 col.
3331 1507 3474 1580 653,
3511 1529 3662 1572 ocr-

371 1583 638 1670 l_)i_s,_Pcr
667 1585 1116 1670 idetnAtctnpus
1170 1583 1598 1670 accidit'_t_nibi
1648 1602 1728 1648 ex
1787 1585 2069 1664 quadam
2112 1583 2545 1663 disputatione
2579 1589 2923 1651 necessitas
2979 1586 3661 1670 (a),usqucadocrba,

371 1665 612 1728 Diebus
643 1665 882 1727 sanctis
913 1662 1328 1726 Oc‘tavarum.
1413 1662 1503 1726 M.

437 1765 510 1830 (tr)
543 1767 617 1816 sic
657 1767 831 1817 iudicat
855 1768 1146 1830 Augustinus
1183 1767 1437 1830 pertinere
1457 1764 1588 1815 hunc
1610 1763 1787 1830 librum
1823 1765 1882 1816 ad
1909 1763 2026 1816 illud
2044 1766 2198 1830 _ide_m
2219 1773 2431 1830 tempus
2441 1781 2542 1830 quo
2564 1767 2780 1830 vulgavit
2807 1765 3038 1830 Opuscula
3074 1776 3241 1822 contra
3267 1771 3588 1824 Donatistae
3605 1785 3666 1825 se

374 1824 600 1892 [testicle
620 1837 736 1892 ante
768 1824 1014 1892 recensita
1030 1863 1045 1888 ,
1080 1824 1198 1891 quae
1215 1827 1450 1890 temporis
1469 1834 1585 1876 sunt
1603 1824 1917 1876 Collationem
1937 1824 2368 1890 Carthaginiensem
2390 1824 2636 1891 aliquanto
2649 1824 3000 1892 Irtecedentis,
3019 1831 3150 1881 inter
3168 1843 3350 1884 annum
3369 1824 3665 1886 scilicet“

987 2059 1129 2174 Β.
1205 2063 1964 2174 AUBELII
2035 2063 3035 2182 AUGUSTINI

1565 2253 2078 2317 HIPPONENSIS
2117 2255 2469 2320 EPISCOPl

546 2415 814 2558 DE
933 2412 2263 2561 DIVINATIONE
2383 2415 3478 2568 DXEMONUM

375 1889 432 1938 ἐι
454 1889 538 1938 411
567 1889 863 1940 collocanda.

1455 2633 1932 2746 LIBER

2024 2633 2431 2746 UNUS
2445 2635 2521 2710 (α)

1787 2811 2078 2855 κανοῦ-ουρ

363 2929 700 2986 [minationes
721 2925 996 2982 damnum
1019 2933 1206 3042 etqg'm
1223 2925 1284 2976 ad
1320 2937 1490 2976 eorum
1511 2924 1694 2998 tantum
1716 2926 1988 2989 pertinent,
2020 2933 2120 2972 non
2143 2923 2255 2974 ideo
2275 2931 2417 2975 recte
2448 2925 2572 2987 ﬂeri,
2596 2927 2710 2991 quia
2742 2929 2834 2978 nisi
2871 2935 2975 2980 Deo
2999 2930 3196 2984 sinente
3221 2944 3320 2986 non
3361 2932 3500 2989 ﬁunt.
3533 2932 3668 2991 Unde

955 2990 1055 3042 sint
1077 2988 1106 3038 tl
1157 3001 1172 3020 δ
1188 2988 1468 3042 ἀωιιιοιιυιη
1484 2987 1828 3042 divinationes.
1849 2997 2003 3041 curve
2021 2984 2270 3038 interdum
2290 3000 2444 3042 verm.
2469 2987 2586 3040 licet
2606 2987 2898 3042 nlel'ttmaue
2923 2989 3078 3042 false.

955 2990 1055 3042 sint
1077 2989 1091 3038 i

440 3114 667 3174 CAPUT
696 3114 1138 3172 PRIMUM.——i.
1167 3112 1380 3168 Occasio
1392 3111 1644 3168 scribendi
1655 3111 1810 3183 hujus
1823 3111 1957 3166 libri.

371 3205 500 3265 Non
525 3209 696 3264 statim
723 3219 913 3262 rectum
936 3206 1073 3277 quod
1099 3204 1236 3260 Deus
1263 3205 1522 3278 permittit.
1549 3203 1615 3258 In
1639 3204 1786 3258 rebus
1811 3204 1962 3258 etiam

367 3299 441 3356 ad
459 3300 717 3372 religionis
747 3300 937 3358 cultum
985 3299 1346 3368 pertinentibus
1384 3298 1605 3367 permitti
1643 3313 1674 3350 (ι
1716 3295 1820 3351 Deo
1849 3312 1963 3368 qua:

369 3391 470 3462 ipsi
525 3391 808 3462 displicent.
847 3389 1090 3459 Quodam
1138 3389 1227 3444 die
1273 3389 1327 3442 in
1356 3388 1546 3444 diebus
1573 3387 1770 3442 sanctis
1798 3385 1961 3441 Octa‘

369 3497 558 3540 varum
588 3481 684 3554 (ὸ),
715 3497 837 3537 cum
867 3497 1024 3536 mane
1051 3481 1191 3551 apud
1223 3495 1309 3536 me
1354 3480 1607 3536 adessent
1653 3479 1806 3534 multi
1851 3479 1958 3532 fra-

372 3579 484 3632 tres
510 3572 628 3636 laici
656 3572 964 3636 Christiani,
996 3581 1054 3628 et
1091 3571 1142 3625 in
1174 3572 1291 3627 loco
1317 3573 1478 3626 solito
1507 3570 1958 3636 consedissemus,

367 3673 524 3724 ortus
541 3673 625 3722 est
647 3679 827 3720 sermo
849 3665 919 3720 de
937 3663 1194 3733 religione
1214 3663 1516 3719 Christiana
1543 3663 1800 3720 adversus
1821 3677 1961 3734 prse-

369 3757 729 3826 sumptionem
751 3765 812 3814 et
839 3764 1090 3827 tauquam
1117 3755 1308 3811 miram
1335 3765 1390 3811 et
1417 3771 1662 3828 magnam
1683 3757 1962 3812 scientiam

371 3847 743 3919 Paganorum;
775 3861 936 3918 quem
966 3846 1306 3902 recordatum
1335 3856 1496 3919 atque
1519 3847 1842 3920 completum
1873 3847 1961 3902 lit-

373 3943 506 4000 teris
531 3939 893 3998 mandandum
919 3941 1122 4012 putavi,
1152 3955 1258 3996 non
1287 3942 1558 4011 expressis
1587 3941 1962 3996 contradicen-

375 4031 506 4090 tium
551 4033 816 4102 personis,
856 4033 1098 4103 quamvis
1141 4033 1428 4088 Christiani
1470 4041 1682 4098 essent,
1712 4041 1766 4088 et
1795 4034 1963 4104 magis

371 4123 792 4183 contradicendo
823 4138 1070 4194 quaerere
1105 4124 1416 4180 viderentur
1451 4124 1579 4195 quid
1628 4123 1852 4196 Paganis
1879 4141 1966 4179 re-

369 4213 631 4286 sponderi
664 4224 952 4286 oporteret.
981 4215 1116 4272 Cum
1146 4231 1275 4288 ergo
1307 4216 1376 4272 de
1401 4213 1728 4272 divinatione
1757 4215 1962 4272 daemo-

371 4322 506 4367 num
540 4316 893 4378 quaeretur,
936 4317 990 4368 et
1031 4307 1393 4364 affirmaretur
1432 4307 1744 4378 praedixisse
1781 4309 1965 4364 nescio

375 4413 561 4470 quem,
589 4398 925 4458 eversionem
954 4399 1138 4469 templi
1163 4399 1400 4471 Serapis,
1417 4413 1537 4470 quae
1566 4399 1618 4454 in
1645 4399 1963 4456 Alexandria

371 4489 514 4550 facta
533 4499 647 4559 est;
678 4491 951 4562 respondi,
979 4507 1084 4547 non
1109 4506 1230 4548 esse
1257 4491 1560 4546 mirandum
1577 4492 1621 4547 si
1637 4492 1792 4547 istam
1813 4507 1967 4548 ever-

373 4582 584 4642 sionem
619 4582 806 4654 templi
837 4593 891 4640 et
915 4582 1184 4640 simulacri
1213 4583 1294 4638 sui
1322 4583 1638 4638 imminere‘
1669 4583 1960 4649 dznmones,

370 4683 431 4736 et
469 4675 608 4736 scire
648 4684 706 4734 et
743 4675 1036 4746 pmdieere
1080 4663 1396 4746 patuerunt,
1448 4675 1584 4731 sicut
1629 4675 1730 4730 alia
1777 4677 1960 4743 multa,

371 4775 634 4840 quantum
659 4767 742 4826 eis
770 4782 932 4823 nosse
955 4776 1011 4822 et
1039 4767 1397 4838 pramuntiare
1427 4768 1768 4838 permittitur.

444 4861 500 4918 2.
530 4859 598 4920 Et
637 4875 762 4920 cum
798 4861 930 4916 mihi
976 4859 1282 4928 referretur,
1314 4861 1429 4916 Non
1473 4875 1604 4931 ergo
1641 4870 1764 4916 sunt
1813 4860 1966 4914 malae

374 4950 734 5010 divinationes
760 4951 1097 5023 huiusmodi,
1126 4966 1226 5007 nec
1255 4951 1366 5006 Deo
1390 4950 1700 5021 displicent;
1731 4951 1964 5020 alioquin

373 5043 718 5114 omnipotens
761 5051 818 5100 et
861 5043 1038 5114 justus
1077 5043 1178 5100 ista
1223 5041 1338 5097 ﬁeri
1383 5055 1488 5095 non
1527 5043 1880 5112 permitteret,
1920 5041 1964 5095 si

373 5137 516 5194 mala
539 5145 596 5192 et
619 5135 812 5208 injuste
831 5145 1050 5194 essent:
1074 5134 1346 5205 respondi,
1378 5147 1484 5188 non
1515 5134 1634 5188 ideo
1664 5135 1778 5189 htec
1797 5132 1964 5188 videri

369 5229 514 5301 iusta
536 5228 754 5294 debere,
784 5229 926 5300 quod
965 5244 1028 5284 ea
1073 5227 1187 5284 ﬁeri
1227 5227 1482 5298 permittit
1507 5227 1966 5297 omnipotentissi-

1188 2988 1468 3042 daunouum
1484 2984 1828 3047 divinationes,
1849 2997 2003 3041 curve
2021 2984 2270 3038 interdum
2290 3000 2444 3050 verm,
2469 2984 2586 3040 licet
2606 2984 2898 3054 plerumque
2923 2989 3078 3042 false.

2071 3127 2190 3166 mus
2220 3123 2270 3167 et
2300 3113 2625 3182 iustissimus
2654 3113 2794 3170 Deus
2829 3133 2844 3170 :
2871 3131 2992 3170 nam
3023 3125 3078 3172 et
3102 3117 3207 3174 alia
3235 3117 3404 3176 multa
3432 3123 3664 3186 manife-

2067 3204 2299 3258 stissime
2327 3205 2520 3272 iujusta
2553 3205 2686 3272 fieri,
2705 3207 2839 3262 sicut
2859 3207 3168 3276 homicidia,
3187 3210 3474 3281 adulteria,
3497 3215 3658 3284 furta,

2071 3293 2304 3362 rapinas,
2357 3302 2413 3348 et
2459 3303 2652 3350 extera
2695 3296 3034 3367 huiusmodi,
3074 3315 3194 3374 quae
3247 3305 3488 3374 quamvis
3519 3307 3666 3381 iu5to

2071 3383 2200 3449 Deo,
2232 3397 2298 3438 eo
2341 3384 2480 3455 quod
2529 3385 2724 3456 injusta
2772 3397 2916 3456 sunt,
2949 3390 3068 3446 sine
3110 3389 3440 3454 dubitatione
3475 3395 3666 3470 displi-

2067 3482 2258 3540 ceant;
2287 3473 2427 3530 idem
2460 3485 2636 3532 tamen
2663 3477 3004 3549 omnipotens
3040 3497 3102 3536 ea
3138 3481 3252 3538 ﬁeri
3301 3495 3446 3544 certa
3477 3485 3666 3557 judicii

2067 3567 2149 3622 sui
2179 3567 2383 3622 ratione
2407 3569 2698 3638 permittit;
2730 3585 2837 3625 non
2869 3571 3051 3646 utique
3087 3573 3324 3644 impune,
3363 3577 3458 3636 sed
3483 3579 3550 3638 ad
3569 3595 3665 3639 eo-

2067 3673 2186 3712 rum
2229 3659 2646 3726 damnationem,
2693 3675 2723 3714 a
2773 3660 2964 3732 quibus
3014 3661 3150 3722 ﬁunt
3199 3681 3319 3736 qua:
3379 3667 3666 3742 displicent

2065 3750 2230 3819 justo.

2140 3846 2192 3900 3.
2229 3845 2433 3898 Etcum
2465 3859 2496 3899 e
2524 3843 2792 3900 contrario
2821 3843 3110 3914 diceretur,
3143 3861 3249 3901 non
3287 3847 3502 3920 quidem
3537 3864 3662 3910 esse

2069 3933 2418 3988 dubitandum
2448 3933 2587 4004 quod
2621 3933 2958 4004 onmipotens
2986 3945 3040 3990 et
3062 3935 3240 4006 justus
3269 3937 3338 3992 sit
3364 3937 3506 3998 Deus
3529 3957 3542 3994 :
3565 3941 3664 4000 sed

2071 4026 2185 4079 inec
2215 4025 2442 4078 humana
2474 4035 2720 4095 peccata,
2749 4039 2868 4098 quae
2911 4034 3098 4083 contra
3130 4028 3444 4094 societatem
3491 4031 3664 4090 homi-

2070 4131 2195 4173 num
2224 4117 2430 4183 tierent,
2459 4132 2568 4172 non
2599 4132 2718 4174 eum
2749 4133 2940 4175 curare
2983 4118 3108 4176 dum
3137 4118 3346 4192 fierent,
3375 4133 3664 4196 propterea

2069 4227 2134 4267 ea
2161 4226 2317 4282 posse
2341 4210 2487 4276 ﬂeri;
2519 4227 2637 4283 qua:
2663 4212 2844 4284 utique
2871 4211 2984 4268 fieri
3013 4227 3117 4268 non
3143 4225 3383 4286 possent,
3409 4217 3454 4274 si
3481 4221 3660 4278 omni-

2069 4313 2257 4374 potens
2279 4320 2385 4362 uon
2409 4304 2622 4362 sivisset
2645 4324 2657 4361 :
2679 4305 2766 4362 illa
2793 4321 2920 4362 vero
2947 4322 3066 4378 qum
3090 4307 3158 4364 ad
3186 4307 3362 4382 ipsum
3391 4311 3663 4388 religionis

2069 4397 2268 4453 cultum
2300 4399 2585 4470 pertinent,
2619 4399 2766 4455 nullo
2801 4399 2963 4456 modo
2992 4400 3060 4457 ab
3088 4415 3154 4458 eo
3181 4402 3509 4462 credendum
3541 4421 3664 4466 esse

2069 4493 2368 4558 contemni;
2395 4508 2456 4548 ac
2487 4508 2582 4562 per
2618 4493 2720 4547 hoc
2766 4492 2876 4547 ﬁeri
2918 4509 3022 4548 non
3049 4494 3306 4564 potuisse.
3343 4496 3444 4553 nisi
3470 4497 3518 4555 ei
3546 4499 3662 4572 pla-

2069 4585 2325 4651 cuissent,
2350 4595 2402 4639 et
2430 4583 2550 4638 ideo
2580 4600 2640 4637 ca
2673 4583 2807 4638 mala
2832 4585 3002 4653 putari
3035 4599 3138 4640 non
3163 4595 3412 4656 oporwre
3432 4604 3444 4640 :
3463 4588 3532 4646 ad
3557 4589 3664 4650 hoc

2069 4691 2280 4748 quoque
2311 4673 2557 4746 respondi
2585 4691 2596 4725 ε
2622 4673 2771 4727 Nunc
2798 4688 2926 4746 ergo
2955 4673 3004 4729 ei
3037 4675 3342 4744 displicent,
3374 4691 3495 4736 cum
3527 4688 3662 4736 tem-

2071 4767 2156 4836 pla
2185 4775 2237 4820 et
2276 4765 2558 4819 simulacra
2588 4773 2919 4830 evertuntur,
2961 4776 3014 4820 et
3057 4765 3144 4822 illa
3173 4767 3421 4826 Gentium
3451 4771 3662 4830 sacriﬁ-

2069 4857 2172 4920 cia,
2214 4856 2258 4910 si
2301 4856 2434 4910 facta
2487 4854 2702 4916 fuerint,
2746 4856 3055 4926 puniuntur.
3091 4858 3240 4916 Sicut
3280 4861 3424 4918 enim
3467 4862 3664 4922 dicitur

2070 4966 2175 5005 non
2224 4965 2287 5005 ea
2339 4950 2451 5004 fieri
2494 4950 2748 5020 potuisse,
2787 4951 2886 5008 nisi
2932 4951 3039 5006 Deo
3083 4952 3514 5022 placuissent,et
3543 4955 3667 5014 ideo

2070 5045 2208 5099 bona
2249 5043 2504 5113 putanda,
2534 5046 2786 5114 quoniam
2813 5045 2960 5114 justo
2988 5045 3231 5116 placent;
3261 5047 3332 5104 ita
3363 5049 3464 5104 dici
3485 5060 3658 5123 potest
3747 5097 3764 5108 _

2072 5151 2178 5190 non
2204 5151 2264 5188 ea
2293 5135 2582 5203 prohiberi,
2603 5137 2792 5202 everti,
2815 5137 2986 5204 puniri
3019 5139 3273 5206 potuisse,
3301 5142 3400 5196 nisi
3425 5141 3532 5200 Deo
3555 5144 3658 5202 dis-

2075 5227 2332 5296 plicerent
2363 5245 2374 5278 :
2407 5241 2468 5280 ac
2501 5242 2594 5296 per
2620 5226 2722 5281 hoc
2749 5227 2793 5282 si
2816 5235 2940 5282 tunc
2969 5226 3088 5284 ideo
3117 5241 3260 5288 recte
3291 5231 3507 5302 fiebant,
3535 5237 3660 5306 quia

1555 5335 1844 5376 ADMONITIO
1879 5335 1960 5376 PP.
2001 5334 2480 5375 BEXEDICTINORUH.

433 5417 578 5468 Liber
600 5417 666 5469 de
683 5418 983 5468 Divinatione
999 5425 1276 5467 Dtemonum
1296 5411 1578 5478 recognitus
1601 5417 1679 5478 est
1700 5411 1760 5461 ad
1785 5411 2094 5478 exemplaria
2105 5412 2338 5478 Vaticana
2349 5411 2456 5472 tria,
2496 5417 2548 5462 et
2569 5411 2642 5478 ad
2651 5409 2885 5478 Gallicana
2910 5421 3123 5478 septem,
3147 5415 3244 5466 duo
3281 5415 3468 5478 scilicet
3503 5419 3660 5476 nouli-

373 5480 656 5542 nicanorum
679 5479 1020 5542 Parisiensium
1042 5480 1120 5528 via
1135 5478 1356 5542 incohes,
1382 5474 1619 5542 Navarrici
1635 5476 1868 5542 gymnasii
1891 5474 2060 5542 unum,
2083 5476 2202 5524 item
2227 5474 2440 5535 Regium,
2461 5474 2806 5537 Remigianum,
2824 5474 3174 5535 Michaelinum,
3194 5483 3245 5528 et
3259 5477 3584 5542 Floriacense;
3601 5474 3661 5530 ad

374 5539 620 5615 lectiones
641 5541 888 5593 variantes
908 5541 1056 5592 trium
1078 5536 1378 5604 Belgica-um
1399 5538 1524 5601 apud
1548 5536 1659 5587 ιονί
1673 5536 1734 5586 ’ρι
1757 5536 1816 5586 ad
1841 5537 2084 5586 editiones
2105 5544 2207 5584 Am.
2233 5543 2305 5586 Er.
2334 5542 2386 5586 et
2403 5543 2512 5588 [ιον.

453 5625 972 5708 Comparact‘mus
1004 5634 1304 5708 pmterea
1333 5643 1430 5685 eas
1463 5642 1666 5686 omnes
1691 5621 1990 5686 editiones
2016 5621 2204 5684 init-io
2234 5623 2405 5684 Retr.
2436 5631 2492 5682 et
2515 5620 2800 5688 Confess.
2840 5630 2886 5684 ε.
2921 5624 2981 5698 1,
3017 5633 3403 5694 memoratas,
3489 5626 3577 5688 M.

443 5727 517 5853 Ea)
541 5728 754 5791 Scriptus
775 5730 907 5801 inter
929 5741 1107 5778 annum
1131 5727 1222 5776 408
1246 5732 1298 5776 et
1323 5727 1372 5774 ti
1387 5727 1427 5800 1,.

467 5788 518 5850 b)
535 5797 741 5853 octavas
760 5789 1386 5853 bapthrtmsolemnes
1409 5803 1422 5836 ι

467 5785 518 5850 θ)
534 5785 741 5854 octavas
760 5789 1386 5854 baptizsttm_mlemnes
1409 5789 1456 5854 in
1494 5785 1843 5854 [inanitate-aliis
1859 5792 2088 5854 niletttorat
2117 5785 2244 5831 loris.
2276 5794 2293 5828 ι
2312 5789 2352 5833 ill
2377 5804 2386 5816 ι
2413 5797 2570 5835 notam
2595 5787 2652 5835 ad
2677 5800 2952 5836 sermonem
2976 5787 3082 5844 280,
3107 5795 3220 5836 tom.
3246 5788 3293 5837 5.

450 5845 467 5883 ί
501 5845 580 5904 ξω
599 5858 709 5902 Bs.
735 5859 793 5902 At
815 5845 955 5912 editi,
975 5849 1266 5902 eversionem
1288 5848 1452 5908 templi
1475 5846 1748 5900 simulacris
1768 5847 1866 5898 suis
1897 5845 2154 5896 ἱηυηὺιιινιι.
