4140 6216
527 276 635 333 585

523 395 670 467 justo
697 392 804 447 Deo
834 389 1044 462 placere
1072 387 1196 443 hinc
1236 384 1674 448 ostendebantnr,
1717 380 1859 450 quod
1907 378 1973 432 ab
2025 377 2114 431 illo

530 485 642 540 ﬁeri
680 482 1020 544 sinebantur;
1054 478 1174 534 ideo
1214 491 1355 531 nunc
1403 476 1582 545 inique
1636 473 1784 536 ﬁunt,
1838 470 1962 540 quia
2005 469 2114 524 Deo

529 577 811 646 displicere
858 574 983 628 hinc
1020 571 1391 634 ostenduntur,
1441 567 1582 638 quod
1621 583 1683 621 ea
1729 565 1811 620 vel
1851 564 2002 634 jubet
2027 564 2113 618 vel

529 667 784 739 permittit
813 665 1000 720 everti.

603 756 825 814 CAPUT
865 755 928 810 Il.
955 754 1090 809 —4.
1125 753 1394 821 Sacriﬁcia
1422 752 1752 822 Paganorum
1771 748 2001 802 nonideo
2016 762 2113 815 pu-

531 850 685 903 tanda
714 849 864 911 bona,
898 849 1016 916 quia
1042 863 1101 901 ea
1129 847 1238 916 ﬁeri
1271 845 1406 898 Deus
1434 861 1532 898 non
1549 842 1822 913 impedivit.
1858 839 2116 892 Permissa

530 959 634 997 esse
653 941 714 995 ab
737 941 1091 1010 omnipotente,
1121 955 1233 1010 qua:
1253 940 1314 992 ab
1339 938 1510 992 eodem
1527 939 1671 1008 justo
1692 933 2112 1005 improbarentur.

533 1032 871 1102 Pontiﬁcales
893 1031 1007 1085 libri
1027 1047 1288 1084 sacrorum
1319 1033 1674 1100 profanorum.
1711 1024 1847 1093 Quid
1877 1026 2117 1078 hactenus

531 1133 862 1194 compertum,
896 1122 1017 1192 quid
1047 1121 1369 1174 tractandum
1403 1120 1656 1190 deinceps.
1685 1119 1881 1173 Contra
1911 1117 2010 1171 hoc
2037 1115 2118 1170 di~

531 1223 675 1269 ctum
705 1221 806 1277 est,
839 1212 1030 1282 injusta
1057 1211 1271 1282 quidem
1313 1225 1430 1267 esse
1475 1226 1617 1265 nunc
1652 1210 1772 1274 ista,
1801 1223 1908 1263 non
1939 1217 2117 1262 tamen

533 1306 702 1371 mala;
725 1314 779 1360 et
799 1304 921 1359 ideo
946 1303 1164 1374 injusta,
1189 1304 1310 1373 quia
1339 1310 1525 1358 contra
1553 1304 1698 1374 leges
1724 1301 1914 1372 quibus
1937 1299 2118 1371 prohi-

518 1401 726 1457 bentur
753 1399 918 1465 ﬁunt;
949 1398 1069 1454 ideo
1094 1408 1272 1453 autem
1310 1413 1416 1452 non
1465 1397 1623 1464 mala,
1657 1397 1777 1466 quia
1803 1396 1847 1450 si
1869 1395 2003 1448 mala
2034 1408 2119 1448 es-

533 1502 671 1559 sent,
701 1505 968 1561 nunquam
1001 1491 1110 1545 Deo
1139 1490 1323 1560 utique
1350 1489 1702 1559 placuissent:
1725 1501 1885 1556 porro
1907 1486 1950 1540 si
1980 1501 2118 1538 nun-

532 1599 690 1654 quam
721 1583 1068 1653 placuissent,
1096 1597 1366 1652 nunquam
1392 1590 1445 1636 et
1486 1580 1624 1635 facta
1665 1588 1867 1645 essent,
1893 1579 1985 1632 illo
2012 1592 2118 1632 non

533 1677 742 1732 sinente
769 1675 860 1745 qui
886 1675 1062 1728 omnia
1087 1682 1284 1744 potest,
1314 1681 1369 1728 et
1388 1673 1478 1743 qui
1510 1673 1630 1727 talia
1665 1657 1778 1726 non'
1799 1679 2115 1726 contemne-

531 1776 649 1833 ret;
676 1765 889 1837 quando
913 1775 1018 1820 tam
1044 1779 1234 1836 magna
1261 1773 1405 1830 sunt,
1425 1772 1682 1818 utcontra
1709 1763 1876 1831 ipsam
1903 1760 2118 1830 religio~

532 1873 654 1914 nem
701 1872 803 1928 qua
853 1858 994 1912 Deus
1033 1857 1226 1912 colitur
1273 1857 1482 1922 ﬁerent,
1515 1856 1558 1911 si
1602 1855 1739 1909 male
1783 1854 1992 1909 ﬁerent.
2025 1853 2119 1908 Hic

533 1963 667 2020 ego:
690 1948 747 2003 Si
778 1956 1081 2018 propterea,
1115 1948 1350 2016 inquam,
1380 1946 1515 2000 mala
1543 1960 1647 1999 non
1680 1953 1824 2009 sunt,
1852 1945 1972 2014 quia
2005 1943 2118 1998 Deo

536 2042 749 2114 placere
797 2042 922 2096 hinc
961 2040 1273 2111 probantur,
1303 2039 1442 2110 quod
1473 2054 1536 2094 ea
1568 2039 1683 2094 ﬁeri
1711 2038 1839 2093 sinit
1873 2037 2117 2106 omnipo-

536 2145 688 2202 tens;
715 2134 984 2207 quomodo
1011 2135 1113 2190 erit
1155 2134 1352 2188 bonum
1389 2133 1528 2203 quod
1559 2132 1668 2187 ﬁeri
1699 2132 2046 2201 prohibentur
2066 2139 2121 2184 et

533 2225 885 2283 evertuntur?
908 2225 965 2281 Si
993 2233 1170 2280 autem
1214 2225 1411 2279 bonum
1445 2239 1548 2278 non
1590 2233 1671 2278 est
1695 2222 1837 2292 quod
1866 2229 2118 2277 evertun-

534 2325 623 2372 tur
645 2332 764 2387 qua:
803 2317 914 2372 Deo
945 2316 1175 2386 placent,
1211 2315 1312 2370 hoc
1341 2315 1452 2369 ﬁeri
1488 2330 1591 2367 non
1633 2315 1832 2368 sineret
1872 2313 2118 2383 omnipo-

535 2407 831 2477 tens;quia
870 2415 924 2462 et
972 2407 1072 2460 hoc
1106 2415 1288 2460 contra
1335 2405 1645 2475 religionem
1691 2403 1750 2456 ﬁt
1790 2417 1893 2473 qua
1928 2403 2120 2458 colitur

533 2499 697 2564 Deus,
723 2499 767 2554 si
791 2514 853 2554 ea
870 2513 989 2568 qua:
1009 2497 1121 2554 Deo
1146 2498 1353 2568 placent
1371 2499 1438 2552 ab
1461 2497 1763 2552 hominibus
1785 2505 2115 2552 evertuntur.

534 2589 591 2646 Si
624 2599 799 2645 autem
827 2587 930 2644 hoc
955 2599 1014 2644 ut
1047 2589 1185 2644 male
1215 2589 1305 2643 ﬁat
1336 2589 1594 2658 permittit
1621 2590 1980 2658 omnipotens,
2011 2604 2117 2643 non

533 2680 655 2737 ideo
689 2680 921 2752 putanda
965 2688 1092 2735 sunt
1135 2681 1225 2736 illa
1264 2680 1402 2735 bona
1440 2680 1581 2750 quod
1626 2696 1687 2734 ea
1736 2680 1850 2735 ﬁeri
1880 2680 2120 2749 permisit

534 2771 892 2842 omnipotens.
1381 2836 1384 2839 _

604 2865 658 2920 5.
689 2863 896 2920 Dictum
915 2871 1100 2918 contra
1129 2871 1232 2929 est,
1255 2863 1656 2918 concedendum
1687 2877 1809 2918 esse
1847 2879 1990 2920 nunc
2019 2865 2118 2920 ista

534 2962 685 3012 recte
713 2969 818 3010 non
849 2954 986 3022 ﬁeri,
1016 2955 1124 3009 imo
1153 2953 1272 3009 ideo
1302 2969 1520 3024 prorsus
1544 2954 1652 3024 jam
1683 2969 1787 3008 non
1819 2955 1952 3020 ﬁeri,
1976 2956 2120 3026 quod

534 3047 887 3118 omnipotenti
932 3061 1074 3101 nunc
1112 3045 1425 3116 displicent;
1460 3057 1828 3100 verumtamen
1860 3047 2120 3116 placuisse

533 3155 654 3196 cum
688 3138 912 3194 ﬁerent:
939 3151 1038 3193 nos
1067 3137 1215 3193 enim
1246 3138 1453 3192 nescire
1483 3137 1622 3193 unde
1649 3147 1772 3193 tunc
1801 3139 2114 3208 placuerint,

534 3246 678 3287 nunc
697 3239 876 3286 autem
906 3229 1047 3285 unde
1068 3229 1382 3300 displiceant
1403 3246 1415 3293 ;
1450 3229 1576 3283 dum
1609 3239 1782 3285 tamen
1802 3240 2008 3285 certum
2025 3231 2116 3298 sit,

535 3339 635 3380 nec
663 3333 789 3378 tunc
819 3323 932 3377 ﬁeri
980 3322 1217 3392 potuisse
1259 3323 1359 3376 nisi
1390 3323 1715 3392 placuissent
1744 3323 2117 3393 omnipotenti,

537 3431 637 3472 nec
663 3430 804 3471 nunc
829 3429 1070 3470 cessasse
1093 3414 1191 3468 nisi
1223 3413 1618 3483 displicuissent
1644 3416 2014 3484 omnipotenti.
2037 3416 2120 3472 Ad

536 3507 798 3576 hocego:
823 3505 929 3560 Cur
969 3520 1117 3574 ergo,
1148 3504 1384 3573 inquam,
1428 3515 1483 3558 et
1526 3521 1665 3560 nunc
1717 3506 1838 3560 talia
1876 3506 2120 3563 clanculo

537 3595 691 3662 ﬁunt,
730 3611 850 3666 quae
877 3596 962 3650 vel
1007 3604 1263 3666 perpetuo
1303 3595 1643 3660 delitescunt,
1675 3598 1757 3650 vel
1787 3597 2121 3668 deprehensa

537 3687 848 3759 puniuntur,
877 3688 919 3741 si
948 3686 1078 3742 nihil
1110 3687 1299 3741 horum
1331 3687 1442 3742 ﬁeri
1473 3687 1599 3741 sinit
1626 3689 1987 3758 omnipotens,
2017 3690 2120 3745 nisi

537 3781 680 3853 quod
711 3782 758 3838 ei
791 3782 936 3852 justo
966 3780 1161 3852 placet,
1194 3796 1316 3836 cum
1352 3779 1498 3851 justo
1545 3780 1686 3852 quod
1735 3781 1989 3852 injustam
2039 3792 2123 3838 est

539 3875 747 3946 placere
773 3887 877 3928 non
907 3873 1106 3943 possit?
1135 3871 1333 3928 Contra
1364 3871 1463 3927 hoc
1491 3873 1690 3928 dictum
1713 3883 1815 3938 est,
1847 3889 1988 3929 nunc
2005 3889 2122 3930 om-

536 3966 664 4021 nino
706 3965 826 4019 talia
878 3979 986 4019 non
1029 3963 1145 4019 ﬁeri
1192 3981 1204 4016 :
1246 3964 1407 4019 Sacra
1449 3964 1591 4019 enim
1641 3964 1753 4031 illa,
1795 3964 1984 4035 inquit,
2016 3980 2121 4021 non

538 4056 698 4122 ﬁunt,
727 4070 847 4126 qua:
891 4053 1284 4124 pontiﬁcalibus
1327 4055 1628 4124 conscripta
1677 4064 1800 4110 sunt
1845 4056 2122 4112 libriszea

537 4148 734 4218 quippe
773 4156 899 4200 tunc
936 4155 1082 4201 recte
1123 4145 1342 4210 ﬁebant,
1388 4161 1452 4200 ea
1493 4155 1618 4200 tunc
1647 4147 1754 4201 Deo
1781 4147 1994 4218 placere
2019 4148 2121 4204 de-

539 4238 993 4302 monstrabantur,
1022 4251 1090 4291 eo
1118 4237 1234 4305 ipso
1274 4236 1416 4304 quod
1459 4237 1527 4290 ab
1555 4239 1919 4308 omnipotente
1947 4254 2010 4294 ac
2031 4240 2122 4310 ju-

540 4339 624 4388 sto
651 4329 762 4386 ﬁeri
794 4328 1106 4383 sinebantur
1142 4345 1156 4380 :
1194 4328 1239 4382 si
1278 4327 1403 4397 quid
1450 4336 1626 4384 antem
1657 4345 1798 4384 nunc
1826 4331 2124 4400 prohibito-

540 4437 658 4478 rum
709 4417 1092 4475 sacriﬁciorum
1140 4418 1198 4473 ﬁt
1235 4419 1442 4474 occulte
1480 4428 1638 4489 atque
1682 4421 1881 4486 illicite,
1913 4438 2017 4478 non
2041 4431 2125 4479 est

541 4514 619 4570 illi
673 4511 961 4584 pontiﬁcali
1018 4510 1400 4567 sacriﬁciorum
1451 4512 1633 4583 generi
1685 4513 2118 4582 comparandum,

528 4605 636 4663 sed
663 4607 714 4661 in
742 4619 807 4661 co
831 4603 1190 4674 deputandum
1210 4646 1223 4671 ,
1254 4603 1394 4674 quod
1425 4605 1584 4659 etiam
1618 4615 1879 4660 nocturno
1907 4606 1963 4660 ﬁt
1993 4616 2125 4662 tem-

542 4714 704 4771 pore;
728 4712 850 4752 cum
883 4697 996 4750 haec
1021 4696 1198 4750 omnia
1237 4696 1420 4751 illicita
1466 4697 1594 4766 ipsis
1638 4697 2028 4766 pontiﬁcalibus
2058 4701 2121 4754 Ii-

541 4791 652 4847 bris
669 4799 872 4845 certum
888 4789 957 4843 sit
979 4788 1249 4858 prohiberi
1272 4797 1428 4858 atque
1446 4788 1707 4842 damnari.
1729 4789 1824 4845 llic
1841 4791 2120 4860 respondi:

539 4881 649 4938 Cur
674 4894 802 4950 ergo
828 4878 910 4933 vel
944 4878 1066 4932 talia
1097 4879 1514 4947 permittitDeus
1534 4878 1672 4946 ﬁeri,
1702 4880 1746 4933 si
1773 4880 1904 4934 nihil
1933 4881 2122 4936 horum

542 4972 939 5028 malefactorum
1006 4969 1302 5024 contenmit
1374 4985 1490 5040 qua:
1563 4979 1749 5024 contra
1813 4972 2123 5042 religionem

543 5066 704 5130 ﬁunt;
746 5080 865 5119 cum
909 5063 1205 5134 praesertim
1244 5062 1356 5116 haec
1404 5078 1525 5116 cum
1569 5078 1757 5119 curare
1802 5063 1925 5119 hinc
1963 5067 2124 5120 etiam

539 5167 796 5230 cogantur
814 5157 1109 5212 concedere
1130 5156 1217 5227 qui
1243 5155 1573 5226 pontiﬁcales
1599 5156 1764 5212 libros
1787 5159 1959 5229 magni
1989 5158 2127 5215 acsti-

539 5257 708 5312 mant,
737 5247 877 5318 quod
899 5263 959 5302 ea
985 5263 1102 5317 quac
1121 5247 1204 5300 his
1230 5247 1381 5300 libris
1403 5246 1770 5316 prohibentur,
1797 5251 1974 5318 utique
1995 5264 2123 5318 pro-

540 5340 710 5397 hibcri
756 5339 1008 5396 divinitus
1055 5339 1338 5393 asserunt?
1381 5338 1661 5406 Quomodo
1702 5355 1831 5412 ergo
1873 5342 2124 5397 divinitus

540 5431 906 5503 prohibentur,
933 5429 1032 5485 nisi
1055 5429 1174 5499 quia
1197 5429 1480 5500 displicent
1504 5432 1632 5494 Deo,
1656 5449 1774 5502 quae
1796 5434 1978 5504 utique
1998 5450 2123 5505 pro-

541 5522 775 5579 hibendo
801 5538 906 5577 non
933 5521 1104 5577 solum
1141 5521 1242 5576 sibi
1288 5521 1595 5591 displicere,
1624 5540 1807 5579 verum
1839 5527 1996 5581 etiam
2025 5543 2122 5582 cu-

540 5629 661 5670 rare
698 5629 756 5668 se
800 5613 1054 5680 ostendit,
1087 5628 1259 5684 neque
1298 5615 1519 5669 omnino
1558 5619 1942 5674 contemnere?
1971 5619 2122 5676 Unde

541 5705 807 5777 colligitur
849 5706 988 5777 quod
1030 5705 1169 5762 Deus
1214 5704 1414 5776 aliquid
1464 5716 1516 5762 et
1562 5709 1824 5779 improbet
1847 5711 2039 5780 justus,
2067 5723 2122 5768 et

1413 266 1501 323 DE
1549 260 1984 322 DlVlNATlONE
2024 256 2404 325 DEMONUM,
2447 259 2503 314 S.
2545 258 2912 317 AUGUSTINI

3691 266 3808 327 584

2221 383 2396 430 tamen
2427 376 2698 444 permittat
2726 377 3087 447 omnipotens.

2293 468 2344 521 6.
2380 466 2503 521 Haec
2529 482 2649 522 cum
2679 468 2818 524 dicta
2861 476 3063 534 essent,
3092 481 3313 525 concess
3325 484 3414 526 um
3444 481 3531 528 est
3555 487 3662 530 non
3692 474 3818 533 ideo

2221 559 2509 628 putandum
2549 561 2746 631 aliquid
2778 561 2922 629 juste
2949 576 3011 616 ac
3034 561 3170 618 bene
3196 562 3336 630 ﬁeri,
3359 563 3482 636 quia
3507 564 3610 622 hoc
3637 570 3816 625 omni-

2221 661 2431 720 potens,
2459 654 2702 723 quamvis
2729 654 2776 708 ei
2810 653 3111 724 displiceat,
3141 655 3258 710 ﬁeri
3291 666 3466 714 tamen
3497 659 3625 714 sinit
3651 661 3692 726 ¹;
3721 661 3805 717 fa-

2221 744 2547 816 tendumque
2576 761 2696 801 esse
2725 747 2885 801 etiam
2919 748 3006 802 illa
3043 749 3183 803 mala
3224 765 3344 820 qua:
3372 761 3556 808 contra
3582 755 3802 826 religio-

2222 851 2342 890 nem
2373 852 2479 907 qua
2503 838 2695 892 Colitur
2723 839 2862 894 Deus
2883 839 3036 907 ﬁunt,
3057 849 3114 896 et
3132 840 3412 912 diSplicere
3435 845 3542 899 Deo
3559 845 3726 915 justo,
3755 857 3811 905 et

2222 927 2431 982 ratione
2466 927 2649 997 judicii
2698 929 2817 998 ejus
2859 930 2926 984 ab
2965 932 3330 1002 omnipotente
3374 939 3605 1006 permitti
3655 957 3668 992 :
3713 940 3809 996 sed

2221 1018 2362 1072 aliud
2392 1019 2500 1088 jam
2550 1034 2668 1076 esse
2711 1022 3065 1091 tractandum,
3115 1025 3255 1080 unde
3303 1027 3409 1081 sint
3453 1027 3810 1090 divinationes

2221 1109 2302 1164 vel
2333 1108 2658 1176 daemonum,
2688 1112 2768 1167 vel
2797 1113 3020 1182 quilibet
3047 1115 3124 1169 illi
3154 1117 3260 1171 sint
3285 1133 3420 1187 quos
3448 1118 3577 1174 deos
3608 1121 3808 1190 Pagani

2223 1202 2760 1258 vocantzvidendum
2799 1205 2943 1259 enim
2987 1222 3106 1262 esse
3153 1223 3220 1262 ne
3263 1208 3416 1275 forte,
3455 1226 3559 1265 non
3589 1214 3809 1282 quidem

2222 1301 2502 1364 propterea
2550 1295 2664 1350 lucc
2705 1296 2842 1350 bona
2879 1298 3110 1366 putanda
3139 1300 3266 1366 sint,
3297 1301 3418 1371 quia
3447 1318 3508 1357 ea
3541 1303 3652 1359 ﬁeri
3683 1321 3810 1375 per-

2223 1386 2384 1439 mittit
2407 1387 2778 1456 omnipotens;
2810 1389 2903 1444 sed
2931 1389 3048 1445 ideo
3078 1392 3199 1460 quia
3233 1400 3338 1446 tam
3365 1409 3555 1465 magna
3585 1407 3727 1463 sunt,
3749 1407 3810 1454 ut

2223 1491 2328 1530 non
2376 1477 2476 1532 nisi
2516 1477 2608 1532 Dei
2654 1479 2904 1546 potentiae
2940 1481 3219 1536 tribuenda
3249 1497 3367 1538 esse
3392 1485 3695 1542 videantur.
3723 1489 3806 1546 Ad

2223 1566 2326 1622 hoc
2353 1584 2438 1623 me
2465 1577 2650 1638 postea
2692 1585 3078 1639 responsurum
3118 1588 3237 1628 esse
3279 1577 3521 1645 promisi,
3555 1581 3808 1649 quoniam

2225 1666 2350 1714 tunc
2370 1659 2500 1714 hora
2529 1661 2825 1730 prodeundi
2854 1662 2920 1717 ad
2950 1665 3203 1734 populum
3246 1665 3356 1735 jam
3403 1683 3503 1722 nos
3543 1671 3805 1742 urgebat:

2225 1767 2322 1806 nec
2351 1752 2555 1820 distuli,
2585 1769 2708 1809 cum
2754 1756 2984 1825 spatium
3033 1757 3214 1812 datum
3262 1767 3348 1814 est
3391 1761 3658 1819 scribendi
3677 1767 3721 1833 ‘,
3753 1775 3812 1824 et

2226 1845 2309 1898 illa
2338 1855 2603 1912 retexere,
2637 1856 2691 1901 et
2717 1847 2816 1902 ista
2845 1847 3148 1904 subtexere.

2293 1937 2519 1994 CAPUT
2560 1938 2646 1993 Ill.
2668 1970 2741 1980 —
2761 1941 2812 1993 7.
2838 1940 3136 1997 Demonum
3161 1943 3404 2000 divinatio
3420 1946 3578 2002 tribus
3602 1965 3666 2004 ea:
3683 1966 3813 2006 catt-

2223 2031 2311 2085 sis.
2344 2031 2632 2085 Acrimonia
2661 2049 2858 2099 sensus,
2885 2035 3138 2090 celeritate
3173 2046 3355 2105 motus,
3386 2049 3435 2094 et
3460 2041 3701 2098 diuturna
3724 2061 3811 2100 re-

2223 2138 2334 2174 rum
2355 2124 2661 2193 experientia
2691 2125 3009 2195 prwpollent.
3039 2125 3162 2181 Non
3176 2127 3292 2182 ideo
3319 2127 3576 2186 demand
3596 2149 3806 2204 ρνωροω

2223 2213 2412 2268 nenda;
2439 2231 2545 2268 esse
2575 2215 2878 2271 hominibus.
2907 2219 3220 2274 Dzemonum
3270 2235 3334 2276 ea
3382 2232 3466 2278 est
3506 2232 3716 2294 natura,
3748 2237 3811 2285 ut

2222 2307 2350 2362 aerii
2392 2309 2631 2378 corporis
2679 2324 2839 2365 sensu
2881 2319 3214 2368 terrenarum
3255 2328 3541 2384 corporum
3588 2333 3806 2377 sensum

2223 2396 2376 2454 facile
2415 2399 2750 2469 praecedant;
2783 2400 3057 2458 celeritate
3103 2403 3265 2459 etiam
3306 2413 3523 2476 propter
3561 2409 3804 2480 ejusdem

2221 2489 2355 2544 aerii
2406 2493 2644 2561 corporis
2695 2494 3026 2562 superiorem
3078 2496 3428 2554 mobilitatem
3477 2515 3585 2557 non
3629 2503 3805 2561 solum

2222 2596 2412 2639 cursus
2461 2585 2822 2654 quorumlibet
2863 2586 3138 2645 hominum
3180 2592 3264 2648 vel
3306 2591 3578 2663 ferarum,
3622 2612 3807 2654 verum

2223 2674 2381 2729 etiam
2403 2676 2609 2732 volatus
2625 2676 2804 2732 avium
2833 2679 3324 2751 incomparabiliter
3343 2686 3576 2742 vincant.
3600 2689 3805 2757 Quibus

2222 2763 2425 2820 duabus
2451 2768 2613 2823 rebus
2631 2778 2888 2840 quantum
2918 2771 2986 2827 ad
3015 2775 3218 2830 aerium
3245 2791 3447 2848 corpus
3472 2782 3660 2838 attinet
3679 2799 3810 2854 prae-

2221 2854 2340 2922 diti,
2369 2856 2472 2913 hoc
2499 2867 2612 2924 est,
2643 2862 2936 2918 acrimonia
2977 2879 3170 2922 sensus
3198 2875 3254 2922 et
3290 2869 3564 2928 celeritate
3607 2885 3806 2943 motus,

2222 2948 2568 3006 multa‘ante
2606 2953 2819 3023 cognita
2861 2958 3219 3024 praenuntiant
3257 2960 3339 3016 vel
3381 2963 3656 3032 nuntiant,
3685 2982 3809 3037 quae

2222 3040 2468 3098 homines
2495 3058 2593 3114 pro
2622 3061 2812 3102 sensus
2860 3050 3059 3105 terreni
3095 3051 3346 3108 tarditate
3390 3057 3670 3114 mirentur.
3697 3062 3806 3117 Ac-

2223 3133 2384 3187 cessit
2402 3134 2563 3189 etiam
2594 3135 2930 3194 daemonibus
2955 3154 3051 3209 per
3081 3150 3188 3197 tant
3219 3144 3434 3215 longum
3464 3157 3673 3219 tempus
3698 3165 3806 3221 quo

2223 3237 2410 3278 eorum
2461 3224 2566 3279 vita
2613 3228 2966 3297 protenditur,
2999 3246 3179 3287 rerum
3226 3235 3383 3307 longe
3431 3238 3604 3308 major
3637 3255 3808 3311 expe-

2222 3313 2435 3380 rientia,
2465 3331 2623 3384 quam
2669 3328 2848 3388 potest
2897 3320 3203 3378 hominibus
3249 3335 3467 3398 propter
3492 3329 3809 3388 brevitatem

2224 3407 2346 3462 vita:
2376 3411 2678 3478 provenire.
2695 3411 2800 3467 Per
2820 3412 2916 3468 has
2937 3413 3236 3473 efﬁcacias‘
3250 3435 3381 3489 quas
3409 3422 3540 3477 aerii
3567 3425 3808 3494 corporis

2224 3509 2411 3580 natura
2440 3502 2628 3557 sortita
2653 3512 2754 3570 est,
2783 3520 2892 3559 non
2917 3507 3092 3562 solum
3118 3509 3285 3565 multa
3313 3511 3486 3567 futura
3513 3515 3810 3584 prtedicunt

2223 3590 2514 3659 dar-mones,
2542 3609 2726 3649 verum
2745 3597 2904 3651 etiam
2929 3598 3094 3653 multa
3115 3599 3252 3657 mira
3277 3600 3498 3658 faciunt.
3520 3605 3648 3672 Quae
3669 3620 3806 3677 quo-

2225 3686 2367 3740 niam
2397 3685 2642 3744 homines
2665 3688 2844 3746 dicere
2871 3705 2934 3746 ac
2972 3691 3148 3749 facere
3178 3710 3285 3750 non
3328 3709 3574 3768 possunt,
3599 3718 3693 3757 eos
3721 3703 3806 3758 di-

2223 3791 2358 3848 gnos
2384 3779 2599 3848 quidam
2635 3782 2828 3852 quibus
2875 3775 3114 3840 serviani.
3157 3797 3212 3842 et
3253 3789 3446 3858 quibus
3474 3791 3685 3848 divinos
3709 3794 3810 3850 ho»

2225 3883 2385 3925 nores
2410 3869 2670 3939 deferant,
2703 3873 3048 3942 arbitrantur,
3086 3877 3372 3948 instigante
3409 3882 3638 3938 maxime
3679 3885 3808 3942 vitio

2226 3963 2563 4030 curiositatis,
2604 3975 2822 4035 propter
2867 3982 3106 4024 amorem
3153 3970 3420 4028 felicitatis
3457 3972 3604 4030 falsae
3646 3984 3811 4048 atque

2229 4063 2456 4111 terrenae
2485 4065 2540 4111 et
2565 4057 2892 4114 excellentiae
2924 4061 3288 4130 temporalis“.
3319 4062 3423 4131 Qui
3448 4073 3625 4120 autem
3656 4082 3714 4123 se
3739 4069 3809 4124 ab

2227 4145 2311 4201 his
2352 4148 2730 4218 cupiditatibus
2774 4151 3050 4216 mundant,
3081 4168 3178 4208 nec
3223 4155 3303 4209 eis
3344 4170 3404 4211 se
3445 4156 3708 4215 fallendos
3727 4175 3810 4217 ca-

2227 4238 2555 4310 piendosque
2573 4241 2594 4272 ⁶
2639 4240 2972 4311 permittunt,
2999 4244 3093 4300 sed
3126 4245 3400 4316 inquirunt
3426 4257 3481 4304 et
3503 4260 3685 4307 amant
3709 4252 3808 4308 ali-

2227 4333 2354 4402 quid
2387 4335 2528 4404 quod
2564 4334 2752 4391 eodem
2784 4337 2944 4394 modo
2967 4354 3183 4410 semper
3211 4351 3314 4408 est,
3341 4343 3492 4413 cujus
3518 4346 3812 4417 participa-

2229 4424 2372 4479 tione
2416 4424 2556 4480 beati
2598 4427 2736 4492 sint;
2772 4429 3002 4498 primum
3045 4432 3386 4488 considerant
3421 4449 3525 4488 non
3557 4435 3678 4492 ideo
3707 4440 3811 4496 sibi

2229 4515 2617 4583 praeponendos
2643 4532 2763 4574 esse
2783 4519 3073 4588 daemones,
3106 4522 3246 4591 quod
3272 4525 3478 4580 acriore
3504 4540 3667 4584 sensu
3686 4545 3811 4586 cor-

2229 4606 2375 4674 poris
2403 4608 2714 4676 prtevalent,
2746 4611 2875 4665 aerii
2905 4605 3127 4677 scilicet,
3155 4612 3259 4668 hoc
3285 4622 3369 4670 est
3395 4616 3687 4676 subtilioris
3713 4623 3811 4678 ele-

2229 4698 2396 4753 menti
2420 4699 2573 4768 :quia
2602 4716 2702 4757 nec
2727 4703 2783 4756 in
2812 4703 2938 4773 ipsis
2987 4704 3216 4759 terrenis
3257 4707 3575 4777 corporibus
3611 4711 3812 4769 bestias

2229 4791 2329 4846 sibi
2373 4797 2762 4864 prmponendas
2789 4805 2995 4867 putant,
3021 4812 3142 4868 qua:
3174 4799 3352 4855 acrius
3377 4801 3542 4857 multa
3574 4819 3814 4874 praesen-

2231 4885 2398 4969 tiunt;
2430 4887 2573 4942 velut
2592 4905 2837 4961 sagacem
2859 4907 3067 4959 canem,
3098 4893 3220 4963 quia
3249 4894 3498 4952 latentem
3532 4898 3700 4953 feram
3736 4900 3816 4954 ol-

2230 4978 2370 5035 factu
2406 4984 2668 5039 acerrimo
2692 4985 2770 5040 sic
2799 4985 3022 5055 invenit,
3054 4997 3113 5043 ut
3139 4988 3206 5044 ad
3233 5005 3351 5046 eam
3372 4991 3682 5062 capiendam
3713 4993 3815 5047 du-

2231 5082 2405 5129 catum
2429 5075 2712 5145 quemdam
2739 5077 2939 5134 homini
2971 5079 3225 5149 praebeat,
3245 5097 3348 5137 non
3375 5083 3557 5154 utique
3585 5085 3818 5155 pruden-

2299 5229 2314 5259 ί
2329 5235 2448 5302 .Duo
2470 5237 2594 5304 Mss...
2623 5232 2737 5304 quia
2758 5233 2812 5285 id
2845 5241 2992 5296 Deus,
3025 5234 3136 5288 licet
3157 5236 3220 5289 sit
3241 5237 3406 5301 justus
3438 5244 3486 5292 et
3505 5241 3818 5307 onmipotem.

2229 5290 2338 5354 ﬁeri
2359 5296 2518 5344 tamen
2539 5302 2665 5344 ama.

2319 5306 2338 5341 ι
2359 5306 2518 5344 tamen
2539 5306 2665 5344 εντα.

2294 5355 2314 5417 2
2347 5361 2397 5403 ιη
2420 5363 2544 5417 Mss,
2571 5356 2840 5408 scribendo.

2294 5416 2315 5482 ξ
2347 5418 2419 5482 sic
2439 5416 2544 5468 Mss.
2564 5420 2683 5469 Editi
2705 5427 2886 5482 autem,
2911 5421 3078 5472 multo.

2295 5477 2316 5547 ξ
2348 5478 2536 5547 Aliquot
2557 5487 2686 5540 Mss,
2709 5477 3005 5547 efﬁcientias.

2292 5541 2313 5572 ⁸
2345 5540 2570 5612 Plerique
2611 5540 2762 5612 Mss.
2796 5546 3052 5612 instigante
3094 5547 3312 5600 maximo
3347 5548 3461 5601 vitio
3489 5549 3818 5612 curiositatis,

2229 5609 2423 5678 propter
2443 5604 2929 5678 felicitatis
2961 5607 3105 5678 [atate
3131 5617 3273 5674 atque
3295 5617 3504 5664 terrente
3523 5604 3822 5668 excellentia}

2230 5668 2504 5730 temporalis
2533 5678 2550 5716 :
2574 5670 2750 5717 omissa
2782 5668 3035 5730 particula,
3061 5676 3123 5720 et.

2293 5728 2312 5759 ο
2348 5728 2572 5791 Plerique
2598 5739 2724 5789 Mss,
2743 5728 2988 5793 feriatam
3009 5728 3382 5797 rapiamque.
