4166 6208
279 313 382 375 583
1684 295 1889 354 LIBER

2008 295 2127 355 lUS.
2636 298 2641 303 ’
2854 316 2859 317 ν
3454 303 3562 367 586

281 431 416 488 tiore
464 424 741 483 intellectu
787 421 978 490 animi,
1010 417 1106 477 sed
1134 416 1370 475 acutiora
1394 415 1634 487 corporis
1657 428 1857 478 sensu;

283 521 364 578 vel
389 518 677 584 vulturem,
706 515 830 587 quia
874 512 1114 585 proiecto
1155 510 1422 566 cadavere
1461 522 1526 562 ex
1576 504 1864 576 improvisa

283 612 670 686 longinquitate
697 607 946 672 advolat;
989 621 1088 662 nec
1124 602 1376 675 aquilam,
1406 600 1532 672 quia
1566 597 1868 654 sublimiter

285 707 469 763 volans
492 705 561 760 de
589 710 736 758 tanto
780 698 1059 756 intervallo
1094 696 1195 753 sub
1217 694 1465 750 fluctibus
1494 698 1764 747 natantem
1792 688 1872 760 pi-

286 813 431 857 scem
459 797 655 853 dicitur
682 792 981 865 pervidere,
1012 799 1069 846 et
1106 789 1342 859 graviter
1366 785 1520 857 aquis
1544 784 1682 839 illisa
1710 795 1872 838 exer-

288 890 356 946 tis
394 888 619 960 pedibus
664 893 825 956 atque
867 881 1135 953 unguibus
1172 894 1401 951 rapere:
1426 892 1527 934 nec
1568 876 1668 931 alia
1708 874 1874 930 multa

250 1050 253 1057 η
290 980 640 1038 animantium
663 992 882 1050 genera,
914 990 1034 1046 quae
1061 974 1202 1029 inter
1229 970 1426 1028 herbas
1450 969 1608 1026 saluti
1638 982 1749 1023 sua:
1774 981 1874 1022 no-

291 1072 408 1128 xias
449 1068 718 1140 pascendo
741 1068 1148 1130 circumerrant,
1181 1078 1283 1119 nec
1323 1059 1524 1131 aliquid
1554 1073 1742 1115 eorum
1768 1071 1875 1128 quo

292 1161 557 1217 laedantur
584 1159 885 1229 attingunt;
916 1172 1041 1213 eum
1070 1169 1161 1212 eas
1211 1154 1370 1209 homo
1412 1151 1502 1207 viii
1552 1147 1878 1219 experiendo

294 1268 486 1311 cavere
511 1251 777 1317 didicerit,
809 1260 864 1305 et
882 1249 1049 1305 multa
1073 1247 1290 1304 innoxia
1315 1244 1457 1316 quod
1476 1244 1584 1298 sint
1604 1242 1878 1312 inexperta

293 1344 567 1401 formidet.
599 1342 753 1400 Unde
779 1341 1049 1412 conjicere
1078 1338 1238 1394 facile
1267 1347 1371 1404 est,
1398 1343 1596 1407 quanto
1623 1332 1797 1405 possit
1825 1332 1880 1386 in

295 1436 460 1492 aeriis
483 1434 799 1505 corporibus
821 1446 1012 1488 sensus
1046 1430 1225 1486 acrior
1244 1442 1365 1485 esse
1387 1444 1401 1481 :
1426 1442 1527 1482 nec
1555 1424 1677 1481 ideo
1704 1433 1881 1479 tamen

297 1527 590 1594 daemones,
616 1524 709 1596 qui
734 1538 800 1580 eo
822 1521 1034 1594 praediti
1059 1527 1207 1587 sunt,
1236 1519 1391 1574 bonis
1411 1515 1719 1571 hominibus
1749 1528 1885 1584 prac—

300 1617 578 1690 ponendos
618 1615 855 1688 prudens
889 1614 1114 1686 quisque
1136 1609 1424 1667 censuerit.
1450 1607 1564 1663 Hoc
1591 1614 1646 1661 et
1670 1605 1738 1661 de
1766 1619 1886 1660 cor-

301 1725 492 1782 porum
521 1708 797 1765 celeritate
818 1704 1084 1762 dixerim:
1112 1710 1169 1759 et
1214 1702 1317 1757 hac
1362 1702 1505 1756 enim
1555 1697 1882 1770 praistantia,

301 1816 409 1858 non
456 1801 630 1857 solum
677 1815 709 1854 a
754 1797 1063 1854 volucribus
1104 1793 1371 1858 homines,
1418 1806 1608 1847 verum
1656 1790 1819 1845 etiam
1854 1805 1886 1843 a

302 1892 488 1948 multis
525 1888 960 1962 quadrupedibus
1008 1888 1082 1941 ita
1126 1891 1469 1955 superantur,
1501 1889 1559 1936 ut
1602 1880 1657 1935 in
1698 1893 1887 1935 eorum

302 1982 702 2053 comparatione
728 1978 961 2047 plumbei
975 1973 1267 2046 deputandi
1291 1973 1418 2039 sint;
1448 1986 1547 2027 nec
1572 1978 1749 2026 tamen
1767 1968 1889 2025 ideo

304 2075 408 2132 sibi
433 2074 555 2128 haec
578 2070 929 2126 animantium
949 2083 1146 2140 genera
1172 2066 1480 2123 existimant
1506 2063 1886 2136 praeponenda,

305 2165 502 2237 quibus
530 2161 827 2233 capiendis,
863 2158 1365 2222 mansuefaciendis,
1393 2165 1553 2228 atque
1592 2156 1645 2210 in
1664 2169 1774 2210 suae
1799 2168 1894 2209 vo-

304 2256 530 2313 luntatis
558 2268 713 2310 usum
742 2251 1191 2321 commodumque
1216 2247 1542 2319 redigendis,
1566 2261 1672 2301 non
1700 2245 1753 2301 vi
1768 2259 1892 2301 cor-

308 2346 478 2420 poris,
509 2345 606 2401 sed
634 2343 858 2400 rationis
878 2343 1207 2413 impcritant.

381 2437 606 2495 CAPUT
646 2436 734 2492 IV.
754 2464 826 2477 -—
848 2434 984 2489 Mira
1001 2434 1235 2504 quendam
1271 2430 1362 2485 etsi
1394 2430 1647 2486 daemones
1681 2427 1892 2500 faciunt,

310 2527 680 2586 contemnendi.
705 2526 854 2581 Illam
874 2539 1003 2581 vero
1024 2523 1234 2579 tertiam
1254 2521 1557 2576 dmmonum
1581 2518 1894 2589 potentiam,

311 2619 458 2692 quod
472 2619 719 2675 diuturna
740 2631 919 2673 rerum
935 2614 1263 2686 experientia
1283 2610 1735 2684 quemadmodum
1756 2624 1897 2679 prae-

312 2719 541 2769 noscant
568 2718 725 2781 atque
752 2706 1112 2780 prtenuntient
1134 2704 1305 2760 multa
1325 2702 1646 2767 didicerunt,
1668 2700 1739 2755 ita
1770 2714 1901 2756 con-

316 2812 561 2861 temnunt
600 2803 691 2874 qui
728 2801 843 2857 haec
865 2800 1150 2871 vigilanter
1174 2805 1362 2853 curant
1388 2811 1418 2850 a
1442 2792 1740 2850 verissimae
1765 2791 1899 2847 lucis

315 2896 544 2952 veritate
568 2894 895 2959 discernere,
926 2900 986 2946 nt
1014 2904 1114 2946 nec
1142 2889 1314 2944 malos
1342 2900 1501 2942 senes
1526 2885 1675 2955 plura
1704 2898 1899 2953 exper-

317 2996 424 3055 tos,
450 2994 506 3042 et
527 2985 596 3041 ob
623 2985 725 3041 hoc
751 2982 903 3055 quasi
928 2981 1222 3045 doctiores,
1254 2977 1378 3034 ideo
1407 2975 1560 3046 probi
1589 2974 1903 3029 adolescen-

318 3086 404 3135 tes
428 3076 529 3133 sibi
552 3074 874 3131 antecellere
893 3070 1229 3137 existiment;
1260 3084 1363 3125 nec
1385 3066 1641 3133 medicos,
1665 3079 1765 3120 nec
1784 3079 1908 3119 nau-

322 3179 426 3237 tas,
453 3182 554 3225 nec
590 3166 877 3239 agricolas,
906 3178 1041 3236 quos
1086 3176 1262 3233 pravae
1288 3158 1577 3215 voluntatis
1617 3164 1674 3212 et
1712 3155 1908 3227 iniquis

320 3261 564 3320 moribus
601 3260 853 3326 viderint,
887 3256 1139 3315 ideosibi
1166 3262 1354 3325 petent
1378 3267 1498 3309 esse
1526 3247 1906 3322 praeferendos,

323 3353 467 3426 quod
515 3352 591 3408 illi
634 3352 702 3409 de
725 3350 1140 3416 valetudinibus,
1170 3348 1246 3403 illi
1277 3348 1343 3402 de
1373 3343 1799 3416 tempestatibus,
1834 3340 1910 3395 illi

323 3445 396 3503 de
424 3446 764 3502 arbustorum
792 3442 1112 3514 frugumque
1138 3437 1424 3510 generibus
1464 3435 1627 3491 multa
1666 3433 1738 3488 ita
1768 3445 1911 3502 prte-

325 3538 596 3605 nuntiant,
622 3544 683 3593 ut
712 3536 901 3591 harum
932 3549 1112 3590 rerum
1137 3532 1420 3601 inexperto
1436 3527 1677 3584 divinare
1699 3524 1916 3581 videan-

328 3639 439 3686 1111⁸.
1442 3658 1447 3662 -

402 3720 458 3776 8.
497 3718 647 3788 Quod
672 3732 801 3775 vero
843 3732 949 3774 non
976 3715 1150 3772 solum
1177 3712 1449 3769 daemones
1471 3709 1716 3782 quaedam
1741 3708 1918 3764 futura

330 3811 651 3886 pradicant,
693 3824 875 3867 verum
919 3809 1078 3865 etiam
1108 3805 1349 3878 qumdatn
1396 3805 1531 3859 mira
1569 3802 1787 3868 faciunt,
1822 3815 1919 3871 pro

333 3902 452 3973 ipsa
476 3901 654 3973 utique
694 3899 776 3957 sui
819 3898 1059 3969 corporis
1100 3895 1435 3961 excellentia,
1478 3909 1574 3949 cur
1601 3907 1709 3947 non
1737 3899 1922 3946 conte-

334 4003 551 4050 mnatur
575 4007 606 4047 a
636 3990 1004 4063 prudentibus,
1026 4002 1147 4044 cum
1176 3987 1487 4058 plerumque
1518 3982 1682 4053 iniqui
1711 3996 1774 4036 ac
1799 3996 1923 4050 per-

338 4085 435 4143 diti
473 4085 716 4142 homines
753 4083 826 4138 ita
849 4089 1135 4138 exerceant
1162 4091 1385 4148 corpora
1412 4088 1529 4141 sua,
1560 4079 1811 4141 tantaque
1838 4069 1924 4125 di-

338 4176 514 4234 versis
538 4173 746 4230 artihus
780 4171 988 4244 possint
1016 4172 1057 4239 ¹,
1093 4178 1155 4225 ιιι
1196 4183 1259 4224 ea
1286 4167 1376 4239 qui
1404 4165 1519 4221 haec
1546 4162 1791 4219 nesciunt
1828 4175 1926 4217 nec

341 4265 630 4339 aliquando
649 4264 914 4332 viderunt,
936 4262 1094 4319 etiam
1115 4267 1329 4316 narrata
1357 4257 1449 4313 vix
1471 4254 1730 4312 credant?
1755 4253 1926 4322 Quam

344 4359 513 4419 multa
551 4354 848 4413 funambuli
877 4353 1163 4424 eaeterique
1192 4347 1436 4406 theatrici
1481 4344 1734 4412 artifices,
1768 4358 1927 4414 quam

345 4451 515 4510 multa
541 4448 760 4520 opifices
801 4445 1135 4516 maximeque
1163 4438 1456 4498 mechanici
1500 4435 1743 4491 miranda
1786 4434 1928 4490 fece-

349 4544 509 4602 runt?
535 4542 673 4598 Num
701 4539 824 4597 ideo
851 4538 1102 4595 meliores
1124 4543 1248 4592 sunt
1272 4533 1426 4589 bonis
1450 4539 1504 4587 et
1530 4537 1712 4587 sancta
1741 4528 1932 4601 pietate

349 4635 587 4708 prmditis
611 4630 956 4690 hominibus?
993 4629 1123 4697 Qum
1146 4628 1268 4683 ideo
1295 4621 1726 4687 commemoravi,
1758 4629 1818 4675 ut
1843 4618 1933 4690 qui

352 4728 470 4785 haec
495 4727 614 4783 sine
640 4721 939 4796 pervicacia
977 4729 1033 4777 et
1055 4720 1171 4775 sine
1197 4731 1331 4773 vana
1369 4713 1655 4772 resistendi
1682 4711 1936 4769 animosi-

354 4830 464 4877 tate
487 4817 811 4884 considerat,
843 4813 999 4871 simul
1024 4812 1242 4884 cogitet,
1287 4809 1334 4865 si
1358 4809 1426 4865 de
1453 4807 1764 4877 subjacente
1790 4818 1937 4860 cras-

356 4914 498 4968 siore
524 4909 744 4965 materia
780 4907 865 4964 vel
892 4906 975 4961 sui
1015 4904 1240 4976 quisque
1267 4900 1528 4971 corporis,
1572 4898 1658 4954 vel
1705 4906 1861 4953 terrae
1885 4905 1940 4951 et

356 5020 528 5076 aquae,
553 5000 788 5073 lapidum
815 5007 973 5071 atque
999 4998 1262 5070 lignorum
1298 4992 1738 5062 metallorumque
1767 4989 1940 5044 vario-

354 5112 498 5164 rum,
525 5101 670 5149 tanta
709 5090 925 5163 quidam
953 5089 1198 5146 homines
1226 5091 1469 5156 possunt,
1515 5090 1576 5137 ut
1616 5095 1710 5138 eos
1750 5079 1828 5135 illi
1853 5078 1945 5149 qui

352 5188 478 5244 luce
499 5201 605 5242 non
630 5192 876 5256 possunt,
900 5183 1216 5254 plerumque
1234 5173 1517 5247 stupende,
1545 5172 1598 5228 in
1623 5172 1705 5227 sui
1726 5184 1942 5240 compa-

349 5280 570 5337 ratione
597 5277 808 5333 divinos
844 5283 1057 5340 vocent,
1076 5287 1204 5329 cum
1245 5269 1461 5342 quidam
1487 5266 1697 5322 illorum
1724 5263 1832 5318 sint
1857 5277 1947 5317 ar-

346 5372 507 5429 tibus
529 5368 881 5440 potentiores,
909 5365 1126 5438 quidam
1150 5364 1372 5421 istorum
1398 5357 1637 5415 moribus
1663 5355 1946 5422 meliores;

344 5470 568 5534 quanto
592 5460 798 5532 majora
818 5467 874 5514 et
887 5457 1209 5513 mirabiliora
1228 5467 1328 5525 pro
1339 5448 1671 5508 subtilissimi
1687 5446 1947 5517 corporis,

334 5556 417 5615 id
437 5561 542 5619 est,
557 5552 689 5609 aerii
702 5549 954 5608 facultate
967 5563 1033 5604 ac
1047 5546 1299 5605 facilitate
1311 5543 1584 5601 dazmones
1601 5539 1952 5612 possint,cum

1974 410 2115 467 fastu
2144 418 2199 469 et
2245 411 2551 470 invidentia:
2582 412 2782 471 malitia
2809 416 2825 448 ί
2855 416 3073 488 spiritus
3096 417 3355 477 immundi
3396 418 3560 495 atque

1972 502 2255 574 perversi?
2289 503 2556 573 Quantum
2598 514 2777 561 autem
2804 506 2973 563 valeat
3013 506 3153 567 aeris
3192 509 3559 583 elementum,

1975 609 2081 665 quo
2117 608 2301 651 eorum
2331 610 2557 666 corpora
2586 599 2894 668 praevalent,
2926 598 2993 655 ad
3019 601 3185 657 multa
3224 603 3451 661 visibilia
3477 604 3561 663 in-

1975 687 2257 745 visibiliter
2281 688 2566 757 molienda,
2622 691 2904 759 movenda,
2953 692 3203 749 mutanda
3250 703 3412 766 atque
3433 712 3563 753 ver-

1978 777 2165 847 sanda,
2193 779 2410 850 longum
2441 788 2693 837 estnunc
2734 781 3102 839 demonstrare
3130 800 3144 849 ;
3171 793 3227 840 et
3253 794 3382 855 puto
3423 789 3568 859 quod

1978 870 2064 927 vel
2087 871 2426 927 mediocriter
2446 872 2806 928 consideranti
2835 873 2987 930 facile
3019 884 3284 930 occurrat.

2051 962 2277 1020 CAPUT
2315 962 2380 1019 γ.
2407 994 2477 1004 —-
2502 963 2556 1019 9.
2602 963 2750 1020 Unde
2776 966 3026 1020 daemones
3068 967 3403 1037 praenuntient
3450 984 3573 1023 ven-

1983 1063 2117 1110 tura.
2158 1055 2287 1123 Qua:
2315 1070 2435 1111 cum
2476 1056 2545 1111 ita
2589 1057 2715 1123 sint,
2742 1058 2973 1128 primum
3000 1058 3273 1114 sciendum
3301 1069 3400 1125 est,
3431 1074 3568 1130 quo-

1984 1149 2126 1202 niam
2152 1148 2220 1203 de
2249 1146 2572 1204 divinatione
2610 1150 2912 1206 dannonum
2956 1151 3180 1222 quaestio
3205 1159 3306 1218 est,
3356 1152 3478 1208 illos
3505 1167 3573 1209 ca

1984 1240 2296 1312 plerumque
2326 1243 2682 1311 prmnuntiarc
2722 1259 2841 1314 qua:
2887 1243 2988 1313 ipsi
3015 1243 3205 1299 facturi
3233 1254 3376 1299 sunt.
3409 1245 3576 1301 Acci-

1987 1330 2139 1401 piunt
2165 1332 2307 1386 enim
2335 1346 2478 1401 saepe
2509 1341 2823 1403 potestatem
2853 1342 2909 1388 et
2936 1334 3153 1389 morbos
3182 1333 3492 1401 immittere,
3523 1344 3580 1390 et

1987 1421 2161 1492 ipsum
2190 1436 2368 1477 aerem
2398 1415 2963 1480 vitiando'morbidum
2990 1424 3236 1491 reddere,
3265 1435 3319 1480 et
3358 1440 3581 1495 perver-

1988 1513 2066 1569 sis
2102 1521 2259 1585 atque
2288 1515 2612 1570 amatoribus
2639 1526 2974 1572 terrenorum
3016 1515 3421 1571 commodorum
3466 1531 3582 1573 ma-

1988 1605 2178 1662 lefacta
2207 1607 2466 1674 suadere;
2498 1607 2565 1663 de
2593 1624 2819 1679 quorum
2848 1608 3087 1664 moribus
3124 1610 3257 1664 certi
3284 1617 3410 1663 sunt
3436 1609 3581 1679 quod

1989 1699 2099 1755 sint
2123 1700 2201 1755 eis
2230 1700 2352 1755 talia
2383 1700 2728 1756 suadentibus
2770 1701 3103 1756 eonsensuri.
3143 1700 3380 1756 Suadent
3402 1710 3583 1757 autem

1990 1793 2141 1849 miris
2182 1802 2237 1849 et
2282 1793 2634 1850 invisibilibus
2677 1793 2869 1859 modis,
2917 1809 3015 1864 per
3041 1794 3189 1848 illam
3234 1793 3585 1849 subtilitatem

1991 1899 2208 1942 suorum
2237 1900 2522 1956 corporum
2538 1900 2762 1957 corpora
2791 1887 3069 1942 hominum
3097 1901 3203 1942 non
3232 1887 3583 1942 sentientium

1993 1975 2340 2048 penetrando,
2384 1990 2607 2047 seseque
2637 1977 3046 2047 cogitationibus
3074 1992 3261 2032 eorum
3305 1992 3403 2047 per
3433 1992 3582 2048 quae-

1994 2069 2116 2123 dam
2160 2068 2469 2139 imaginaria
2496 2070 2607 2123 visa
2637 2067 2930 2135 miscendo,
2972 2069 3085 2134 sive
3113 2068 3440 2139 vigilantium
3472 2069 3587 2125 sive

1994 2160 2392 2217 dormientium.
2434 2161 2734 2232 Aliquando
2757 2171 2934 2218 autem
2959 2176 3066 2217 non
3092 2177 3212 2231 quae
3240 2162 3339 2230 ipsi
3364 2161 3587 2226 faciunt,

1996 2251 2091 2308 sed
2134 2268 2252 2322 qua:
2294 2253 2620 2308 naturalibus
2666 2253 2833 2324 signis
2876 2253 3049 2308 futura
3076 2261 3435 2322 praenoscent,
3470 2266 3591 2321 quae

1998 2342 2148 2413 signa
2191 2342 2246 2397 in
2289 2341 2566 2397 hominum
2593 2358 2783 2398 sensus
2826 2344 3012 2399 venire
3036 2360 3144 2398 non
3191 2351 3435 2413 possunt,
3468 2351 3593 2398 ante

1999 2433 2311 2504 praedicunt.
2352 2433 2535 2504 Neque
2563 2434 2705 2489 enim
2735 2435 2858 2505 quia
2885 2433 3138 2505 praevidet
3182 2434 3423 2489 medicus
3450 2433 3595 2504 quod

2000 2539 2107 2579 non
2152 2522 2407 2594 prmvidet
2446 2525 2561 2595 ejus
2609 2526 2740 2581 artis
2784 2526 3018 2596 ignarus,
3061 2526 3181 2582 ideo
3224 2525 3335 2596 jam
3383 2526 3595 2581 divinus

2002 2614 2278 2671 habendus
2303 2626 2404 2671 est.
2444 2616 2583 2684 Quid
2608 2626 2787 2673 autem
2812 2618 3027 2684 mirum,
3073 2618 3119 2672 si
3143 2616 3595 2689 quemadmodum

2004 2706 2093 2761 ille
2120 2707 2172 2761 in
2203 2708 2442 2777 corporis
2471 2708 2686 2762 humani
2730 2711 2813 2763 vel
2841 2709 3147 2778 perturbata
3176 2710 3260 2765 vel
3290 2710 3596 2764 modiﬁcata

2006 2800 2263 2870 temperie
2290 2813 2384 2855 seu
2412 2800 2580 2855 bonas
2607 2815 2700 2855 seu
2734 2800 2901 2855 malas
2930 2801 3134 2856 futuras
3161 2801 3417 2871 praevidet
3453 2801 3597 2856 vale—

2008 2889 2220 2946 tudines
2244 2906 2258 2956 ;
2287 2890 2365 2945 sic
2390 2886 2609 2946 dmmon'
2643 2890 2695 2944 in
2722 2892 2862 2946 aeris
2899 2890 3177 2946 all‘ectionc
3200 2900 3357 2960 atque
3382 2891 3598 2947 ordina-

2011 2982 2155 3038 tione
2208 2982 2309 3038 sibi
2361 2963 2509 3049 tiota,
2567 2983 2721 3038 nobis
2769 2983 2949 3054 ignota
2994 2985 3037 3048 ’,
3092 2982 3295 3037 futuras
3345 2981 3601 3053 prmvidet

2011 3077 2396 3147 tempestates?
2435 3075 2734 3146 Aliquando
2761 3084 2817 3131 et
2855 3076 3130 3130 hominum
3178 3075 3554 3145 dispositiones
3580 3115 3596 3143 ,

2012 3184 2117 3224 non
2144 3167 2320 3225 solum
2367 3182 2497 3223 voce
2547 3168 2801 3238 prolatas,
2832 3183 3017 3223 verum
3069 3169 3229 3222 etiam
3278 3168 3603 3238 cogitatione

2014 3266 2321 3330 conceptas,
2349 3274 2470 3314 cum
2490 3258 2641 3329 signa
2657 3257 2898 3327 quaedam
2927 3274 2993 3313 ex
3020 3259 3202 3312 animo
3230 3262 3602 3328 exprimuntur

2016 3353 2069 3409 in
2098 3366 2344 3423 corpore,
2379 3360 2487 3407 tota
2526 3349 2778 3406 facilitate
2806 3351 3113 3421 perdiscunt
3138 3351 3214 3424 (α)
3253 3361 3451 3422 :atque
3477 3353 3604 3408 hinc

2017 3445 2177 3502 etiam
2207 3444 2371 3499 multa
2397 3442 2573 3498 futura
2602 3443 2977 3513 praenuntiant,
3024 3443 3141 3497 aliis
3168 3443 3411 3498 videlicet
3433 3445 3566 3497 mira
3587 3484 3603 3509 ,

2018 3536 2107 3607 qui
2135 3537 2232 3590 ista
2277 3535 2531 3607 disposita
2557 3550 2662 3590 non
2693 3543 2977 3591 noverunt.
3009 3532 3161 3591 Sicut
3203 3534 3346 3588 enim
3386 3543 3609 3603 apparet

2020 3628 2335 3701 concitatior
2373 3627 2536 3682 animi
2584 3635 2761 3682 motus
2808 3626 2861 3681 in
2905 3626 3075 3691 vultu,
3109 3634 3169 3679 ut
3206 3625 3274 3679 ab
3302 3624 3607 3679 hominibus

2021 3736 2232 3791 quoque
2260 3719 2461 3790 aliquid
2501 3719 2795 3774 forinsecus
2822 3725 3160 3788 agnoscatur,
3189 3718 3331 3786 quod
3353 3716 3608 3771 intrinse-

2023 3826 2118 3868 cus
2156 3811 2327 3882 agitur
2357 3828 2369 3864 :
2399 3810 2471 3865 ita
2502 3824 2606 3864 non
2634 3809 2793 3864 debet
2820 3823 2940 3865 esse
2975 3808 3306 3874 incredibile,
3353 3808 3400 3861 si
3432 3807 3609 3862 .etiam

2025 3902 2258 3957 leniores
2275 3901 2295 3932 ³
2327 3901 2675 3971 cogitationes
2699 3899 2828 3954 dant
2872 3899 3046 3969 aliqua
3078 3898 3225 3969 signa
3250 3913 3345 3967 per
3371 3912 3565 3966 corpus
3589 3939 3607 3967 ,

2028 4008 2147 4065 qua:
2172 3993 2363 4049 obtuso
2383 3991 2405 4023 ’⁵
2435 4005 2594 4048 sensu
2626 3990 2898 4047 hominum
2936 3991 3183 4062 cognosci
3213 4005 3319 4046 non
3367 4001 3606 4062 possunt,

2028 4095 2185 4147 acuto
2233 4096 2412 4142 autem
2461 4086 2761 4142 dmmonum
2808 4095 3048 4156 possunt.
3082 4066 3095 4081 ’

2101 4178 2326 4235 CAPUT
2363 4177 2452 4234 Vl.
2482 4208 2552 4218 —
2590 4177 2678 4233 10.
2718 4176 2974 4232 Divinatio
3017 4177 3302 4231 dwmonum
3342 4193 3496 4249 quam
3536 4177 3618 4231 di-

2032 4283 2171 4330 stans
2189 4274 2252 4328 ab
2276 4271 2541 4328 altitudine
2565 4271 2841 4343 prophetia:
2860 4270 3058 4325 divinaz.
3099 4269 3367 4326 Diemones
3397 4271 3618 4342 plerum~

2032 4383 2128 4439 que
2183 4366 2297 4439 falli
2343 4375 2390 4421 et
2451 4363 2648 4437 fallere.
2707 4363 2968 4431 Quomodo
3017 4363 3283 4432 falluntur.
3354 4362 3618 4428 Quomodo

2037 4460 2243 4534 fallunt.
2284 4459 2395 4513 Hac
2422 4466 2580 4528 atque
2612 4454 2913 4525 hujusmodi
2945 4453 3194 4508 facultate
3218 4453 3383 4507 multa
3412 4453 3618 4508 daemo-

2037 4569 2134 4609 nes
2159 4551 2553 4623 praenuntiant;
2585 4562 2704 4601 cum
2734 4555 2912 4600 tamen
2937 4545 3006 4599 ab
3027 4545 3104 4598 eis
3133 4544 3289 4613 longe
3310 4545 3379 4597 sit
3396 4544 3621 4599 altitudo

2038 4643 2182 4699 illius
2213 4639 2524 4712 prophetiae,
2552 4652 2712 4706 quam
2737 4635 2875 4690 Deus
2895 4649 2991 4705 per
3009 4644 3222 4688 sanctos
3242 4634 3474 4703 Angelos
3498 4650 3624 4690 suos

2041 4743 2096 4791 et
2121 4730 2413 4801 Prophetas
2438 4736 2707 4797 operatur.
2747 4725 2878 4781 Nam
2899 4726 2945 4780 si
2962 4724 3087 4796 quid
3110 4723 3179 4780 de
3208 4724 3295 4779 illa
3321 4725 3414 4781 Dei
3439 4726 3593 4796 dispo
3617 4759 3626 4767 -

2042 4826 2237 4883 sitione
2262 4818 2642 4894 praenuntiant,
2667 4817 2889 4872 audiunt
2914 4824 2974 4870 ut
2999 4815 3351 4886 praenuntient
3375 4834 3390 4884 ;
3421 4825 3475 4871 et
3500 4831 3625 4872 cum

2045 4932 2107 4974 ea
2133 4913 2430 4986 prtedicunt
2457 4925 2577 4981 quae
2620 4908 2743 4964 inde
2784 4907 3024 4973 audiunt,
3070 4922 3177 4961 non
3224 4906 3411 4961 fallunt
3451 4922 3627 4978 neque

2046 5010 2299 5067 falluntur
2328 5026 2341 5063 :
2376 5004 2719 5061 veracissima
2746 5002 2888 5058 enim
2912 5010 3036 5056 sunt
3058 5000 3293 5071 angelica
3318 5010 3372 5055 et
3398 5002 3628 5073 pr0pbc—

2049 5101 2151 5157 tica
2178 5097 2414 5155 oracula.
2453 5095 2541 5152 Sic
2566 5103 2744 5149 autem
2773 5092 3109 5161 indignanter
3136 5091 3391 5162 accipitur
3415 5092 3458 5158 ⁸,
3487 5093 3633 5162 quod

2052 5192 2227 5262 aliqua
2255 5189 2417 5246 etiam
2461 5185 2583 5243 talia
2633 5183 2906 5240 daemones
2938 5181 3158 5238 audiant
3198 5189 3253 5238 et
3291 5180 3581 5253 praedicant
3613 5224 3628 5252 ,

2119 5329 2136 5361 ι
2172 5330 2239 5376 tta
2260 5331 2366 5373 Mss.
2394 5327 2448 5371 At
2470 5320 2619 5379 editi,
2645 5325 2691 5369 et
2718 5316 2923 5379 etvidenti
2940 5314 3142 5379 mulina.

2119 5392 2140 5423 ²
2173 5388 2248 5437 Sic
2265 5392 2373 5434 Mss.
2398 5382 2517 5431 aditi
2539 5377 2672 5441 vero,
2696 5377 2789 5430 sibi
2809 5385 2961 5443 notas,
2982 5378 3115 5431 nobis
3135 5379 3337 5442 ignotas.

2122 5452 2145 5484 ⁸
2176 5457 2316 5507 ven.,
2341 5443 2552 5507 leviores.
2619 5449 2675 5491 Μ.

2122 5512 2146 5546 ⁸
2177 5519 2229 5561 1n
2251 5506 2354 5558 MSS.
2373 5542 2387 5567 ,
2411 5506 2622 5557 obtunso.

2123 5575 2145 5608 ⁸
2180 5578 2244 5622 tta
2274 5561 2385 5620 Mss.
2418 5575 2472 5617 At
2497 5574 2594 5615 Am.
2622 5571 2673 5614 et
2695 5563 2870 5624 Er.,$ic
2893 5570 3053 5615 autem
3073 5575 3166 5614 non
3185 5561 3496 5625 indignanter
3510 5573 3645 5615 aces-

343 5661 551 5709 aamen
572 5646 683 5702 sint
707 5642 1000 5702 voluntatis
1024 5641 1305 5714 pravitate,
1334 5636 1670 5706 maximeque
1693 5630 1958 5704 superbia:
2062 5637 2508 5714 ρίιίιξενε-ιρξιιλζξρη
2525 5625 3316 5714 λιξίεηέίξηιέξζψτξξξξέξζίξεαζ·

432 5783 457 5816 ί
488 5771 1771 5843 ωιίνσείυιηοςαενωάιι-ωιναασσιηεε-

622 5862 860 5937 εμπ.
902 5861 1190 5925 Ancon.
1212 5856 1333 5923 VI.

2130 5698 2203 5768 (α)
2225 5700 2262 5742 ιι
2284 5685 2639 5768 Βεξιςὲᾳοῑλαῃξ
2654 5689 2732 5739 50.
2758 5685 2930 5768 ςέηξςισ
2968 5689 3115 5737 etiam
3136 5685 3225 5736 lib.
3270 5689 3295 5737 l
3336 5695 3504 5742 contra
3534 5694 3654 5741 Aca-

2067 5749 2301 5820 deinictB,
2322 5766 2462 5818 capp.
2483 5752 2517 5804 6
2538 5749 2593 5804 et
2608 5753 2660 5817 7,
2685 5765 2741 5802 ιι.
2756 5749 2922 5801 lii—2!.
