4140 6216
562 240 665 298 587

566 351 717 424 quasi
769 346 967 420 aliquid
1008 345 1280 418 indignum
1317 344 1388 403 sit
1433 352 1489 399 ut
1526 342 1668 415 quod
1711 342 1830 401 ideo
1860 339 2066 399 dicitur
2094 344 2154 393 ut

564 442 874 502 horninibus
918 441 1234 504 innotescat,
1278 436 1380 493 hoc
1419 451 1523 491 non
1571 433 1744 492 solum
1775 433 1922 499 boni,
1969 444 2153 487 verum

566 538 731 595 etiam
784 531 911 589 mali
967 544 1072 586 non
1123 537 1373 584 taceant:
1412 542 1533 582 cum
1579 526 1632 580 in
1677 524 1806 596 ipsis
1851 520 2156 581 hominibus

566 631 732 687 etiam
754 627 879 681 vitae
922 624 1075 679 bonae
1102 629 1365 694 praecepta
1402 619 1681 674 videamus
1720 616 1920 691 pariter
1947 631 1976 670 a
1998 614 2157 687 jnstis

572 721 945 795 perversisque
969 714 1206 781 cantari;
1235 729 1333 769 nec
1361 712 1550 770 obesse
1593 709 1813 782 aliquid,
1848 710 1956 785 imo
1998 708 2158 765 etiam

568 811 826 883 prodesse
852 808 919 863 ad
957 807 1214 877 majorem
1243 803 1485 861 notitiam
1532 801 1835 875 famamque
1882 800 2155 865 veritatis,

573 919 695 960 cum
725 901 794 958 de
821 901 911 957 illa
955 901 1115 956 etiam
1158 899 1214 953 hi
1240 896 1496 971 quidquid
1539 906 1803 955 noverunt
1837 896 2042 964 dicunt,
2070 894 2163 966 qui

576 995 624 1051 ei
654 993 916 1066 perversis
948 991 1185 1048 moribus
1213 989 1603 1047 contradicunt.
1665 989 1721 1045 in
1750 988 1959 1044 caneris
1984 996 2163 1043 autem

578 1083 1014 1157 praedictionibus
1040 1084 1150 1138 suis
1176 1083 1450 1139 daemones
1494 1081 1803 1155 plerumque
1833 1089 1887 1138 et
1914 1081 2166 1137 falluntur

572 1187 633 1234 et
662 1178 867 1233 fallunt.
908 1176 1183 1233 Falluntur
1207 1175 1443 1248 quidem,
1471 1175 1593 1247 quia
1623 1190 1743 1232 cum
1775 1190 1898 1231 suas
1936 1173 2167 1245 disposi-

578 1269 753 1324 tiones
778 1267 1157 1338 praenuntiant,
1189 1282 1254 1322 ex
1281 1266 1569 1338 improviso
1597 1263 1829 1337 desuper
1854 1265 2052 1336 aliquid
2077 1264 2168 1337 ju-

580 1353 756 1419 betur,
790 1350 931 1420 quod
960 1365 1144 1405 eorum
1189 1349 1412 1405 consilia
1439 1357 1629 1405 cuncta
1681 1348 1971 1421 perturbet.
2016 1348 2172 1404 Velut

582 1443 628 1498 si
657 1440 858 1512 aliquid
882 1441 1170 1511 disponant
1197 1440 1420 1514 quilibet
1449 1440 1693 1497 homines
1721 1440 2041 1513 quibuslibet
2073 1453 2172 1511 po-

580 1533 864 1590 testatibus
889 1533 1107 1601 subditi,
1130 1534 1274 1606 quod
1300 1549 1403 1589 non
1433 1532 1793 1607 prohibituros
1813 1548 1938 1589 suos
1968 1548 2175 1605 prtepo-

582 1627 718 1683 sitos
743 1626 1084 1692 arbitrentur,
1117 1626 1274 1697 idque
1302 1625 1534 1681 facturos
1577 1641 1636 1680 se
1660 1640 1781 1681 esse
1823 1628 2171 1697 promittant;

586 1727 641 1774 at
666 1717 765 1784 illi,
805 1732 972 1788 penes
998 1732 1132 1788 quos
1162 1719 1333 1786 major
1377 1725 1610 1788 potestas
1638 1726 1740 1785 est,
1772 1732 1840 1772 ex
1882 1717 1987 1773 alio
2014 1731 2174 1787 supe—

584 1810 729 1865 riore
746 1808 971 1867 consilio
986 1810 1088 1863 hoc
1102 1816 1276 1863 totum
1298 1807 1613 1878 dispositum
1635 1817 1796 1880 atque
1822 1816 2176 1881 praeparatum

586 1909 812 1971 repente
834 1900 1175 1970 prohibeant.
1218 1899 1496 1955 Falluntur
1524 1901 1684 1955 etiam
1714 1916 1836 1955 cum
1866 1901 2041 1957 causis
2078 1915 2178 1957 na-

584 1994 851 2049 turalibus
877 1994 1072 2064 aliqua,
1105 1994 1242 2048 sicut
1271 1994 1483 2060 medici,
1514 2001 1605 2048 aut
1633 2002 1826 2062 nautae,
1859 2002 1950 2050 aut
1975 1994 2182 2065 agrico-

591 2087 682 2155 lre,
714 2087 807 2143 sed
838 2086 995 2158 longe
1022 2087 1228 2142 acutius
1257 2087 1518 2158 longeque
1547 2089 1884 2158 praestantius
1914 2103 2010 2158 pro
2050 2086 2181 2143 aerii

586 2180 834 2250 corporis
861 2193 1022 2247 sensu
1042 2179 1324 2235 solertiore
1346 2187 1399 2234 et
1425 2179 1798 2235 exercitatiore
1819 2189 2176 2250 prtenoscunt:

594 2270 722 2341 quia
746 2279 800 2326 et
828 2269 942 2324 haec
968 2269 1035 2325 ab
1067 2270 1286 2340 Angelis
1313 2271 1422 2325 Deo
1445 2284 1658 2325 summo
1700 2269 1786 2342 pie
1829 2271 2182 2329 servientibus

592 2361 698 2415 alia
738 2359 1087 2431 dispositione
1117 2360 1293 2430 ignota
1322 2360 1656 2417 daemonibus
1683 2376 1755 2416 ex
1785 2360 2075 2430 improviso
2120 2376 2184 2419 ac

590 2458 816 2523 repente
856 2458 1146 2506 mutantur.
1189 2450 1467 2522 Tanquam
1494 2450 1538 2505 si
1565 2466 1708 2522 wgro
1737 2450 1939 2521 aliquid
1982 2451 2186 2507 extrin-

592 2556 748 2598 secus
795 2542 814 2573 ⁸
843 2541 1067 2609 accidat,
1095 2555 1201 2611 quo
1244 2543 1521 2607 moriatur,
1567 2554 1726 2611 quem
1769 2540 2008 2595 medicus
2045 2541 2185 2598 veris

592 2632 783 2688 salutis
809 2631 1229 2703 praecedentibus
1270 2631 1433 2703 signis
1462 2631 1723 2687 victurum
1766 2645 1886 2686 esse
1929 2632 2187 2702 promise-

593 2733 715 2790 rat;
743 2730 836 2778 aut
858 2724 902 2778 si
928 2723 1070 2779 aeris
1090 2724 1344 2793 qualitate
1370 2723 1617 2793 praevisa,
1646 2722 1737 2777 diu
1759 2721 2005 2778 ﬂaturum
2034 2724 2183 2783 illum

592 2823 812 2869 ventum
838 2822 1119 2870 nautarum
1163 2813 1354 2885 aliquis
1394 2813 1746 2885 praedixisset,
1795 2815 1882 2870 cui
1926 2815 2185 2873 Dominus

594 2903 838 2961 Christus
863 2920 981 2960 cum
1012 2904 1285 2976 discipulis
1313 2905 1567 2976 navigans
1597 2914 1654 2960 ut
1680 2907 1982 2979 quiesceret
2010 2909 2186 2981 impe-

592 3000 752 3068 ravit,
797 3009 851 3054 et
893 3000 1030 3055 facta
1058 3008 1142 3055 est
1188 3000 1542 3070 tranquillitas
1586 3014 1776 3071 magna
1819 3000 2033 3072 (Matth.
2065 3016 2182 3071 vui,

594 3091 691 3163 26)
716 3108 731 3159 ;
760 3091 847 3146 vel
874 3090 919 3145 si
961 3090 1196 3162 agricola
1226 3088 1317 3146 illo
1360 3105 1501 3146 anno
1540 3089 1978 3149 fructiﬁcaturam
2023 3092 2186 3153 vitem

597 3186 827 3256 aliquam
856 3183 1191 3255 polliceatur,
1223 3194 1467 3239 naturam
1509 3183 1692 3257 utique
1734 3195 1891 3241 terra:
1918 3195 1975 3241 et
2000 3202 2188 3243 nume-

599 3292 691 3334 ros
734 3277 999 3332 seminum
1026 3277 1247 3343 callens,
1276 3290 1382 3346 quo
1426 3284 1603 3333 tamen
1647 3292 1789 3333 anno
1818 3293 1936 3334 eam
1968 3281 2055 3336 vel
2082 3280 2185 3337 itu-

600 3369 814 3441 provisa
842 3367 967 3424 caeli
995 3368 1340 3437 intemperies
1382 3368 1656 3439 arefaciat,
1701 3371 1785 3427 vel
1814 3371 1988 3443 aliqua
2013 3373 2186 3443 jussio

600 3459 915 3531 potentioris
940 3458 1175 3514 eradicet
1199 3477 1212 3513 :
1237 3460 1307 3513 ita
1329 3461 1493 3515 multa
1514 3463 1673 3517 etiam
1699 3463 1765 3519 ad
1794 3466 2185 3537 praescientiam

599 3551 1105 3623 prmdictionemque
1140 3550 1441 3609 dmmonum
1489 3555 1829 3627 pertinentia,
1860 3574 1979 3631 qua:
2008 3560 2185 3618 mino-

599 3649 747 3706 ribus
772 3658 826 3705 et
867 3648 1228 3705 usitatioribus
1270 3651 1444 3706 causis
1483 3649 1657 3707 futura
1687 3651 2065 3723 praevidentur,
2097 3671 2189 3715 ea-

602 3742 724 3799 dem
759 3743 1049 3814 majoribus
1078 3752 1132 3799 et
1156 3743 1536 3801 occultioribus
1563 3746 1737 3801 causis
1767 3746 2017 3817 impedita
2065 3763 2186 3805 mu-

598 3842 801 3892 tantur.
842 3830 1055 3890 Fallunt
1080 3842 1259 3891 autem
1290 3836 1451 3891 etiam
1490 3835 1665 3894 studio
1691 3836 1907 3897 fallendi
1933 3848 1988 3897 ct
2011 3841 2188 3899 invida

601 3927 895 3991 voluntate,
943 3942 1045 3998 qua
1098 3926 1375 3982 hominum
1424 3944 1608 3985 errore
1653 3930 1919 3988 laetantur.
1963 3932 2069 3990 Sed
2118 3949 2189 3993 ne

601 4018 741 4089 apud
770 4019 1003 4074 cultores
1049 4033 1176 4074 suos
1207 4020 1414 4091 pondus
1459 4024 1791 4081 auctoritatis
1835 4026 2102 4094 amittant,
2134 4027 2189 4084 id

602 4117 784 4181 agunt,
830 4117 888 4163 ut
946 4109 1321 4179 interpretibus
1370 4113 1482 4169 suis
1546 4115 1925 4189 signorumque
1970 4133 2186 4177 suorum

605 4199 997 4269 eonjectoribus
1044 4202 1197 4271 culpa
1247 4202 1524 4273 tribuatur,
1584 4207 1798 4276 quando
1847 4209 1933 4265 vel
1980 4210 2191 4285 decepti

606 4288 803 4345 fuerint
830 4289 915 4345 vel
946 4290 1151 4345 mentiti
1175 4292 1218 4343 ³.

676 4382 767 4437 li.
796 4380 933 4449 Quid
957 4396 1086 4452 ergo
1106 4382 1322 4452 mirum,
1345 4383 1389 4439 si
1407 4383 1516 4455 jam
1540 4387 1852 4447 imminente
1870 4393 2187 4463 templorum

606 4482 697 4532 aut
742 4475 1148 4532 simulacrorum
1201 4478 1510 4547 eversione,
1559 4495 1719 4552 quam
1763 4482 2044 4555 Pmphelte
2096 4489 2191 4547 Dei

603 4568 798 4624 summi
824 4576 971 4624 tanto
996 4576 1121 4625 ante
1149 4569 1526 4642 praedixerant,
1554 4571 1770 4646 Serapis
1792 4576 2003 4635 dmmon
2034 4581 2190 4641 alicui

605 4658 868 4714 cultorum
910 4674 1127 4717 suorum
1158 4660 1261 4718 hoc
1299 4661 1367 4719 de
1397 4664 1639 4735 proximo
1666 4669 1916 4741 prodidit,
1954 4683 2011 4729 ut
2038 4688 2190 4739 suam

604 4748 758 4820 quasi
802 4747 1132 4809 divinitatem
1176 4752 1436 4815 recedens
1480 4757 1565 4813 vel
1607 4756 1818 4832 fugiens
1846 4766 2193 4832 commenda.-

605 4841 732 4898 ret?

676 4933 902 4991 CAPUT
942 4935 1051 4991 νη.
1076 4965 1150 4978 --
1178 4936 1281 4995 Cur
1305 4938 1557 4998 dwmones
1580 4943 1808 5014 ipsorum
1833 4949 1970 5005 mala
2012 4952 2090 5007 vel
2117 4954 2191 5009 si-

605 5026 760 5092 leant,
790 5027 868 5081 vel
887 5028 1166 5098 pradicant
1191 5030 1462 5089 interdum.
1505 5033 1775 5106 Fugantur
1800 5044 1944 5097 enim
1977 5041 2084 5109 isti,
2108 5046 2191 5105 vel

604 5118 766 5176 etiam
807 5117 974 5192 jussis
1027 5122 1389 5195 superioribus
1436 5126 1666 5202 colligati
1712 5133 2091 5195 abstrahuntnr
2133 5151 2191 5203 et

670 5256 687 5287 ί
722 5252 828 5304 Sola
858 5252 1008 5317 editio
1024 5260 1162 5317 _l._ov.,
1184 5256 1491 5313 intrinsecus.

667 5318 688 5387 ε
721 5317 805 5387 me
827 5313 943 5387 editi
979 5313 1162 5387 addunt
1177 5353 1196 5387 ι
1232 5328 1574 5387 Nomenque»:
1597 5338 1708 5378 vero
1744 5328 1841 5387 ipsi
1876 5329 2075 5387 maliqm'
2093 5337 2192 5387 sni-

601 5438 751 5510 εοιετπι
771 5437 1294 5510 remittendum
1306 5437 1629 5510 cuu'urtvsucé
1644 5437 1954 5505 uineas".
1977 5437 2168 5510 ,τιῖέῶῑι

600 5500 1332 5580 mereremerere.
1355 5507 1482 5580 ιιςιοά
1504 5500 1958 5580 insimulare-gn;
1971 5500 2187 5574 ἱηῖἷῖὀὲἔξ

599 5561 945 5633 *κωπῆεν
969 5561 1170 5673 “ﬁ?”
1186 5561 1401 5641 .advéréi
1423 5561 1745 5642 sumant;
1763 5561 2052 5643 ganges

599 5629 676 5673 sit.
702 5622 827 5673 auod
850 5628 994 5672 etiam
1110 5634 1196 5673 aus
1217 5628 1473 5673 Genhlmm
1490 5632 1714 5673 hulDrilm
1736 5635 1897 5673 ιρηιηιι
1940 5653 2029 5673 κη..
2053 5642 2184 5673 εηηηγ

598 5622 1473 5707 Ξίέι.σ¹¹3ίὲ..⁶ἓὲξ¹ἰῑ¹ηξὲιίέυέἔίίίῖξξξέίιέέη
1489 5622 1719 5687 "storias
1726 5622 1913 5703 Ennii.
1923 5622 2187 5707 ’ῗιᾶἷὶἓῖἶοὶ

598 5682 724 5738 rant;
751 5684 930 5736 sintut
948 5682 1056 5735 imo
1072 5682 1139 5737 ali
1155 5689 1379 5744 oumibus
1398 5699 1506 5745 Mss.

1461 232 1549 287 DE
1587 224 2025 288 DIVINATIONE
2066 219 2435 290 DEMONUM,
2477 217 2534 277 S.
2575 217 2939 277 AUGUSTlNl

2258 333 2556 393 alienantur
2581 348 2613 389 a
2643 333 2773 391 locis
2796 333 2932 398 suis.
2965 339 3023 387 ut
3048 330 3117 389 de
3156 329 3319 390 rebus
3356 329 3552 403 quibus
3592 328 3845 395 domina.

2259 424 2449 483 bantur
2489 424 2788 499 quibusque
2815 422 3144 489 colebantur,
3177 422 3271 478 liat
3312 421 3559 481 voluntas
3591 422 3714 491 Dei,
3756 422 3843 495 qui

2258 516 2362 575 hoc
2391 526 2535 575 tanto
2560 526 2683 576 ante
2710 533 2806 588 per
2842 530 3030 573 omnes
3072 524 3260 589 gentes
3287 514 3524 575 futurum
3549 528 3676 575 esse
3704 533 3838 588 pm.

2260 607 2413 676 dixit,
2440 617 2494 665 et
2519 617 2577 665 ut
2601 623 2698 679 per
2720 622 2850 666 suos
2888 607 3072 664 ildeles
3109 607 3265 666 ﬁeret
3292 609 3591 679 imperavit.
3617 608 3733 667 Cur
3757 624 3845 669 su-

2264 709 2369 759 tcm
2399 699 2501 759 hoc
2543 716 2651 759 non
2693 701 2959 759 sineretur
3000 699 3211 759 daemon
3254 701 3568 773 praedicere,
3597 718 3722 761 cum
3749 703 3845 763 sibi

2259 793 2368 869 jam
2424 802 2784 864 pramosceret
2828 794 3149 853 imminere?
3178 808 3305 851 cum
3344 794 3459 853 haec
3488 795 3764 866 praedictio
3790 805 3843 855 et

2265 889 2545 961 Prophetis
2597 888 2614 921 ί
2646 896 3009 957 attestaretur,
3050 904 3080 943 a
3109 888 3305 959 quibus
3329 898 3453 947 sunt
3481 889 3580 947 ista
3610 890 3845 949 conscri-

2268 991 2376 1052 pta,
2408 992 2462 1038 et
2499 978 2846 1053 prudentibus
2889 982 3107 1037 daretur
3133 979 3357 1050 intelligi
3386 995 3546 1052 quam
3572 982 3847 1052 vigilanter

2269 1080 2411 1131 esset
2431 1071 2733 1129 daemonum
2758 1070 2990 1128 cavenda
3010 1069 3220 1131 fallacia
3251 1071 3529 1142 cultusque
3553 1071 3846 1144 fugiendus;

2269 1162 2361 1236 qui
2386 1179 2505 1221 cum
2531 1172 2653 1219 ante
2683 1178 2777 1235 per
2804 1170 2912 1218 tam
2939 1162 3151 1234 longum
3178 1171 3391 1233 tempus
3421 1164 3475 1219 in
3506 1165 3719 1235 templis
3738 1166 3848 1222 suis

2271 1258 2387 1313 haec
2429 1256 2602 1313 futura
2633 1257 2940 1323 tacuissent,
2970 1272 3090 1328 qua:
3140 1272 3233 1326 per
3261 1255 3556 1328 Prophetas
3600 1259 3847 1329 praeﬁcis

2272 1350 2517 1423 ignorare
2564 1362 2670 1405 non
2718 1356 2974 1419 possent,
3030 1356 3375 1419 posteaquam
3428 1352 3848 1421 appropinquare

2273 1449 2570 1513 coeperunt,
2614 1438 2897 1499 voluerunt
2939 1452 3000 1493 ea
3039 1438 3191 1509 quasi
3232 1437 3549 1509 prsidicere,
3594 1457 3661 1498 ne
3690 1440 3849 1512 ignari

2277 1531 2510 1607 victique
2538 1539 2870 1603 putarentur.
2910 1528 3041 1585 Cum
3067 1528 3225 1600 igitur
3252 1537 3361 1587 tam
3384 1529 3541 1602 longe
3570 1541 3694 1590 ante
3726 1547 3852 1603 pm-

2276 1626 2476 1685 dictum
2518 1633 2662 1682 esset
2704 1635 2863 1696 atque
2899 1624 3282 1694 conscriptum,
3306 1624 3500 1681 utalia
3540 1626 3752 1682 interi-
3777 1635 3854 1682 ts-

2277 1733 2450 1783 ceam,
2476 1715 2610 1773 illud
2637 1715 2778 1788 quod
2809 1715 3112 1786 Sophonias
3138 1715 3396 1786 propheta
3426 1716 3578 1783 dicit,
3607 1715 3855 1774 Prasuta-

2278 1811 2349 1865 bit
2375 1809 2621 1865 Dominus
2644 1809 2886 1866 adversus
2932 1826 3034 1875 eos,
3080 1818 3129 1867 et
3155 1809 3505 1867 exterminata
3532 1826 3707 1866 omnes
3744 1810 3856 1866 deos

2278 1900 2501 1975 gentium
2524 1910 2707 1965 terrm;
2735 1909 2782 1954 et
2804 1898 3088 1955 adorabunt
3130 1914 3264 1965 eum.
3294 1900 3634 1970 monitae
3668 1901 3732 1956 ds
3752 1901 3874 1955 locs-

2279 2009 2392 2057 suo,
2425 2008 2596 2047 omnes
2630 1991 2813 2047 insula:
2850 1992 3074 2063 gentium
3114 1991 3355 2063 (Sophos
3380 2009 3439 2059 tt,
3471 1993 3598 2063 ll);
3627 2002 3721 2048 aut
3754 2008 3857 2048 non

2282 2085 2569 2145 credebant
2597 2085 2697 2141 ista
2725 2086 2825 2140 sibi
2870 2095 3147 2151 eventura.
3175 2086 3267 2156 qui
3306 2087 3359 2143 in
3390 2087 3602 2157 templis
3626 2087 3855 2158 gentium

2282 2176 2610 2242 colebantur,
2640 2185 2696 2233 et
2740 2175 2861 2233 ideo
2891 2176 3007 2233 haec
3032 2192 3130 2248 per
3168 2190 3295 2235 suos
3337 2188 3489 2233 vates
3511 2193 3576 2233 se
3608 2179 3859 2234 fanaticos

2283 2269 2619 2340 frequentare
2656 2268 2938 2325 noluerunt
2967 2287 2980 2327 :
3008 2269 3146 2327 sicut
3184 2285 3373 2327 eorum
3416 2280 3572 2342 poeta
3600 2270 3861 2332 lunonem

2285 2363 2485 2421 inducit
2528 2378 2632 2419 non
2660 2362 2805 2421 omni
2844 2362 3005 2419 modo
3051 2362 3384 2429 credentem,
3426 2379 3545 2434 quae
3588 2363 3657 2419 de
3704 2362 3864 2419 Turni

2286 2463 2460 2511 morte
2497 2453 2704 2524 Jupiter
2731 2451 2962 2510 dixerat.
2986 2453 3128 2513 Juno
3169 2463 3348 2510 autem
3395 2454 3463 2510 ab
3490 2455 3603 2510 istis
3632 2464 3864 2526 potestas

2282 2547 2429 2603 aeria
2482 2546 2822 2617 medicatur.
2872 2562 2994 2618 quin
3046 2546 3189 2619 apud
3241 2547 3516 2619 Virgilium
3560 2548 3645 2605 sic
3692 2548 3863 2621 loqui-

2288 2648 2417 2696 tur:

2410 2778 2539 2821 Nunc
2561 2778 2724 2835 manet
2742 2772 2981 2821 insontem
3004 2774 3165 2835 gravis
3183 2775 3363 2835 exitus,
3388 2780 3470 2823 aut
3493 2785 3590 2835 ego
3613 2774 3716 2825 veri

2410 2840 2536 2897 Vana
2559 2833 2688 2885 feror
2714 2848 2725 2884 :
2750 2836 2882 2897 quod
2899 2842 2953 2883 ut
2975 2833 3182 2897 o'potius
3200 2833 3455 2886 formidine
3472 2833 3591 2885 falsa

2411 2895 2586 2959 Ludar;
2605 2902 2656 2945 et
2676 2897 2726 2947 in
2744 2895 2920 2949 melius
2937 2895 3036 2957 tua,
3047 2900 3137 2969 qui
3155 2905 3445 2969 potem-orsa
3453 2898 3702 2969 reticeas}

3279 2956 3361 3009 tib.
3390 2960 3464 3021 ιο,
3491 2972 3533 3009 υ.
3559 2958 3807 3024 essese.)

2260 3080 2395 3138 'Aut
2419 3096 2548 3154 ergo
2567 3082 2666 3138 ista
2690 3082 2789 3141 sibi
2809 3124 2824 3149 ,
2852 3099 2971 3155 qua:
2999 3100 3092 3157 per
3111 3084 3407 3156 Prophetas
3430 3085 3678 3156 praedicta
3706 3100 3875 3142 nover

2287 3181 2406 3229 rant
2427 3212 2443 3240 .
2490 3186 2650 3244 posse
2688 3173 2932 3231 accidere
2978 3174 3250 3232 daemones
3272 3216 3288 3241 ,
3339 3176 3443 3233 hoc
3477 3184 3561 3233 at
3588 3183 3876 3246 potestates

2286 3265 2446 3323 aeria:
2463 3306 2479 3333 ,
2505 3264 2849 3333 dubitabant,
2877 3275 2932 3323 et
2964 3275 3242 3339 prepterea
3270 3267 3664 3338 prtedictionem
3689 3282 3875 3325 eorum

2287 3355 2560 3413 celebrare
2583 3355 2901 3423 noluerunt,
2925 3366 2980 3415 et
3008 3357 3133 3415 hinc
3159 3358 3558 3429 intelligendum
3584 3368 3669 3417 est
3690 3359 3879 3429 qualus

2287 3447 2395 3507 sint
2423 3465 2436 3502 :
2465 3457 2557 3505 aut
2582 3462 2703 3505 cum
2732 3464 2797 3505 ea
2826 3457 3044 3506 ventura
3066 3450 3361 3507 certissime
3382 3451 3613 3516 scirent,
3638 3449 3760 3509 ideo
3780 3465 3880 3521 per

2287 3552 2384 3594 sua
2411 3539 2601 3610 templa
2632 3548 2945 3609 tacuerunt,
2979 3558 3047 3597 ne
3067 3542 3179 3612 jam
3207 3551 3331 3598 tunc
3368 3542 3664 3612 inciperent
3687 3543 3753 3599 ab
3776 3542 3881 3600 ho~

2288 3629 2519 3689 minibus
2553 3631 2967 3703 intclligentibus
2990 3632 3165 3691 deseri
3202 3644 3362 3705 atque
3394 3634 3699 3703 contemni,
3737 3633 3881 3705 quod

2288 3719 2357 3779 de
2410 3721 2727 3794 templorum
2773 3734 2934 3796 atque
2981 3725 3387 3787 simulacrorum
3437 3741 3656 3785 suorum
3701 3726 3881 3785 futura

2289 3815 2567 3873 eversione
2604 3815 2681 3871 eis
2724 3814 3044 3886 Prophetis'
3082 3825 3464 3877 attestarentur
3506 3817 3599 3888 qui
3642 3832 3737 3875 eos
3775 3817 3883 3875 coli

2292 3906 2663 3979 prohibebant.
2706 3906 2857 3964 Nunc
2885 3923 3013 3967 vero
3040 3918 3384 3981 posteaquam
3426 3919 3636 3982 tempus
3664 3911 3887 3969 advenis

2289 4013 2396 4070 quo
2424 3998 2819 4073 complerentur
2842 4001 3088 4058 vaticinia
3128 4001 3513 4074 Prophetarum
3548 4001 3646 4059 Dei
3687 4004 3882 4071 unius,

2290 4092 2380 4163 qui
2411 4091 2541 4149 istos
2569 4091 2700 4149 deos
2720 4091 2883 4152 falsos
2906 4092 3036 4153 dicit
3054 4135 3068 4160 .
3091 4103 3237 4155 etne
3255 4094 3497 4155 colantur
3522 4093 3887 4153 vehementis-

2290 4183 2425 4240 sime
2450 4184 2722 4255 praecipit;
2765 4199 2860 4243 cur
2909 4200 3014 4245 non
3056 4185 3161 4245 hoc
3200 4187 3364 4247 etiam
3407 4187 3508 4258 ipsi
3547 4196 3887 4257 compertum

2290 4273 2582 4347 praedicere
2623 4275 2951 4343 sinerentur,
2984 4286 3042 4337 ut
3062 4278 3186 4337 inde
3225 4279 3419 4337 clarius
3458 4286 3746 4349 appareret
3786 4295 3889 4339 ea

2293 4367 2409 4427 inec
2454 4379 2610 4427 antea
2638 4371 2720 4427 vel
2747 4370 2964 4431 minime
2980 4370 3291 4437 credidisse,
3322 4368 3406 4427 vel
3434 4370 3544 4426 suis
3582 4370 3888 4430 cultoribus

2292 4460 2571 4517 enuntiare
2598 4460 2872 4527 timuisse;
2902 4463 2956 4522 in
2986 4463 3090 4520 line
3108 4473 3283 4521 autem
3302 4501 3317 4527 .
3340 4469 3588 4531 tanquam
3622 4462 3759 4519 nihil
3780 4463 3887 4518 ba.

2293 4550 2480 4607 bentes
2508 4553 2736 4623 amplius
2755 4552 2895 4623 quod
2918 4560 3166 4623 agerent,
3195 4552 3356 4610 etiam
3378 4551 3450 4611 ibi
3470 4553 3705 4611 voluisse
3728 4569 3886 4615 suam

2294 4649 2562 4699 ostentare
2584 4643 2961 4701 divinationem
2981 4683 2996 4709 ,
3028 4642 3113 4700 ubi
3129 4642 3244 4714 iam
3275 4642 3573 4714 produntur
3594 4644 3685 4701 diu
3708 4645 3887 4702 simu-

2294 4732 2433 4789 lasse
2452 4732 2781 4791 divinitatem
2800 4735 2824 4787 ‘l

2363 4823 2591 4882 CAPUT
2632 4826 2765 4885 Vill.
2792 4857 2863 4869 --
2901 4825 2989 4885 is.
3036 4825 3303 4887 υωηιοηρε
3338 4828 3608 4898 pra-dim
3648 4828 3889 4896 σαωαιοηι

2293 4932 2408 4972 vero
2425 4933 2488 4975 ea:
2513 4920 2732 4976 oraculis
2759 4919 3131 4991 PrOpItetarum
3158 4922 3397 4992 potuisse,
3429 4923 3556 4979 nihil
3583 4930 3749 4977 unum
3780 4939 3887 4978 au-

2292 5026 2375 5071 sos
2397 5011 2562 5066 dicere
2582 5023 2759 5067 contra
2784 5011 2951 5071 Deum
2974 5029 3164 5073 verm».
3188 5014 3345 5080 Quod
3374 5023 3547 5072 autem
3574 5014 3755 5071 dicunt
3796 5030 3890 5071 νει

2293 5102 2420 5174 liqui
2450 5118 2634 5159 eorum
2664 5104 2898 5163 cultores
2923 5146 2939 5171 .
2967 5105 3129 5165 etiam
3142 5121 3363 5165 suorum
3386 5106 3700 5177 quibusdam
3728 5107 3890 5164 libris
3951 5104 3957 5119 ⁸

2294 5194 2408 5253 haec
2427 5197 2746 5269 praecognita
2773 5197 3061 5264 contineri.
3084 5213 3389 5268 quanquam
3415 5213 3479 5256 ex
3499 5199 3660 5275 rebus
3686 5199 3889 5268 impleo

2292 5289 2360 5345 tis
2394 5288 2617 5347 conficta
2654 5288 2885 5360 putanda
2924 5289 3031 5351 sint
3068 5304 3187 5361 quae
3222 5292 3277 5349 in
3318 5305 3503 5349 eorum
3536 5289 3745 5361 templis
3773 5301 3889 5346 tam

2295 5380 2450 5453 longo
2474 5391 2629 5442 antea
2653 5393 2892 5453 tempore
2922 5383 3131 5455 populis
3160 5398 3345 5443 eorum
3372 5386 3417 5440 si
3442 5400 3564 5443 vera
3590 5396 3774 5440 essem
3798 5384 3893 5440 ili-

2288 5482 2567 5531 notescere
2589 5473 2918 5543 debuerunt,
2945 5476 3083 5537 sicut
3110 5485 3288 5535 nostra
3320 5491 3434 5533 non
3470 5476 3645 5533 solum
3680 5475 3740 5532 in
3778 5476 3895 5535 Ec-

2352 5650 2369 5718 ξ
2403 5652 2480 5718 sic
2511 5659 2626 5718 ltiss.
2663 5658 2720 5718 At
2760 5651 2882 5718 editi
2905 5684 2920 5711 ,
2943 5665 2975 5702 a
3010 5652 3259 5718 prophetis
3297 5666 3315 5706 :
3357 5656 3527 5711 minus.
3542 5655 3695 5710 bene.

2351 5712 2372 5740 ι
2404 5711 2540 5776 eum,
2560 5711 2829 5779 mutata.
2855 5711 3264 5769 moriantur-~01
3280 5722 3397 5770 ita.
