4140 6216
347 425 536 482 desiis
566 422 796 491 nostris,
829 438 1014 481 verum
1053 423 1212 480 etiam
1232 465 1246 490 ,
1277 423 1420 494 quod
1455 422 1522 479 ad
1551 422 1771 494 gravius
1796 423 1946 480 testi-

349 514 594 572 monium
620 522 805 570 contra
832 528 1022 571 omnes
1047 512 1293 572 inimicos
1330 514 1503 581 valet,
1547 513 1600 568 in
1643 513 1948 570 Judaeorum

349 606 642 677 synagogis
679 603 1047 675 antiquissima
1091 613 1148 660 et
1187 604 1463 660 notissima
1510 604 1840 662 recitantur:
1870 613 1946 661 ta—

350 712 478 753 men
506 711 608 753 nec
635 695 737 752 ista
761 697 874 765 ipsa
899 710 1017 762 quae
1039 694 1110 751 ab
1131 694 1210 750 eis
1227 695 1316 750 vix
1337 711 1459 752 raro
1482 705 1536 752 et
1559 696 1799 752 clanculo
1826 710 1948 765 pro-

351 785 602 845 feruntur
623 827 639 852 ,
669 799 885 843 movere
919 799 1019 841 nos
1040 784 1270 852 debent,
1302 786 1345 842 si
1373 786 1619 857 cuiquam
1644 786 1946 844 daemonum

350 886 622 934 extortum
645 886 726 933 est
757 876 807 932 id
831 875 1056 945 prodere
1077 876 1368 932 cultoribus
1397 878 1539 942 suis,
1575 877 1715 946 quod
1740 876 1944 934 didice-

353 976 440 1026 rat
452 983 520 1024 ex
530 968 754 1038 eloquiis
768 967 1150 1036 Prophetarum
1163 968 1246 1023 vel
1267 983 1335 1023 ex
1355 968 1584 1023 oraculis
1597 967 1941 1038 Angelorum.

352 1059 509 1128 Quod
535 1073 634 1116 cur
655 1074 760 1114 non
791 1057 973 1123 ﬁeret,
1000 1073 1122 1116 cum
1156 1068 1211 1114 et
1234 1058 1334 1115 ista
1361 1074 1467 1114 non
1493 1058 1562 1114 sit
1583 1059 1904 1130 oppugnatio
1923 1100 1942 1132 ,

271 1136 302 1226 ’,
353 1150 450 1206 sed
477 1149 748 1208 attestatio
771 1149 1051 1207 veritatis?
1073 1149 1208 1205 illud
1236 1149 1378 1206 enim
1404 1148 1546 1220 quod
1571 1150 1741 1204 solum
1771 1149 1838 1205 ab
1864 1149 1944 1206 eis

299 1235 312 1306 ξ
353 1240 697 1313 ﬂagitandum
725 1249 810 1300 est
851 1240 908 1308 ⁸,
957 1255 1056 1298 nec
1095 1256 1326 1311 unquam
1370 1248 1522 1294 antea
1572 1239 1941 1312 protulerunt,

352 1349 454 1390 nec
499 1349 732 1405 unquam
777 1342 960 1403 postea
985 1373 1002 1400 ,
1043 1333 1142 1388 nisi
1187 1333 1320 1390 l'orte
1342 1333 1626 1390 conﬁctum
1651 1373 1666 1403 ,
1707 1333 1943 1404 proferre

353 1425 717 1488 conabuntur,
764 1421 961 1492 aliquid
1001 1422 1130 1478 deos
1161 1438 1286 1477 suos
1308 1438 1404 1494 per
1434 1431 1580 1478 vates
1603 1436 1728 1478 suos
1756 1432 1940 1477 contra

353 1513 522 1570 Deum
565 1513 726 1570 Israel
763 1527 924 1570 ausos
962 1512 1254 1584 praedicere
1295 1512 1458 1569 fuisse
1496 1521 1586 1568 aut
1621 1513 1820 1569 dicere.
1867 1513 1943 1569 De

351 1619 458 1674 quo
483 1605 593 1659 Deo
618 1604 909 1660 doctissimi
929 1619 1113 1660 eorum
1138 1611 1379 1660 auctores
1399 1647 1414 1672 ,
1437 1604 1525 1676 qui
1546 1605 1720 1660 omnia
1751 1604 1837 1659 illa
1864 1604 1944 1660 le-

352 1710 477 1767 gere
523 1711 592 1750 ac
642 1709 802 1751 nosse
861 1703 1179 1766 potuerunt,
1237 1696 1406 1765 magis
1451 1694 1775 1766 quaesierunt
1821 1695 1942 1766 quis

353 1787 492 1842 Deus
520 1795 681 1854 esset,
713 1800 870 1858 quam
901 1786 1068 1843 Deum
1097 1801 1291 1858 negare
1319 1795 1622 1858 potuerunt.
1653 1787 1818 1842 Porro
1842 1801 1939 1841 auo

351 1887 458 1936 tem
489 1881 629 1936 Deus
667 1879 795 1948 iste,
823 1894 982 1949 quem
1012 1879 1188 1935 nullus
1218 1895 1404 1935 eorum
1430 1894 1625 1950 negare
1663 1893 1824 1934 ausus
1857 1888 1940 1935 est

352 1988 537 2034 verum
565 1971 763 2039 Deum,
781 1971 875 2042 qui
897 1981 951 2028 et
975 1971 1021 2028 si
1049 1980 1284 2042 negaret,
1311 1986 1416 2026 non
1443 1970 1616 2026 solum
1641 1971 1940 2041 subjacerct

354 2062 546 2118 debitis
570 2062 772 2133 pmnis,
805 2076 989 2118 verum
1010 2062 1170 2118 etiam
1194 2062 1356 2118 certis
1375 2061 1779 2116 convinceretur
1806 2059 1938 2116 etle-

349 2154 555 2214 etibus;
585 2155 837 2225 isteerge
863 2154 1032 2220 Deus,
1053 2169 1212 2224 quem
1239 2168 1398 2209 nemo
1417 2194 1432 2220 ,
1460 2162 1517 2207 ut
1553 2152 1696 2217 dixi,
1725 2152 1937 2207 illorum

352 2260 510 2301 ausus
535 2254 617 2302 est
647 2260 846 2316 negare
872 2261 1054 2301 verum
1084 2245 1251 2302 Deum
1273 2286 1289 2313 ,
1325 2245 1444 2302 illos
1471 2244 1634 2301 falsos
1662 2259 1783 2302 esse
1808 2245 1937 2303 deos

355 2345 406 2392 et
429 2337 647 2391 omnino
675 2335 1030 2405 deserendos,
1055 2350 1348 2407 eorumque
1368 2337 1560 2406 templa
1583 2346 1636 2392 et
1659 2337 1938 2392 simulacra

353 2435 405 2482 et
426 2441 575 2482 sacra
601 2426 886 2483 evertenda
918 2442 1011 2498 per
1035 2441 1162 2484 suos
1187 2437 1359 2496 vates,
1382 2428 1484 2484 hoc
1512 2436 1594 2483 est
1621 2427 1934 2500 Prophetas,

353 2526 530 2588 aperta
554 2517 953 2575 denuntiatione
989 2519 1260 2590 praedixit,
1304 2527 1486 2590 aperta
1519 2525 1777 2590 potestate
1803 2534 1937 2589 pra:-

352 2610 521 2680 cepit,
569 2620 756 2679 aperta
805 2609 1030 2668 veritate
1069 2610 1376 2684 complevit.
1409 2609 1561 2667 Unde
1603 2610 1722 2680 quis
1769 2622 1936 2680 usque

351 2699 482 2756 adeo
505 2699 736 2770 desipiat
755 2741 772 2769 ,
801 2699 894 2772 qui
934 2716 1044 2757 non
1073 2702 1248 2772 potius
1275 2716 1397 2756 eum
1431 2700 1713 2756 colendum
1741 2700 1933 2770 eligat,

353 2809 508 2863 quem
542 2793 645 2848 coli
672 2809 780 2849 non
801 2793 1085 2864 prohibent
1112 2808 1244 2864 quos
1268 2803 1322 2849 et
1345 2793 1588 2849 colebat?
1617 2793 1783 2862 Quem
1811 2807 1934 2864 pro-

353 2890 435 2941 cul
475 2885 639 2941 dubio
685 2900 809 2941 cum
850 2886 1027 2942 colere
1053 2888 1308 2956 coeperit,
1351 2886 1471 2942 illos
1497 2885 1678 2956 utique
1719 2899 1826 2941 non
1854 2893 1939 2942 est

354 2977 610 3042 culturus,
641 2993 776 3048 quos
797 2978 1043 3048 prohibet
1059 2978 1160 3033 coli
1181 2991 1338 3048 quem
1363 2976 1509 3034 colit.

421 3069 646 3127 CAPUT
667 3069 842 3126 lX.—
857 3071 942 3127 15.
973 3069 1272 3126 Dtemonum
1301 3070 1468 3124 cultus
1494 3069 1641 3124 unius
1663 3068 1757 3123 Dei
1778 3069 1938 3123 cultui

355 3179 576 3219 cessuros
610 3165 906 3234 praedictum
924 3179 955 3217 a
985 3164 1269 3233 Prophetis.
1286 3162 1439 3230 Quod
1456 3170 1631 3218 autem
1652 3163 1825 3231 ipsum
1845 3175 1936 3218 es-

354 3264 470 3311 sent
506 3255 729 3310 culturze
766 3263 951 3327 gentes
976 3253 1339 3310 exterminatis
1365 3252 1466 3308 diis
1501 3253 1644 3308 lalsis
1671 3266 1806 3324 quos
1836 3267 1935 3307 an-

353 3356 435 3405 tea
461 3347 738 3415 colebant,
769 3363 801 3404 a
830 3347 1111 3419 Prophetis
1147 3347 1262 3418 ejus
1289 3361 1411 3404 esse
1439 3345 1751 3417 praedictum
1776 3346 1936 3418 paulo

353 3447 473 3494 ante
493 3439 939 3504 commemoravi,
970 3447 1025 3494 et
1050 3453 1194 3494 nunc
1215 3446 1399 3508 repeto
1430 3455 1446 3494 :
1481 3436 1782 3492 Praualebit
1804 3478 1819 3502 ,
1849 3437 1936 3492 in-

351 3530 497 3600 quit,
521 3528 769 3584 Dominus
787 3528 1023 3584 adversus
1046 3545 1130 3585 eos
1149 3570 1166 3597 ,
1189 3537 1233 3582 et
1253 3527 1598 3583 erterminabit
1627 3544 1796 3583 omnes
1817 3527 1936 3584 deos

355 3622 573 3690 gentium
597 3628 775 3685 terra,
805 3629 853 3674 et
879 3619 1159 3673 adorabunt
1195 3635 1308 3673 eum
1327 3661 1340 3683 ,
1371 3618 1711 3689 unusquisque
1733 3618 1796 3672 de
1818 3617 1936 3674 loco

355 3727 475 3776 suo,
507 3726 678 3764 omnes
705 3710 886 3764 insula:
912 3711 1154 3780 gentium.
1193 3708 1375 3779 Neque
1415 3709 1543 3763 solm
1579 3708 1798 3776 insulse,
1841 3708 1936 3763 sed

356 3806 425 3860 ita
458 3819 650 3861 omnes
685 3813 871 3871 gentes
893 3843 908 3867 ,
951 3808 1012 3856 ut
1038 3802 1196 3856 etiam
1224 3815 1414 3856 omnes
1437 3801 1624 3855 insulte
1657 3799 1932 3870 gentium;

353 3894 778 3965 quandoquidem
804 3893 930 3949 alibi
955 3907 1060 3948 non
1087 3892 1288 3947 insulas
1314 3893 1575 3960 nominat,
1603 3891 1698 3947 sed
1725 3891 1936 3946 univer-

353 3998 470 4042 sum
509 3986 693 4040 orbem
740 3994 1000 4039 terrarum
1020 4024 1035 4049 ,
1076 3981 1262 4037 dicens
1292 3979 1856 4036 :Commemorabuntur
1885 3990 1937 4036 et

353 4086 701 4132 conputatur
725 4076 792 4129 ad
819 4074 1093 4129 Dominum
1117 4073 1332 4127 universi
1359 4072 1486 4141 ﬁnes
1513 4079 1661 4125 terra
1673 4085 1694 4134 ;
1719 4079 1766 4123 et
1807 4070 1936 4126 ado-

357 4169 536 4223 rabunt
559 4169 611 4222 in
635 4176 902 4238 conspectu
919 4167 1030 4236 ejus
1057 4165 1298 4228 uniuersa
1320 4163 1501 4232 patrita
1516 4160 1759 4232 gentium.
1795 4160 1938 4228 Quo-

357 4263 492 4316 niam
520 4260 725 4316 Domini
755 4269 828 4316 est
850 4273 1059 4329 regnum
1073 4297 1088 4323 ,
1131 4265 1178 4312 et
1201 4257 1309 4327 ipse
1334 4254 1674 4310 dominabitur
1695 4253 1933 4324 gentium.

353 4353 481 4411 ﬂare
519 4361 700 4409 autem
743 4367 839 4424 per
875 4352 1143 4408 Christum
1175 4348 1340 4404 fuisse
1363 4347 1678 4418 complenda
1701 4387 1716 4414 ,
1743 4355 1798 4403 et
1818 4346 1936 4404 aliis

358 4446 598 4516 pluribus
623 4443 937 4500 testimoniis
955 4483 971 4510 ,
998 4452 1054 4498 et
1090 4443 1143 4496 in
1173 4439 1364 4496 eodem
1405 4440 1525 4508 ipso
1565 4438 1772 4508 psalmo
1796 4439 1938 4494 unde

359 4536 459 4593 hoc
497 4535 940 4601 commemoravi,
978 4534 1114 4590 satis
1157 4540 1395 4603 apparet.
1425 4529 1558 4586 Cum
1599 4531 1742 4586 enim
1779 4531 1937 4599 paulo

356 4629 600 4699 superius
644 4625 871 4682 futuram
921 4627 1220 4697 passionem
1270 4637 1422 4680 suam
1462 4636 1570 4692 .per
1614 4619 1934 4690 Prophetam

356 4725 469 4794 ipse
493 4725 820 4793 loquentur,
842 4721 1047 4788 dicens,
1075 4717 1336 4774 Fuderunt
1359 4732 1540 4772 manus
1559 4731 1694 4770 meas
1721 4724 1766 4771 et
1788 4714 1935 4784 pedes

354 4832 516 4880 meos,
544 4815 982 4868 dinumeraeerunt
1007 4811 1177 4868 omnia
1203 4824 1318 4866 ossa
1335 4824 1482 4872 mea;
1504 4808 1604 4878 ipsi
1629 4822 1744 4863 vero
1771 4808 1935 4864 consi-

353 4908 650 4962 deraaerlmt
681 4915 731 4961 et
773 4913 1137 4975 conspeserunt
1178 4917 1259 4957 me
1279 4943 1294 4966 ,
1335 4902 1606 4956 diuiserunt
1651 4899 1746 4955 sibi
1785 4899 1934 4954 vesti-

353 5008 519 5054 menta
556 5013 667 5053 mea
685 5039 702 5065 ,
741 5007 788 5052 et
824 5012 974 5065 super
1019 5001 1202 5048 aestati
1252 5007 1416 5045 meant
1457 4992 1701 5045 miserunt
1750 4999 1935 5044 sortem

297 5149 299 5162 ἦ
352 5089 526 5162 (Psal.
557 5103 684 5155 ιιι,
717 5087 815 5154 28,
841 5086 946 5150 29,
975 5085 1077 5150 17,
1109 5080 1210 5146 18,
1242 5079 1381 5149 19);
1425 5080 1580 5148 paulo
1621 5086 1741 5147 post
1776 5077 1937 5133 infert

288 5155 299 5252 ,l
349 5155 482 5238 illud
508 5180 650 5252 quod
678 5179 850 5251 posui,
879 5171 1409 5232 Commmabuntur
1429 5180 1480 5225 et
1501 5178 1850 5225 convertentur
1866 5168 1936 5223 ad

277 5262 289 5352 ἱ
347 5272 630 5332 Dominum
657 5271 876 5326 universi
899 5270 1025 5340 ﬁnes
1053 5277 1198 5322 terra:
1215 5305 1231 5332 ,
1257 5271 1360 5319 etc.
1386 5262 1699 5332 Quanquam
1739 5268 1793 5315 ct
1839 5275 1938 5332 per

347 5364 479 5421 illud
510 5363 870 5420 testimonium
897 5358 1040 5432 quod
1065 5359 1212 5429 prius
1227 5353 1463 5421 adhibui,
1496 5352 1582 5407 ubi
1610 5352 1809 5406 dictum
1829 5359 1934 5419 est,

350 5455 654 5512 Prmalebit
678 5454 927 5509 Dominus
949 5452 1186 5506 adversus
1212 5463 1294 5503 eos
1316 5486 1334 5514 ,
1361 5455 1407 5500 et
1448 5442 1791 5499 exterminabit
1822 5459 1935 5497 om-

347 5567 440 5615 nes
464 5546 826 5621 detinentium
837 5553 1022 5612 una;
1050 5543 1105 5599 in
1123 5555 1191 5598 eo
1213 5537 1355 5614 quod
1379 5535 1606 5609 positum
1640 5541 1757 5603 est,
1785 5531 1936 5591 Pra-

345 5636 568 5706 ralebit,
619 5635 752 5696 satis
794 5631 1094 5692 ostenditur
1136 5631 1240 5687 hoc
1284 5629 1446 5686 etiam
1487 5624 1897 5699 praenuntiatum
1917 5661 1938 5694 ,

1781 305 1983 366 LIBER
2012 304 2218 364 UNUS.

2057 420 2198 494 quod
2223 419 2417 490 Pagani
2439 421 2585 491 prius
2611 427 2962 498 oppugnaturi
2983 441 3161 490 essent
3191 433 3636 505 Ecclesiam..m.

2051 527 2280 583 meoque
2313 513 2669 570 Christianum
2705 528 2957 588 quantum
2987 523 3224 581 valerent
3259 535 3629 604 persecuturi,

2051 613 2111 660 ut
2145 604 2189 659 si
2214 604 2326 696 ﬁeri
2356 615 2536 676 posset
2573 611 2790 666 omnino
2815 611 2880 668 de
2907 621 3044 669 terra
3086 616 3392 676 deleretur:
3423 632 3480 680 et
3505 625 3635 696 quia

2050 708 2144 750 eos
2171 695 2420 764 patientia
2456 707 2746 771 martyrum
2771 710 2826 756 et
2853 706 3212 776 magnitudine
3250 695 3630 776 miraculorum

2051 793 2166 877 erat
2193 796 2574 858 superaturos,
2621 799 2674 846 et
2719 805 3079 865 consequente
3127 797 3230 856 [ide
3271 805 3628 877 populorum,

2050 874 2171 932 ideo
2191 877 2269 933 sic
2295 877 2492 934 dictum
2520 888 2622 945 est,
2648 880 2947 940 Prtevalebit
2970 885 3221 946 Dominus
3256 894 3497 952 adversus
3520 874 3627 954 eos.

2048 963 2161 1021 Non
2188 968 2332 1060 enim
2353 969 2654 1060 diceretur,
2681 972 2976 1030 Prienalebit
3000 979 3235 1036 adversus
3253 998 3337 1040 eos
3353 1025 3371 1054 ,
3400 986 3504 1043 nisi
3525 1002 3630 1060 ep-

2045 1057 2329 1149 pugnando
2348 1057 2425 1113 illi
2452 1060 2780 1118 resisterent.
2809 1062 2961 1121 Unde
2983 1076 3038 1122 et
3075 1069 3131 1124 in
3155 1070 3365 1129 Psalmo
3390 1075 3460 1130 ita
3505 1057 3632 1149 pro-

2048 1145 2321 1237 phetatum
2341 1158 2421 1206 est
2453 1169 2467 1205 :
2503 1150 2692 1222 thuid
2715 1149 3024 1226 fremuerunt
3045 1170 3236 1230 gentes,
3265 1173 3312 1218 et
3334 1145 3631 1237 populime—

2046 1236 2191 1292 dilati
2215 1250 2333 1294 sunt
2359 1241 2532 1297 inania
2552 1243 2578 1298 .9
2597 1245 2874 1302 Astiterunt
2898 1265 3038 1320 reges
3065 1260 3207 1307 teme
3229 1294 3244 1322 ,
3291 1264 3338 1310 et
3375 1236 3630 1330 principes

2044 1343 2376 1387 convenerunt
2403 1335 2457 1388 in
2501 1351 2653 1390 unum
2674 1377 2689 1401 ,
2716 1339 2953 1396 adversus
2995 1340 3272 1400 Dominum
3307 1357 3352 1402 et
3389 1351 3630 1410 adversus

2047 1422 2296 1479 Christum
2327 1428 2454 1498 ejus.
2484 1429 2548 1484 Et
2585 1432 2738 1499 paulo
2763 1442 2883 1503 post
2922 1434 3050 1491 dicit
3079 1455 3092 1493 :
3123 1437 3371 1497 Dominus
3397 1444 3524 1498 dixit
3553 1447 3628 1502 ad

2043 1530 2123 1567 me
2141 1554 2156 1581 ,
2191 1514 2356 1570 Filius
2398 1534 2535 1572 meus
2574 1536 2625 1574 es
2655 1529 2706 1574 tu
2726 1563 2738 1587 ,
2772 1538 2862 1593 ego
2891 1525 3040 1579 hodie
3063 1529 3212 1598 genui
3238 1539 3285 1584 te
3310 1547 3330 1586 :
3357 1533 3560 1604 postulo
3594 1553 3628 1590 α

2044 1620 2122 1658 me
2140 1645 2154 1672 ,
2182 1615 2228 1659 et
2253 1606 2381 1660 dabo
2409 1607 2496 1661 tibi
2515 1621 2684 1680 gentes
2712 1613 3054 1671 hwreditatem
3074 1627 3214 1674 tuam
3232 1660 3248 1686 ,
3276 1631 3323 1676 et
3351 1626 3627 1693 possessio-

2041 1710 2156 1786 nem
2198 1704 2335 1786 tuam
2384 1700 2621 1755 terminos
2667 1712 2814 1758 terra:
2842 1705 3014 1777 (Psal.
3055 1724 3121 1776 ll,
3153 1712 3218 1779 1,
3249 1713 3318 1782 2,
3358 1716 3444 1786 7).
3487 1717 3627 1775 Ecce

2043 1785 2184 1840 unde
2207 1785 2405 1842 dictum
2435 1798 2514 1844 est
2539 1801 2592 1846 et
2631 1792 2681 1845 in
2710 1793 2814 1848 alio
2841 1798 3046 1866 psalmo
3075 1801 3215 1869 quod
3253 1785 3498 1874 superius
3535 1810 3625 1864 in-

2041 1877 2276 1945 terposui
2293 1921 2308 1943 ,
2337 1877 2866 1939 Commemorabuntur
2903 1897 2954 1941 et
2978 1900 3323 1947 convertentur
3347 1896 3416 1949 ad
3441 1897 3594 1953 Domi
3603 1930 3625 1940 -

2040 1983 2161 2062 num
2183 1971 2402 2062 universi
2424 1974 2550 2042 ﬁnes
2569 1983 2733 2030 terrae.
2759 1976 2852 2032 His
2879 1987 3037 2050 atque
3058 1980 3360 2052 huiusmodi
3392 1991 3627 2062 prophe-

2041 2057 2162 2114 ticis
2183 2058 2518 2117 documentis
2543 2064 2854 2134 praedictum
2875 2071 3191 2139 ostenditur,
3217 2076 3358 2145 quod
3379 2057 3627 2136 videmus

2038 2149 2246 2219 impleri
2274 2167 2369 2222 per
2397 2153 2686 2224 Christum,
2709 2158 2942 2214 futurum
2968 2161 3136 2219 fuisse
3162 2173 3219 2220 ut
3248 2165 3392 2223 Deus
3419 2168 3581 2226 Israel
3603 2212 3618 2238 ,

2040 2254 2197 2310 quem
2230 2258 2389 2308 unum
2418 2260 2603 2300 verum
2647 2247 2815 2304 Deum
2857 2250 3230 2322 intelligimus,
3273 2272 3377 2311 non
3422 2259 3474 2313 in
3518 2277 3625 2315 una

2039 2331 2151 2402 ipsa
2177 2343 2334 2404 gente
2361 2353 2478 2405 quae
2516 2339 2776 2409 appellata
2803 2351 2888 2397 est
2921 2342 3084 2399 Israel
3107 2387 3120 2408 ,
3158 2346 3253 2401 sed
3293 2349 3347 2402 in
3377 2351 3624 2407 omnibus

2037 2423 2280 2494 gentibus
2304 2427 2569 2483 coleretur
2587 2469 2602 2495 ,
2637 2441 2690 2485 et
2716 2447 2902 2488 omnes
2932 2433 3091 2490 falsos
3135 2436 3264 2492 deos
3290 2439 3537 2495 Gentium
3565 2452 3622 2497 et

2037 2527 2068 2568 a
2106 2515 2317 2586 templis
2355 2533 2539 2574 eorum
2582 2529 2636 2576 et
2661 2537 2692 2576 a
2717 2523 2966 2579 cordibus
2992 2526 3258 2584 cultorum
3283 2545 3500 2587 suorum
3525 2533 3622 2589 de-

2036 2606 2314 2664 moliretur
2335 2610 2375 2662 ί.
3168 2629 3170 2631 ν

2108 2696 2334 2755 CAPUT
2375 2699 2442 2756 Χ.
2471 2731 2542 2742 —
2569 2703 2652 2762 11.
2683 2702 3013 2775 Paganorum
3040 2709 3268 2780 reliquit:
3309 2715 3498 2783 frustra
3533 2718 3622 2786 jar

2038 2795 2174 2840 ctant
2190 2788 2468 2844 doctrinam
2496 2802 2544 2845 et
2573 2796 2872 2864 sapientiam
2901 2813 3066 2851 suam.
3095 2799 3232 2855 Eant
3257 2818 3395 2857 nunc
3420 2805 3541 2874 isti,
3565 2816 3622 2862 et

2037 2875 2210 2933 adhuc
2238 2889 2422 2936 contra
2443 2881 2788 2940 Christianam
2810 2887 3122 2957 religionem
3143 2900 3196 2946 et
3224 2902 3409 2948 contra
3433 2911 3617 2952 verum

2039 2967 2135 3024 Dei
2163 2971 2362 3027 cultum
2381 2974 2641 3032 vanitates
2672 2978 2922 3048 pristinas
2947 2981 3271 3040 defensitare
3291 2988 3541 3056 audeant,
3563 3000 3622 3047 ut

2036 3072 2160 3114 cum
2186 3063 2409 3132 strepitu
2444 3075 2681 3134 pereant.
2710 3067 2840 3122 Nam
2871 3081 2924 3124 et
2948 3071 3048 3127 hoc
3077 3074 3144 3128 de
3169 3075 3271 3129 illis
3309 3077 3621 3145 praedictum

2037 3159 2120 3214 est
2143 3152 2195 3206 in
2222 3153 2454 3222 Psalmo,
2483 3156 2692 3214 dicente
2731 3160 2993 3230 Propheta
3031 3182 3044 3217 :
3079 3165 3269 3222 Sedisti
3305 3184 3457 3240 super
3481 3172 3622 3227 thro-

2038 3258 2180 3309 num,
2211 3245 2299 3315 qui
2314 3246 2522 3316 judicas
2545 3251 2847 3320 (equitatem.
2876 3251 3158 3325 Increpasti
3181 3268 3369 3328 gentes,
3398 3271 3444 3314 et
3474 3264 3620 3331 periit

2036 3332 2265 3406 impius;
2295 3353 2474 3392 nomen
2500 3355 2673 3395 eorum
2702 3341 2878 3396 delein
2903 3343 2956 3397 in
2993 3354 3236 3402 internum
3257 3390 3272 3415 ,
3303 3359 3347 3404 et
3373 3353 3426 3405 in
3455 3368 3620 3408 saecu-

2037 3425 2144 3480 lum
2167 3430 2356 3482 saeculi.
2379 3427 2585 3486 Inimici
2609 3433 2894 3504 defecerunt
2918 3438 3123 3507 framete
3145 3440 3201 3494 in
3226 3441 3398 3509 ﬁnem,
3421 3452 3466 3497 et
3489 3445 3617 3499 civi-

2037 3523 2164 3571 tates
2209 3533 2380 3574 corum
2427 3521 2733 3578 destruxisti.
2779 3521 2943 3580 Periit
2994 3530 3235 3585 memoria
3285 3548 3456 3587 eorum
3499 3551 3618 3592 cum

2035 3613 2276 3683 strepitu,
2313 3623 2362 3674 et
2386 3613 2632 3671 Dominus
2660 3618 2713 3672 in
2741 3629 2980 3674 internum
3023 3633 3278 3691 permanet
3320 3623 3488 3694 (Psal.
3517 3643 3576 3682 ix
3598 3669 3614 3693 ,

2038 3704 2176 3778 5-8).
2203 3706 2431 3764 Necesse
2458 3719 2541 3765 est
2559 3725 2686 3781 ergo
2712 3720 2768 3765 ut
2797 3712 3117 3782 impleantur
3135 3717 3310 3770 omnia
3338 3716 3452 3773 haec
3483 3737 3496 3773 :
3519 3734 3618 3775 nec

2037 3797 2179 3866 quod
2205 3798 2377 3854 adhuc
2400 3801 2598 3856 audent
2623 3802 2721 3870 ipsi
2745 3804 2893 3870 pauci
2918 3804 3008 3872 qui
3030 3817 3430 3873 remanserunt,
3463 3811 3617 3865 vani-

2039 3886 2225 3958 loquas
2267 3904 2392 3944 suas
2419 3900 2686 3946 ostentare
2710 3892 3005 3959 doctrinas,
3053 3904 3109 3950 et
3135 3895 3463 3954 Christianos
3500 3909 3619 3956 tam

2037 3994 2196 4049 quam
2221 3980 2644 4050 imperitissimus
2672 3983 2894 4040 irridere
2913 4027 2928 4051 ,
2949 3989 3146 4041 moveri
3167 3987 3425 4046 debemus
3442 4031 3459 4058 ,
3487 3992 3615 4048 dum

2038 4069 2094 4124 in
2131 4070 2211 4125 eis
2247 4070 2455 4139 impleri
2489 4087 2552 4127 ea
2576 4087 2696 4142 quae
2722 4074 2972 4144 praedicta
3009 4085 3134 4132 sunt
3161 4077 3453 4136 videamus.
3498 4080 3616 4152 ipsa

2037 4159 2236 4230 quippe
2279 4161 2423 4216 velut
2473 4163 2736 4233 imperitia
2785 4172 2841 4219 et
2895 4165 3114 4221 stultitia
3155 4167 3613 4241 Christianorum,

2037 4266 2158 4323 quae
2181 4252 2465 4310 humilibus
2487 4256 2508 4288 ²
2529 4264 2582 4310 et
2607 4257 2804 4312 sanctis
2830 4257 3052 4329 ejusque
3071 4258 3351 4331 diligenter
3369 4264 3619 4322 studiosis

2039 4352 2255 4414 apparet
2279 4347 2486 4402 excelsa
2509 4355 2560 4401 et
2589 4347 2700 4403 sola
2723 4363 2846 4404 vera
2870 4349 3160 4418 sapientia;
3191 4352 3300 4422 ipsa
3316 4394 3333 4420 ,
3361 4354 3574 4426 inquam
3598 4397 3614 4423 ,

2040 4435 2183 4490 velut
2207 4436 2428 4492 stultitia
2457 4435 2875 4494 Christianorum
2905 4455 2998 4498 eos
3019 4441 3086 4495 ad
3117 4442 3268 4497 istam
3299 4447 3616 4513 paucitatem

2037 4527 2263 4599 redegit,
2291 4529 2562 4598 quoniam,
2593 4530 2731 4584 sicut
2759 4529 2888 4584 dicit
2912 4531 3219 4598 Apostolus,
3251 4533 3473 4588 Stultam
3497 4537 3620 4604 fecit

2038 4617 2176 4674 Deus
2201 4619 2501 4689 sapientiam
2542 4618 2695 4687 hujus
2737 4619 2928 4672 mundi.
2958 4619 3158 4676 Deinde
3197 4621 3468 4691 subjungit
3502 4640 3617 4678 rem

2039 4708 2334 4764 mirabilem
2358 4750 2372 4773 ,
2415 4710 2459 4762 si
2499 4708 2618 4778 quis
2661 4708 2943 4778 intelligat,
2975 4719 3031 4764 et
3065 4710 3134 4764 ita
3172 4711 3446 4779 sequitur:
3477 4713 3616 4770 Nam

2035 4798 2273 4868 quoniam
2300 4799 2354 4852 in
2377 4797 2474 4852 Dei
2509 4797 2754 4868 sapientia
2782 4813 2884 4852 non
2917 4799 3141 4868 cognouit
3169 4800 3384 4854 mundus
3417 4819 3504 4871 per
3527 4822 3616 4858 sa-

2039 4888 2278 4958 pientiam
2301 4886 2464 4942 Deum
2480 4927 2496 4954 ,
2519 4888 2709 4958 placuit
2725 4885 2833 4942 Deo
2859 4903 2948 4957 per
2969 4888 3231 4943 stultitiam
3247 4891 3618 4958 praedicationis

2037 4979 2203 5036 salvos
2243 4983 2409 5051 facere
2434 4980 2704 5034 credentes.
2740 4978 2992 5046 Quoniam
3030 4979 3232 5049 quidem
3265 4978 3437 5037 ,Ιαάωὶ
3471 4985 3617 5054 signa

2040 5080 2236 5141 petunt,
2265 5081 2310 5126 et
2338 5069 2501 5128 Graeci
2523 5071 2822 5139 sapientiam
2835 5078 3064 5140 quaerunt
3085 5086 3104 5124 :
3127 5087 3217 5124 nos
3245 5079 3409 5124 autem
3431 5074 3620 5140 praedi-

2037 5178 2213 5216 camus
2241 5160 2492 5216 Christum
2518 5162 2834 5230 crucifimm,
2857 5159 3055 5215 Iudaeis
3075 5160 3274 5225 quidem
3293 5162 3612 5229 scandalum,

2041 5253 2279 5309 Gentibus
2310 5263 2475 5308 autem
2503 5255 2766 5308 stultitiam
2787 5295 2803 5322 ,
2834 5253 2958 5324 ipsis
2983 5268 3096 5308 vero
3125 5255 3310 5308 vocatis
3332 5252 3530 5308 Iudaeis
3567 5264 3616 5310 et

2041 5343 2231 5399 Gracia
2255 5385 2269 5410 ,
2313 5344 2566 5399 Christum
2603 5343 2699 5398 Dei
2751 5343 2993 5399 Virtutem
3043 5354 3089 5398 et
3135 5345 3230 5398 Dei
3275 5344 3612 5414 Sapientiam.

2045 5435 2296 5506 Quoniam
2319 5437 2454 5507 quod
2481 5436 2691 5490 stultum
2730 5445 2802 5491 est
2828 5435 2952 5504 Dei,
2987 5437 3265 5508 sapientius
3299 5446 3372 5492 est
3393 5437 3616 5494 homini¢
