4140 6216
353 389 461 448 893

415 506 472 560 2.
514 504 620 562 Sed
644 518 766 560 cum
793 504 909 560 haec
949 503 1022 560 ita
1059 504 1194 571 sint,
1229 504 1497 576 quomodo
1537 504 1662 558 huic
1699 503 1938 573 opinioni

342 600 674 657 contrarium
719 599 976 661 non.sit,
1009 599 1154 668 quod
1203 599 1333 654 dicit
1375 599 1697 668 Apostolus,
1750 597 1934 651 Omnes

341 691 478 744 enim
504 690 779 744 astabimus
817 698 934 742 ante
972 690 1192 742 tribunal
1234 689 1448 755 Christi,
1477 699 1532 741 ut
1573 689 1700 758 {erat
1732 689 1748 719 ί
1773 704 1934 740 αηαεο

341 782 550 850 quisque
574 779 850 834 secundum
871 796 929 833 ea
949 795 1062 848 qua:
1083 795 1171 848 per
1199 795 1383 848 corpus
1403 780 1572 850 gessit,
1597 779 1698 832 sive
1727 779 1930 842 bonum,

340 873 444 926 sive
469 871 662 925 malum
691 870 755 943 (ll
778 869 895 924 Cor.
929 886 981 935 v,
1016 871 1126 939 l0),
1160 884 1264 924 non
1296 878 1348 924 te
1378 869 1507 924 satis
1531 868 1709 923 videre
1734 867 1936 935 signiﬁ-

339 980 448 1018 cas.
505 963 628 1024 llaec
658 963 855 1033 quippe
897 961 1190 1034 apostolica
1233 961 1498 1015 sententia
1537 969 1660 1013 ante
1706 968 1930 1014 mortem

337 1055 594 1111 admouet
618 1055 730 1109 ﬁeri
757 1053 898 1124 quod
928 1054 1092 1123 possit
1113 1053 1368 1122 prodesse
1391 1059 1510 1122 post
1534 1059 1792 1115 mortem;
1823 1066 1932 1104 non

339 1154 464 1202 tunc
482 1187 496 1212 ,
526 1145 740 1216 quando
757 1145 868 1214 jam
895 1143 1256 1214 recipiendum
1285 1151 1370 1198 est
1391 1142 1534 1212 quod
1563 1143 1788 1212 quisque
1809 1156 1932 1211 ges-

335 1237 467 1291 serit
506 1245 631 1290 ante
660 1244 907 1289 mortem.
944 1235 1139 1295 Verum
1168 1234 1283 1289 haec
1312 1234 1382 1288 ita
1411 1234 1635 1288 solvitur
1663 1233 1888 1304 quarstio
1909 1273 1922 1296 ,

336 1326 589 1397 quoniam
613 1325 842 1396 quodam
874 1325 995 1379 vitae
1019 1340 1215 1394 genere
1239 1324 1553 1394 acquiritur,
1588 1324 1712 1378 dum
1746 1325 1797 1377 in
1825 1325 1928 1378 hoc

335 1433 563 1487 corpore
605 1417 822 1481 vivitur,
859 1425 912 1470 ut
955 1416 1154 1486 aliquid
1197 1415 1446 1486 adjuvent
1487 1418 1585 1470 ista
1615 1417 1923 1482 defunctos;

333 1524 396 1564 ac
424 1525 521 1579 per
551 1509 652 1563 hoc
687 1508 981 1562 secundum
1022 1523 1084 1562 ea
1105 1523 1223 1576 qua:
1252 1522 1346 1576 per
1386 1523 1580 1576 corpus
1608 1517 1922 1577 gesserunt,

334 1600 412 1654 eis
437 1616 554 1669 qua:
586 1608 704 1668 post
743 1613 935 1667 corpus
963 1598 1208 1668 religiose
1235 1613 1332 1666 pro
1363 1598 1466 1652 illis
1507 1598 1642 1652 facta
1690 1597 1920 1666 fuerint,

333 1689 670 1760 adjuvantur.
718 1689 854 1744 Sunt
883 1690 1022 1742 enim
1071 1703 1202 1758 quos
1251 1688 1382 1741 nihil
1425 1690 1644 1742 omnino
1672 1689 1926 1758 adjuvant

333 1780 462 1848 ista;
495 1781 608 1836 sive
639 1796 733 1850 pro
777 1781 856 1835 eis
900 1780 1058 1845 ﬁant,
1092 1796 1316 1850 quorum
1351 1789 1456 1834 tam
1488 1782 1625 1834 mala
1656 1790 1780 1835 sunt
1806 1797 1921 1837 me-

332 1873 463 1940 rita,
497 1884 554 1928 ut
593 1889 768 1944 neque
813 1873 1005 1927 talibus
1046 1871 1191 1943 digni
1235 1872 1342 1926 sint
1379 1873 1654 1943 adjuvari;
1683 1874 1794 1927 sive
1826 1888 1922 1943 pro

332 1969 437 2033 eis,
471 1983 693 2038 quorum
729 1977 834 2021 tam
860 1967 1030 2032 bona,
1061 1975 1118 2020 ut
1149 1965 1346 2020 talibus
1387 1981 1492 2020 non
1522 1965 1796 2036 indigeant
1823 1965 1919 2022 ad-

330 2061 600 2131 jumentis.
641 2058 852 2115 Genere
897 2058 1055 2128 igitur
1097 2057 1259 2121 vitae,
1303 2057 1444 2127 quod
1492 2057 1656 2127 gessit
1695 2058 1922 2128 quisque

331 2167 425 2221 per
451 2166 647 2221 corpus
668 2192 683 2215 ,
709 2149 937 2204 efﬁcitur
965 2157 1022 2203 ut
1046 2149 1252 2219 prosint
1279 2149 1361 2203 vel
1389 2163 1493 2203 non
1517 2149 1736 2219 prosint,
1770 2165 1920 2219 quae-

331 2256 556 2312 cnmque
580 2257 675 2311 pro
705 2241 794 2294 illo
817 2241 902 2309 pie
927 2239 1080 2303 ﬁunt,
1103 2255 1223 2294 cum
1246 2240 1518 2310 reliquerit
1542 2255 1755 2310 corpus.
1787 2241 1917 2295 Nam

332 2334 575 2388 meritum
609 2347 706 2403 per
732 2331 873 2401 quod
905 2332 1004 2385 ista
1035 2331 1272 2401 prosint,
1305 2331 1348 2384 si
1393 2331 1594 2385 nullum
1639 2346 1918 2401 compara-

331 2434 435 2480 tum
458 2434 542 2481 est
565 2426 615 2478 in
642 2424 742 2478 hac
765 2425 869 2479 vita
889 2467 904 2490 ,
933 2423 1126 2479 frustra
1148 2424 1404 2493 quaeritur
1426 2433 1546 2493 post
1569 2424 1707 2479 hanc
1729 2425 1912 2479 vitam.

331 2515 403 2570 lla
429 2516 487 2570 ﬁt
514 2525 571 2570 ut
599 2529 772 2586 neque
798 2514 1027 2569 inaniter
1053 2514 1289 2570 Ecclesia
1321 2515 1403 2569 vel
1423 2529 1640 2570 suorum
1671 2531 1796 2570 cura
1820 2531 1916 2584 pro

326 2606 620 2674 defunctis,
667 2605 809 2676 quod
858 2606 1088 2676 potuerit
1140 2605 1412 2676 religionis
1440 2608 1460 2637 ³
1521 2607 1824 2676 impendat;
1854 2618 1909 2664 et

329 2706 502 2752 tamen
525 2695 662 2752 ferat
683 2696 1042 2766 unusquisque
1063 2697 1356 2752 secundum
1383 2711 1445 2751 ea
1467 2713 1585 2768 qua:
1607 2713 1704 2768 per
1722 2713 1916 2768 corpus

326 2791 524 2861 gessit,
556 2790 671 2845 sive
719 2789 918 2844 bonum
962 2789 1075 2844 sive
1122 2789 1356 2856 malum,
1385 2787 1643 2845 reddente
1689 2791 1915 2845 Domino

326 2884 610 2954 unicuique
652 2883 944 2939 secundum
986 2897 1149 2953 opera
1183 2883 1321 2952 ejus.
1353 2882 1425 2938 Ut
1463 2883 1604 2938 enim
1643 2883 1745 2938 hoc
1773 2883 1915 2954 quod

326 2975 667 3046 impenditur,
698 2976 868 3046 possit
910 2976 960 3031 ei
1012 2973 1267 3045 prodesse
1315 2983 1436 3044 post
1487 2989 1713 3045 corpus,
1747 2978 1798 3030 in
1849 2990 1913 3032 ea

326 3069 430 3122 vita
455 3067 774 3138 acquisitum
803 3074 883 3122 est
901 3108 916 3132 ,
947 3081 1106 3137 quam
1137 3066 1305 3135 gessit
1329 3065 1383 3119 in
1409 3080 1654 3135 corpore.

395 3160 449 3215 ὅ.
486 3158 706 3216 Poterat
751 3156 1078 3227 inquisitioni
1126 3164 1230 3211 tua:
1278 3154 1528 3211 sufﬁcere
1574 3169 1691 3210 mea
1735 3155 1913 3210 brevis

325 3250 422 3307 ista
447 3249 764 3320 responsio;
795 3249 889 3304 sed
909 3262 1029 3319 quae
1048 3247 1150 3301 alia
1176 3255 1444 3311 moveant,
1468 3246 1660 3316 quibus
1687 3261 1912 3316 respon-

327 3341 559 3398 dendum
584 3327 863 3406 exiStimo,
897 3354 1185 3411 parumper
1218 3338 1454 3395 attende.
1498 3338 1553 3393 lu
1581 3339 1914 3396 Machabteo-

327 3448 441 3488 rum
484 3431 637 3488 libris
677 3431 904 3502 legimus
943 3430 1177 3485 oblatum
1221 3445 1318 3500 pro
1345 3431 1567 3484 mortuis
1591 3431 1912 3486 sacriﬁcium

328 3525 397 3596 (ll
421 3523 664 3578 Machab.
695 3538 769 3577 xu
789 3563 806 3590 ,
836 3522 951 3592 45).
981 3521 1088 3578 Sed
1113 3529 1170 3577 et
1188 3522 1234 3576 si
1262 3537 1522 3592 nusquam
1550 3525 1602 3576 in
1627 3523 1913 3594 Seripturis

327 3615 597 3672 veteribus
620 3613 837 3670 omnino
884 3614 1171 3683 legeretur,
1215 3627 1320 3668 non
1353 3628 1512 3683 parva
1541 3621 1624 3668 est
1653 3615 1912 3670 universa:

327 3707 603 3774 Ecclesiae,
619 3723 737 3778 quae
767 3707 823 3760 in
852 3705 952 3760 hac
972 3705 1356 3761 consuetudine
1381 3707 1547 3761 claret
1565 3707 1908 3772 auctoritasa,

328 3802 417 3858 ubi
444 3803 499 3858 in
517 3801 765 3873 precibus
803 3799 1096 3856 sacerdotis
1139 3814 1259 3869 qua:
1301 3799 1527 3854 Domino
1566 3799 1676 3854 Deo
1701 3800 1766 3854 ad
1796 3800 1913 3868 ejus

328 3896 492 3951 altare
543 3893 833 3949 funduntur
858 3931 874 3957 ,
919 3891 1094 3947 locum
1147 3905 1300 3946 suum
1349 3889 1510 3945 habet
1557 3890 1714 3944 etiam
1761 3905 1911 3945 com-

329 3987 598 4044 mendatio
624 3993 982 4042 mortuorum.

322 4109 328 4116 ο
395 4077 625 4135 CAPUT
665 4077 730 4135 ll.
759 4105 831 4118 -—
856 4075 991 4144 Quid
1019 4075 1245 4144 conferat
1286 4074 1445 4128 honos
1472 4073 1765 4141 sepultum.
1811 4072 1910 4128 Se-

332 4170 538 4241 pultura
566 4183 836 4239 corporum
861 4165 1162 4220 Christianis
1179 4165 1222 4220 si
1247 4163 1398 4235 fuerit
1427 4170 1628 4234 negata,
1647 4161 1776 4216 nihil
1796 4161 1911 4215 adi-

332 4264 436 4318 mit.
482 4261 590 4318 Sed
619 4268 798 4315 utrum
844 4257 1045 4329 aliquid
1093 4257 1264 4327 prosit
1289 4255 1482 4310 anima:
1527 4255 1722 4310 mortui
1764 4254 1912 4310 locus

331 4351 570 4423 corporis
594 4350 715 4413 sui,
748 4348 1025 4420 operosius
1045 4345 1420 4418 lnquirendum
1449 4352 1550 4400 est.
1582 4345 1658 4399 Ac
1683 4345 1912 4414 primum

331 4455 510 4500 utrum
537 4442 750 4498 intersit
777 4439 978 4512 aliquid
1019 4439 1086 4494 ad
1131 4437 1463 4494 inferendam
1491 4436 1574 4491 vel
1617 4436 1910 4507 augendam

332 4537 599 4593 miseriam
623 4542 743 4606 post
770 4533 908 4588 hanc
933 4533 1096 4587 vitam
1124 4530 1397 4601 spiritibus
1423 4529 1695 4584 hominum
1713 4570 1728 4596 ,
1755 4531 1798 4584 si
1822 4543 1912 4585 eo-

332 4644 449 4684 rum
473 4641 698 4697 corpora
722 4625 930 4695 sepulta
950 4637 1056 4678 non
1079 4621 1309 4688 fuerint,
1342 4634 1450 4675 non
1478 4620 1772 4676 secundum
1793 4621 1911 4690 opi-

329 4721 547 4776 nionem
589 4725 874 4786 utcumque
919 4713 1218 4785 vulgatam,
1248 4711 1343 4767 sed
1393 4712 1567 4781 potius
1621 4711 1911 4766 secundum

330 4808 602 4880 religionis
621 4815 818 4862 nostra:
844 4817 1024 4860 sacras
1047 4803 1276 4857 Litteras
1300 4811 1382 4857 est
1402 4800 1708 4856 videndum.
1733 4799 1914 4870 Neque

329 4901 472 4957 enim
521 4896 845 4954 credendum
889 4902 1004 4961 est,
1032 4895 1166 4948 sicut
1208 4891 1348 4961 apud
1387 4891 1656 4946 Maronem
1700 4890 1908 4960 legitur,

327 4991 627 5062 insepultos
642 5005 672 5044 a
693 4985 988 5058 navigando
1005 4991 1164 5053 atque
1187 4981 1508 5037 transeundo
1530 4980 1736 5036 inferno
1755 4994 1914 5035 amne

328 5081 604 5154 prohiberi
630 5097 643 5133 :
671 5079 792 5150 quia
818 5078 1021 5134 scilicet

452 5181 551 5223 Nec
570 5174 702 5235 ripas
723 5171 862 5220 datur
875 5165 1170 5235 horrendas,
1197 5174 1291 5235 nec
1312 5173 1457 5235 rauca
1477 5161 1663 5235 ﬂuenta

452 5222 799 5296 Transportare
815 5231 965 5294 prius,
985 5224 1465 5350 qua?)E
1479 5222 1850 5342 giegéiﬁtszs.)

324 5378 461 5450 Quis
489 5393 585 5435 cor
613 5377 961 5434 christianum
1007 5371 1226 5428 inclinet
1267 5369 1348 5422 his
1390 5366 1608 5437 poeticis
1636 5363 1914 5418 fabulosis-

324 5485 436 5544 que
461 5469 758 5541 ﬁgmentis,
787 5481 908 5522 cum
938 5463 1191 5520 Dominus
1209 5459 1394 5524 Iesus,
1425 5466 1481 5511 ut
1504 5457 1645 5510 inter
1670 5453 1911 5508 inimico.

395 5587 412 5617 ¹
445 5585 519 5634 Sic
537 5591 642 5632 Mss.
670 5580 862 5634 Auediti
882 5578 976 5628 hoc
997 5576 1120 5634 loco,
1144 5574 1321 5635 referat
1351 5583 1368 5620 :
1391 5572 1470 5634 qui
1492 5576 1652 5620 tamen
1666 5565 1786 5615 infra
1805 5579 1913 5615 cum

322 5656 436 5705 Uss.
471 5646 672 5703 habent,
696 5649 741 5694 et
772 5649 932 5706 ιαιηςιι
963 5640 1101 5701 ἴαται·
1148 5695 1176 5706 ,.
1215 5696 1224 5706 .

397 5695 416 5741 δ
448 5695 579 5759 unus
616 5695 919 5756 e't'aticanis
936 5695 1061 5757 siss,
1088 5695 1370 5760 religiosum.
1468 5755 1478 5764 _
1761 5760 1769 5764 _
1826 5751 1854 5764 ..

397 5773 417 5805 ³
450 5751 692 5822 Fit-itiones
710 5751 940 5816 duliiani.
970 5768 1019 5811 et
1042 5751 1134 5815 tua.
1161 5751 1251 5809 non
1274 5768 1422 5823 parra
1460 5755 1550 5806 hac
1581 5751 1913 5808 crnsuctudiue

323 5834 480 5889 claret
501 5828 758 5885 auctoritas
788 5838 805 5878 :
828 5823 1171 5876 reluctantibus
1194 5827 1297 5870 Mss.
1335 5828 1385 5872 et
1408 5827 1513 5870 [ον.

1778 387 1982 444 LIBER
2020 387 2222 447 UNUS.

3533 414 3646 476 594

2049 519 2166 559 rum
2194 522 2411 575 manus,
2443 513 2533 582 qui
2575 527 2760 570 eorum
2802 530 3028 589 corpora
3073 520 3125 575 in
3173 529 3439 592 potestate
3461 507 3628 584 habe.

2048 606 2198 664 rent,
2229 603 2402 656 securi
2449 607 2828 663 oceumbercnt
2876 611 3197 682 Christiani,
3230 630 3330 671 nec
3377 619 3628 689 capillum

2046 691 2234 760 capitis
2281 710 2464 750 eorum
2512 709 2718 754 asserat
2763 703 3090 771 periturum,
3119 708 3410 763 exhortans
3449 725 3518 766 ne
3558 711 3625 767 ti.

2046 795 2225 838 meant
2250 800 2345 840 eos
2383 789 2471 857 qui
2520 805 2639 844 cum
2680 806 2874 862 corpus
2913 796 3235 862 occiderint,
3264 799 3493 868 amplius
3523 816 3628 857 non

2044 875 2240 930 habent
2269 878 2394 947 quid
2428 880 2656 935 faciant?
2683 883 2833 938 Unde
2866 886 2917 939 in
2949 887 3120 955 primo
3147 887 3283 942 libro
3309 889 3374 956 de
3399 889 3629 948 Civitate

2042 967 2135 1022 Dei
2167 972 2295 1024 satis
2315 1013 2328 1036 ,
2359 983 2610 1040 quantum
2638 979 2914 1045 existimo,
2947 996 3064 1034 sum
3096 983 3303 1037 locutus
3323 1024 3336 1048 ,
3360 993 3421 1039 ut
3438 1000 3628 1045 eorum

2041 1059 2256 1115 dentem
2285 1065 2621 1119 retunderem
2639 1108 2654 1133 ,
2680 1069 2770 1136 qui
2791 1069 3121 1126 barbaricam
3142 1073 3467 1139 vastitatem,
3492 1091 3628 1146 prae.

2039 1151 2192 1221 cipue
2237 1170 2392 1222 quam
2443 1172 2614 1226 nuper
2658 1158 2826 1214 Roma
2876 1175 3130 1231 perpessa
3168 1173 3287 1229 est,
3319 1164 3626 1222 christianis

2041 1245 2363 1312 temporibus
2393 1247 2736 1315 iinputando,
2770 1250 2928 1304 etiam
2959 1251 3011 1304 id
3032 1252 3308 1320 objiciunt,
3341 1255 3484 1324 quod
3512 1256 3624 1312 suis

2037 1332 2144 1386 illic
2172 1350 2276 1389 non
2306 1335 2613 1390 subvenerit
2638 1338 2903 1392 Christus.
2933 1340 3136 1406 Quibus
3159 1357 3280 1397 cum
3306 1359 3623 1414 responsum

2035 1424 2190 1479 fuerit
2209 1427 2413 1480 animas
2428 1429 2657 1482 fidelium
2674 1445 2771 1500 pro
2784 1430 2902 1485 ﬁdei
2917 1448 3026 1486 suae
3045 1433 3250 1488 meritis
3267 1435 3332 1488 ab
3350 1436 3441 1490 illo
3459 1437 3622 1492 fuisse

2034 1528 2322 1588 susceptas,
2355 1519 2609 1574 insultant
2637 1521 2704 1576 de
2729 1521 3394 1593 cadaveribusinsepultis.
3426 1527 3621 1582 Totum

2034 1610 2207 1679 itaque
2225 1611 2284 1663 ist
2295 1626 2378 1663 um
2395 1611 2458 1665 de
2474 1614 2746 1680 sepultura
2761 1614 2931 1669 locum
2945 1616 3120 1670 verbis
3135 1618 3326 1672 talibus
3338 1619 3618 1688 explicavi.

2102 1701 2154 1753 4.
2193 1719 2211 1751 ‹
2247 1701 2316 1754 At
2344 1702 2484 1755 enim
2511 1703 2560 1756 in
2591 1711 2735 1757 tanta
2757 1745 2772 1770 ,
2802 1705 3016 1774 inquam
3040 1747 3054 1771 ,
3085 1715 3262 1777 strage
3291 1709 3614 1764 cadaverum

2030 1805 2127 1843 nec
2157 1791 2367 1859 sepeliri
2394 1795 2721 1862 potuerunt?
2746 1795 2928 1865 Neque
2950 1796 3090 1850 istud
3121 1797 3204 1866 pia
3234 1798 3365 1853 ﬁdes
3396 1800 3618 1858 nimium

2029 1883 2368 1951 reformidat,
2402 1894 2587 1942 tenens
2625 1887 2968 1957 praedictum,
3001 1903 3100 1943 nec
3142 1890 3483 1946 absumentes
3525 1892 3619 1948 be-

2028 1974 2158 2028 stias
2183 1977 2566 2031 resurrecturis
2597 1978 2912 2047 corporibus
2939 1978 3214 2033 obfuturas
3232 2021 3246 2044 ,
3275 1994 3502 2050 quorum
3524 1994 3618 2035 ca-

2027 2065 2185 2135 pillus
2213 2068 2400 2136 capitis
2427 2083 2531 2122 non
2560 2069 2773 2138 peribit.
2804 2069 2913 2124 Nec
2947 2070 3054 2124 ullo
3079 2071 3242 2125 modo
3277 2071 3483 2127 diceret
3510 2072 3618 2128 Ve-

2024 2159 2155 2212 ritas
2175 2201 2191 2226 ,
2217 2158 2392 2214 Nolite
2419 2161 2590 2215 timere
2616 2178 2699 2216 eos
2741 2164 2831 2234 qui
2868 2179 3052 2233 corpus
3095 2164 3364 2229 occidunt,
3393 2164 3616 2218 animum

2025 2259 2192 2303 autem
2218 2267 2318 2304 non
2341 2262 2548 2320 possunt
2575 2253 2800 2308 occidere
2815 2271 2834 2319 ;
2871 2255 2913 2307 si
2939 2253 3228 2324 quidquam
3254 2255 3469 2310 obesset
3489 2256 3613 2312 vita:

2024 2337 2213 2393 futurae
2239 2340 2492 2411 quidquid
2521 2342 2719 2396 inimici
2749 2343 2816 2396 de
2842 2343 3158 2412 corporibus
3187 2345 3496 2399 occisorum
3525 2345 3610 2401 fa-

2023 2446 2146 2486 cere
2174 2433 2484 2487 voluissent.
2510 2433 2618 2487 Nisi
2650 2433 2786 2489 forte
2809 2435 3070 2504 quispiam
3099 2435 3178 2490 sic
3207 2435 3469 2491 absurdus
3493 2444 3606 2505 est,

2023 2531 2079 2575 ut
2100 2522 2386 2576 contendat
2410 2537 2503 2578 eos
2531 2524 2623 2594 qui
2653 2539 2846 2594 corpus
2875 2524 3145 2591 occidunt,
3175 2540 3282 2580 non
3312 2525 3511 2582 debere
3535 2527 3609 2582 ti-

2021 2614 2151 2668 meri
2169 2621 2290 2669 ante
2311 2624 2556 2682 mortem,
2577 2632 2644 2670 ne
2663 2631 2858 2686 corpus
2869 2616 3134 2683 occidant;
3153 2625 3208 2672 ct
3223 2617 3396 2672 timeri
3412 2617 3608 2673 debere

2022 2712 2140 2772 post
2169 2711 2392 2758 mortem
2415 2746 2429 2771 ,
2463 2720 2529 2758 ne
2550 2721 2745 2774 corpus
2770 2706 3004 2760 occisum
3033 2706 3245 2776 sepeliri
3278 2721 3382 2761 non
3407 2707 3606 2761 sinant.

2020 2792 2236 2848 Falsum
2263 2802 2344 2848 est
2371 2810 2497 2864 ergo
2533 2793 2675 2864 quod
2715 2795 2790 2849 ait
2814 2794 3060 2850 Christus
3081 2835 3096 2861 ,
3134 2796 3236 2863 Qui
3263 2813 3448 2866 corpus
3475 2797 3612 2851 occi-

2020 2885 2180 2952 dunt,
2236 2894 2281 2939 et
2320 2896 2492 2956 postea
2533 2904 2635 2942 non
2676 2887 2858 2941 habent
2903 2889 3026 2957 quid
3069 2888 3262 2958 faciant
3293 2889 3503 2958 (Matth.
3535 2905 3606 2952 χ,

2017 2975 2108 3041 28,
2131 2978 2228 3043 30;
2258 2977 2382 3031 Luc.
2413 2993 2506 3042 xu,
2530 2979 2584 3045 4,
2614 2977 2705 3048 7);
2737 2980 2781 3033 si
2810 2978 3008 3033 habent
3037 2987 3180 3034 tanta
3207 2995 3327 3048 quae
3350 2979 3417 3034 de
3443 2979 3608 3034 cada-

2019 3067 2234 3122 veribus
2284 3066 2520 3121 faciant?
2563 3068 2717 3122 Absit
2759 3076 2818 3122 ut
2865 3067 3058 3121 falsum
3101 3069 3172 3121 sit
3213 3066 3356 3137 quod
3400 3067 3608 3123 Veritas

2017 3155 2171 3211 dixit.
2204 3157 2408 3212 Dictum
2450 3164 2533 3211 est
2570 3158 2713 3212 enim
2744 3157 2944 3226 aliquid
2972 3171 3068 3211 eos
3091 3156 3270 3212 facere
3307 3173 3427 3212 eum
3456 3159 3606 3213 occi-

2018 3247 2178 3315 dunt,
2211 3247 2332 3317 quia
2376 3249 2430 3302 in
2460 3261 2683 3318 corpore
2722 3261 2911 3302 sensus
2949 3255 3031 3301 est
3057 3245 3385 3308 occidendo;
3417 3257 3606 3318 postea

2016 3356 2146 3397 vero
2166 3339 2297 3395 nihil
2320 3339 2519 3395 habere
2545 3339 2684 3410 quod
2717 3338 2932 3404 faciant,
2963 3340 3085 3410 quia
3106 3339 3282 3394 nullus
3306 3354 3497 3395 sensus
3522 3348 3607 3396 est

2018 3433 2071 3488 in
2115 3447 2338 3504 corpore
2368 3433 2567 3488 occiso.
2609 3432 2770 3487 Multa
2798 3432 2978 3502 itaque
3005 3447 3231 3504 corpora
3268 3432 3606 3489 Christiano-

2017 3542 2136 3581 rum
2163 3535 2303 3582 terra
2329 3540 2435 3579 non
2475 3525 2644 3580 texit:
2687 3523 2783 3579 sed
2813 3525 3018 3580 nullum
3050 3540 3234 3580 eorum
3266 3525 3546 3596 quisquam
3572 3539 3607 3580 a

2018 3617 2155 3672 coelo
2184 3625 2238 3672 et
2266 3625 2409 3670 terra
2436 3616 2733 3685 separavit,
2768 3630 2927 3684 quam
2955 3623 3119 3670 totam
3160 3616 3342 3684 implet
3371 3631 3606 3684 praesen-

2020 3708 2088 3761 tia
2113 3708 2217 3772 sui,
2247 3707 2336 3776 qui
2368 3706 2514 3760 novit
2533 3706 2673 3759 unde
2702 3706 2983 3759 resuscitet
3003 3704 3144 3774 quod
3165 3705 3380 3758 ereavit.
3403 3706 3606 3760 Dicitur

2017 3799 2230 3870 quidem
2263 3800 2314 3853 in
2341 3798 2554 3852 Psalmo
2574 3839 2588 3863 ,
2618 3797 2907 3851 Posuerunt
2939 3797 3175 3850 mortalia
3199 3814 3454 3851 servorum
3483 3807 3603 3852 tuo-

2015 3907 2130 3943 rum
2153 3905 2314 3944 escam
2351 3887 2637 3941 volatilibus
2676 3887 2818 3954 coeli,
2865 3903 3041 3940 carnes
3082 3895 3370 3941 sanctorum
3399 3897 3603 3942 tuorum

2017 3983 2183 4038 bestiis
2231 3991 2376 4035 teme
2407 3980 2737 4046 :e/I‘uderunt
2786 3980 3080 4051 sanguinem
3134 3995 3306 4033 eorum
3356 3987 3597 4049 tanquam

2015 4091 2198 4144 aquam
2236 4075 2289 4127 in
2328 4073 2541 4127 circuitu
2577 4071 2864 4128 Jerusalem
2885 4113 2899 4137 ,
2926 4080 2973 4126 et
3002 4088 3102 4126 non
3125 4080 3233 4126 erat
3259 4071 3343 4142 qui
3367 4071 3604 4142 sepeliret

2017 4165 2187 4238 (Psal.
2233 4179 2462 4229 mvut,
2491 4162 2556 4228 2,
2591 4161 2676 4234 5);
2709 4162 2803 4218 scd
2852 4163 3021 4233 magis
3063 4161 3129 4216 ad
3175 4160 3602 4233 exaggerandam

2015 4256 2381 4312 crudelitatem
2408 4270 2593 4309 eorum
2623 4253 2714 4325 qui
2741 4253 2841 4308 ista
2873 4251 3147 4319 fecerunt,
3178 4266 3286 4306 non
3314 4251 3381 4306 ad
3410 4265 3598 4307 eorum

2015 4347 2381 4402 infelicitatem
2423 4345 2514 4416 qui
2556 4345 2656 4400 ista
2702 4342 2940 4414 perpessi
2983 4352 3123 4398 sunt.
3168 4342 3422 4411 Quamvis
3458 4343 3601 4397 enim

2016 4441 2131 4495 haec
2162 4442 2212 4495 in
2257 4447 2547 4510 conspectu
2588 4437 2862 4493 hominum
2894 4435 3024 4489 dura
3060 4443 3114 4490 et
3137 4434 3251 4488 dira
3295 4433 3598 4498 videantur,

2015 4532 2109 4587 sed
2141 4533 2356 4602 pretiosa
2383 4531 2437 4583 in
2473 4537 2741 4598 conspectu
2772 4525 2975 4579 Domini
3013 4541 3146 4578 mors
3180 4532 3466 4576 sanctorum
3491 4523 3601 4590 ejus

2017 4621 2186 4690 (Psal.
2209 4637 2330 4688 cxv,
2363 4617 2474 4689 15).
2518 4615 2749 4672 Proinde
2778 4615 2877 4669 ista
2915 4613 3093 4668 omnia
3114 4654 3128 4678 ,
3157 4611 3210 4666 id
3249 4619 3332 4666 est
3351 4652 3366 4676 ,
3394 4613 3602 4664 curatio

2018 4711 2245 4775 funeris,
2301 4706 2535 4763 conditio
2578 4705 2894 4774 sepultum,
2943 4716 3134 4772 pompa
3188 4700 3636 4770 exsequiarum,"

2016 4798 2184 4868 magis
2214 4803 2335 4850 sunt
2361 4796 2596 4848 vivorum
2640 4792 2859 4857 solatia,
2890 4805 3047 4860 quam
3089 4789 3323 4843 subsidia
3361 4797 3602 4843 mortuo—

2016 4905 2156 4946 rum.
2198 4887 2253 4943 Si
2299 4885 2496 4955 aliquid
2548 4883 2765 4954 prodest
2811 4880 2973 4950 impio
3013 4879 3282 4949 sepultura
3328 4877 3597 4947 pretiosa,

2016 4981 2188 5037 oberit
2217 4979 2304 5049 pio
2327 4978 2444 5032 vilis
2470 4983 2561 5030 aut
2583 4975 2746 5029 nulla.
2771 4973 3061 5027 Praeclarus
3083 4970 3361 5040 exsequias
3392 4970 3442 5023 in
3467 4983 3604 5024 con-

2016 5081 2198 5144 spectu
2241 5069 2514 5124 hominum
2543 5073 2833 5138 purpurato
2874 5064 2951 5117 illi
2995 5063 3141 5116 diviti
3172 5062 3324 5116 turba
3355 5061 3602 5116 exhibuit

2019 5164 2330 5218 famulorum
2360 5177 2372 5212 :
2403 5157 2496 5213 sed
2520 5158 2684 5212 multo
2713 5155 2966 5210 clariores
2993 5155 3048 5208 in
3071 5161 3357 5222 conspectu
3385 5153 3600 5207 Domini

2018 5255 2259 5308 ulceroso
2284 5252 2354 5305 illi
2378 5248 2594 5321 pauperi
2611 5246 2960 5302 ministerium
2982 5244 3209 5316 praebuit
3233 5243 3594 5314 Angelorum;

2017 5347 2104 5416 qui
2132 5357 2250 5397 eum
2274 5357 2377 5395 non
2399 5339 2705 5394 extulerunt
2727 5337 2778 5390 in
2805 5349 3162 5390 marmoreum
3192 5333 3473 5397 tumulum,
3500 5332 3598 5386 sed

2017 5439 2068 5492 in
2101 5434 2327 5490 Abraha:
2367 5431 2627 5502 gremium
2674 5429 3007 5483 sustulerunt
3045 5425 3195 5496 (Luc.
3228 5439 3353 5491 xvi,
3384 5422 3593 5494 19-22).

2018 5530 2211 5584 Rident
2243 5527 2356 5579 hcce
2395 5523 2504 5589 illi,
2533 5529 2717 5578 contra
2751 5535 2884 5590 quos
2923 5516 3314 5574 defendendam
3355 5515 3597 5584 suscepi-

2018 5636 2134 5675 mus
2177 5617 2452 5671 Civilatem
2503 5613 3024 5668 Dei:verumtamen
3073 5608 3360 5678 sepultura:
3407 5620 3592 5662 curam

2019 5712 2175 5767 etiam
2201 5721 2383 5764 eorum
2409 5701 2709 5776 philosophi
2738 5706 3200 5770 contempserunt;
3228 5706 3283 5755 et
3305 5712 3446 5772 stepe
3473 5696 3598 5754 unis

2025 5803 2159 5862 versi
2190 5800 2489 5870 exercitus,
2523 5797 2646 5853 dum
2677 5810 2770 5868 pro
2799 5803 3006 5852 terrena
3043 5794 3210 5866 patria
3237 5795 3592 5858 morerentur,
