4140 6216
530 499 630 557 ubi
671 505 856 571 postea
887 497 1154 569 jacerent,
1182 495 1265 550 vel
1293 496 1485 566 quibus
1522 495 1706 550 bestiis
1733 509 1856 548 esca
1887 493 2079 548 tierent
2099 531 2115 557 ,

537 611 654 654 non.
685 601 1038 658 curaverunt;
1065 591 1319 661 licuitque
1350 589 1520 661 poetis
1549 587 1618 643 de
1656 587 1755 642 hac
1782 603 1840 642 re
1866 585 2123 658 plausibi-

535 689 662 746 liter
687 688 866 744 dicere
885 727 900 753 ,

749 798 878 851 cwlo
899 799 1099 862 tegitur,
1125 798 1208 860 qui
1226 809 1322 847 non
1353 795 1504 845 habet
1524 807 1697 844 urnam
1719 793 1813 857 (α).

537 913 738 978 quanto
759 903 934 958 minus
963 902 1156 958 debent
1197 901 1266 957 de
1295 899 1608 971 corporibus
1636 899 1916 970 insepultis
1958 898 2124 954 insul-

536 1005 654 1053 tare
695 993 1040 1059 Christianis,
1092 993 1283 1063 quibus
1327 1001 1380 1047 et
1434 991 1598 1062 ipsius
1638 991 1813 1046 carnis
1861 991 2127 1046 membro-

537 1105 763 1160 rumque
791 1088 1026 1144 omnium
1072 1085 1412 1151 reformatio,
1462 1098 1566 1139 non
1614 1084 1785 1138 solum
1829 1099 1894 1138 ex
1947 1091 2123 1153 terra,

537 1199 725 1240 verum
769 1183 928 1238 etiam
967 1196 1032 1236 ex
1071 1180 1295 1235 aliorum
1335 1181 1718 1235 elementorum
1763 1179 2129 1234 secretissimo

543 1275 664 1332 sinu
684 1318 698 1344 ,
727 1290 832 1346 quo
861 1274 1063 1344 dilapsa
1089 1273 1346 1328 cadavera
1377 1279 1747 1338 recesserunt,
1790 1271 1840 1325 in
1876 1271 2128 1342 temporis

539 1375 739 1440 puncto
768 1364 1036 1420 reddenda
1064 1373 1118 1420 et
1143 1363 1546 1434 redintegranda
1578 1361 1936 1435 promittitur?
1970 1379 1988 1414 ι

613 1457 841 1515 CAPUT
871 1457 1115 1514 [lt—5.
1149 1457 1366 1511 Funeris
1408 1465 1454 1511 et
1501 1456 1774 1527 sepultura:
1818 1472 1940 1509 cura
1978 1470 2132 1522 quare

545 1550 839 1606 laudabilis.
866 1568 884 1602 ι
908 1548 1016 1605 Nec
1032 1548 1149 1604 ideo
1167 1557 1343 1603 tamen
1362 1545 1749 1603 contemnenda
1766 1554 1821 1602 et
1835 1544 2130 1616 abjicicnda

544 1651 670 1698 sunt
696 1657 918 1712 corpora
946 1642 1315 1697 defunctorum
1339 1683 1352 1707 ,
1387 1640 1722 1712 maximeque
1757 1639 2022 1710 justorum
2070 1653 2133 1694 ac

543 1731 778 1788 fidelium
800 1774 814 1799 ,
843 1731 1033 1804 quibus
1063 1741 1312 1802 tanquam
1341 1730 1554 1801 organis
1586 1739 1639 1784 et
1668 1729 1809 1784 vasis
1848 1728 1913 1782 ad
1954 1727 2131 1783 omnia

543 1822 682 1879 bona
705 1839 865 1894 opera
894 1832 1077 1878 sancte
1103 1837 1230 1878 usus
1252 1831 1334 1877 est
1357 1822 1575 1891 spiritus
1599 1822 1637 1874 ί.
1663 1820 1718 1877 Si
1737 1821 1878 1876 enim
1908 1830 2132 1893 paterna

545 1915 709 1970 vestis
735 1925 789 1970 et
809 1915 1059 1981 annulus,
1093 1930 1154 1969 ac
1185 1913 1229 1970 si
1258 1913 1384 1984 quid
1426 1912 1729 1984 hujusmodi
1751 1954 1765 1977 ,
1818 1921 1964 1968 tanto
2008 1911 2134 1967 cha-

549 2012 660 2061 rius
688 2015 771 2062 est
798 2007 1058 2075 posteris.
1091 2016 1290 2077 quanto
1328 2021 1452 2076 erga
1498 2015 1747 2076 parentes
1793 2005 1964 2076 major
2007 2005 2138 2061 alle-

548 2103 702 2163 ctus;
732 2098 880 2152 nullo
911 2097 1070 2153 modo
1105 2098 1215 2169 ipsa
1244 2098 1543 2168 spernenda
1572 2105 1696 2153 sunt
1743 2114 1989 2168 corpora,
2018 2114 2138 2169 qua:

549 2189 733 2259 utique
784 2189 949 2244 multo
999 2187 1310 2244 famiﬁarius
1359 2197 1516 2259 atque
1559 2189 1923 2260 conjunctius,
1977 2206 2136 2261 quam

549 2279 798 2350 qumlibet
824 2280 1126 2335 indumenta
1153 2290 1442 2351 gestamus.
1473 2281 1596 2336 llzuc
1623 2282 1765 2336 enim
1794 2298 1896 2336 non
1940 2281 2008 2337 ad
2044 2297 2137 2338 or-

550 2379 859 2424 namentum
883 2369 963 2424 vel
994 2369 1336 2438 adiutorium,
1379 2369 1518 2440 qttod
1570 2369 1850 2426 adhibetur
1879 2372 2140 2429 extrinse-

551 2473 667 2525 cus,
701 2460 792 2513 sed
825 2458 889 2513 ad
932 2459 1099 2528 ipsam
1134 2468 1373 2514 naturam
1405 2461 1637 2515 hominis
1671 2463 1956 2532 pertinent.
1986 2462 2140 2520 Unde

555 2562 609 2606 et
635 2551 971 2622 antiquorum
996 2552 1259 2620 justorum
1305 2553 1483 2606 funera
1528 2553 1763 2607 officiosa
1798 2555 1996 2624 pietate
2046 2570 2141 2610 cu-

553 2653 668 2698 rata
695 2651 838 2707 sunt,
864 2653 917 2698 et
945 2642 1212 2712 exsequiae
1243 2643 1525 2698 celebrata:
1551 2685 1565 2710 ,
1611 2653 1665 2697 et
1709 2644 1979 2712 sepultura
2009 2661 2140 2722 pro-_

553 2737 666 2789 visa
694 2755 705 2789 :
731 2737 932 2806 ipsique
963 2753 1081 2792 cum
1109 2737 1381 2802 viverent,
1411 2737 1478 2793 de
1506 2737 1846 2807 sepeliendis,
1874 2739 1957 2794 vel
1981 2739 2141 2795 etiam

557 2824 938 2882 transferendis
963 2827 1074 2882 suis
1101 2827 1412 2898 corporibus
1435 2827 1555 2881 filiis
1584 2828 1968 2884 mandaverunt
1986 2827 2139 2901 (Gen.

556 2930 708 2982 χχιιι,
740 2932 871 2983 xxv,
926 2916 979 2982 9,
1027 2917 1114 2981 10,
1163 2925 1211 2971 et
1261 2934 1426 2981 XLVII,
1473 2917 1584 2988 50).
1630 2919 1694 2973 Et
1734 2919 2145 2992 Tobias’sepe.

555 3006 734 3062 liendo
764 3017 1003 3064 mortuos
1034 3008 1197 3063 Deum
1230 3010 1610 3080 promeruisse,
1634 3020 1771 3068 teste
1799 3014 1988 3083 angelo
2004 3029 2146 3072 com-

558 3098 840 3154 mendatur
868 3098 1014 3171 (Tob.
1046 3115 1103 3165 ιι,
1134 3100 1185 3164 9,
1213 3109 1258 3154 et
1300 3116 1392 3169 xu,
1431 3100 1541 3174 12).
1577 3101 1692 3172 Ipse
1719 3119 1928 3175 quoque
1957 3104 2142 3161 Domi-

559 3206 660 3247 nus
686 3191 772 3248 die
798 3194 953 3249 tertio
980 3203 1374 3250 resurrecturus
1400 3194 1663 3268 religiosae
1687 3197 1922 3254 mulieris
1944 3199 2143 3256 bonum

559 3298 694 3353 Opus
739 3283 1008 3352 prtedicat,
1043 3284 1544 3356 praedicandumque
1589 3273 2147 3360 commendatpquod

557 3382 883 3440 unguentum
915 3374 1202 3442 pretiosum
1239 3390 1399 3444 super
1424 3375 1664 3431 membra
1705 3377 1825 3447 ejus
1875 3377 2143 3442 effuderit.

560 3471 718 3532 atque
747 3462 846 3516 hoc
873 3462 940 3517 ad
966 3478 1085 3517 eum
1122 3464 1489 3535 sepeliendum
1518 3466 1702 3522 fecerit
1748 3465 1960 3541 (Matth.
1993 3485 2143 3540 xxvi,

560 3549 719 3623 ’1-15)
745 3569 757 3604 :
788 3561 840 3607 et
868 3552 1202 3610 laudabiliter
1231 3566 1720 3612 commemorantur
1744 3557 1797 3613 in
1837 3559 2143 3632 Evangelio,

561 3643 650 3714 qui
679 3657 872 3712 corpus
898 3643 1012 3715 ejus
1041 3643 1106 3701 de
1128 3660 1286 3702 cruce
1316 3658 1589 3717 acceptum
1611 3689 1626 3716 ,
1677 3647 1962 3720 diligenter
1987 3661 2146 3723 atque

561 3732 852 3790 honorifice
881 3735 1161 3806 tegendum
1189 3737 1659 3810 sepeliendumque
1679 3751 1934 3797 curarunt
1959 3742 2139 3814 (Joan.

559 3841 668 3891 xix,
703 3825 815 3898 38).
838 3827 1030 3884 Verum
1057 3828 1170 3884 istae
1192 3830 1532 3887 auctoritates
1561 3848 1667 3888 non
1696 3832 1796 3888 hoc
1829 3833 2140 3901 admonent,

560 3918 700 3988 quod
730 3917 856 3974 insit
877 3920 1013 3974 ullus
1045 3920 1390 3976 cadaveribus
1420 3937 1641 3989 sensus;
1676 3924 1770 3980 sed
1799 3925 1866 3979 ad
1892 3925 1993 3982 Dei
2018 3942 2146 3997 pro-

559 4009 847 4066 videntium
899 4011 1006 4082 (cui
1052 4013 1263 4081 placent
1309 4013 1467 4067 etiam
1517 4013 1641 4069 talia
1685 4015 1894 4084 pietatis
1944 4015 2142 4090 ofﬁcia)

561 4114 784 4170 corpora
833 4114 1044 4170 quoque
1096 4111 1428 4158 mortuorum
1491 4105 1761 4172 pertinere
1805 4106 2139 4176 significant,

562 4197 780 4260 propter
805 4188 962 4244 fidem
990 4191 1396 4248 resurrectionis
1420 4195 1781 4249 astruendam.
1813 4195 1914 4252 Ubi
1941 4207 1994 4253 et
2015 4199 2144 4255 illud

561 4279 844 4336 salubriter
866 4280 1108 4347 discitur,
1157 4290 1353 4351 quanta
1400 4284 1570 4352 possit
1610 4300 1730 4341 esse
1779 4290 2146 4346 remuneratio

564 4382 660 4440 pro
689 4368 1072 4442 eleemosynis,
1101 4384 1233 4442 quas
1267 4370 1563 4429 viventibus
1590 4382 1639 4429 et
1669 4376 2021 4432 sentientibus
2047 4395 2143 4435 ex-

563 4457 826 4526 hibemus,
857 4459 902 4515 si
931 4473 1104 4531 neque
1129 4460 1230 4517 hoc
1257 4460 1394 4532 apud
1427 4461 1591 4518 Deum
1616 4465 1772 4536 perit,
1795 4467 1936 4537 quod
1959 4470 2144 4526 exani-

562 4555 664 4610 mis
691 4553 964 4610 hominum
997 4555 1251 4611 membris
1277 4555 1436 4612 ofticii
1465 4556 1857 4631 diligentiaeque
1885 4563 2144 4632 persolvi-

563 4656 668 4702 tur.
698 4644 832 4703 Sunt
872 4645 1085 4719 quidem
1125 4655 1181 4703 et
1217 4648 1321 4703 alia
1358 4665 1476 4721 quae
1510 4651 1676 4706 sancti
1709 4651 2030 4708 Patriarchae
2079 4654 2146 4712 de

561 4737 874 4808 corporibus
903 4738 1013 4793 suis
1043 4738 1126 4793 vel
1164 4738 1452 4794 condendis
1494 4740 1580 4796 vel
1613 4741 1991 4800 transferendis
2018 4760 2148 4816 pro-

560 4827 772 4900 phetico
799 4829 990 4900 spiritu
1015 4828 1151 4885 dicta
1189 4829 1412 4901 intelligi
1442 4831 1723 4887 voluerunt
1778 4832 1930 4905 (Gen.
1976 4851 2140 4907 xcvu,

557 4919 652 4986 '50,
683 4931 728 4974 et
748 4935 801 4988 ι,
829 4920 920 4992 24)
946 4937 960 4988 ;
1007 4936 1112 4975 non
1143 4929 1319 4977 autem
1352 4921 1438 4976 hic
1476 4923 1627 4978 locus
1658 4933 1738 4979 est
1769 4933 1910 4981 utea
1941 4937 2144 4996 pertra-

560 5018 767 5069 ctemus
789 5051 802 5078 ,
834 5026 955 5067 cum
982 5010 1246 5068 sufficiant
1285 5012 1385 5068 ista
1415 5029 1533 5084 quae
1562 5013 1812 5070 diximus.
1852 5015 1961 5072 Sed
1991 5017 2034 5073 si
2081 5033 2145 5074 ea

562 5113 682 5174 qua:
729 5101 1087 5158 sustentandis
1132 5103 1430 5159 viventibus
1467 5114 1590 5160 sunt
1631 5108 1962 5176 necessaria,
2009 5109 2147 5165 sicut

560 5194 734 5250 victus
759 5201 813 5250 et
838 5195 1083 5262 amictus,
1114 5197 1355 5268 quamvis
1380 5211 1500 5252 cum
1547 5197 1694 5269 gravi
1734 5198 2022 5256 afﬂictione
2042 5201 2140 5258 de-

561 5284 688 5349 sint,
720 5299 824 5340 non
855 5283 1101 5354 frangunt
1139 5285 1194 5339 in
1235 5287 1386 5341 bonis
1431 5286 1736 5358 perferendi
1779 5290 2144 5361 tolerandique

559 5377 827 5444 virtutem,
855 5392 954 5433 nec
979 5377 1250 5433 eradicant
1275 5392 1340 5433 ex
1369 5378 1546 5434 animo
1571 5379 1843 5450 pietatem,
1872 5382 1966 5438 sed
1984 5398 2142 5438 exer-

560 5467 774 5524 citatam
801 5468 822 5501 ³
869 5468 1065 5526 faciunt
1112 5467 1508 5536 fecundiorem;
1557 5481 1753 5543 quanto
1808 5474 1974 5546 magis
2018 5489 2139 5531 cum

623 5581 643 5650 ξ
677 5583 750 5650 sic
766 5589 874 5650 Mss.
897 5593 958 5650 at
979 5583 1094 5636 editi
1112 5619 1127 5643 ,
1147 5589 1339 5650 sancta
1361 5597 1474 5635 usus
1495 5591 1565 5636 est
1579 5583 1800 5650 Spiritus.

621 5644 645 5708 ξ
676 5647 732 5708 In
743 5646 958 5708 antiquis
974 5653 1084 5708 ΔΜεε.
1094 5679 1107 5704 ,
1130 5645 1276 5708 Tobis.

623 5705 646 5737 ³
673 5704 824 5769 uniti,
865 5704 1143 5769 cantarent.
1170 5707 1340 5757 Helius
1358 5713 1488 5768 ttss.,
1524 5708 1869 5769 exercitum;
1913 5715 1963 5758 et
1999 5712 2070 5758 sic
2091 5711 2142 5760 in

561 5763 684 5826 libro
700 5763 852 5826 ι)ιὶωο
873 5767 936 5815 de
958 5769 1156 5817 civitate
1182 5771 1284 5818 Dei.

621 5823 941 5890 (tribuemus,
964 5829 1014 5878 in
1035 5827 1120 5881 lib.
1139 5830 1188 5892 7,
1211 5843 1259 5880 v.
1279 5829 1387 5891 819,
1406 5829 1470 5880 dc
1483 5832 1651 5884 occisis
1672 5831 1936 5881 Pharsalica
1961 5845 2137 5896 pugna.

1351 382 1438 437 DE
1475 379 1660 438 CURA
1699 377 1836 436 PRO
1871 375 2178 436 ιιυιιτῦιε
2209 375 2561 448 GERENDA,
2598 378 2656 435 S.
2693 377 3056 436 AUGUSTINI

3715 387 3825 447 596

2229 492 2424 549 desunt
2456 507 2518 549 ea
2553 508 2670 564 qua:
2694 495 2944 550 curandis
2971 493 3251 552 funeribus
3278 497 3680 573 eondendisque
3698 517 3827 559 cor-

2233 585 2450 656 poribus
2496 585 2868 642 defunctorum
2909 586 3151 644 adhiberi
3189 590 3394 661 solent,
3429 608 3536 649 non
3579 593 3825 654 efﬁciunt

2232 676 2457 730 miseros
2475 718 2490 743 ,
2528 677 2580 730 in
2607 677 2830 734 occultis
2855 679 3064 749 piorum
3093 680 3308 738 sedibus
3335 683 3442 753 jam
3466 684 3675 755 quietos
3696 687 3724 740 ἲ
3749 689 3825 746 Ac

2231 780 2331 837 per
2360 766 2460 821 hoc
2483 809 2498 835 ,
2530 768 2744 839 quando
2768 770 2866 824 ista
2910 770 3260 829 cadaveribus
3303 773 3728 833 Christianorum
3768 779 3823 836 in

2233 859 2320 914 illa
2349 873 2553 931 magna:
2579 862 2759 928 urbis,
2788 863 2872 918 vel
2907 865 3069 918 etiam
3107 865 3335 921 aliorum
3367 867 3688 938 oppidorum
3728 887 3822 927 va-

2234 953 2461 1006 statione
2501 951 2804 1020 defuerunt,
2835 969 2936 1011 nec
2973 955 3214 1012 vivorum
3247 958 3400 1030 culpa
3430 969 3544 1027 est,
3579 965 3669 1033 qui
3716 979 3818 1021 non

2236 1051 2521 1113 potuerunt
2543 1043 2642 1099 ista
2674 1045 2944 1114 praebere;
2991 1061 3090 1103 uec
3134 1057 3469 1105 mortuorum
3497 1067 3652 1122 poena
3679 1097 3692 1121 ,
3727 1057 3816 1127 qui

2235 1147 2341 1190 non
2371 1144 2655 1204 potuerunt
2695 1137 2796 1192 ista
2834 1136 3034 1193 sentire
3079 1137 3180 1213 (De
3216 1139 3432 1197 Civitate
3461 1142 3570 1209 Dei,
3623 1145 3711 1200 lib.
3761 1146 3813 1215 Ι,

2235 1241 2385 1295 capp.
2418 1227 2485 1280 12
2535 1236 2583 1281 et
2605 1226 2716 1299 15).
2753 1246 2772 1280 ι
2817 1228 2943 1284 llzec
2975 1236 3058 1285 est
3101 1245 3217 1286 mea
3239 1231 3308 1287 de
3338 1234 3627 1304 sepulturas
3656 1251 3817 1294 causa

2236 1328 2394 1391 atque
2425 1321 2632 1377 ratione
2657 1322 2939 1377 sententia.
2964 1323 3133 1390 Quam
3159 1334 3436 1396 prepterea
3460 1343 3527 1383 ex
3553 1327 3657 1386 alio
3687 1330 3819 1387 libro

2237 1425 2360 1467 meo
2385 1412 2436 1466 in
2468 1413 2627 1468 istum
2652 1413 2916 1482 transtuli,
2944 1415 3067 1486 quia
3089 1415 3296 1471 facilius
3324 1414 3428 1474 hoc
3454 1432 3484 1473 a
3521 1435 3607 1476 me
3631 1435 3816 1478 recen-

2238 1507 2342 1561 seri
2361 1507 2548 1575 potuit,
2573 1521 2729 1576 quam
2754 1505 2979 1576 idipsum
3007 1508 3114 1563 alio
3139 1509 3299 1564 modo
3319 1510 3676 1583 eloquendum
3704 1514 3809 1571 fuit.

2308 1596 2534 1654 CAPUT
2565 1598 2653 1654 IV.
2678 1629 2751 1641 —-
2770 1599 2824 1656 6.
2856 1599 3150 1670 Sepultum
3176 1603 3315 1660 locus
3349 1613 3548 1661 mortuo
3593 1624 3695 1664 non
3732 1625 3820 1682 per

2239 1704 2294 1744 se
2311 1732 2324 1754 ,
2351 1689 2440 1745 sed
2465 1706 2552 1761 per
2571 1691 2882 1746 occasionem
2903 1692 3126 1762 prodest,
3153 1693 3275 1748 dum
3301 1696 3539 1752 admonet
3565 1708 3619 1754 ut
3647 1706 3818 1756 oretur

2241 1797 2334 1852 pro
2354 1780 2461 1835 illo.
2495 1779 2645 1848 Quod
2676 1781 2719 1836 si
2750 1797 2935 1837 verum
2972 1792 3054 1840 est
3075 1824 3088 1849 ,
3124 1785 3363 1855 profecto
3389 1789 3548 1844 etiam
3579 1792 3821 1861 provisus

2241 1871 2563 1942 sepeliendis
2589 1873 2902 1944 corporibus
2926 1873 3065 1944 apud
3097 1878 3382 1934 memorias
3401 1890 3708 1939 sanctorum
3738 1885 3818 1940 lo-

2241 1977 2336 2018 cus
2356 2005 2370 2031 ,
2397 1963 2550 2018 bona:
2588 1962 2882 2019 affectionis
2911 1963 3157 2022 humanm
3191 1977 3272 2024 est
3317 1984 3442 2042 erga
3485 1971 3668 2030 funera
3698 1990 3821 2030 suo-

2242 2066 2396 2108 rum:
2428 2053 2678 2123 quoniam
2705 2054 2748 2108 si
2771 2056 3026 2111 nonnulla
3053 2057 3241 2129 religio
3270 2070 3352 2115 est
3389 2069 3447 2116 ut
3472 2063 3817 2135 sepeliantur,

2243 2157 2352 2200 non
2371 2153 2548 2216 potest
2575 2145 2720 2200 nulla
2746 2160 2864 2202 esse
2889 2146 3101 2216 quando
3132 2148 3219 2204 ubi
3238 2151 3564 2221 sepeliantur
3589 2156 3820 2212 attendi-

2243 2245 2348 2291 tur.
2383 2237 2488 2292 Sed
2513 2251 2632 2293 cum
2663 2237 2784 2293 talia
2811 2239 3055 2295 vivorum
3100 2240 3286 2298 solatia
3321 2244 3680 2315 requiruntur,
3710 2249 3826 2319 qui-

2244 2328 2344 2384 bus
2370 2343 2553 2384 eorum
2579 2329 2700 2401 pius
2726 2330 2777 2384 in
2815 2345 2939 2386 suos
2971 2332 3180 2387 animus
3209 2341 3500 2405 appareat,
3531 2350 3636 2392 non
3668 2337 3824 2395 video

2245 2435 2365 2491 qua:
2391 2427 2515 2476 sunt
2544 2420 2846 2491 adjumenta
2876 2431 3211 2478 mortuorum
3233 2465 3248 2492 ,
3280 2425 3378 2480 nisi
3399 2424 3464 2480 ad
3493 2426 3595 2482 hoc
3620 2436 3678 2483 ut
3700 2428 3824 2484 dum

2246 2511 2490 2566 recolunt
2515 2511 2606 2565 ubi
2635 2512 2742 2566 sint
2768 2513 2936 2581 posita
2960 2527 3145 2568 eorum
3172 2529 3304 2585 quos
3331 2513 3556 2586 diligunt
3579 2532 3824 2590 corpora,

2245 2602 2447 2658 eisdem
2474 2605 2669 2658 sanctis
2690 2603 2809 2658 illos
2832 2613 3080 2676 tanquam
3111 2607 3345 2676 patronis
3376 2617 3653 2680 susceptos
3679 2611 3819 2682 apud

2249 2692 2532 2747 Dominum
2579 2693 2907 2763 adjuvandus
2966 2695 3172 2752 orando
3223 2699 3619 2756 commendent.
3677 2701 3830 2770 Quod

2246 2783 2460 2853 quidem
2483 2783 2656 2839 facere
2688 2793 2933 2854 possent,
2967 2787 3176 2842 etiamsi
3217 2788 3413 2844 talibus
3440 2791 3571 2847 locis
3608 2805 3701 2848 eos
3729 2795 3829 2849 hu-

2248 2891 2397 2933 mare
2425 2894 2529 2933 non
2553 2887 2787 2948 possent.
2817 2878 2923 2934 Sed
2951 2896 3056 2935 non
3083 2881 3152 2937 ob
3177 2880 3317 2936 aliud
3345 2882 3427 2938 vel
3457 2881 3724 2941 Memoria:
3744 2887 3830 2944 vel

2248 2969 2588 3025 Monumenta
2617 2969 2865 3025 dicuntur
2893 2985 2953 3026 ea
2975 2986 3092 3041 quae
3114 2971 3362 3043 insignita
3390 2974 3408 3005 ί
3433 2972 3564 3029 ﬁunt
3585 2975 3830 3047 sepulcra

2250 3071 2578 3116 mortuorum
2600 3105 2613 3129 ,
2643 3062 2746 3118 nisi
2772 3062 2891 3132 quia
2915 3075 3009 3117 eos
3031 3063 3118 3133 qui
3147 3063 3437 3120 viventium
3459 3064 3629 3123 oculis
3652 3077 3826 3126 morte

2250 3154 2502 3209 subtracti
2533 3161 2686 3218 sunt,
2717 3169 2784 3209 ne
2811 3154 3080 3210 oblivione
3117 3155 3278 3211 etiam
3315 3157 3568 3215 cordibus
3613 3161 3824 3217 subtra-

2251 3243 2464 3311 hantur,
2507 3245 2558 3298 in
2604 3245 2912 3300 memoriam
2940 3253 3228 3314 revocant,
3269 3256 3325 3303 et
3373 3247 3713 3307 admonendo
3740 3247 3825 3306 fh-

2249 3335 2400 3390 ciunt
2427 3335 2646 3406 cogitari
2673 3354 2686 3390 :
2713 3351 2833 3390 nam
2864 3343 2916 3392 et
2940 3337 3212 3394 Memoriae
3249 3353 3444 3396 nomen
3473 3339 3526 3396 id
3553 3341 3833 3414 apertissi-

2251 3437 2337 3481 me
2358 3427 2622 3495 ostendit,
2653 3435 2707 3482 et
2730 3427 3127 3484 Monumentum
3158 3444 3224 3485 eo
3253 3429 3400 3501 quod
3440 3442 3656 3488 moneat
3680 3449 3831 3490 meu-

2255 3527 2397 3586 tem,
2421 3519 2472 3574 id
2502 3527 2612 3586 est,
2662 3519 2978 3587 admoneat,
3023 3529 3378 3593 nuncupatur.
3423 3520 3653 3594 Propter
3690 3523 3834 3596 quod

2249 3622 2303 3669 et
2331 3612 2499 3670 Grmci
2515 3629 2736 3682 μνημεῖον
2751 3622 2961 3682 vocant,
2993 3613 3134 3685 quod
3160 3629 3257 3670 nos
3291 3615 3596 3672 Memoriam
3613 3631 3708 3674 seu
3724 3615 3837 3674 Mo-

2250 3713 2559 3759 numentum
2587 3705 2947 3775 appellamus;
2991 3705 3241 3775 quoniam
3265 3705 3445 3778 lingua
3486 3721 3674 3764 eorum
3716 3723 3835 3765 mc—

2252 3795 2418 3852 moria
2447 3795 2558 3866 ipsa
2584 3811 2685 3866 qua
2711 3796 3047 3852 meminimus
3070 3807 3234 3865 μνήμη
3248 3796 3463 3853 dicitur.
3485 3796 3622 3855 Cum
3655 3797 3837 3872 itaque

2250 3887 2440 3942 recolit
2469 3885 2677 3940 animus
2701 3885 2789 3941 ubi
2816 3890 3079 3956 sepultum
3105 3887 3175 3942 sit
3204 3887 3502 3943 charissimi
3532 3902 3747 3960 corpus,
3778 3899 3836 3949 et

2252 3979 2484 4034 occurrit
2513 3978 2660 4033 locus
2710 3978 2924 4032 nomine
2976 3979 3227 4050 martyris
3266 3978 3602 4043 venerabilis,
3650 3979 3830 4038 eidem

2251 4068 2468 4140 martyri
2499 4068 2728 4122 animam
2764 4067 3016 4122 dilectam
3053 4067 3393 4124 commendat
3419 4067 3751 4126 recordantis
3774 4081 3834 4128 et

2250 4164 2516 4234 precantis
2541 4162 2780 4218 allectus.
2811 4161 2912 4230 Qui
2939 4177 3060 4218 cum
3085 4162 3350 4221 defunctis
3375 4179 3404 4219 a
3434 4164 3677 4223 fidelibus
3698 4166 3836 4225 cha-

2249 4255 2477 4310 rissimis
2506 4253 2807 4320 exhibetur,
2839 4268 2963 4309 eum
2991 4253 3252 4324 prodesse
3274 4271 3381 4312 non
3407 4255 3626 4312 dubium
3649 4267 3730 4314 est
3759 4257 3831 4316 iis

2251 4349 2477 4420 quicum
2507 4347 2558 4401 in
2589 4361 2813 4417 corpore
2835 4346 3108 4415 viverent,
3140 4348 3262 4403 talia
3307 4348 3407 4403 sibi
3437 4355 3558 4419 post
3587 4346 3725 4405 hanc
3751 4347 3838 4407 vi-

2253 4453 2357 4496 tam
2382 4441 2636 4514 prodesse
2659 4451 2985 4496 meruerunt.
3012 4441 3206 4496 Verum
3231 4450 3285 4496 et
3311 4441 3356 4495 si
3381 4441 3555 4511 aliqua
3588 4443 3834 4500 necessi-

2252 4541 2332 4587 tas
2360 4534 2442 4587 vel
2484 4531 2687 4586 humari
2731 4546 2975 4602 corpora,
3001 4531 3084 4585 vel
3126 4531 3179 4585 in
3221 4529 3414 4586 talibus
3455 4529 3588 4587 locis
3618 4531 3837 4593 humari

2249 4623 2394 4679 nulla
2421 4624 2538 4679 data
2571 4624 2816 4681 facultate
2845 4624 3145 4696 permittat,
3178 4637 3285 4678 non
3337 4629 3463 4679 sunt
3505 4628 3833 4695 prmtcrmit-

2253 4714 2424 4770 tenda:
2482 4715 2893 4786 supplicationes
2953 4728 3048 4784 pro
3110 4712 3388 4784 spiritibus
3453 4725 3832 4774 mortuorum:

2250 4821 2381 4877 quas
2411 4804 2677 4861 faciendas
2700 4822 2798 4878 pro
2823 4803 3067 4861 omnibus
3094 4804 3150 4859 in
3175 4805 3463 4862 christiana
3481 4815 3536 4863 et
3561 4807 3826 4865 catholica

2247 4898 2502 4953 societate
2539 4895 2803 4952 defunctis
2853 4897 3014 4952 etiam
3068 4895 3246 4952 tacitis
3294 4898 3600 4954 nominibus
3643 4913 3833 4955 eorum

2249 4988 2349 5044 sub
2377 4989 2607 5059 generali
2645 4988 3152 5045 commemoratione
3191 4993 3426 5060 suscepit
3465 4988 3741 5057 Ecclesia;
3774 4999 3840 5048 ιη

2249 5082 2440 5152 quibus
2461 5080 2524 5134 ad
2561 5081 2658 5136 ista
2693 5079 2888 5135 desunt
2909 5087 3184 5151 parentes,
3215 5088 3307 5135 aut
3336 5079 3452 5146 filii,
3474 5085 3567 5134 aut
3591 5079 3840 5150 quicum-
3904 5079 3909 5110 ί

2249 5189 2352 5244 que
2379 5172 2586 5244 cognati
2627 5173 2712 5228 vel
2759 5172 2940 5238 amici,
2991 5170 3057 5228 ab
3087 5185 3192 5227 una
3244 5172 3322 5230 eis
3365 5172 3713 5229 exhibeantur
3743 5173 3834 5242 pia

2249 5274 2418 5320 matre
2443 5263 2732 5320 communi.
2762 5263 2818 5318 Si
2839 5269 3018 5318 autem
3049 5261 3301 5318 deessent
3327 5263 3442 5317 ista:
3478 5262 3832 5332 supplicatio-

2249 5369 2362 5419 nes,
2392 5370 2511 5425 que
2536 5354 2669 5409 ﬁunt
2691 5363 2836 5410 recta
2867 5353 2973 5408 tide
2991 5367 3054 5408 ac
3083 5354 3280 5423 pietate
3303 5368 3406 5424 pro
3430 5354 3674 5419 mortuis,
3698 5361 3837 5422 pulo

2246 5445 2387 5515 quod
2429 5445 2559 5500 nihil
2588 5444 2870 5516 prodesset
2907 5444 3186 5516 spiritibus
3229 5459 3417 5500 eorum
3447 5445 3743 5514 quamlibet
3769 5445 3833 5502 '-

2247 5536 2379 5592 locis
2401 5538 2600 5592 sanctis
2628 5537 2876 5593 exanima
2902 5551 3128 5608 corpora
3155 5545 3503 5608 ponerentur.

2316 5627 2543 5688 CAPUT
2592 5629 2656 5683 V.
2684 5657 2752 5668 —-
2782 5629 2833 5683 7.
2874 5628 3042 5685 Locus
3089 5646 3180 5700 per
3228 5631 3542 5686 occasionem
3585 5637 3840 5704 quantum

2313 5834 2326 5864 ί
2364 5832 2584 5897 Plerique
2609 5837 2733 5896 Mss,
2761 5830 3028 5897 insigniter.
3056 5833 3141 5886 Alii
3163 5833 3374 5900 quidam,
3401 5832 3641 5900 bisigrrite.
