4140 6216
384 348 498 407 597

388 465 574 535 prosit.
602 463 741 520 Cum
791 478 921 535 ergo
959 462 1130 517 fidelis
1167 470 1340 518 mater
1381 461 1553 517 fidelis
1600 460 1694 516 filii
1738 459 1975 516 defuncti

385 569 592 626 corpus
620 553 944 609 desideravit
964 553 1017 607 in
1048 553 1265 608 basilica
1289 553 1541 624 martyris
1578 551 1703 622 poni
1733 591 1750 618 ,
1778 551 1824 606 si
1867 551 1986 620 qui-

389 645 514 702 dem
539 644 764 700 credidit
793 644 907 715 ejus
933 643 1165 699 animam
1202 644 1411 699 meritis
1435 643 1685 714 martyris
1709 642 1984 713 adjuvari;

390 739 495 794 hoc
526 737 668 809 quod
693 739 764 792 ita
793 737 1057 802 credidit,
1104 737 1420 808 supplicatio
1463 737 1710 810 quendam
1760 735 1894 802 fuit;
1932 744 1987 791 et

392 831 511 885 haec
541 827 768 900 profuit,
801 829 844 882 si
871 827 996 899 quid
1026 827 1244 897 profuit.
1277 828 1341 882 Et
1368 829 1514 898 quod
1540 827 1607 882 ad
1638 828 1779 882 idem
1805 827 1988 897 sepul-

390 936 546 977 crum
569 919 796 975 recurrit
815 919 1014 985 animo,
1039 927 1091 973 et
1121 918 1285 974 filium
1313 919 1563 988 precibus
1585 918 1754 988 magis
1791 917 1988 987 magis-

391 1029 498 1083 que
549 1008 924 1075 commendat;
977 1009 1194 1079 adjuvat
1245 1007 1485 1064 defuncti
1537 1008 1826 1079 spiritum,
1875 1021 1983 1062 non

392 1101 591 1157 mortui
612 1099 853 1170 corporis
880 1099 1046 1163 locus,
1072 1099 1164 1154 sed
1193 1114 1258 1156 ex
1287 1099 1388 1154 loci
1421 1099 1680 1155 memoria
1700 1099 1849 1154 vivus
1880 1113 1987 1152 ma-

393 1191 490 1247 tris
517 1191 760 1248 affectus.
809 1190 980 1245 Simul
1011 1190 1151 1245 enim
1189 1198 1242 1244 et
1271 1190 1392 1260 quis
1437 1199 1490 1245 et
1522 1190 1608 1245 cui
1636 1188 1983 1244 commenda-

392 1293 482 1340 tus
505 1285 522 1317 ί
552 1283 639 1348 sit,
672 1299 781 1338 non
816 1282 996 1354 utique
1027 1280 1353 1337 infructuose
1400 1281 1704 1352 religiosam
1751 1288 1984 1336 mentem

393 1375 663 1447 precantis
692 1372 923 1445 attingit.
965 1371 1098 1427 Nam
1138 1380 1192 1429 et
1232 1381 1448 1428 orantes
1490 1372 1559 1428 de
1605 1372 1859 1427 membris
1900 1371 1983 1426 sui

393 1466 638 1537 corporis
665 1464 865 1520 faciunt
905 1464 1048 1535 quod
1092 1464 1515 1535 supplicantibus
1549 1464 1829 1534 congruit,
1861 1478 1983 1518 cum

393 1572 566 1630 genua
594 1555 796 1628 figunt,
826 1571 948 1611 cum
977 1555 1272 1612 extendunt
1302 1571 1512 1621 manus,
1551 1555 1636 1610 vel
1671 1556 1830 1610 etiam
1861 1569 1984 1624 pro-

393 1658 708 1706 sternuntur
733 1651 870 1715 solo,
902 1657 958 1706 et
995 1649 1040 1705 si
1085 1649 1211 1719 quid
1256 1649 1396 1704 aliud
1428 1649 1708 1704 visibiliter
1752 1648 1979 1714 faciunt;

393 1741 638 1813 quamvis
660 1756 847 1797 eorum
877 1740 1158 1795 invisibilis
1194 1739 1440 1795 voluntas
1470 1749 1526 1795 et
1551 1740 1728 1795 cordis
1757 1740 1982 1796 intentio

392 1837 506 1894 Deo
531 1848 657 1894 nota
685 1839 784 1906 sit,
810 1852 912 1893 nec
939 1837 1027 1892 ille
1058 1835 1291 1906 indigeat
1319 1835 1400 1890 his
1428 1834 1659 1901 indiciis,
1694 1842 1751 1889 ut
1787 1835 1980 1889 huma-

393 1944 496 1985 nus
535 1929 585 1985 ei
615 1929 879 1999 pandatur
912 1927 1124 1982 animus
1153 1945 1166 1980 :
1192 1925 1289 1982 sed
1329 1925 1455 1981 hinc
1503 1925 1672 1996 magis
1699 1940 1758 1980 se
1804 1926 1979 1995 ipsum

392 2020 586 2078 excitat
606 2021 765 2076 homo
785 2019 852 2075 ad
880 2018 1140 2074 orandum
1168 2018 1593 2089 gemendumque
1616 2017 1871 2072 humilius
1898 2023 1982 2070 at-

393 2129 497 2184 que
527 2110 834 2168 ferventius.
869 2110 936 2166 Et
977 2109 1158 2164 nescio
1199 2107 1498 2180 quomodo,
1548 2122 1670 2162 cum
1703 2107 1756 2161 hi
1802 2115 1980 2161 motus

393 2203 635 2276 corporis
670 2201 784 2259 fieri
815 2199 917 2257 nisi
945 2211 1092 2254 motu
1123 2201 1286 2254 animi
1329 2197 1670 2269 praecedente
1715 2212 1820 2252 non
1851 2209 1978 2265 pos-

393 2295 530 2357 sint,
560 2292 760 2350 eisdem
789 2305 980 2348 rursus
1008 2291 1246 2346 exterius
1269 2289 1552 2344 visibiliter
1574 2287 1750 2353 factis,
1776 2287 1862 2343 ille
1893 2287 1979 2341 in-

393 2387 561 2443 terior
605 2383 884 2441 invisibilis
935 2385 1024 2455 qui
1079 2398 1174 2441 eos
1217 2381 1342 2438 fecit
1368 2391 1625 2453 augetur:
1653 2397 1715 2436 ac
1741 2395 1835 2450 per
1877 2380 1980 2434 hoc

391 2478 570 2534 cordis
593 2477 838 2543 affectus,
880 2477 967 2548 qui
1014 2487 1071 2531 ut
1122 2475 1312 2530 fierent
1367 2475 1470 2529 ista
1523 2474 1820 2545 praecessit,
1853 2473 1978 2544 quia

387 2570 523 2626 facta
555 2581 676 2625 sunt
703 2569 921 2625 crescit.
969 2567 1350 2624 Verumtamen
1382 2567 1427 2622 si
1467 2581 1533 2623 eo
1560 2566 1721 2621 modo
1752 2565 1976 2635 quisque

391 2669 654 2727 teneatur,
685 2661 768 2715 vel
799 2660 959 2716 etiam
992 2660 1199 2730 ligetur,
1244 2667 1302 2713 ut
1340 2658 1456 2713 haec
1485 2657 1551 2713 de
1581 2658 1692 2713 suis
1722 2655 1978 2711 membris

387 2749 562 2807 facere
587 2758 836 2821 nequeat,
869 2765 974 2804 non
1001 2748 1120 2804 ideo
1148 2765 1257 2802 non
1301 2756 1422 2803 orat
1458 2749 1683 2802 interior
1705 2747 1894 2814 homo,
1923 2755 1978 2802 et

389 2852 515 2899 ante
541 2843 725 2898 oculos
743 2842 836 2897 Dei
873 2841 923 2896 in
954 2841 1315 2897 secretissimo
1354 2841 1537 2908 cubili,
1580 2841 1675 2896 ubi
1711 2855 1974 2910 compun-

389 2936 550 3008 gitur,
582 2935 858 2990 sternitur.
889 2931 964 2987 lla
994 2933 1154 2988 etiam
1176 2947 1300 2987 cum
1322 2932 1613 3003 plurimum
1643 2932 1851 2987 intersit
1888 2931 1976 2986 ubi

385 3033 550 3098 ponat
573 3040 766 3095 corpus
794 3025 990 3079 mortui
1041 3023 1144 3091 sui,
1177 3022 1268 3094 qui
1318 3039 1414 3094 pro
1461 3024 1651 3093 spiritu
1704 3025 1821 3093 ejus
1864 3023 1975 3078 Deo

384 3119 679 3190 supplicat,
720 3118 842 3188 quia
888 3125 941 3171 et
983 3114 1294 3189 praecedens
1338 3113 1562 3169 affectus
1603 3113 1781 3168 locum
1811 3111 1976 3185 elegit

383 3220 650 3278 sanctum,
673 3218 727 3265 et
747 3208 854 3264 illic
879 3223 1104 3278 corpore
1127 3207 1302 3278 posito
1329 3204 1640 3260 recordatus
1668 3205 1816 3259 locus
1844 3219 1971 3259 san-

384 3312 501 3359 ctus
525 3318 648 3358 eum
673 3301 763 3372 qui
793 3307 1143 3371 praecesserat
1170 3305 1395 3354 renovat
1420 3306 1475 3352 et
1495 3304 1652 3368 auget
1672 3295 1925 3350 affectum
1957 3313 1969 3349 :

384 3404 562 3452 tamen
624 3393 834 3450 etiamsi
884 3408 989 3449 non
1038 3393 1234 3464 possit,
1283 3392 1372 3448 ubi
1421 3391 1700 3462 religiosus
1724 3389 1972 3446 animus’

383 3487 586 3558 elegit,
650 3487 869 3540 humare
916 3499 1076 3556 quem
1131 3482 1333 3554 diligit,
1392 3483 1536 3537 nullo
1589 3482 1746 3536 modo
1815 3480 1973 3537 debet

384 3593 413 3632 a
462 3577 934 3648 supplicationibus
977 3575 1291 3631 necessariis
1344 3575 1396 3628 in
1457 3573 1572 3644 ejus
1626 3573 1974 3629 commenda-

386 3667 530 3724 tione
551 3683 782 3722 cessare.
812 3665 1145 3736 Ubicumque
1165 3665 1310 3720 enim
1331 3664 1507 3735 jaceat
1529 3665 1611 3719 vel
1651 3680 1757 3718 non
1797 3664 1974 3734 jaceat

385 3758 618 3814 defuncti
661 3774 806 3823 caro,
851 3758 1055 3828 spiritui
1091 3756 1304 3827 requies
1352 3755 1674 3826 acquirenda
1733 3756 1973 3824 est:qui

385 3866 505 3906 cum
535 3849 658 3906 inde
688 3849 873 3915 exiret,
907 3863 1089 3904 secum
1127 3847 1347 3902 abstulit
1388 3861 1626 3912 sensum,
1656 3861 1761 3918 quo
1789 3848 1968 3901 inter-

386 3957 505 3998 esse
555 3941 722 4012 possit
747 3937 1015 4014 quomodo
1041 3939 1265 4009 quisque
1292 3938 1392 4006 sit,
1419 3938 1531 3993 sive
1561 3939 1613 3992 in
1645 3937 1822 4003 bonis,
1853 3939 1967 3992 sive

387 4032 439 4088 in
473 4033 670 4088 malis:
699 4047 800 4088 nec
825 4032 892 4087 ab
933 4045 995 4086 ea
1036 4045 1199 4085 carne
1238 4037 1514 4100 exspectat
1538 4028 1777 4098 adjuvari
1806 4028 1968 4083 vitam

387 4139 566 4190 suam,
599 4126 681 4180 cui
728 4121 1154 4195 prcehebatjipse
1192 4121 1375 4187 vitam,
1419 4135 1576 4191 quam
1619 4119 1852 4176 detraxit
1889 4135 1975 4175 ex-

388 4216 603 4282 cedens,
637 4224 690 4272 et
711 4214 1020 4272 redditurus
1041 4225 1122 4270 est
1147 4213 1362 4270 rediens
1389 4230 1402 4279 ;
1429 4212 1681 4284 quoniam
1712 4227 1819 4267 non
1841 4226 1967 4268 caro

387 4307 630 4380 spiritui,
664 4305 759 4362 sed
803 4307 1020 4378 spiritus
1048 4306 1198 4362 carni
1223 4304 1387 4361 etiam
1417 4303 1584 4375 ipsius
1610 4303 1971 4359 resurrectio-

388 4401 471 4456 nis
516 4399 764 4454 meritum
817 4405 1113 4468 comparat,
1161 4405 1341 4452 utrum
1373 4395 1440 4452 ad
1499 4409 1747 4466 poenam,
1789 4409 1857 4449 an
1905 4393 1974 4449 ad

387 4491 607 4564 gloriam
630 4489 932 4546 reviviscat.

456 4581 682 4642 CAPUT
707 4581 936 4637 VI.—8.
958 4579 1185 4651 Corpora
1209 4588 1486 4651 martyrum
1508 4587 1706 4643 emata,
1724 4585 1768 4632 et
1786 4578 1975 4632 cineres

388 4675 642 4733 Rhodano
667 4675 899 4746 inspersi.
937 4671 1191 4744 Legimus
1227 4671 1279 4726 in
1319 4671 1691 4727 Ecclesiastic'a
1722 4669 1971 4733 Historia,

388 4784 544 4840 quam
573 4782 746 4839 grtece
776 4765 990 4838 scripsit
1019 4765 1300 4831 Eusebius,
1327 4771 1382 4820 et
1408 4765 1464 4819 in
1492 4763 1713 4818 latinam
1740 4761 1972 4830 linguam

389 4859 549 4915 vertit
574 4856 838 4924 Ruffinus,
867 4864 1158 4927 martyrum
1189 4869 1413 4925 corpora
1452 4854 1503 4908 in
1543 4853 1710 4910 Gallia
1751 4851 1972 4905 canibus

388 4950 652 5022 exposita,
670 4963 970 5019 canumque
990 4947 1010 4977 '
1043 4947 1291 5016 reliquias
1312 4954 1469 5017 atque
1495 4960 1616 5000 ossa
1641 4951 1971 4998 mortuorum

390 5056 562 5112 usque
591 5039 657 5094 ad
684 5047 977 5094 extremam
1019 5035 1477 5105 consumptioncm
1518 5034 1728 5104 ignibus
1756 5046 1977 5088 concre-

386 5137 560 5196 mata;
586 5129 911 5200 eosdemque
980 5127 1186 5182 cineres
1215 5123 1374 5179 fluvio
1404 5123 1682 5187 Rhodano,
1737 5138 1804 5176 ne
1847 5120 1972 5191 quid

390 5221 454 5277 ad
495 5220 810 5278 memoriam
839 5218 1280 5290 qualemcumque
1318 5214 1730 5283 relinqueretur,
1769 5213 1980 5282 insper-

390 5327 476 5369 sos
506 5311 604 5386 (a).
646 5309 799 5379 Quod
829 5325 935 5366 non
967 5307 1035 5364 ob
1061 5305 1203 5362 aliud
1234 5303 1553 5360 credendum
1593 5311 1676 5357 est
1716 5302 1971 5357 divinitus

451 5491 470 5525 ι
504 5489 613 5539 Bad.
641 5497 740 5538 Am.
765 5494 860 5547 Er.,
885 5484 1307 5538 commendandus.

450 5554 473 5585 ³
505 5554 576 5602 sic
597 5558 705 5600 Mss.
727 5551 848 5600 Editi
865 5563 1002 5610 vero,
1026 5548 1229 5599 anticus.

453 5614 475 5647 ³
504 5619 634 5661 Unus
652 5625 680 5661 e
696 5613 934 5660 vaticanis
956 5606 1084 5669 mss,
1108 5607 1434 5671 omniumque.
1472 5607 1639 5671 Crateri
1665 5606 1862 5671 codices
1879 5619 1979 5657 mae

389 5675 620 5787 nnsgipti
645 5680 698 5724 et
719 5675 906 5746 excusi,
935 5668 1199 5736 canumque
1233 5668 1494 5735 reliquias;
1538 5668 1588 5717 id
1624 5674 1716 5728 est,
1731 5668 1929 5718 relictas
1952 5682 1980 5718 a

389 5751 478 5787 can
530 5751 603 5787 us.

389 5751 723 5864 ωἳέιιῖυῐῗόωω
761 5796 1149 5861 Lugdunensium
1191 5802 1450 5862 martyrum
1493 5804 1693 5856 corpora
1738 5805 1828 5844 sex
1860 5792 1970 5854 dies

1816 345 2017 402 LIBER
2056 345 2249 402 UNUS.

3574 365 3676 422 598

2098 461 2261 517 fuisse
2303 466 2620 533 permissum
2647 507 2660 532 ,
2707 468 2808 523 nisi
2859 478 2914 526 ut
2957 470 3225 529 discerent
3266 472 3588 545 Christiani,
3619 480 3674 536 in

2095 553 2399 610 confitendo
2427 556 2720 624 Christum,
2761 559 2886 615 dum
2915 572 3262 622 contemnunt
3303 567 3441 623 hanc
3477 569 3675 638 vitam,

2095 647 2264 702 multo
2291 649 2458 718 magis
2481 658 2825 708 contemnere
2849 656 3195 723 sepulturam.
3225 657 3338 716 Hoc
3361 660 3505 716 enim
3532 663 3675 732 quod

2095 738 2297 808 ingenti
2326 741 2528 795 saevitia
2557 742 2625 798 de
2656 747 2972 813 corporibus
3009 758 3300 827 martyrum
3335 751 3529 809 factum
3554 765 3670 825 est,

2092 832 2138 886 si
2169 832 2246 887 eis
2262 833 2548 903 quidquam
2575 848 2928 909 noceret,quo
2954 841 3129 896 minus
3158 842 3313 898 beate
3333 845 3347 876 ι
3367 847 3673 916 requiesce-

2093 930 2214 976 rent
2241 937 2427 978 eorum
2461 925 2884 982 victoriosissimi
2913 930 3152 998 spiritus,
3195 948 3302 988 non
3345 936 3530 1006 utique
3560 938 3675 994 fieri

2090 1013 2378 1070 sineretur.
2411 1015 2489 1071 Re
2515 1017 2628 1087 ipsa
2653 1031 2779 1088 ergo
2807 1019 3133 1086 declaratum
3161 1035 3274 1090 est,
3301 1042 3408 1082 non
3441 1028 3561 1085 ideo
3593 1031 3677 1087 di-

2090 1103 2234 1159 xisse
2264 1105 2565 1172 Dominum,
2595 1105 2770 1163 Nolite
2819 1111 2990 1166 timere
3055 1130 3138 1168 eos
3179 1117 3265 1185 qui
3309 1133 3492 1189 corpus
3541 1122 3678 1178 oeci-

2090 1192 2236 1261 dunt,
2258 1204 2306 1248 et
2329 1206 2501 1264 postea
2526 1213 2628 1251 non
2665 1198 2844 1253 habent
2885 1202 3006 1270 quid
3046 1205 3237 1275 faciant
3282 1206 3432 1276 (Luc.
3459 1225 3558 1276 xu,
3587 1209 3665 1284 4),

2089 1286 2231 1355 quod
2277 1301 2384 1343 non
2423 1297 2568 1344 esset
2609 1292 2963 1359 permissurus
3000 1296 3196 1366 aliquid
3238 1313 3334 1355 eos
3381 1301 3558 1359 facere
3605 1304 3674 1362 de

2089 1389 2307 1432 suorum
2334 1379 2650 1448 corporibus
2675 1390 3008 1438 mortuorum
3031 1387 3050 1416 '
3078 1404 3092 1440 :
3118 1388 3210 1442 sed
3239 1391 3490 1459 quoniam
3515 1389 3672 1463 quid-

2087 1467 2213 1537 quid
2257 1467 2432 1525 faeere
2477 1472 2723 1539 permissi
2770 1483 2969 1539 essent,
3014 1476 3147 1533 nihil
3188 1494 3296 1548 quo
3339 1483 3675 1541 minueretur

2087 1557 2376 1614 christiana
2405 1559 2777 1619 defunctorum
2808 1564 3030 1621 felicitas
3056 1569 3226 1635 fieret,
3271 1571 3402 1626 nihil
3442 1574 3566 1629 inde
3602 1575 3672 1631 ad

2086 1661 2301 1703 sensum
2342 1659 2461 1719 post
2489 1660 2716 1708 mortem
2747 1656 3044 1712 viventium
3076 1663 3411 1729 perveniret;
3443 1665 3574 1720 nihil
3601 1667 3671 1722 ad

2086 1739 2464 1797 detrimentum
2492 1743 2681 1798 saltem
2722 1745 2959 1815 ipsorum
2999 1765 3306 1821 corporum,
3344 1768 3454 1825 quo
3497 1756 3670 1814 minus

2086 1830 2289 1903 integra
2319 1843 2684 1904 resurgerem,
2715 1838 3023 1905 pertineret.

2155 1924 2380 1982 CAPUT
2441 1926 2550 1982 VII.
2571 1958 2644 1969 —-
2691 1930 2745 1985 9.
2792 1931 2927 1986 Cura
2951 1933 3226 2003 sepultura:
3249 1952 3311 1990 ea:
3337 1941 3558 1994 naturali
3585 1943 3671 2011 af-

2083 2015 2218 2086 fectu
2268 2034 2388 2089 erga
2424 2034 2626 2090 corpus.
2676 2021 2743 2074 Et
2770 2030 2946 2078 tamen
2989 2039 3056 2079 ex
3096 2025 3188 2080 illo
3228 2025 3447 2083 humani
3491 2032 3671 2088 cordis

2083 2106 2296 2175 affectu,
2324 2125 2430 2178 quo
2457 2125 2615 2166 nemo
2643 2127 2876 2182 unquam
2914 2129 3134 2170 carnem
3159 2131 3309 2172 suam
3349 2120 3473 2176 odio
3512 2122 3672 2179 habet

2090 2198 2303 2269 (Eplies.
2335 2217 2385 2265 v,
2418 2201 2550 2272 29),
2591 2202 2638 2257 si
2676 2215 3002 2274 cognoscant
3041 2207 3284 2264 homines
3313 2211 3508 2282 aliquid
3551 2224 3673 2284 post

2083 2298 2310 2345 mortem
2337 2306 2486 2346 suam
2499 2293 2608 2348 suis
2623 2295 2938 2364 corporibus
2962 2297 3263 2354 defuturum
3288 2301 3328 2365 ³,
3347 2303 3487 2372 quod
3505 2305 3559 2358 in
3576 2320 3670 2360 sua

2083 2379 2340 2451 cujusque
2379 2391 2539 2452 gente
2583 2385 2663 2437 vel
2710 2385 2876 2453 patria
2921 2388 3091 2454 poscit
3130 2391 3441 2447 solemnitas
3485 2396 3670 2463 sepul-

2085 2480 2239 2540 turze,
2275 2474 2657 2530 contristantur
2683 2484 2740 2530 ut
2766 2475 3046 2544 homines;
3075 2489 3129 2534 et
3165 2483 3307 2550 quod
3337 2484 3402 2537 ad
3427 2500 3518 2539 eos
3551 2495 3671 2556 post

2082 2573 2311 2619 mortem
2333 2580 2440 2619 non
2466 2567 2716 2634 pertinet,
2735 2577 2858 2622 ante
2879 2578 3104 2624 mortem
3132 2574 3240 2628 suis
3263 2577 3576 2645 corporibus
3598 2579 3669 2633 ti-

2081 2665 2254 2712 ment:
2274 2659 2344 2712 ila
2359 2659 2722 2714 utinveniatur
2736 2660 2787 2714 in
2805 2660 3110 2731 Regnorum
3126 2663 3273 2719 libris
3291 2666 3432 2720 Deus
3450 2684 3543 2736 per
3555 2683 3670 2738 pro-

2082 2747 2296 2817 phetam
2322 2749 2511 2804 minari
2537 2750 2686 2806 alteri
2711 2751 3000 2821 prophetae,
3029 2754 3118 2822 qui
3156 2754 3273 2822 ejus
3307 2764 3670 2826 transgressus

2081 2846 2165 2893 est
2195 2840 2436 2907 verbum,
2460 2840 2602 2910 quod
2625 2856 2729 2895 non
2752 2841 3039 2898 inferretur
3054 2844 3280 2900 cadaver
3297 2848 3410 2916 ejus
3429 2829 3481 2901 in
3504 2853 3672 2920 sepul.

2081 2943 2230 2984 crum
2256 2939 2462 3000 patrum
2480 2932 2755 3002 ejus.Qu:e
2783 2933 3056 3004 Scriptura
3073 2937 3150 2991 sic
3169 2937 3328 2993 habet
3353 2956 3366 2993 :
3392 2939 3519 2994 Ilwc
3548 2942 3671 2998 dicit

2079 3019 2607 3088 Dominus,Quoniam
2625 3025 2910 3080 inobediens
2932 3028 3072 3098 fuisti
3089 3030 3166 3082 ori
3181 3029 3405 3099 Domini,
3421 3043 3466 3086 et
3479 3051 3578 3089 non
3591 3051 3671 3090 cu-

2078 3115 2276 3166 stodisti
2292 3117 2582 3169 mandatum
2597 3119 2731 3186 quod
2749 3121 2989 3188 praecepit
3003 3120 3092 3174 tibi
3103 3120 3354 3178 Dominus
3375 3124 3510 3180 Deus
3531 3135 3667 3196 tuus,

2079 3214 2124 3258 et
2153 3222 2378 3260 reversus
2415 3224 2486 3272 es,
2513 3217 2560 3262 et
2596 3210 2854 3263 comedisti
2895 3227 3098 3280 panem,
3121 3222 3168 3266 et
3197 3214 3359 3268 bibisti
3395 3233 3578 3286 aquam
3615 3219 3670 3274 in

2080 3295 2189 3348 loco
2211 3296 2262 3350 in
2290 3313 2388 3366 quo
2431 3299 2666 3369 pracepit
2692 3299 2781 3352 tibi
2828 3317 2890 3354 ne
2923 3304 3206 3356 comederes
3261 3321 3442 3375 panem
3465 3348 3478 3372 ,
3513 3325 3670 3378 neque

2081 3389 2266 3443 biberes
2291 3407 2494 3460 aquam,
2510 3407 2612 3445 non
2637 3392 2882 3463 inferetur
2903 3393 3117 3448 cadaver
3137 3406 3277 3450 tuum
3304 3399 3358 3452 in
3381 3399 3669 3469 sepulcrum

2081 3493 2282 3551 patrum
2305 3489 2504 3536 tuorum
2531 3481 2551 3554 (
2577 3481 2640 3536 Ill
2669 3482 2798 3554 Reg.
2829 3501 2954 3551 xm,
2982 3485 3044 3538 ει
3071 3486 3272 3559 8122).
3317 3488 3510 3559 Quanti
3554 3493 3668 3548 haec

2080 3590 2238 3645 parua
2272 3575 2548 3645 pendenda
2575 3576 2664 3641 sit,
2695 3577 2737 3630 si
2768 3577 3062 3632 secundum
3095 3579 3437 3650 Evangelium
3467 3585 3669 3654 cogite.

2081 3681 2222 3733 mus,
2256 3666 2344 3721 ubi
2376 3674 2496 3736 post
2522 3681 2716 3736 corpus
2745 3667 2980 3723 occisum
3009 3669 3142 3723 nihil
3181 3672 3522 3728 metuendum
3548 3689 3668 3730 esse

2079 3755 2366 3811 didicimus
2394 3773 2461 3811 ne
2491 3758 2728 3811 membra
2756 3760 3002 3814 exanima
3048 3763 3335 3830 patiantur,
3370 3779 3468 3820 nec
3511 3781 3667 3835 poena

2079 3846 2304 3903 dicenda
2332 3857 2431 3902 est.
2464 3846 2520 3902 Si
2548 3857 2724 3902 autem
2773 3849 3063 3903 humanum
3106 3866 3229 3920 erga
3260 3868 3410 3908 suam
3451 3868 3664 3910 carnem

2078 3937 2484 3993 consideremus
2511 3937 2781 4002 affectum,
2814 3939 2987 4008 potuit
3027 3939 3151 3995 inde
3193 3943 3383 3996 terreri
3413 3943 3492 3998 vel
3533 3959 3665 4000 con-

2081 4029 2279 4084 tristari
2316 4029 2488 4096 vivus,
2529 4029 2672 4099 quod
2713 4045 2971 4086 sensurus
3009 4046 3114 4085 non
3155 4041 3269 4086 erat
3296 4043 3578 4090 mortuus:
3611 4046 3666 4093 et

2078 4123 2194 4178 haec
2222 4132 2338 4178 erat
2368 4137 2545 4192 pinna,
2587 4124 2840 4194 quoniam
2886 4123 3100 4180 dolebat
3132 4126 3346 4180 animus
3379 4126 3429 4182 id
3459 4127 3527 4182 de
3565 4143 3665 4184 suo

2078 4227 2304 4284 corpore
2347 4212 2606 4282 futurum,
2653 4215 2894 4284 quamvis
2935 4229 3056 4270 cum
3100 4216 3256 4272 fieret
3298 4231 3404 4272 non
3435 4217 3661 4274 doleret.

2081 4304 2348 4360 Hactenus
2391 4305 2535 4360 enim
2574 4305 2741 4360 voluit
2784 4306 3038 4362 Dominus
3079 4322 3291 4363 servum
3337 4323 3492 4364 suum
3546 4310 3664 4379 ple-

2079 4406 2262 4464 ctere,
2312 4399 2400 4468 qui
2441 4415 2546 4454 non
2595 4413 2688 4454 sua
2761 4399 3092 4454 contumacia
3146 4409 3419 4469 spreverat
3465 4413 3666 4470 prreco-

2079 4499 2230 4560 ptum
2246 4490 2362 4560 ejus
2380 4489 2733 4560 implere,scd
2763 4490 2935 4545 aliena
2965 4490 3264 4559 decipiente
3293 4491 3498 4546 fallacia
3533 4493 3662 4548 οδες

2079 4580 2195 4636 dire
2220 4597 2278 4636 se
2310 4581 2554 4646 credidit,
2597 4579 2808 4649 quando
2856 4595 2960 4634 non
3003 4581 3256 4636 obedivit.
3297 4581 3477 4651 Neque
3521 4584 3663 4640 enim

2083 4671 2374 4742 putandum
2405 4680 2488 4726 est
2516 4671 2586 4724 ita
2618 4669 2782 4724 fuisse
2813 4671 3191 4739 interemptum
3222 4684 3403 4724 morsu
3443 4672 3661 4741 bestiae,
3759 4709 3763 4712 -

2079 4769 2142 4817 ut
2165 4761 2230 4816 ad
2259 4760 2574 4829 supplicium
2603 4767 2888 4814 tartaream
2919 4759 3036 4828 ejus
3065 4759 3258 4813 deinde
3299 4760 3471 4814 anima
3510 4775 3665 4832 rape-

2081 4863 2276 4908 retur:
2323 4849 2752 4921 quandoquidem
2797 4850 2972 4919 ipsum
3019 4850 3134 4919 ejus
3177 4863 3370 4920 corpus
3410 4850 3549 4906 idem
3582 4852 3668 4908 leo

2080 4945 2170 5014 qui
2196 4943 2462 4999 occiderat
2494 4940 2798 5006 custodivit,
2839 4940 3084 5011 jumento
3111 4940 3272 4996 etiam
3300 4956 3406 5010 quo
3430 4942 3666 4998 veheba-

2084 5047 2169 5092 tur
2196 5036 2363 5091 illteso
2387 5075 2402 5101 ,
2442 5043 2496 5090 et
2522 5033 2678 5089 simul
2707 5047 2827 5087 cum
2857 5031 2950 5086 illa
2978 5031 3196 5085 immani
3243 5032 3353 5086 fera
3399 5033 3663 5103 intrepida

2085 5127 2366 5198 priesentia
2391 5125 2457 5180 ad
2487 5125 2568 5180 sui
2593 5124 2796 5180 domini
2838 5122 2993 5177 funus
3021 5129 3246 5178 astante.
3277 5123 3394 5190 Quo
3435 5125 3666 5180 mirabili

2082 5220 2234 5290 signo
2259 5225 2478 5289 apparet
2503 5217 2776 5272 hominem
2809 5213 2902 5270 Dei
2928 5215 3217 5270 coercitum
3249 5216 3427 5286 potius
3455 5225 3663 5286 tempo-

2084 5462 2334 5511 eontinuos
2353 5459 2445 5509 sub
2465 5458 2546 5508 dio
2561 5458 2774 5522 iacuisse
2793 5461 2959 5522 narrat
2982 5453 3233 5522 Eusebius,
3275 5455 3362 5504 lib.
3397 5455 3447 5516 5,
3483 5465 3589 5518 cap.
3616 5453 3666 5515 ι,

2085 5530 2353 5585 posteaque
2376 5518 2588 5571 cremata
2612 5525 2665 5571 et
2687 5521 2737 5568 in
2762 5518 3036 5568 Rhodanum
3060 5518 3292 5580 projecta.

2152 5607 2166 5636 ¹
2205 5611 2251 5665 In
2275 5600 2559 5665 quihusdam
2583 5607 2710 5658 Mss,
2735 5598 2875 5648 beati.

2150 5669 2169 5698 '
2204 5664 2391 5726 Aliquot
2413 5664 2575 5725 proba:
2598 5668 2735 5726 notae
2749 5669 2874 5718 Mss,

2152 5730 2172 5760 ³
2204 5719 2484 5775 εἰεῖιιςδ.Ἀι
2506 5731 2633 5780 bov.,
2661 5721 2759 5773 suis
2783 5719 3061 5784 corporibus
3084 5721 3322 5785 defunctis
3346 5719 3527 5774 deesse.
3569 5725 3669 5771 Am.

2092 5797 2143 5840 et
2164 5795 2259 5848 Fr,
2284 5799 2568 5852 suorumque
2593 5785 2925 5848 defunctorum
2949 5784 3128 5834 deesse.
