  <div class='ocr_page' id='page_1' title='image "/cluster/home/n/w/nwhite01/storage/ocr_20150623/40/hvd.32044096580626/307.png"; bbox 0 0 4166 6208; ppageno 0'>
   <div class='ocr_carea' id='block_1_1' title="bbox 423 300 534 359">
    <p class='ocr_par' dir='ltr' id='par_1_1' title="bbox 423 300 534 359">
     <span class='ocr_line' id='line_1_1' title="bbox 423 300 534 359; baseline 0 0"><span class='ocrx_word' id='word_1_1' title='bbox 423 300 534 359; x_wconf 79' lang='lat'><strong>599</strong></span> 
     </span>
    </p>
   </div>
   <div class='ocr_carea' id='block_1_2' title="bbox 427 397 2013 484">
    <p class='ocr_par' dir='ltr' id='par_1_2' title="bbox 427 397 2013 484">
     <span class='ocr_line' id='line_1_2' title="bbox 427 397 2013 484; baseline -0.016 -12"><span class='ocrx_word' id='word_1_2' title='bbox 427 416 617 472; x_wconf 80' lang='lat' dir='ltr'><strong>raliter</strong></span> <span class='ocrx_word' id='word_1_3' title='bbox 638 425 810 484; x_wconf 88' lang='lat' dir='ltr'><strong>usque</strong></span> <span class='ocrx_word' id='word_1_4' title='bbox 848 409 916 465; x_wconf 89' lang='lat' dir='ltr'><strong>ad</strong></span> <span class='ocrx_word' id='word_1_5' title='bbox 941 407 1196 469; x_wconf 87' lang='lat' dir='ltr'><strong>mortem,</strong></span> <span class='ocrx_word' id='word_1_6' title='bbox 1239 415 1401 471; x_wconf 88' lang='lat' dir='ltr'><strong>quam</strong></span> <span class='ocrx_word' id='word_1_7' title='bbox 1439 397 1682 468; x_wconf 90' lang='lat' dir='ltr'><strong>punitum</strong></span> <span class='ocrx_word' id='word_1_8' title='bbox 1727 407 1847 449; x_wconf 89' lang='lat' dir='ltr'><strong>esse</strong></span> <span class='ocrx_word' id='word_1_9' title='bbox 1889 398 2013 463; x_wconf 91' lang='lat' dir='ltr'><strong>post</strong></span> 
     </span>
    </p>
   </div>
   <div class='ocr_carea' id='block_1_3' title="bbox 429 484 2012 572">
    <p class='ocr_par' dir='ltr' id='par_1_3' title="bbox 429 484 2012 572">
     <span class='ocr_line' id='line_1_3' title="bbox 429 484 2012 572; baseline -0.018 -7"><span class='ocrx_word' id='word_1_10' title='bbox 429 517 687 564; x_wconf 88' lang='lat' dir='ltr'><strong>mortem.</strong></span> <span class='ocrx_word' id='word_1_11' title='bbox 717 506 794 558; x_wconf 91' lang='lat' dir='ltr'><strong>De</strong></span> <span class='ocrx_word' id='word_1_12' title='bbox 818 515 920 572; x_wconf 87' lang='lat' dir='ltr'><strong>qua</strong></span> <span class='ocrx_word' id='word_1_13' title='bbox 948 513 1009 552; x_wconf 91' lang='lat' dir='ltr'><strong>re</strong></span> <span class='ocrx_word' id='word_1_14' title='bbox 1035 493 1342 566; x_wconf 77' lang='lat' dir='ltr'><strong>Apostolus,</strong></span> <span class='ocrx_word' id='word_1_15' title='bbox 1367 505 1488 546; x_wconf 89' lang='lat' dir='ltr'><strong>cum</strong></span> <span class='ocrx_word' id='word_1_16' title='bbox 1519 496 1735 559; x_wconf 76' lang='lat' dir='ltr'><strong>propter</strong></span> <span class='ocrx_word' id='word_1_17' title='bbox 1757 484 2012 556; x_wconf 90' lang='lat' dir='ltr'><strong>quasdam</strong></span> 
     </span>
    </p>
   </div>
   <div class='ocr_carea' id='block_1_4' title="bbox 431 574 2017 655">
    <p class='ocr_par' dir='ltr' id='par_1_4' title="bbox 431 574 2017 655">
     <span class='ocr_line' id='line_1_4' title="bbox 431 574 2017 655; baseline -0.018 0"><span class='ocrx_word' id='word_1_18' title='bbox 431 599 666 655; x_wconf 83' lang='lat' dir='ltr'><strong>oﬁ‘ensas</strong></span> <span class='ocrx_word' id='word_1_19' title='bbox 689 594 1164 650; x_wconf 92' lang='lat' dir='ltr'><strong>commemorasset</strong></span> <span class='ocrx_word' id='word_1_20' title='bbox 1189 583 1522 638; x_wconf 91' lang='lat' dir='ltr'><strong>inﬁrmitates</strong></span> <span class='ocrx_word' id='word_1_21' title='bbox 1546 587 1853 647; x_wconf 85' lang='lat' dir='ltr'><strong>mortesque</strong></span> <span class='ocrx_word' id='word_1_22' title='bbox 1878 574 2017 629; x_wconf 88' lang='lat' dir='ltr'><strong>mul-</strong></span> 
     </span>
    </p>
   </div>
   <div class='ocr_carea' id='block_1_5' title="bbox 429 664 2018 747">
    <p class='ocr_par' dir='ltr' id='par_1_5' title="bbox 429 664 2018 747">
     <span class='ocr_line' id='line_1_5' title="bbox 429 664 2018 747; baseline -0.017 -4"><span class='ocrx_word' id='word_1_23' title='bbox 429 699 607 743; x_wconf 63' lang='lat' dir='ltr'><strong>torum</strong></span> <span class='ocrx_word' id='word_1_24' title='bbox 633 704 646 738; x_wconf 90' lang='lat'>:</span> <span class='ocrx_word' id='word_1_25' title='bbox 680 683 740 739; x_wconf 85' lang='lat' dir='ltr'><strong>Si</strong></span> <span class='ocrx_word' id='word_1_26' title='bbox 769 682 900 736; x_wconf 89' lang='lat' dir='ltr'><strong>enim</strong></span> <span class='ocrx_word' id='word_1_27' title='bbox 924 695 1015 732; x_wconf 77' lang='lat' dir='ltr'><strong>nos</strong></span> <span class='ocrx_word' id='word_1_28' title='bbox 1040 678 1196 747; x_wconf 79' lang='lat' dir='ltr'><strong>ipsos,</strong></span> <span class='ocrx_word' id='word_1_29' title='bbox 1229 673 1418 743; x_wconf 83' lang='lat' dir='ltr'><strong>inquit,</strong></span> <span class='ocrx_word' id='word_1_30' title='bbox 1451 670 1819 741; x_wconf 81' lang='lat' dir='ltr'><strong>judicaremus,</strong></span> <span class='ocrx_word' id='word_1_31' title='bbox 1849 682 1880 718; x_wconf 93' lang='lat' dir='ltr'><strong>a</strong></span> <span class='ocrx_word' id='word_1_32' title='bbox 1907 664 2018 718; x_wconf 90' lang='lat' dir='ltr'><strong>Do-</strong></span> 
     </span>
    </p>
   </div>
   <div class='ocr_carea' id='block_1_6' title="bbox 431 751 2019 841">
    <p class='ocr_par' dir='ltr' id='par_1_6' title="bbox 431 751 2019 841">
     <span class='ocr_line' id='line_1_6' title="bbox 431 751 2019 841; baseline -0.013 -13"><span class='ocrx_word' id='word_1_33' title='bbox 431 777 574 828; x_wconf 80' lang='lat' dir='ltr'><strong>mino</strong></span> <span class='ocrx_word' id='word_1_34' title='bbox 603 789 701 826; x_wconf 89' lang='lat' dir='ltr'><strong>non</strong></span> <span class='ocrx_word' id='word_1_35' title='bbox 722 771 1093 841; x_wconf 87' lang='lat' dir='ltr'><strong>judicaremur.</strong></span> <span class='ocrx_word' id='word_1_36' title='bbox 1124 763 1252 818; x_wconf 84' lang='lat' dir='ltr'><strong>Cum</strong></span> <span class='ocrx_word' id='word_1_37' title='bbox 1283 751 1578 833; x_wconf 78' lang='lat' dir='ltr'><strong>judicamur</strong></span> <span class='ocrx_word' id='word_1_38' title='bbox 1614 767 1781 812; x_wconf 88' lang='lat' dir='ltr'><strong>autem</strong></span> <span class='ocrx_word' id='word_1_39' title='bbox 1803 799 1816 822; x_wconf 94' lang='lat'><strong>,</strong></span> <span class='ocrx_word' id='word_1_40' title='bbox 1849 773 1881 808; x_wconf 79' lang='grc' dir='ltr'>(ι</span> <span class='ocrx_word' id='word_1_41' title='bbox 1911 755 2019 808; x_wconf 90' lang='lat' dir='ltr'><strong>Do-</strong></span> 
     </span>
    </p>
   </div>
   <div class='ocr_carea' id='block_1_7' title="bbox 431 847 2014 932">
    <p class='ocr_par' dir='ltr' id='par_1_7' title="bbox 431 847 2014 932">
     <span class='ocr_line' id='line_1_7' title="bbox 431 847 2014 932; baseline -0.014 -12"><span class='ocrx_word' id='word_1_42' title='bbox 431 867 571 921; x_wconf 76' lang='lat' dir='ltr'><strong>mino</strong></span> <span class='ocrx_word' id='word_1_43' title='bbox 597 863 920 932; x_wconf 83' lang='lat' dir='ltr'><strong>corripimur,</strong></span> <span class='ocrx_word' id='word_1_44' title='bbox 949 875 1010 912; x_wconf 87' lang='lat' dir='ltr'><strong>ne</strong></span> <span class='ocrx_word' id='word_1_45' title='bbox 1034 874 1147 911; x_wconf 90' lang='lat' dir='ltr'><strong>cum</strong></span> <span class='ocrx_word' id='word_1_46' title='bbox 1173 854 1359 908; x_wconf 85' lang='lat' dir='ltr'><strong>mundo</strong></span> <span class='ocrx_word' id='word_1_47' title='bbox 1389 852 1687 905; x_wconf 79' lang='lat' dir='ltr'><strong>damnentur</strong></span> <span class='ocrx_word' id='word_1_48' title='bbox 1708 849 1725 918; x_wconf 95' lang='lat'>(</span> <span class='ocrx_word' id='word_1_49' title='bbox 1748 848 1770 901; x_wconf 85' lang='grc' dir='ltr'>Ι</span> <span class='ocrx_word' id='word_1_50' title='bbox 1795 847 1911 901; x_wconf 83' lang='lat' dir='ltr'><strong>Cor.</strong></span> <span class='ocrx_word' id='word_1_51' title='bbox 1938 861 2014 912; x_wconf 73' lang='lat' dir='ltr'><strong>XI,</strong></span> 
     </span>
    </p>
   </div>
   <div class='ocr_carea' id='block_1_8' title="bbox 434 930 2084 1023">
    <p class='ocr_par' dir='ltr' id='par_1_8' title="bbox 434 930 2084 1023">
     <span class='ocr_line' id='line_1_8' title="bbox 434 930 2084 1023; baseline -0.014 -13"><span class='ocrx_word' id='word_1_52' title='bbox 434 955 502 1010; x_wconf 74' lang='grc'><strong>51</strong></span> <span class='ocrx_word' id='word_1_53' title='bbox 521 964 567 1007; x_wconf 87' lang='lat' dir='ltr'><strong>et</strong></span> <span class='ocrx_word' id='word_1_54' title='bbox 585 954 702 1023; x_wconf 71' lang='lat'><strong>52).</strong></span> <span class='ocrx_word' id='word_1_55' title='bbox 722 930 858 1006; x_wconf 83' lang='lat' dir='ltr'><strong>Eum</strong></span> <span class='ocrx_word' id='word_1_56' title='bbox 885 965 1014 1005; x_wconf 85' lang='lat' dir='ltr'><strong>sane</strong></span> <span class='ocrx_word' id='word_1_57' title='bbox 1035 949 1148 1017; x_wconf 92' lang='lat' dir='ltr'><strong>ipse</strong></span> <span class='ocrx_word' id='word_1_58' title='bbox 1175 945 1264 1016; x_wconf 91' lang='lat' dir='ltr'><strong>qui</strong></span> <span class='ocrx_word' id='word_1_59' title='bbox 1292 944 1575 1012; x_wconf 83' lang='lat' dir='ltr'><strong>deceperat</strong></span> <span class='ocrx_word' id='word_1_60' title='bbox 1597 941 1649 994; x_wconf 93' lang='lat' dir='ltr'><strong>in</strong></span> <span class='ocrx_word' id='word_1_61' title='bbox 1676 943 2020 992; x_wconf 89' lang='lat' dir='ltr'><strong>monumento</strong></span> <span class='ocrx_word' id='word_1_62' title='bbox 2079 930 2084 933; x_wconf 54' lang='grc'>⁷</span> 
     </span>
    </p>
   </div>
   <div class='ocr_carea' id='block_1_9' title="bbox 438 1025 2020 1114">
    <p class='ocr_par' dir='ltr' id='par_1_9' title="bbox 438 1025 2020 1114">
     <span class='ocr_line' id='line_1_9' title="bbox 438 1025 2020 1114; baseline -0.014 -14"><span class='ocrx_word' id='word_1_63' title='bbox 438 1044 658 1114; x_wconf 87' lang='lat' dir='ltr'><strong>proprio</strong></span> <span class='ocrx_word' id='word_1_64' title='bbox 679 1044 810 1098; x_wconf 82' lang='lat' dir='ltr'><strong>satis</strong></span> <span class='ocrx_word' id='word_1_65' title='bbox 833 1037 1129 1095; x_wconf 89' lang='lat' dir='ltr'><strong>honoriﬁce</strong></span> <span class='ocrx_word' id='word_1_66' title='bbox 1157 1033 1421 1104; x_wconf 90' lang='lat' dir='ltr'><strong>sepelivit,</strong></span> <span class='ocrx_word' id='word_1_67' title='bbox 1457 1045 1622 1102; x_wconf 86' lang='lat' dir='ltr'><strong>seque</strong></span> <span class='ocrx_word' id='word_1_68' title='bbox 1655 1025 2020 1099; x_wconf 87' lang='lat' dir='ltr'><strong>sepeliendum</strong></span> 
     </span>
    </p>
   </div>
   <div class='ocr_carea' id='block_1_10' title="bbox 434 1120 2022 1205">
    <p class='ocr_par' dir='ltr' id='par_1_10' title="bbox 434 1120 2022 1205">
     <span class='ocr_line' id='line_1_10' title="bbox 434 1120 2022 1205; baseline -0.014 -13"><span class='ocrx_word' id='word_1_69' title='bbox 434 1136 586 1205; x_wconf 81' lang='lat' dir='ltr'><strong>juxta</strong></span> <span class='ocrx_word' id='word_1_70' title='bbox 611 1149 732 1189; x_wconf 89' lang='lat' dir='ltr'><strong>ossa</strong></span> <span class='ocrx_word' id='word_1_71' title='bbox 760 1132 875 1202; x_wconf 87' lang='lat' dir='ltr'><strong>ejus</strong></span> <span class='ocrx_word' id='word_1_72' title='bbox 902 1129 1138 1184; x_wconf 81' lang='lat' dir='ltr'><strong>curavit:</strong></span> <span class='ocrx_word' id='word_1_73' title='bbox 1169 1129 1239 1180; x_wconf 92' lang='lat' dir='ltr'><strong>ita</strong></span> <span class='ocrx_word' id='word_1_74' title='bbox 1269 1137 1489 1195; x_wconf 84' lang='lat' dir='ltr'><strong>sperans</strong></span> <span class='ocrx_word' id='word_1_75' title='bbox 1517 1120 1662 1192; x_wconf 87' lang='lat' dir='ltr'><strong>parci</strong></span> <span class='ocrx_word' id='word_1_76' title='bbox 1693 1133 1851 1189; x_wconf 87' lang='lat' dir='ltr'><strong>posse</strong></span> <span class='ocrx_word' id='word_1_77' title='bbox 1889 1130 2022 1187; x_wconf 90' lang='lat' dir='ltr'><strong>quo—</strong></span> 
     </span>
    </p>
   </div>
   <div class='ocr_carea' id='block_1_11' title="bbox 437 1210 2022 1297">
    <p class='ocr_par' dir='ltr' id='par_1_11' title="bbox 437 1210 2022 1297">
     <span class='ocr_line' id='line_1_11' title="bbox 437 1210 2022 1297; baseline -0.013 -15"><span class='ocrx_word' id='word_1_78' title='bbox 437 1243 544 1297; x_wconf 88' lang='lat' dir='ltr'><strong>que</strong></span> <span class='ocrx_word' id='word_1_79' title='bbox 573 1225 781 1281; x_wconf 90' lang='lat' dir='ltr'><strong>ossibus</strong></span> <span class='ocrx_word' id='word_1_80' title='bbox 805 1222 936 1288; x_wconf 86' lang='lat' dir='ltr'><strong>suis,</strong></span> <span class='ocrx_word' id='word_1_81' title='bbox 969 1236 1088 1276; x_wconf 92' lang='lat' dir='ltr'><strong>cum</strong></span> <span class='ocrx_word' id='word_1_82' title='bbox 1117 1218 1324 1274; x_wconf 83' lang='lat' dir='ltr'><strong>veniret</strong></span> <span class='ocrx_word' id='word_1_83' title='bbox 1353 1225 1560 1284; x_wconf 92' lang='lat' dir='ltr'><strong>tempus</strong></span> <span class='ocrx_word' id='word_1_84' title='bbox 1587 1210 1798 1280; x_wconf 82' lang='lat' dir='ltr'><strong>quando</strong></span> <span class='ocrx_word' id='word_1_85' title='bbox 1827 1224 2022 1264; x_wconf 83' lang='lat' dir='ltr'><strong>secun-</strong></span> 
     </span>
    </p>
   </div>
   <div class='ocr_carea' id='block_1_12' title="bbox 437 1299 2024 1379">
    <p class='ocr_par' dir='ltr' id='par_1_12' title="bbox 437 1299 2024 1379">
     <span class='ocr_line' id='line_1_12' title="bbox 437 1299 2024 1379; baseline -0.012 -7"><span class='ocrx_word' id='word_1_86' title='bbox 437 1318 568 1372; x_wconf 87' lang='lat' dir='ltr'><strong>dum</strong></span> <span class='ocrx_word' id='word_1_87' title='bbox 609 1316 751 1370; x_wconf 91' lang='lat' dir='ltr'><strong>illius</strong></span> <span class='ocrx_word' id='word_1_88' title='bbox 781 1313 1013 1368; x_wconf 89' lang='lat' dir='ltr'><strong>hominis</strong></span> <span class='ocrx_word' id='word_1_89' title='bbox 1053 1310 1149 1366; x_wconf 88' lang='lat' dir='ltr'><strong>Dei</strong></span> <span class='ocrx_word' id='word_1_90' title='bbox 1180 1307 1508 1379; x_wconf 85' lang='lat' dir='ltr'><strong>prophetiam</strong></span> <span class='ocrx_word' id='word_1_91' title='bbox 1539 1304 1712 1358; x_wconf 88' lang='lat' dir='ltr'><strong>.losias</strong></span> <span class='ocrx_word' id='word_1_92' title='bbox 1750 1316 1842 1355; x_wconf 81' lang='lat' dir='ltr'><strong>rex</strong></span> <span class='ocrx_word' id='word_1_93' title='bbox 1890 1299 2024 1354; x_wconf 85' lang='lat' dir='ltr'><strong>Juda</strong></span> 
     </span>
    </p>
   </div>
   <div class='ocr_carea' id='block_1_13' title="bbox 397 1390 2027 1463">
    <p class='ocr_par' dir='ltr' id='par_1_13' title="bbox 397 1390 2027 1463">
     <span class='ocr_line' id='line_1_13' title="bbox 397 1390 2027 1463; baseline -0.012 0"><span class='ocrx_word' id='word_1_94' title='bbox 397 1441 399 1444; x_wconf 65' lang='grc'>‹</span> <span class='ocrx_word' id='word_1_95' title='bbox 439 1410 495 1463; x_wconf 90' lang='lat' dir='ltr'><strong>in</strong></span> <span class='ocrx_word' id='word_1_96' title='bbox 535 1408 622 1462; x_wconf 88' lang='lat' dir='ltr'><strong>illa</strong></span> <span class='ocrx_word' id='word_1_97' title='bbox 650 1416 788 1462; x_wconf 88' lang='lat' dir='ltr'><strong>terra</strong></span> <span class='ocrx_word' id='word_1_98' title='bbox 810 1405 1100 1458; x_wconf 88' lang='lat' dir='ltr'><strong>multorum</strong></span> <span class='ocrx_word' id='word_1_99' title='bbox 1121 1401 1262 1456; x_wconf 91' lang='lat' dir='ltr'><strong>eruit</strong></span> <span class='ocrx_word' id='word_1_100' title='bbox 1285 1413 1405 1454; x_wconf 87' lang='lat' dir='ltr'><strong>ossa</strong></span> <span class='ocrx_word' id='word_1_101' title='bbox 1427 1407 1779 1458; x_wconf 90' lang='lat' dir='ltr'><strong>mortuorum,</strong></span> <span class='ocrx_word' id='word_1_102' title='bbox 1804 1390 2027 1446; x_wconf 82' lang='lat' dir='ltr'><strong>eisdem-</strong></span> 
     </span>
    </p>
   </div>
   <div class='ocr_carea' id='block_1_14' title="bbox 437 1483 2029 1569">
    <p class='ocr_par' dir='ltr' id='par_1_14' title="bbox 437 1483 2029 1569">
     <span class='ocr_line' id='line_1_14' title="bbox 437 1483 2029 1569; baseline -0.012 -14"><span class='ocrx_word' id='word_1_103' title='bbox 437 1516 548 1569; x_wconf 87' lang='lat' dir='ltr'><strong>que</strong></span> <span class='ocrx_word' id='word_1_104' title='bbox 573 1498 784 1553; x_wconf 89' lang='lat' dir='ltr'><strong>ossibus</strong></span> <span class='ocrx_word' id='word_1_105' title='bbox 811 1497 1062 1565; x_wconf 84' lang='lat' dir='ltr'><strong>sacrilega</strong></span> <span class='ocrx_word' id='word_1_106' title='bbox 1092 1493 1301 1558; x_wconf 80' lang='lat' dir='ltr'><strong>altaria,</strong></span> <span class='ocrx_word' id='word_1_107' title='bbox 1328 1505 1446 1560; x_wconf 74' lang='lat' dir='ltr'><strong>qua:</strong></span> <span class='ocrx_word' id='word_1_108' title='bbox 1475 1487 1806 1557; x_wconf 89' lang='lat' dir='ltr'><strong>scnlptilibus</strong></span> <span class='ocrx_word' id='word_1_109' title='bbox 1831 1483 2029 1538; x_wconf 82' lang='lat' dir='ltr'><strong>conSIi-</strong></span> 
     </span>
    </p>
   </div>
   <div class='ocr_carea' id='block_1_15' title="bbox 445 1578 2026 1656">
    <p class='ocr_par' dir='ltr' id='par_1_15' title="bbox 445 1578 2026 1656">
     <span class='ocr_line' id='line_1_15' title="bbox 445 1578 2026 1656; baseline -0.011 -10"><span class='ocrx_word' id='word_1_110' title='bbox 445 1599 556 1646; x_wconf 90' lang='lat' dir='ltr'><strong>tuta</strong></span> <span class='ocrx_word' id='word_1_111' title='bbox 590 1591 819 1656; x_wconf 81' lang='lat' dir='ltr'><strong>fuerant,</strong></span> <span class='ocrx_word' id='word_1_112' title='bbox 868 1587 1170 1642; x_wconf 84' lang='lat' dir='ltr'><strong>funestavit.</strong></span> <span class='ocrx_word' id='word_1_113' title='bbox 1215 1583 1457 1652; x_wconf 84' lang='lat' dir='ltr'><strong>Pepercit</strong></span> <span class='ocrx_word' id='word_1_114' title='bbox 1488 1581 1686 1650; x_wconf 88' lang='lat' dir='ltr'><strong>quippe</strong></span> <span class='ocrx_word' id='word_1_115' title='bbox 1730 1578 1803 1632; x_wconf 88' lang='lat' dir='ltr'><strong>illi</strong></span> <span class='ocrx_word' id='word_1_116' title='bbox 1834 1592 2026 1631; x_wconf 82' lang='lat' dir='ltr'><strong>monu—</strong></span> 
     </span>
    </p>
   </div>
   <div class='ocr_carea' id='block_1_16' title="bbox 401 1669 2029 1753">
    <p class='ocr_par' dir='ltr' id='par_1_16' title="bbox 401 1669 2029 1753">
     <span class='ocr_line' id='line_1_16' title="bbox 401 1669 2029 1753; baseline -0.009 -17"><span class='ocrx_word' id='word_1_117' title='bbox 401 1734 404 1736; x_wconf 24' lang='grc' dir='ltr'>γ</span> <span class='ocrx_word' id='word_1_118' title='bbox 444 1694 626 1740; x_wconf 90' lang='lat' dir='ltr'><strong>mento</strong></span> <span class='ocrx_word' id='word_1_119' title='bbox 653 1684 742 1738; x_wconf 91' lang='lat' dir='ltr'><strong>ubi</strong></span> <span class='ocrx_word' id='word_1_120' title='bbox 766 1682 976 1753; x_wconf 88' lang='lat' dir='ltr'><strong>jacebat</strong></span> <span class='ocrx_word' id='word_1_121' title='bbox 1000 1680 1286 1749; x_wconf 86' lang='lat' dir='ltr'><strong>Propheta,</strong></span> <span class='ocrx_word' id='word_1_122' title='bbox 1312 1677 1400 1747; x_wconf 89' lang='lat' dir='ltr'><strong>qui</strong></span> <span class='ocrx_word' id='word_1_123' title='bbox 1426 1684 1550 1728; x_wconf 86' lang='lat' dir='ltr'><strong>ante</strong></span> <span class='ocrx_word' id='word_1_124' title='bbox 1586 1687 1754 1726; x_wconf 93' lang='lat' dir='ltr'><strong>annos</strong></span> <span class='ocrx_word' id='word_1_125' title='bbox 1801 1669 2029 1739; x_wconf 86' lang='lat' dir='ltr'><strong>amplius</strong></span> 
     </span>
    </p>
   </div>
   <div class='ocr_carea' id='block_1_17' title="bbox 442 1763 2030 1846">
    <p class='ocr_par' dir='ltr' id='par_1_17' title="bbox 442 1763 2030 1846">
     <span class='ocr_line' id='line_1_17' title="bbox 442 1763 2030 1846; baseline -0.01 -16"><span class='ocrx_word' id='word_1_126' title='bbox 442 1792 602 1846; x_wconf 90' lang='lat' dir='ltr'><strong>quam</strong></span> <span class='ocrx_word' id='word_1_127' title='bbox 629 1784 896 1830; x_wconf 91' lang='lat' dir='ltr'><strong>trecentos</strong></span> <span class='ocrx_word' id='word_1_128' title='bbox 927 1775 1024 1826; x_wconf 89' lang='lat' dir='ltr'><strong>ista</strong></span> <span class='ocrx_word' id='word_1_129' title='bbox 1043 1771 1390 1841; x_wconf 63' lang='lat' dir='ltr'><strong>praedixerat;</strong></span> <span class='ocrx_word' id='word_1_130' title='bbox 1420 1776 1473 1821; x_wconf 84' lang='lat' dir='ltr'><strong>et</strong></span> <span class='ocrx_word' id='word_1_131' title='bbox 1495 1772 1712 1835; x_wconf 89' lang='lat' dir='ltr'><strong>propter</strong></span> <span class='ocrx_word' id='word_1_132' title='bbox 1733 1763 1905 1832; x_wconf 88' lang='lat' dir='ltr'><strong>ipsum</strong></span> <span class='ocrx_word' id='word_1_133' title='bbox 1930 1774 2030 1814; x_wconf 90' lang='lat' dir='ltr'><strong>nec</strong></span> 
     </span>
    </p>
   </div>
   <div class='ocr_carea' id='block_1_18' title="bbox 439 1853 2026 1939">
    <p class='ocr_par' dir='ltr' id='par_1_18' title="bbox 439 1853 2026 1939">
     <span class='ocr_line' id='line_1_18' title="bbox 439 1853 2026 1939; baseline -0.013 -15"><span class='ocrx_word' id='word_1_134' title='bbox 439 1871 587 1925; x_wconf 86' lang='lat' dir='ltr'><strong>illius</strong></span> <span class='ocrx_word' id='word_1_135' title='bbox 607 1871 695 1939; x_wconf 91' lang='lat' dir='ltr'><strong>qui</strong></span> <span class='ocrx_word' id='word_1_136' title='bbox 720 1884 841 1923; x_wconf 90' lang='lat' dir='ltr'><strong>eum</strong></span> <span class='ocrx_word' id='word_1_137' title='bbox 859 1868 1162 1930; x_wconf 80' lang='lat' dir='ltr'><strong>seduxcrat,</strong></span> <span class='ocrx_word' id='word_1_138' title='bbox 1183 1863 1454 1933; x_wconf 82' lang='lat' dir='ltr'><strong>sepultura</strong></span> <span class='ocrx_word' id='word_1_139' title='bbox 1477 1860 1670 1913; x_wconf 88' lang='lat' dir='ltr'><strong>violata</strong></span> <span class='ocrx_word' id='word_1_140' title='bbox 1695 1864 1778 1911; x_wconf 89' lang='lat' dir='ltr'><strong>est</strong></span> <span class='ocrx_word' id='word_1_141' title='bbox 1793 1853 1881 1925; x_wconf 86' lang='lat' dir='ltr'><strong>(Ill</strong></span> <span class='ocrx_word' id='word_1_142' title='bbox 1901 1853 2026 1922; x_wconf 87' lang='lat' dir='ltr'><strong>Reg.</strong></span> 
     </span>
    </p>
   </div>
   <div class='ocr_carea' id='block_1_19' title="bbox 445 1949 2033 2029">
    <p class='ocr_par' dir='ltr' id='par_1_19' title="bbox 445 1949 2033 2029">
     <span class='ocr_line' id='line_1_19' title="bbox 445 1949 2033 2029; baseline -0.012 -13"><span class='ocrx_word' id='word_1_143' title='bbox 445 1977 566 2026; x_wconf 72' lang='lat' dir='ltr'><strong>xm,</strong></span> <span class='ocrx_word' id='word_1_144' title='bbox 590 1961 776 2026; x_wconf 70' lang='lat'><strong>24—32,</strong></span> <span class='ocrx_word' id='word_1_145' title='bbox 795 1959 919 2014; x_wconf 82' lang='lat' dir='ltr'><strong>etIV</strong></span> <span class='ocrx_word' id='word_1_146' title='bbox 945 1958 1073 2029; x_wconf 80' lang='lat' dir='ltr'><strong>Reg.</strong></span> <span class='ocrx_word' id='word_1_147' title='bbox 1096 1972 1224 2010; x_wconf 65' lang='grc' dir='ltr'>χχιιι</span> <span class='ocrx_word' id='word_1_148' title='bbox 1244 1997 1258 2021; x_wconf 93' lang='grc'><em>,</em></span> <span class='ocrx_word' id='word_1_149' title='bbox 1291 1950 1514 2023; x_wconf 74' lang='grc'><strong>16-18).</strong></span> <span class='ocrx_word' id='word_1_150' title='bbox 1556 1949 1761 2004; x_wconf 82' lang='lat' dir='ltr'><strong>Aﬁ&#39;ectu</strong></span> <span class='ocrx_word' id='word_1_151' title='bbox 1803 1958 2033 2013; x_wconf 88' lang='lat' dir='ltr'><strong>namque</strong></span> 
     </span>
    </p>
   </div>
   <div class='ocr_carea' id='block_1_20' title="bbox 448 2035 2031 2120">
    <p class='ocr_par' dir='ltr' id='par_1_20' title="bbox 448 2035 2031 2120">
     <span class='ocr_line' id='line_1_20' title="bbox 448 2035 2031 2120; baseline -0.012 -15"><span class='ocrx_word' id='word_1_152' title='bbox 448 2053 562 2119; x_wconf 87' lang='lat' dir='ltr'><strong>illo,</strong></span> <span class='ocrx_word' id='word_1_153' title='bbox 599 2066 705 2120; x_wconf 90' lang='lat' dir='ltr'><strong>quo</strong></span> <span class='ocrx_word' id='word_1_154' title='bbox 733 2064 892 2106; x_wconf 90' lang='lat' dir='ltr'><strong>nemo</strong></span> <span class='ocrx_word' id='word_1_155' title='bbox 934 2062 1165 2118; x_wconf 89' lang='lat' dir='ltr'><strong>unquam</strong></span> <span class='ocrx_word' id='word_1_156' title='bbox 1213 2058 1429 2099; x_wconf 91' lang='lat' dir='ltr'><strong>carnem</strong></span> <span class='ocrx_word' id='word_1_157' title='bbox 1471 2055 1620 2096; x_wconf 90' lang='lat' dir='ltr'><strong>suam</strong></span> <span class='ocrx_word' id='word_1_158' title='bbox 1661 2037 1786 2092; x_wconf 91' lang='lat' dir='ltr'><strong>odio</strong></span> <span class='ocrx_word' id='word_1_159' title='bbox 1832 2035 2031 2099; x_wconf 89' lang='lat' dir='ltr'><strong>habet,</strong></span> 
     </span>
    </p>
   </div>
   <div class='ocr_carea' id='block_1_21' title="bbox 449 2126 2036 2212">
    <p class='ocr_par' dir='ltr' id='par_1_21' title="bbox 449 2126 2036 2212">
     <span class='ocr_line' id='line_1_21' title="bbox 449 2126 2036 2212; baseline -0.013 -15"><span class='ocrx_word' id='word_1_160' title='bbox 449 2142 756 2212; x_wconf 89' lang='lat' dir='ltr'><strong>providerat</strong></span> <span class='ocrx_word' id='word_1_161' title='bbox 781 2141 1024 2195; x_wconf 87' lang='lat' dir='ltr'><strong>cadaveri</strong></span> <span class='ocrx_word' id='word_1_162' title='bbox 1056 2152 1172 2201; x_wconf 91' lang='lat' dir='ltr'><strong>suo,</strong></span> <span class='ocrx_word' id='word_1_163' title='bbox 1205 2137 1295 2205; x_wconf 90' lang='lat' dir='ltr'><strong>qui</strong></span> <span class='ocrx_word' id='word_1_164' title='bbox 1325 2133 1594 2190; x_wconf 89' lang='lat' dir='ltr'><strong>occiderat</strong></span> <span class='ocrx_word' id='word_1_165' title='bbox 1621 2127 1897 2184; x_wconf 88' lang='lat' dir='ltr'><strong>mendacio</strong></span> <span class='ocrx_word' id='word_1_166' title='bbox 1922 2126 2036 2179; x_wconf 89' lang='lat' dir='ltr'><strong>ani-</strong></span> 
     </span>
    </p>
   </div>
   <div class='ocr_carea' id='block_1_22' title="bbox 448 2216 2037 2297">
    <p class='ocr_par' dir='ltr' id='par_1_22' title="bbox 448 2216 2037 2297">
     <span class='ocr_line' id='line_1_22' title="bbox 448 2216 2037 2297; baseline -0.011 -12"><span class='ocrx_word' id='word_1_167' title='bbox 448 2247 595 2286; x_wconf 90' lang='lat' dir='ltr'><strong>mam</strong></span> <span class='ocrx_word' id='word_1_168' title='bbox 620 2247 792 2287; x_wconf 89' lang='lat' dir='ltr'><strong>suam.</strong></span> <span class='ocrx_word' id='word_1_169' title='bbox 825 2231 905 2284; x_wconf 82' lang='lat' dir='ltr'><strong>Ex</strong></span> <span class='ocrx_word' id='word_1_170' title='bbox 936 2229 1037 2283; x_wconf 92' lang='lat' dir='ltr'><strong>hoc</strong></span> <span class='ocrx_word' id='word_1_171' title='bbox 1065 2228 1222 2297; x_wconf 84' lang='lat' dir='ltr'><strong>igitur</strong></span> <span class='ocrx_word' id='word_1_172' title='bbox 1268 2225 1408 2295; x_wconf 90' lang='lat' dir='ltr'><strong>quod</strong></span> <span class='ocrx_word' id='word_1_173' title='bbox 1453 2236 1667 2277; x_wconf 85' lang='lat' dir='ltr'><strong>carnem</strong></span> <span class='ocrx_word' id='word_1_174' title='bbox 1697 2233 1846 2273; x_wconf 92' lang='lat' dir='ltr'><strong>suam</strong></span> <span class='ocrx_word' id='word_1_175' title='bbox 1892 2216 2037 2286; x_wconf 87' lang='lat' dir='ltr'><strong>quis-</strong></span> 
     </span>
    </p>
   </div>
   <div class='ocr_carea' id='block_1_23' title="bbox 452 2311 2037 2394">
    <p class='ocr_par' dir='ltr' id='par_1_23' title="bbox 452 2311 2037 2394">
     <span class='ocr_line' id='line_1_23' title="bbox 452 2311 2037 2394; baseline -0.011 -15"><span class='ocrx_word' id='word_1_176' title='bbox 452 2340 556 2394; x_wconf 76' lang='lat' dir='ltr'><strong>que</strong></span> <span class='ocrx_word' id='word_1_177' title='bbox 588 2323 899 2377; x_wconf 86' lang='lat' dir='ltr'><strong>naturaliter</strong></span> <span class='ocrx_word' id='word_1_178' title='bbox 923 2321 1113 2389; x_wconf 77' lang='lat' dir='ltr'><strong>diligit,</strong></span> <span class='ocrx_word' id='word_1_179' title='bbox 1143 2327 1197 2373; x_wconf 93' lang='lat' dir='ltr'><strong>et</strong></span> <span class='ocrx_word' id='word_1_180' title='bbox 1221 2318 1297 2371; x_wconf 91' lang='lat' dir='ltr'><strong>illi</strong></span> <span class='ocrx_word' id='word_1_181' title='bbox 1326 2331 1482 2386; x_wconf 65' lang='lat' dir='ltr'><strong>pinna</strong></span> <span class='ocrx_word' id='word_1_182' title='bbox 1509 2315 1606 2368; x_wconf 87' lang='lat' dir='ltr'><strong>fuit</strong></span> <span class='ocrx_word' id='word_1_183' title='bbox 1628 2311 1904 2367; x_wconf 84' lang='lat' dir='ltr'><strong>addiscere</strong></span> <span class='ocrx_word' id='word_1_184' title='bbox 1931 2322 2037 2362; x_wconf 91' lang='lat' dir='ltr'><strong>non</strong></span> 
     </span>
    </p>
   </div>
   <div class='ocr_carea' id='block_1_24' title="bbox 448 2398 2040 2477">
    <p class='ocr_par' dir='ltr' id='par_1_24' title="bbox 448 2398 2040 2477">
     <span class='ocr_line' id='line_1_24' title="bbox 448 2398 2040 2477; baseline -0.011 -7"><span class='ocrx_word' id='word_1_185' title='bbox 448 2431 576 2470; x_wconf 89' lang='lat' dir='ltr'><strong>eum</strong></span> <span class='ocrx_word' id='word_1_186' title='bbox 607 2415 840 2468; x_wconf 92' lang='lat' dir='ltr'><strong>futurum</strong></span> <span class='ocrx_word' id='word_1_187' title='bbox 887 2414 939 2466; x_wconf 92' lang='lat' dir='ltr'><strong>in</strong></span> <span class='ocrx_word' id='word_1_188' title='bbox 986 2411 1232 2477; x_wconf 90' lang='lat' dir='ltr'><strong>sepulcro</strong></span> <span class='ocrx_word' id='word_1_189' title='bbox 1276 2417 1486 2477; x_wconf 88' lang='lat' dir='ltr'><strong>patrum</strong></span> <span class='ocrx_word' id='word_1_190' title='bbox 1526 2419 1773 2468; x_wconf 91' lang='lat' dir='ltr'><strong>suorum;</strong></span> <span class='ocrx_word' id='word_1_191' title='bbox 1819 2409 1874 2456; x_wconf 91' lang='lat' dir='ltr'><strong>et</strong></span> <span class='ocrx_word' id='word_1_192' title='bbox 1916 2398 2040 2453; x_wconf 88' lang='lat' dir='ltr'><strong>huic</strong></span> 
     </span>
    </p>
   </div>
   <div class='ocr_carea' id='block_1_25' title="bbox 449 2490 2036 2573">
    <p class='ocr_par' dir='ltr' id='par_1_25' title="bbox 449 2490 2036 2573">
     <span class='ocr_line' id='line_1_25' title="bbox 449 2490 2036 2573; baseline -0.009 -16"><span class='ocrx_word' id='word_1_193' title='bbox 449 2518 580 2558; x_wconf 87' lang='lat' dir='ltr'><strong>cura</strong></span> <span class='ocrx_word' id='word_1_194' title='bbox 613 2503 939 2573; x_wconf 86' lang='lat' dir='ltr'><strong>prospicere,</strong></span> <span class='ocrx_word' id='word_1_195' title='bbox 975 2509 1030 2554; x_wconf 91' lang='lat' dir='ltr'><strong>ut</strong></span> <span class='ocrx_word' id='word_1_196' title='bbox 1060 2506 1369 2568; x_wconf 88' lang='lat' dir='ltr'><strong>parceretur</strong></span> <span class='ocrx_word' id='word_1_197' title='bbox 1396 2496 1606 2550; x_wconf 91' lang='lat' dir='ltr'><strong>ossibus</strong></span> <span class='ocrx_word' id='word_1_198' title='bbox 1645 2493 1778 2559; x_wconf 90' lang='lat' dir='ltr'><strong>suis,</strong></span> <span class='ocrx_word' id='word_1_199' title='bbox 1819 2492 1864 2546; x_wconf 91' lang='lat' dir='ltr'><strong>si</strong></span> <span class='ocrx_word' id='word_1_200' title='bbox 1889 2490 2036 2561; x_wconf 80' lang='lat' dir='ltr'><strong>juxta</strong></span> 
     </span>
    </p>
   </div>
   <div class='ocr_carea' id='block_1_26' title="bbox 451 2585 1799 2662">
    <p class='ocr_par' dir='ltr' id='par_1_26' title="bbox 451 2585 1799 2662">
     <span class='ocr_line' id='line_1_26' title="bbox 451 2585 1799 2662; baseline -0.008 -15"><span class='ocrx_word' id='word_1_201' title='bbox 451 2609 576 2648; x_wconf 88' lang='lat' dir='ltr'><strong>eum</strong></span> <span class='ocrx_word' id='word_1_202' title='bbox 604 2593 825 2662; x_wconf 90' lang='lat' dir='ltr'><strong>jaceret,</strong></span> <span class='ocrx_word' id='word_1_203' title='bbox 859 2591 1010 2660; x_wconf 86' lang='lat' dir='ltr'><strong>cujus</strong></span> <span class='ocrx_word' id='word_1_204' title='bbox 1037 2588 1342 2658; x_wconf 88' lang='lat' dir='ltr'><strong>sepulcrum</strong></span> <span class='ocrx_word' id='word_1_205' title='bbox 1374 2600 1532 2642; x_wconf 91' lang='lat' dir='ltr'><strong>nemo</strong></span> <span class='ocrx_word' id='word_1_206' title='bbox 1556 2585 1799 2638; x_wconf 86' lang='lat' dir='ltr'><strong>violaret.</strong></span> 
     </span>
    </p>
   </div>
   <div class='ocr_carea' id='block_1_27' title="bbox 527 2677 2041 2748">
    <p class='ocr_par' dir='ltr' id='par_1_27' title="bbox 527 2677 2041 2748">
     <span class='ocr_line' id='line_1_27' title="bbox 527 2677 2041 2748; baseline -0.011 -9"><span class='ocrx_word' id='word_1_207' title='bbox 527 2684 752 2739; x_wconf 81' lang='lat' dir='ltr'><strong>CAPUT</strong></span> <span class='ocrx_word' id='word_1_208' title='bbox 790 2681 1115 2736; x_wconf 74' lang='lat' dir='ltr'><strong>Vlll.—i0.</strong></span> <span class='ocrx_word' id='word_1_209' title='bbox 1144 2679 1396 2748; x_wconf 79' lang='lat' dir='ltr'><strong>Martyres</strong></span> <span class='ocrx_word' id='word_1_210' title='bbox 1424 2677 1700 2747; x_wconf 72' lang='lat' dir='ltr'><strong>sepultura:</strong></span> <span class='ocrx_word' id='word_1_211' title='bbox 1723 2687 1896 2726; x_wconf 88' lang='lat' dir='ltr'><strong>curam</strong></span> <span class='ocrx_word' id='word_1_212' title='bbox 1921 2686 2041 2724; x_wconf 88' lang='lat' dir='ltr'><strong>con-</strong></span> 
     </span>
    </p>
   </div>
   <div class='ocr_carea' id='block_1_28' title="bbox 458 2761 2042 2844">
    <p class='ocr_par' dir='ltr' id='par_1_28' title="bbox 458 2761 2042 2844">
     <span class='ocr_line' id='line_1_28' title="bbox 458 2761 2042 2844; baseline -0.009 -16"><span class='ocrx_word' id='word_1_213' title='bbox 458 2782 784 2844; x_wconf 83' lang='lat' dir='ltr'><strong>tempserunt.</strong></span> <span class='ocrx_word' id='word_1_214' title='bbox 814 2772 964 2826; x_wconf 87' lang='lat' dir='ltr'><strong>Hunc</strong></span> <span class='ocrx_word' id='word_1_215' title='bbox 990 2770 1237 2825; x_wconf 76' lang='lat' dir='ltr'><strong>affectum</strong></span> <span class='ocrx_word' id='word_1_216' title='bbox 1265 2777 1532 2837; x_wconf 87' lang='lat' dir='ltr'><strong>martyres</strong></span> <span class='ocrx_word' id='word_1_217' title='bbox 1551 2763 1748 2820; x_wconf 89' lang='lat' dir='ltr'><strong>Christi</strong></span> <span class='ocrx_word' id='word_1_218' title='bbox 1776 2776 1874 2831; x_wconf 91' lang='lat' dir='ltr'><strong>pro</strong></span> <span class='ocrx_word' id='word_1_219' title='bbox 1903 2761 2042 2814; x_wconf 91' lang='lat' dir='ltr'><strong>veri-</strong></span> 
     </span>
    </p>
   </div>
   <div class='ocr_carea' id='block_1_29' title="bbox 459 2856 2041 2926">
    <p class='ocr_par' dir='ltr' id='par_1_29' title="bbox 459 2856 2041 2926">
     <span class='ocr_line' id='line_1_29' title="bbox 459 2856 2041 2926; baseline -0.009 -7"><span class='ocrx_word' id='word_1_220' title='bbox 459 2874 567 2920; x_wconf 87' lang='lat' dir='ltr'><strong>tate</strong></span> <span class='ocrx_word' id='word_1_221' title='bbox 597 2873 865 2920; x_wconf 89' lang='lat' dir='ltr'><strong>certantes</strong></span> <span class='ocrx_word' id='word_1_222' title='bbox 889 2863 1133 2917; x_wconf 90' lang='lat' dir='ltr'><strong>vicerunt</strong></span> <span class='ocrx_word' id='word_1_223' title='bbox 1162 2879 1174 2913; x_wconf 91' lang='lat'>:</span> <span class='ocrx_word' id='word_1_224' title='bbox 1201 2873 1302 2914; x_wconf 90' lang='lat' dir='ltr'><strong>nec</strong></span> <span class='ocrx_word' id='word_1_225' title='bbox 1337 2859 1530 2912; x_wconf 90' lang='lat' dir='ltr'><strong>mirum</strong></span> <span class='ocrx_word' id='word_1_226' title='bbox 1558 2856 1680 2926; x_wconf 89' lang='lat' dir='ltr'><strong>quia</strong></span> <span class='ocrx_word' id='word_1_227' title='bbox 1705 2862 2041 2920; x_wconf 88' lang='lat' dir='ltr'><strong>contempse-</strong></span> 
     </span>
    </p>
   </div>
   <div class='ocr_carea' id='block_1_30' title="bbox 363 2945 2042 3025">
    <p class='ocr_par' dir='ltr' id='par_1_30' title="bbox 363 2945 2042 3025">
     <span class='ocr_line' id='line_1_30' title="bbox 363 2945 2042 3025; baseline -0.008 -13"><span class='ocrx_word' id='word_1_228' title='bbox 363 2982 374 2987; x_wconf 82' lang='grc'><strong><em>-</em></strong></span> <span class='ocrx_word' id='word_1_229' title='bbox 457 2966 585 3011; x_wconf 85' lang='lat' dir='ltr'><strong>runt</strong></span> <span class='ocrx_word' id='word_1_230' title='bbox 629 2955 770 3025; x_wconf 88' lang='lat' dir='ltr'><strong>quod</strong></span> <span class='ocrx_word' id='word_1_231' title='bbox 810 2970 916 3008; x_wconf 90' lang='lat' dir='ltr'><strong>non</strong></span> <span class='ocrx_word' id='word_1_232' title='bbox 956 2953 1167 3008; x_wconf 80' lang='lat' dir='ltr'><strong>fuerant</strong></span> <span class='ocrx_word' id='word_1_233' title='bbox 1192 2960 1404 3021; x_wconf 89' lang='lat' dir='ltr'><strong>peracta</strong></span> <span class='ocrx_word' id='word_1_234' title='bbox 1449 2957 1620 3004; x_wconf 91' lang='lat' dir='ltr'><strong>morte</strong></span> <span class='ocrx_word' id='word_1_235' title='bbox 1663 2946 1871 3002; x_wconf 88' lang='lat' dir='ltr'><strong>sensuri</strong></span> <span class='ocrx_word' id='word_1_236' title='bbox 1897 2987 1910 3011; x_wconf 96' lang='lat'><strong>,</strong></span> <span class='ocrx_word' id='word_1_237' title='bbox 1953 2945 2042 3016; x_wconf 90' lang='lat' dir='ltr'><strong>qui</strong></span> 
     </span>
    </p>
   </div>
   <div class='ocr_carea' id='block_1_31' title="bbox 456 3037 2042 3118">
    <p class='ocr_par' dir='ltr' id='par_1_31' title="bbox 456 3037 2042 3118">
     <span class='ocr_line' id='line_1_31' title="bbox 456 3037 2042 3118; baseline -0.009 -14"><span class='ocrx_word' id='word_1_238' title='bbox 456 3065 566 3104; x_wconf 83' lang='lat' dir='ltr'><strong>non</strong></span> <span class='ocrx_word' id='word_1_239' title='bbox 596 3056 882 3118; x_wconf 89' lang='lat' dir='ltr'><strong>potuerunt</strong></span> <span class='ocrx_word' id='word_1_240' title='bbox 909 3048 1008 3110; x_wconf 90' lang='lat' dir='ltr'><strong>eis,</strong></span> <span class='ocrx_word' id='word_1_241' title='bbox 1050 3060 1184 3116; x_wconf 90' lang='lat' dir='ltr'><strong>quos</strong></span> <span class='ocrx_word' id='word_1_242' title='bbox 1211 3045 1451 3098; x_wconf 84' lang='lat' dir='ltr'><strong>viventes</strong></span> <span class='ocrx_word' id='word_1_243' title='bbox 1487 3041 1806 3106; x_wconf 85' lang='lat' dir='ltr'><strong>sentiebant,</strong></span> <span class='ocrx_word' id='word_1_244' title='bbox 1837 3037 2042 3092; x_wconf 86' lang='lat' dir='ltr'><strong>crucia-</strong></span> 
     </span>
    </p>
   </div>
   <div class='ocr_carea' id='block_1_32' title="bbox 457 3129 2045 3206">
    <p class='ocr_par' dir='ltr' id='par_1_32' title="bbox 457 3129 2045 3206">
     <span class='ocr_line' id='line_1_32' title="bbox 457 3129 2045 3206; baseline -0.008 -12"><span class='ocrx_word' id='word_1_245' title='bbox 457 3141 606 3194; x_wconf 87' lang='lat' dir='ltr'><strong>tibus</strong></span> <span class='ocrx_word' id='word_1_246' title='bbox 642 3139 800 3193; x_wconf 90' lang='lat' dir='ltr'><strong>vinci.</strong></span> <span class='ocrx_word' id='word_1_247' title='bbox 845 3138 1061 3192; x_wconf 86' lang='lat' dir='ltr'><strong>Poterat</strong></span> <span class='ocrx_word' id='word_1_248' title='bbox 1090 3136 1274 3206; x_wconf 89' lang='lat' dir='ltr'><strong>utique</strong></span> <span class='ocrx_word' id='word_1_249' title='bbox 1304 3136 1477 3198; x_wconf 87' lang='lat' dir='ltr'><strong>Deus,</strong></span> <span class='ocrx_word' id='word_1_250' title='bbox 1526 3131 1613 3202; x_wconf 91' lang='lat' dir='ltr'><strong>qui</strong></span> <span class='ocrx_word' id='word_1_251' title='bbox 1661 3131 1872 3186; x_wconf 88' lang='lat' dir='ltr'><strong>leonem</strong></span> <span class='ocrx_word' id='word_1_252' title='bbox 1916 3129 2045 3183; x_wconf 84' lang='lat' dir='ltr'><strong>Pro-</strong></span> 
     </span>
    </p>
   </div>
   <div class='ocr_carea' id='block_1_33' title="bbox 460 3221 2048 3300">
    <p class='ocr_par' dir='ltr' id='par_1_33' title="bbox 460 3221 2048 3300">
     <span class='ocr_line' id='line_1_33' title="bbox 460 3221 2048 3300; baseline -0.008 -16"><span class='ocrx_word' id='word_1_253' title='bbox 460 3230 638 3300; x_wconf 72' lang='lat' dir='ltr'><strong>phetee</strong></span> <span class='ocrx_word' id='word_1_254' title='bbox 667 3244 882 3296; x_wconf 85' lang='lat' dir='ltr'><strong>corpus,</strong></span> <span class='ocrx_word' id='word_1_255' title='bbox 913 3227 1056 3296; x_wconf 90' lang='lat' dir='ltr'><strong>quod</strong></span> <span class='ocrx_word' id='word_1_256' title='bbox 1083 3227 1197 3296; x_wconf 90' lang='lat' dir='ltr'><strong>ipse</strong></span> <span class='ocrx_word' id='word_1_257' title='bbox 1226 3224 1511 3287; x_wconf 88' lang='lat' dir='ltr'><strong>occiderat,</strong></span> <span class='ocrx_word' id='word_1_258' title='bbox 1543 3221 1769 3276; x_wconf 90' lang='lat' dir='ltr'><strong>ulterius</strong></span> <span class='ocrx_word' id='word_1_259' title='bbox 1792 3235 1901 3273; x_wconf 90' lang='lat' dir='ltr'><strong>non</strong></span> <span class='ocrx_word' id='word_1_260' title='bbox 1926 3233 2048 3288; x_wconf 91' lang='lat' dir='ltr'><strong>per-</strong></span> 
     </span>
    </p>
   </div>
   <div class='ocr_carea' id='block_1_34' title="bbox 461 3309 2045 3386">
    <p class='ocr_par' dir='ltr' id='par_1_34' title="bbox 461 3309 2045 3386">
     <span class='ocr_line' id='line_1_34' title="bbox 461 3309 2045 3386; baseline -0.008 -11"><span class='ocrx_word' id='word_1_261' title='bbox 461 3321 613 3375; x_wconf 88' lang='lat' dir='ltr'><strong>misit</strong></span> <span class='ocrx_word' id='word_1_262' title='bbox 648 3321 926 3386; x_wconf 77' lang='lat' dir='ltr'><strong>attingere,</strong></span> <span class='ocrx_word' id='word_1_263' title='bbox 974 3327 1028 3372; x_wconf 95' lang='lat' dir='ltr'><strong>ct</strong></span> <span class='ocrx_word' id='word_1_264' title='bbox 1068 3316 1192 3372; x_wconf 88' lang='lat' dir='ltr'><strong>fecit</strong></span> <span class='ocrx_word' id='word_1_265' title='bbox 1235 3316 1302 3369; x_wconf 90' lang='lat' dir='ltr'><strong>de</strong></span> <span class='ocrx_word' id='word_1_266' title='bbox 1349 3321 1687 3384; x_wconf 82' lang='lat' dir='ltr'><strong>peremptore</strong></span> <span class='ocrx_word' id='word_1_267' title='bbox 1733 3309 2045 3374; x_wconf 88' lang='lat' dir='ltr'><strong>custodem;</strong></span> 
     </span>
    </p>
   </div>
   <div class='ocr_carea' id='block_1_35' title="bbox 463 3401 2047 3483">
    <p class='ocr_par' dir='ltr' id='par_1_35' title="bbox 463 3401 2047 3483">
     <span class='ocr_line' id='line_1_35' title="bbox 463 3401 2047 3483; baseline -0.008 -17"><span class='ocrx_word' id='word_1_268' title='bbox 463 3420 694 3483; x_wconf 86' lang='lat' dir='ltr'><strong>poterat,</strong></span> <span class='ocrx_word' id='word_1_269' title='bbox 729 3411 968 3480; x_wconf 86' lang='lat' dir='ltr'><strong>inquam,</strong></span> <span class='ocrx_word' id='word_1_270' title='bbox 997 3424 1026 3462; x_wconf 91' lang='lat' dir='ltr'><strong>a</strong></span> <span class='ocrx_word' id='word_1_271' title='bbox 1051 3422 1267 3463; x_wconf 93' lang='lat' dir='ltr'><strong>suorum</strong></span> <span class='ocrx_word' id='word_1_272' title='bbox 1301 3405 1591 3459; x_wconf 87' lang='lat' dir='ltr'><strong>interfectis</strong></span> <span class='ocrx_word' id='word_1_273' title='bbox 1617 3401 1929 3472; x_wconf 90' lang='lat' dir='ltr'><strong>corporibus</strong></span> <span class='ocrx_word' id='word_1_274' title='bbox 1957 3414 2047 3453; x_wconf 88' lang='lat' dir='ltr'><strong>ca-</strong></span> 
     </span>
    </p>
   </div>
   <div class='ocr_carea' id='block_1_36' title="bbox 465 3494 2050 3574">
    <p class='ocr_par' dir='ltr' id='par_1_36' title="bbox 465 3494 2050 3574">
     <span class='ocr_line' id='line_1_36' title="bbox 465 3494 2050 3574; baseline -0.011 -13"><span class='ocrx_word' id='word_1_275' title='bbox 465 3519 564 3561; x_wconf 87' lang='lat' dir='ltr'><strong>nes</strong></span> <span class='ocrx_word' id='word_1_276' title='bbox 591 3505 782 3574; x_wconf 84' lang='lat' dir='ltr'><strong>quibus</strong></span> <span class='ocrx_word' id='word_1_277' title='bbox 807 3503 1018 3558; x_wconf 89' lang='lat' dir='ltr'><strong>fuerant</strong></span> <span class='ocrx_word' id='word_1_278' title='bbox 1048 3500 1282 3569; x_wconf 90' lang='lat' dir='ltr'><strong>projecta</strong></span> <span class='ocrx_word' id='word_1_279' title='bbox 1312 3497 1628 3568; x_wconf 84' lang='lat' dir='ltr'><strong>prohibere;</strong></span> <span class='ocrx_word' id='word_1_280' title='bbox 1661 3501 1869 3564; x_wconf 84' lang='lat' dir='ltr'><strong>poterat</strong></span> <span class='ocrx_word' id='word_1_281' title='bbox 1891 3501 1945 3546; x_wconf 92' lang='lat' dir='ltr'><strong>et</strong></span> <span class='ocrx_word' id='word_1_282' title='bbox 1970 3494 2050 3561; x_wconf 93' lang='lat' dir='ltr'><strong>ip-</strong></span> 
     </span>
    </p>
   </div>
   <div class='ocr_carea' id='block_1_37' title="bbox 464 3584 2052 3650">
    <p class='ocr_par' dir='ltr' id='par_1_37' title="bbox 464 3584 2052 3650">
     <span class='ocr_line' id='line_1_37' title="bbox 464 3584 2052 3650; baseline -0.009 0"><span class='ocrx_word' id='word_1_283' title='bbox 464 3611 648 3650; x_wconf 89' lang='lat' dir='ltr'><strong>sorum</strong></span> <span class='ocrx_word' id='word_1_284' title='bbox 675 3596 948 3648; x_wconf 87' lang='lat' dir='ltr'><strong>hominum</strong></span> <span class='ocrx_word' id='word_1_285' title='bbox 975 3590 1449 3647; x_wconf 88' lang='lat' dir='ltr'><strong>innumerabilibus</strong></span> <span class='ocrx_word' id='word_1_286' title='bbox 1475 3586 1645 3642; x_wconf 90' lang='lat' dir='ltr'><strong>modis</strong></span> <span class='ocrx_word' id='word_1_287' title='bbox 1670 3595 1872 3640; x_wconf 90' lang='lat' dir='ltr'><strong>terrere</strong></span> <span class='ocrx_word' id='word_1_288' title='bbox 1896 3584 2052 3638; x_wconf 72' lang='lat' dir='ltr'><strong>stevi-</strong></span> 
     </span>
    </p>
   </div>
   <div class='ocr_carea' id='block_1_38' title="bbox 472 3667 2049 3753">
    <p class='ocr_par' dir='ltr' id='par_1_38' title="bbox 472 3667 2049 3753">
     <span class='ocr_line' id='line_1_38' title="bbox 472 3667 2049 3753; baseline -0.008 -12"><span class='ocrx_word' id='word_1_289' title='bbox 472 3688 626 3753; x_wconf 83' lang='lat' dir='ltr'><strong>tiam,</strong></span> <span class='ocrx_word' id='word_1_290' title='bbox 655 3701 723 3741; x_wconf 92' lang='lat' dir='ltr'><strong>ne</strong></span> <span class='ocrx_word' id='word_1_291' title='bbox 761 3685 1017 3742; x_wconf 83' lang='lat' dir='ltr'><strong>cadavera</strong></span> <span class='ocrx_word' id='word_1_292' title='bbox 1051 3681 1356 3748; x_wconf 78' lang='lat' dir='ltr'><strong>incendere,</strong></span> <span class='ocrx_word' id='word_1_293' title='bbox 1401 3695 1468 3736; x_wconf 89' lang='lat' dir='ltr'><strong>ne</strong></span> <span class='ocrx_word' id='word_1_294' title='bbox 1513 3679 1719 3733; x_wconf 88' lang='lat' dir='ltr'><strong>cineres</strong></span> <span class='ocrx_word' id='word_1_295' title='bbox 1744 3667 2049 3746; x_wconf 80' lang='lat' dir='ltr'><strong>dispergere</strong></span> 
     </span>
    </p>
   </div>
   <div class='ocr_carea' id='block_1_39' title="bbox 469 3765 2053 3845">
    <p class='ocr_par' dir='ltr' id='par_1_39' title="bbox 469 3765 2053 3845">
     <span class='ocr_line' id='line_1_39' title="bbox 469 3765 2053 3845; baseline -0.009 -11"><span class='ocrx_word' id='word_1_296' title='bbox 469 3780 736 3835; x_wconf 83' lang='lat' dir='ltr'><strong>auderent</strong></span> <span class='ocrx_word' id='word_1_297' title='bbox 785 3797 798 3832; x_wconf 89' lang='lat'><strong>:</strong></span> <span class='ocrx_word' id='word_1_298' title='bbox 863 3778 956 3832; x_wconf 89' lang='lat' dir='ltr'><strong>sed</strong></span> <span class='ocrx_word' id='word_1_299' title='bbox 1006 3777 1107 3831; x_wconf 90' lang='lat' dir='ltr'><strong>hoc</strong></span> <span class='ocrx_word' id='word_1_300' title='bbox 1167 3789 1378 3845; x_wconf 91' lang='lat' dir='ltr'><strong>quoque</strong></span> <span class='ocrx_word' id='word_1_301' title='bbox 1442 3770 1862 3842; x_wconf 74' lang='lat' dir='ltr'><strong>experimentum</strong></span> <span class='ocrx_word' id='word_1_302' title='bbox 1917 3765 2053 3820; x_wconf 89' lang='lat' dir='ltr'><strong>mul-</strong></span> 
     </span>
    </p>
   </div>
   <div class='ocr_carea' id='block_1_40' title="bbox 470 3859 2052 3941">
    <p class='ocr_par' dir='ltr' id='par_1_40' title="bbox 470 3859 2052 3941">
     <span class='ocr_line' id='line_1_40' title="bbox 470 3859 2052 3941; baseline -0.009 -16"><span class='ocrx_word' id='word_1_303' title='bbox 470 3872 636 3941; x_wconf 90' lang='lat' dir='ltr'><strong>tiplici</strong></span> <span class='ocrx_word' id='word_1_304' title='bbox 664 3871 906 3926; x_wconf 89' lang='lat' dir='ltr'><strong>varietati</strong></span> <span class='ocrx_word' id='word_1_305' title='bbox 939 3869 1289 3924; x_wconf 88' lang='lat' dir='ltr'><strong>tentationum</strong></span> <span class='ocrx_word' id='word_1_306' title='bbox 1330 3865 1519 3920; x_wconf 88' lang='lat' dir='ltr'><strong>deesse</strong></span> <span class='ocrx_word' id='word_1_307' title='bbox 1552 3864 1568 3894; x_wconf 73' lang='grc' dir='ltr'>ί</span> <span class='ocrx_word' id='word_1_308' title='bbox 1604 3877 1709 3917; x_wconf 91' lang='lat' dir='ltr'><strong>non</strong></span> <span class='ocrx_word' id='word_1_309' title='bbox 1738 3859 1940 3924; x_wconf 83' lang='lat' dir='ltr'><strong>debuit,</strong></span> <span class='ocrx_word' id='word_1_310' title='bbox 1985 3871 2052 3913; x_wconf 92' lang='lat' dir='ltr'><strong>ne</strong></span> 
     </span>
    </p>
   </div>
   <div class='ocr_carea' id='block_1_41' title="bbox 471 3952 2052 4032">
    <p class='ocr_par' dir='ltr' id='par_1_41' title="bbox 471 3952 2052 4032">
     <span class='ocr_line' id='line_1_41' title="bbox 471 3952 2052 4032; baseline -0.01 -11"><span class='ocrx_word' id='word_1_311' title='bbox 471 3967 722 4022; x_wconf 79' lang='lat' dir='ltr'><strong>fortitudo</strong></span> <span class='ocrx_word' id='word_1_312' title='bbox 749 3964 1119 4027; x_wconf 80' lang='lat' dir='ltr'><strong>confessionis,</strong></span> <span class='ocrx_word' id='word_1_313' title='bbox 1153 3977 1270 4032; x_wconf 67' lang='lat' dir='ltr'><strong>quae</strong></span> <span class='ocrx_word' id='word_1_314' title='bbox 1308 3957 1620 4014; x_wconf 89' lang='lat' dir='ltr'><strong>immanitati</strong></span> <span class='ocrx_word' id='word_1_315' title='bbox 1668 3952 2052 4025; x_wconf 89' lang='lat' dir='ltr'><strong>persecutionis</strong></span> 
     </span>
    </p>
   </div>
   <div class='ocr_carea' id='block_1_42' title="bbox 472 4043 2055 4126">
    <p class='ocr_par' dir='ltr' id='par_1_42' title="bbox 472 4043 2055 4126">
     <span class='ocr_line' id='line_1_42' title="bbox 472 4043 2055 4126; baseline -0.01 -14"><span class='ocrx_word' id='word_1_316' title='bbox 472 4071 570 4126; x_wconf 89' lang='lat' dir='ltr'><strong>pro</strong></span> <span class='ocrx_word' id='word_1_317' title='bbox 607 4056 848 4126; x_wconf 90' lang='lat' dir='ltr'><strong>corporis</strong></span> <span class='ocrx_word' id='word_1_318' title='bbox 892 4054 1061 4108; x_wconf 90' lang='lat' dir='ltr'><strong>salute</strong></span> <span class='ocrx_word' id='word_1_319' title='bbox 1103 4067 1209 4106; x_wconf 91' lang='lat' dir='ltr'><strong>non</strong></span> <span class='ocrx_word' id='word_1_320' title='bbox 1249 4051 1498 4115; x_wconf 86' lang='lat' dir='ltr'><strong>cederet,</strong></span> <span class='ocrx_word' id='word_1_321' title='bbox 1543 4063 1639 4118; x_wconf 90' lang='lat' dir='ltr'><strong>pro</strong></span> <span class='ocrx_word' id='word_1_322' title='bbox 1680 4045 1907 4116; x_wconf 88' lang='lat' dir='ltr'><strong>sepulcri</strong></span> <span class='ocrx_word' id='word_1_323' title='bbox 1957 4043 2055 4097; x_wconf 92' lang='lat' dir='ltr'><strong>ho-</strong></span> 
     </span>
    </p>
   </div>
   <div class='ocr_carea' id='block_1_43' title="bbox 471 4136 2054 4215">
    <p class='ocr_par' dir='ltr' id='par_1_43' title="bbox 471 4136 2054 4215">
     <span class='ocr_line' id='line_1_43' title="bbox 471 4136 2054 4215; baseline -0.009 -12"><span class='ocrx_word' id='word_1_324' title='bbox 471 4163 604 4203; x_wconf 86' lang='lat' dir='ltr'><strong>nore</strong></span> <span class='ocrx_word' id='word_1_325' title='bbox 639 4147 962 4215; x_wconf 86' lang='lat' dir='ltr'><strong>trepidaret;</strong></span> <span class='ocrx_word' id='word_1_326' title='bbox 1007 4152 1312 4212; x_wconf 88' lang='lat' dir='ltr'><strong>postremo,</strong></span> <span class='ocrx_word' id='word_1_327' title='bbox 1362 4156 1428 4194; x_wconf 93' lang='lat' dir='ltr'><strong>ne</strong></span> <span class='ocrx_word' id='word_1_328' title='bbox 1473 4139 1603 4192; x_wconf 87' lang='lat' dir='ltr'><strong>ﬁdes</strong></span> <span class='ocrx_word' id='word_1_329' title='bbox 1647 4136 2054 4192; x_wconf 89' lang='lat' dir='ltr'><strong>resurrectionis</strong></span> 
     </span>
    </p>
   </div>
   <div class='ocr_carea' id='block_1_44' title="bbox 472 4227 2053 4304">
    <p class='ocr_par' dir='ltr' id='par_1_44' title="bbox 472 4227 2053 4304">
     <span class='ocr_line' id='line_1_44' title="bbox 472 4227 2053 4304; baseline -0.009 -12"><span class='ocrx_word' id='word_1_330' title='bbox 472 4237 932 4304; x_wconf 90' lang='lat' dir='ltr'><strong>eonsumptionem</strong></span> <span class='ocrx_word' id='word_1_331' title='bbox 961 4246 1243 4300; x_wconf 90' lang='lat' dir='ltr'><strong>corporum</strong></span> <span class='ocrx_word' id='word_1_332' title='bbox 1275 4229 1608 4283; x_wconf 90' lang='lat' dir='ltr'><strong>formidaret.</strong></span> <span class='ocrx_word' id='word_1_333' title='bbox 1637 4227 1944 4282; x_wconf 89' lang='lat' dir='ltr'><strong>Debuerunt</strong></span> <span class='ocrx_word' id='word_1_334' title='bbox 1969 4242 2053 4279; x_wconf 87' lang='lat' dir='ltr'><strong>cr-</strong></span> 
     </span>
    </p>
   </div>
   <div class='ocr_carea' id='block_1_45' title="bbox 471 4317 2054 4398">
    <p class='ocr_par' dir='ltr' id='par_1_45' title="bbox 471 4317 2054 4398">
     <span class='ocr_line' id='line_1_45' title="bbox 471 4317 2054 4398; baseline -0.007 -18"><span class='ocrx_word' id='word_1_335' title='bbox 471 4341 542 4398; x_wconf 79' lang='lat' dir='ltr'><strong>go</strong></span> <span class='ocrx_word' id='word_1_336' title='bbox 591 4333 646 4379; x_wconf 84' lang='lat' dir='ltr'><strong>et</strong></span> <span class='ocrx_word' id='word_1_337' title='bbox 675 4326 772 4380; x_wconf 91' lang='lat' dir='ltr'><strong>ista</strong></span> <span class='ocrx_word' id='word_1_338' title='bbox 801 4321 1051 4393; x_wconf 87' lang='lat' dir='ltr'><strong>permitti,</strong></span> <span class='ocrx_word' id='word_1_339' title='bbox 1086 4331 1142 4373; x_wconf 89' lang='lat' dir='ltr'><strong>ut</strong></span> <span class='ocrx_word' id='word_1_340' title='bbox 1185 4320 1344 4374; x_wconf 89' lang='lat' dir='ltr'><strong>etiam</strong></span> <span class='ocrx_word' id='word_1_341' title='bbox 1385 4326 1505 4387; x_wconf 91' lang='lat' dir='ltr'><strong>post</strong></span> <span class='ocrx_word' id='word_1_342' title='bbox 1553 4317 1667 4370; x_wconf 73' lang='lat' dir='ltr'><strong>lucc</strong></span> <span class='ocrx_word' id='word_1_343' title='bbox 1705 4318 1836 4370; x_wconf 87' lang='lat' dir='ltr'><strong>tanti</strong></span> <span class='ocrx_word' id='word_1_344' title='bbox 1864 4317 2054 4370; x_wconf 84' lang='lat' dir='ltr'><strong>horro-</strong></span> 
     </span>
    </p>
   </div>
   <div class='ocr_carea' id='block_1_46' title="bbox 472 4406 2053 4484">
    <p class='ocr_par' dir='ltr' id='par_1_46' title="bbox 472 4406 2053 4484">
     <span class='ocr_line' id='line_1_46' title="bbox 472 4406 2053 4484; baseline -0.007 -13"><span class='ocrx_word' id='word_1_345' title='bbox 472 4415 550 4471; x_wconf 87' lang='lat' dir='ltr'><strong>ris</strong></span> <span class='ocrx_word' id='word_1_346' title='bbox 575 4416 595 4447; x_wconf 79' lang='lat'>&quot;</span> <span class='ocrx_word' id='word_1_347' title='bbox 621 4415 860 4484; x_wconf 80' lang='lat' dir='ltr'><strong>exempla</strong></span> <span class='ocrx_word' id='word_1_348' title='bbox 889 4419 1152 4482; x_wconf 84' lang='lat' dir='ltr'><strong>martyres</strong></span> <span class='ocrx_word' id='word_1_349' title='bbox 1182 4411 1231 4464; x_wconf 89' lang='lat' dir='ltr'><strong>in</strong></span> <span class='ocrx_word' id='word_1_350' title='bbox 1257 4410 1452 4465; x_wconf 88' lang='lat' dir='ltr'><strong>Christi</strong></span> <span class='ocrx_word' id='word_1_351' title='bbox 1483 4407 1818 4463; x_wconf 89' lang='lat' dir='ltr'><strong>confessione</strong></span> <span class='ocrx_word' id='word_1_352' title='bbox 1848 4406 2053 4462; x_wconf 84' lang='lat' dir='ltr'><strong>ferven-</strong></span> 
     </span>
    </p>
   </div>
   <div class='ocr_carea' id='block_1_47' title="bbox 475 4497 2053 4574">
    <p class='ocr_par' dir='ltr' id='par_1_47' title="bbox 475 4497 2053 4574">
     <span class='ocr_line' id='line_1_47' title="bbox 475 4497 2053 4574; baseline -0.006 -15"><span class='ocrx_word' id='word_1_353' title='bbox 475 4513 578 4570; x_wconf 83' lang='lat' dir='ltr'><strong>tes,</strong></span> <span class='ocrx_word' id='word_1_354' title='bbox 611 4504 768 4574; x_wconf 91' lang='lat' dir='ltr'><strong>hujus</strong></span> <span class='ocrx_word' id='word_1_355' title='bbox 794 4517 1005 4572; x_wconf 85' lang='lat' dir='ltr'><strong>quoque</strong></span> <span class='ocrx_word' id='word_1_356' title='bbox 1037 4510 1198 4556; x_wconf 90' lang='lat' dir='ltr'><strong>testes</strong></span> <span class='ocrx_word' id='word_1_357' title='bbox 1225 4501 1411 4556; x_wconf 89' lang='lat' dir='ltr'><strong>ﬁerent</strong></span> <span class='ocrx_word' id='word_1_358' title='bbox 1451 4498 1711 4564; x_wconf 86' lang='lat' dir='ltr'><strong>veritatis,</strong></span> <span class='ocrx_word' id='word_1_359' title='bbox 1746 4498 1797 4552; x_wconf 93' lang='lat' dir='ltr'><strong>in</strong></span> <span class='ocrx_word' id='word_1_360' title='bbox 1830 4513 1930 4567; x_wconf 90' lang='lat' dir='ltr'><strong>qua</strong></span> <span class='ocrx_word' id='word_1_361' title='bbox 1971 4497 2053 4552; x_wconf 88' lang='lat' dir='ltr'><strong>di-</strong></span> 
     </span>
    </p>
   </div>
   <div class='ocr_carea' id='block_1_48' title="bbox 475 4590 2047 4662">
    <p class='ocr_par' dir='ltr' id='par_1_48' title="bbox 475 4590 2047 4662">
     <span class='ocr_line' id='line_1_48' title="bbox 475 4590 2047 4662; baseline -0.006 -11"><span class='ocrx_word' id='word_1_362' title='bbox 475 4597 735 4657; x_wconf 88' lang='lat' dir='ltr'><strong>dicerant,</strong></span> <span class='ocrx_word' id='word_1_363' title='bbox 771 4609 864 4647; x_wconf 90' lang='lat' dir='ltr'><strong>eos</strong></span> <span class='ocrx_word' id='word_1_364' title='bbox 907 4609 937 4646; x_wconf 91' lang='lat' dir='ltr'><strong>a</strong></span> <span class='ocrx_word' id='word_1_365' title='bbox 975 4593 1164 4661; x_wconf 89' lang='lat' dir='ltr'><strong>quibus</strong></span> <span class='ocrx_word' id='word_1_366' title='bbox 1205 4607 1300 4647; x_wconf 87' lang='lat' dir='ltr'><strong>sua</strong></span> <span class='ocrx_word' id='word_1_367' title='bbox 1337 4606 1560 4662; x_wconf 88' lang='lat' dir='ltr'><strong>corpora</strong></span> <span class='ocrx_word' id='word_1_368' title='bbox 1601 4590 2047 4653; x_wconf 87' lang='lat' dir='ltr'><strong>interﬁcerentur,</strong></span> 
     </span>
    </p>
   </div>
   <div class='ocr_carea' id='block_1_49' title="bbox 476 4679 2054 4755">
    <p class='ocr_par' dir='ltr' id='par_1_49' title="bbox 476 4679 2054 4755">
     <span class='ocr_line' id='line_1_49' title="bbox 476 4679 2054 4755; baseline -0.003 -17"><span class='ocrx_word' id='word_1_369' title='bbox 476 4692 661 4755; x_wconf 88' lang='lat' dir='ltr'><strong>postea</strong></span> <span class='ocrx_word' id='word_1_370' title='bbox 689 4682 817 4736; x_wconf 91' lang='lat' dir='ltr'><strong>nihil</strong></span> <span class='ocrx_word' id='word_1_371' title='bbox 845 4681 1039 4736; x_wconf 87' lang='lat' dir='ltr'><strong>habere</strong></span> <span class='ocrx_word' id='word_1_372' title='bbox 1063 4682 1203 4751; x_wconf 90' lang='lat' dir='ltr'><strong>quod</strong></span> <span class='ocrx_word' id='word_1_373' title='bbox 1231 4682 1463 4737; x_wconf 92' lang='lat' dir='ltr'><strong>facerent</strong></span> <span class='ocrx_word' id='word_1_374' title='bbox 1488 4701 1500 4735; x_wconf 88' lang='lat'><strong>:</strong></span> <span class='ocrx_word' id='word_1_375' title='bbox 1527 4684 1774 4751; x_wconf 89' lang='lat' dir='ltr'><strong>quoniam</strong></span> <span class='ocrx_word' id='word_1_376' title='bbox 1801 4679 2054 4750; x_wconf 86' lang='lat' dir='ltr'><strong>quidquid</strong></span> 
     </span>
    </p>
   </div>
   <div class='ocr_carea' id='block_1_50' title="bbox 475 4772 2048 4844">
    <p class='ocr_par' dir='ltr' id='par_1_50' title="bbox 475 4772 2048 4844">
     <span class='ocr_line' id='line_1_50' title="bbox 475 4772 2048 4844; baseline -0.004 -13"><span class='ocrx_word' id='word_1_377' title='bbox 475 4776 701 4832; x_wconf 85' lang='lat' dir='ltr'><strong>mortuis</strong></span> <span class='ocrx_word' id='word_1_378' title='bbox 746 4774 1057 4844; x_wconf 83' lang='lat' dir='ltr'><strong>corporibus</strong></span> <span class='ocrx_word' id='word_1_379' title='bbox 1101 4773 1354 4838; x_wconf 87' lang='lat' dir='ltr'><strong>facerent,</strong></span> <span class='ocrx_word' id='word_1_380' title='bbox 1397 4775 1578 4842; x_wconf 90' lang='lat' dir='ltr'><strong>utique</strong></span> <span class='ocrx_word' id='word_1_381' title='bbox 1625 4773 1753 4827; x_wconf 89' lang='lat' dir='ltr'><strong>nihil</strong></span> <span class='ocrx_word' id='word_1_382' title='bbox 1797 4772 2048 4838; x_wconf 88' lang='lat' dir='ltr'><strong>facerent,</strong></span> 
     </span>
    </p>
   </div>
   <div class='ocr_carea' id='block_1_51' title="bbox 477 4862 2056 4938">
    <p class='ocr_par' dir='ltr' id='par_1_51' title="bbox 477 4862 2056 4938">
     <span class='ocr_line' id='line_1_51' title="bbox 477 4862 2056 4938; baseline -0.004 -16"><span class='ocrx_word' id='word_1_383' title='bbox 477 4867 692 4938; x_wconf 89' lang='lat' dir='ltr'><strong>quando</strong></span> <span class='ocrx_word' id='word_1_384' title='bbox 721 4867 774 4920; x_wconf 92' lang='lat' dir='ltr'><strong>in</strong></span> <span class='ocrx_word' id='word_1_385' title='bbox 820 4879 981 4920; x_wconf 90' lang='lat' dir='ltr'><strong>carne</strong></span> <span class='ocrx_word' id='word_1_386' title='bbox 1023 4862 1167 4917; x_wconf 91' lang='lat' dir='ltr'><strong>omni</strong></span> <span class='ocrx_word' id='word_1_387' title='bbox 1192 4863 1297 4916; x_wconf 90' lang='lat' dir='ltr'><strong>vita</strong></span> <span class='ocrx_word' id='word_1_388' title='bbox 1320 4871 1558 4924; x_wconf 90' lang='lat' dir='ltr'><strong>carente,</strong></span> <span class='ocrx_word' id='word_1_389' title='bbox 1587 4877 1687 4916; x_wconf 91' lang='lat' dir='ltr'><strong>nec</strong></span> <span class='ocrx_word' id='word_1_390' title='bbox 1711 4863 1906 4932; x_wconf 87' lang='lat' dir='ltr'><strong>aliquid</strong></span> <span class='ocrx_word' id='word_1_391' title='bbox 1933 4877 2056 4916; x_wconf 86' lang='lat' dir='ltr'><strong>sen-</strong></span> 
     </span>
    </p>
   </div>
   <div class='ocr_carea' id='block_1_52' title="bbox 480 4951 2056 5028">
    <p class='ocr_par' dir='ltr' id='par_1_52' title="bbox 480 4951 2056 5028">
     <span class='ocr_line' id='line_1_52' title="bbox 480 4951 2056 5028; baseline -0.004 -15"><span class='ocrx_word' id='word_1_392' title='bbox 480 4960 579 5012; x_wconf 90' lang='lat' dir='ltr'><strong>tire</strong></span> <span class='ocrx_word' id='word_1_393' title='bbox 608 4966 787 5028; x_wconf 84' lang='lat' dir='ltr'><strong>posset</strong></span> <span class='ocrx_word' id='word_1_394' title='bbox 815 4956 904 5025; x_wconf 89' lang='lat' dir='ltr'><strong>qui</strong></span> <span class='ocrx_word' id='word_1_395' title='bbox 948 4953 1068 5008; x_wconf 88' lang='lat' dir='ltr'><strong>inde</strong></span> <span class='ocrx_word' id='word_1_396' title='bbox 1097 4952 1360 5021; x_wconf 76' lang='lat' dir='ltr'><strong>migravit,</strong></span> <span class='ocrx_word' id='word_1_397' title='bbox 1403 4965 1504 5005; x_wconf 90' lang='lat' dir='ltr'><strong>nec</strong></span> <span class='ocrx_word' id='word_1_398' title='bbox 1540 4951 1736 5018; x_wconf 90' lang='lat' dir='ltr'><strong>aliquid</strong></span> <span class='ocrx_word' id='word_1_399' title='bbox 1769 4952 1888 5006; x_wconf 91' lang='lat' dir='ltr'><strong>inde</strong></span> <span class='ocrx_word' id='word_1_400' title='bbox 1933 4968 2056 5021; x_wconf 86' lang='lat' dir='ltr'><strong>per-</strong></span> 
     </span>
    </p>
   </div>
   <div class='ocr_carea' id='block_1_53' title="bbox 477 5040 2056 5120">
    <p class='ocr_par' dir='ltr' id='par_1_53' title="bbox 477 5040 2056 5120">
     <span class='ocr_line' id='line_1_53' title="bbox 477 5040 2056 5120; baseline -0.006 -15"><span class='ocrx_word' id='word_1_401' title='bbox 477 5051 606 5105; x_wconf 89' lang='lat' dir='ltr'><strong>dere</strong></span> <span class='ocrx_word' id='word_1_402' title='bbox 636 5051 727 5120; x_wconf 86' lang='lat' dir='ltr'><strong>qui</strong></span> <span class='ocrx_word' id='word_1_403' title='bbox 750 5047 969 5103; x_wconf 88' lang='lat' dir='ltr'><strong>crcavit.</strong></span> <span class='ocrx_word' id='word_1_404' title='bbox 1003 5044 1106 5101; x_wconf 89' lang='lat' dir='ltr'><strong>Sed</strong></span> <span class='ocrx_word' id='word_1_405' title='bbox 1142 5043 1280 5098; x_wconf 89' lang='lat' dir='ltr'><strong>inter</strong></span> <span class='ocrx_word' id='word_1_406' title='bbox 1313 5042 1426 5096; x_wconf 68' lang='grc' dir='ltr'>Ιιιιξε</span> <span class='ocrx_word' id='word_1_407' title='bbox 1457 5057 1574 5110; x_wconf 68' lang='lat' dir='ltr'><strong>qum</strong></span> <span class='ocrx_word' id='word_1_408' title='bbox 1605 5040 1798 5096; x_wconf 87' lang='lat' dir='ltr'><strong>ﬁebant</strong></span> <span class='ocrx_word' id='word_1_409' title='bbox 1826 5043 1894 5096; x_wconf 91' lang='lat' dir='ltr'><strong>de</strong></span> <span class='ocrx_word' id='word_1_410' title='bbox 1937 5058 2056 5097; x_wconf 90' lang='lat' dir='ltr'><strong>eor-</strong></span> 
     </span>
    </p>
   </div>
   <div class='ocr_carea' id='block_1_54' title="bbox 474 5139 2054 5211">
    <p class='ocr_par' dir='ltr' id='par_1_54' title="bbox 474 5139 2054 5211">
     <span class='ocr_line' id='line_1_54' title="bbox 474 5139 2054 5211; baseline -0.005 -15"><span class='ocrx_word' id='word_1_411' title='bbox 474 5141 694 5211; x_wconf 77' lang='lat' dir='ltr'><strong>poribus</strong></span> <span class='ocrx_word' id='word_1_412' title='bbox 727 5139 1049 5202; x_wconf 92' lang='lat' dir='ltr'><strong>occisorum,</strong></span> <span class='ocrx_word' id='word_1_413' title='bbox 1090 5151 1210 5190; x_wconf 92' lang='lat' dir='ltr'><strong>cum</strong></span> <span class='ocrx_word' id='word_1_414' title='bbox 1241 5141 1502 5205; x_wconf 87' lang='lat' dir='ltr'><strong>martyres</strong></span> <span class='ocrx_word' id='word_1_415' title='bbox 1528 5145 1589 5185; x_wconf 88' lang='lat' dir='ltr'><strong>ea</strong></span> <span class='ocrx_word' id='word_1_416' title='bbox 1620 5147 1724 5184; x_wconf 89' lang='lat' dir='ltr'><strong>non</strong></span> <span class='ocrx_word' id='word_1_417' title='bbox 1757 5141 2054 5188; x_wconf 86' lang='lat' dir='ltr'><strong>metuentes</strong></span> 
     </span>
    </p>
   </div>
   <div class='ocr_carea' id='block_1_55' title="bbox 474 5221 2054 5302">
    <p class='ocr_par' dir='ltr' id='par_1_55' title="bbox 474 5221 2054 5302">
     <span class='ocr_line' id='line_1_55' title="bbox 474 5221 2054 5302; baseline -0.008 -15"><span class='ocrx_word' id='word_1_418' title='bbox 474 5247 666 5302; x_wconf 80' lang='lat' dir='ltr'><strong>magna</strong></span> <span class='ocrx_word' id='word_1_419' title='bbox 693 5229 1002 5284; x_wconf 90' lang='lat' dir='ltr'><strong>fortitudine</strong></span> <span class='ocrx_word' id='word_1_420' title='bbox 1031 5235 1367 5297; x_wconf 91' lang='lat' dir='ltr'><strong>paterentur;</strong></span> <span class='ocrx_word' id='word_1_421' title='bbox 1395 5233 1570 5278; x_wconf 90' lang='lat' dir='ltr'><strong>tamen</strong></span> <span class='ocrx_word' id='word_1_422' title='bbox 1598 5221 1735 5291; x_wconf 89' lang='lat' dir='ltr'><strong>apud</strong></span> <span class='ocrx_word' id='word_1_423' title='bbox 1764 5221 1953 5275; x_wconf 84' lang='lat' dir='ltr'><strong>fratres</strong></span> <span class='ocrx_word' id='word_1_424' title='bbox 1983 5223 2054 5276; x_wconf 86' lang='lat' dir='ltr'><strong>lu-</strong></span> 
     </span>
    </p>
   </div>
   <div class='ocr_carea' id='block_1_56' title="bbox 476 5316 2055 5392">
    <p class='ocr_par' dir='ltr' id='par_1_56' title="bbox 476 5316 2055 5392">
     <span class='ocr_line' id='line_1_56' title="bbox 476 5316 2055 5392; baseline -0.009 -14"><span class='ocrx_word' id='word_1_425' title='bbox 476 5333 595 5378; x_wconf 90' lang='lat' dir='ltr'><strong>ctus</strong></span> <span class='ocrx_word' id='word_1_426' title='bbox 621 5324 806 5392; x_wconf 79' lang='lat' dir='ltr'><strong>ingens</strong></span> <span class='ocrx_word' id='word_1_427' title='bbox 834 5328 967 5385; x_wconf 89' lang='lat' dir='ltr'><strong>erat,</strong></span> <span class='ocrx_word' id='word_1_428' title='bbox 997 5318 1136 5388; x_wconf 91' lang='lat' dir='ltr'><strong>quod</strong></span> <span class='ocrx_word' id='word_1_429' title='bbox 1164 5317 1305 5370; x_wconf 90' lang='lat' dir='ltr'><strong>nulla</strong></span> <span class='ocrx_word' id='word_1_430' title='bbox 1337 5316 1560 5370; x_wconf 87' lang='lat' dir='ltr'><strong>dabatur</strong></span> <span class='ocrx_word' id='word_1_431' title='bbox 1586 5323 1819 5383; x_wconf 85' lang='lat' dir='ltr'><strong>potestas</strong></span> <span class='ocrx_word' id='word_1_432' title='bbox 1845 5322 2055 5367; x_wconf 88' lang='lat' dir='ltr'><strong>sancto-</strong></span> 
     </span>
    </p>
   </div>
   <div class='ocr_carea' id='block_1_57' title="bbox 475 5403 2051 5479">
    <p class='ocr_par' dir='ltr' id='par_1_57' title="bbox 475 5403 2051 5479">
     <span class='ocr_line' id='line_1_57' title="bbox 475 5403 2051 5479; baseline -0.008 -11"><span class='ocrx_word' id='word_1_433' title='bbox 475 5429 594 5467; x_wconf 86' lang='lat' dir='ltr'><strong>rum</strong></span> <span class='ocrx_word' id='word_1_434' title='bbox 634 5412 907 5468; x_wconf 89' lang='lat' dir='ltr'><strong>funeribus</strong></span> <span class='ocrx_word' id='word_1_435' title='bbox 928 5410 1067 5479; x_wconf 85' lang='lat' dir='ltr'><strong>justa</strong></span> <span class='ocrx_word' id='word_1_436' title='bbox 1096 5407 1419 5478; x_wconf 86' lang='lat' dir='ltr'><strong>persolvere,</strong></span> <span class='ocrx_word' id='word_1_437' title='bbox 1460 5421 1558 5462; x_wconf 90' lang='lat' dir='ltr'><strong>nec</strong></span> <span class='ocrx_word' id='word_1_438' title='bbox 1596 5407 1800 5461; x_wconf 87' lang='lat' dir='ltr'><strong>occulte</strong></span> <span class='ocrx_word' id='word_1_439' title='bbox 1843 5403 2051 5458; x_wconf 89' lang='lat' dir='ltr'><strong>subtra-</strong></span> 
     </span>
    </p>
   </div>
   <div class='ocr_carea' id='block_1_58' title="bbox 542 5578 2053 5649">
    <p class='ocr_par' dir='ltr' id='par_1_58' title="bbox 542 5578 2053 5649">
     <span class='ocr_line' id='line_1_58' title="bbox 542 5578 2053 5649; baseline -0.001 -11"><span class='ocrx_word' id='word_1_440' title='bbox 542 5592 558 5620; x_wconf 80' lang='grc' dir='ltr'><strong>ι</strong></span> <span class='ocrx_word' id='word_1_441' title='bbox 594 5587 702 5638; x_wconf 75' lang='lat' dir='ltr'><strong>uad.</strong></span> <span class='ocrx_word' id='word_1_442' title='bbox 730 5595 830 5635; x_wconf 78' lang='lat' dir='ltr'><strong>Am.</strong></span> <span class='ocrx_word' id='word_1_443' title='bbox 857 5593 910 5636; x_wconf 90' lang='lat' dir='ltr'><strong>et</strong></span> <span class='ocrx_word' id='word_1_444' title='bbox 943 5592 1038 5645; x_wconf 81' lang='lat' dir='ltr'><strong>Er.,</strong></span> <span class='ocrx_word' id='word_1_445' title='bbox 1061 5582 1442 5648; x_wconf 64' lang='lat' dir='ltr'><strong>experimentum</strong></span> <span class='ocrx_word' id='word_1_446' title='bbox 1462 5579 1798 5649; x_wconf 71' lang='lat' dir='ltr'><strong>multiplicium</strong></span> <span class='ocrx_word' id='word_1_447' title='bbox 1837 5578 2053 5636; x_wconf 77' lang='lat' dir='ltr'><strong>tentatio-</strong></span> 
     </span>
    </p>
   </div>
   <div class='ocr_carea' id='block_1_59' title="bbox 476 5651 1259 5774">
    <p class='ocr_par' dir='ltr' id='par_1_59' title="bbox 476 5651 1259 5774">
     <span class='ocr_line' id='line_1_59' title="bbox 476 5651 789 5706; baseline -0.026 0"><span class='ocrx_word' id='word_1_448' title='bbox 476 5663 593 5706; x_wconf 78' lang='lat' dir='ltr'><strong>num</strong></span> <span class='ocrx_word' id='word_1_449' title='bbox 610 5651 789 5704; x_wconf 78' lang='lat' dir='ltr'><strong>deesse.</strong></span> 
     </span>
     <span class='ocr_line' id='line_1_60' title="bbox 542 5707 1259 5774; baseline -0.006 -12"><span class='ocrx_word' id='word_1_450' title='bbox 542 5715 559 5746; x_wconf 69' lang='grc'>³</span> <span class='ocrx_word' id='word_1_451' title='bbox 593 5715 663 5767; x_wconf 71' lang='lat' dir='ltr'><strong>sic</strong></span> <span class='ocrx_word' id='word_1_452' title='bbox 685 5719 790 5766; x_wconf 77' lang='lat' dir='ltr'><strong>uss,</strong></span> <span class='ocrx_word' id='word_1_453' title='bbox 815 5715 869 5764; x_wconf 78' lang='lat' dir='ltr'><strong>At</strong></span> <span class='ocrx_word' id='word_1_454' title='bbox 893 5708 1028 5774; x_wconf 83' lang='lat' dir='ltr'><strong>editi,</strong></span> <span class='ocrx_word' id='word_1_455' title='bbox 1053 5707 1259 5761; x_wconf 65' lang='lat' dir='ltr'><strong>hortaris.</strong></span> 
     </span>
    </p>
   </div>
   <div class='ocr_carea' id='block_1_60' title="bbox 1206 260 2906 342">
    <p class='ocr_par' dir='ltr' id='par_1_60' title="bbox 1206 260 2906 342">
     <span class='ocr_line' id='line_1_61' title="bbox 1206 260 2906 342; baseline -0.014 0"><span class='ocrx_word' id='word_1_456' title='bbox 1206 287 1297 342; x_wconf 84' lang='lat' dir='ltr'><strong>DE</strong></span> <span class='ocrx_word' id='word_1_457' title='bbox 1323 281 1510 341; x_wconf 71' lang='lat' dir='ltr'><strong>CURA</strong></span> <span class='ocrx_word' id='word_1_458' title='bbox 1546 278 1684 336; x_wconf 81' lang='lat' dir='ltr'><strong>PRO</strong></span> <span class='ocrx_word' id='word_1_459' title='bbox 1713 273 2018 334; x_wconf 77' lang='lat' dir='ltr'><strong>MORTUIS</strong></span> <span class='ocrx_word' id='word_1_460' title='bbox 2053 269 2401 339; x_wconf 74' lang='lat' dir='ltr'><strong>GERENDA,</strong></span> <span class='ocrx_word' id='word_1_461' title='bbox 2438 267 2499 326; x_wconf 89' lang='lat' dir='ltr'><strong>S.</strong></span> <span class='ocrx_word' id='word_1_462' title='bbox 2540 260 2906 324; x_wconf 78' lang='lat' dir='ltr'><strong>AUGUSTINI</strong></span> 
     </span>
    </p>
   </div>
   <div class='ocr_carea' id='block_1_61' title="bbox 2122 379 3700 458">
    <p class='ocr_par' dir='ltr' id='par_1_61' title="bbox 2122 379 3700 458">
     <span class='ocr_line' id='line_1_62' title="bbox 2122 379 3700 458; baseline -0.006 -13"><span class='ocrx_word' id='word_1_463' title='bbox 2122 388 2253 445; x_wconf 87' lang='lat' dir='ltr'><strong>bere</strong></span> <span class='ocrx_word' id='word_1_464' title='bbox 2271 386 2488 458; x_wconf 88' lang='lat' dir='ltr'><strong>aliquid,</strong></span> <span class='ocrx_word' id='word_1_465' title='bbox 2514 386 2648 441; x_wconf 89' lang='lat' dir='ltr'><strong>sicut</strong></span> <span class='ocrx_word' id='word_1_466' title='bbox 2671 384 2858 440; x_wconf 89' lang='lat' dir='ltr'><strong>eadem</strong></span> <span class='ocrx_word' id='word_1_467' title='bbox 2884 387 3107 438; x_wconf 88' lang='lat' dir='ltr'><strong>testatur</strong></span> <span class='ocrx_word' id='word_1_468' title='bbox 3130 379 3371 445; x_wconf 86' lang='lat' dir='ltr'><strong>historia,</strong></span> <span class='ocrx_word' id='word_1_469' title='bbox 3398 379 3700 437; x_wconf 89' lang='lat' dir='ltr'><strong>crudelium</strong></span> 
     </span>
    </p>
   </div>
   <div class='ocr_carea' id='block_1_62' title="bbox 2121 472 3703 548">
    <p class='ocr_par' dir='ltr' id='par_1_62' title="bbox 2121 472 3703 548">
     <span class='ocr_line' id='line_1_63' title="bbox 2121 472 3703 548; baseline -0.006 -13"><span class='ocrx_word' id='word_1_470' title='bbox 2121 479 2404 536; x_wconf 90' lang='lat' dir='ltr'><strong>custodum</strong></span> <span class='ocrx_word' id='word_1_471' title='bbox 2431 477 2621 548; x_wconf 78' lang='lat' dir='ltr'><strong>vigilia:</strong></span> <span class='ocrx_word' id='word_1_472' title='bbox 2649 474 3022 546; x_wconf 89' lang='lat' dir='ltr'><strong>permittebant</strong></span> <span class='ocrx_word' id='word_1_473' title='bbox 3046 472 3254 544; x_wconf 81' lang='lat' dir='ltr'><strong>(Euseb.</strong></span> <span class='ocrx_word' id='word_1_474' title='bbox 3282 473 3418 527; x_wconf 82' lang='lat' dir='ltr'><strong>Hist.</strong></span> <span class='ocrx_word' id='word_1_475' title='bbox 3443 472 3589 527; x_wconf 81' lang='lat' dir='ltr'><strong>Eccl.</strong></span> <span class='ocrx_word' id='word_1_476' title='bbox 3611 472 3703 527; x_wconf 86' lang='lat' dir='ltr'><strong>lib.</strong></span> 
     </span>
    </p>
   </div>
   <div class='ocr_carea' id='block_1_63' title="bbox 2122 563 3708 643">
    <p class='ocr_par' dir='ltr' id='par_1_63' title="bbox 2122 563 3708 643">
     <span class='ocr_line' id='line_1_64' title="bbox 2122 563 3708 643; baseline -0.006 -15"><span class='ocrx_word' id='word_1_477' title='bbox 2122 573 2176 639; x_wconf 81' lang='lat'><strong>5,</strong></span> <span class='ocrx_word' id='word_1_478' title='bbox 2212 589 2324 643; x_wconf 89' lang='lat' dir='ltr'><strong>cap.</strong></span> <span class='ocrx_word' id='word_1_479' title='bbox 2359 569 2445 642; x_wconf 84' lang='grc'><strong>1).</strong></span> <span class='ocrx_word' id='word_1_480' title='bbox 2479 570 2553 624; x_wconf 90' lang='lat' dir='ltr'><strong>lta</strong></span> <span class='ocrx_word' id='word_1_481' title='bbox 2581 585 2702 625; x_wconf 90' lang='lat' dir='ltr'><strong>cum</strong></span> <span class='ocrx_word' id='word_1_482' title='bbox 2734 567 2856 622; x_wconf 90' lang='lat' dir='ltr'><strong>illos</strong></span> <span class='ocrx_word' id='word_1_483' title='bbox 2895 567 2984 638; x_wconf 90' lang='lat' dir='ltr'><strong>qui</strong></span> <span class='ocrx_word' id='word_1_484' title='bbox 3011 565 3170 620; x_wconf 88' lang='lat' dir='ltr'><strong>occisi</strong></span> <span class='ocrx_word' id='word_1_485' title='bbox 3200 564 3433 632; x_wconf 85' lang='lat' dir='ltr'><strong>fuerant,</strong></span> <span class='ocrx_word' id='word_1_486' title='bbox 3480 565 3533 618; x_wconf 91' lang='lat' dir='ltr'><strong>in</strong></span> <span class='ocrx_word' id='word_1_487' title='bbox 3573 563 3708 619; x_wconf 78' lang='lat' dir='ltr'><strong>dila-</strong></span> 
     </span>
    </p>
   </div>
   <div class='ocr_carea' id='block_1_64' title="bbox 2125 660 3710 730">
    <p class='ocr_par' dir='ltr' id='par_1_64' title="bbox 2125 660 3710 730">
     <span class='ocr_line' id='line_1_65' title="bbox 2125 660 3710 730; baseline -0.005 -10"><span class='ocrx_word' id='word_1_488' title='bbox 2125 665 2395 720; x_wconf 89' lang='lat' dir='ltr'><strong>ceratione</strong></span> <span class='ocrx_word' id='word_1_489' title='bbox 2422 664 2782 718; x_wconf 89' lang='lat' dir='ltr'><strong>membrorum</strong></span> <span class='ocrx_word' id='word_1_490' title='bbox 2814 676 3048 727; x_wconf 90' lang='lat' dir='ltr'><strong>suorum,</strong></span> <span class='ocrx_word' id='word_1_491' title='bbox 3083 661 3136 715; x_wconf 90' lang='lat' dir='ltr'><strong>in</strong></span> <span class='ocrx_word' id='word_1_492' title='bbox 3165 660 3583 730; x_wconf 81' lang='lat' dir='ltr'><strong>conﬂagratione</strong></span> <span class='ocrx_word' id='word_1_493' title='bbox 3618 673 3710 712; x_wconf 87' lang='lat' dir='ltr'><strong>os-</strong></span> 
     </span>
    </p>
   </div>
   <div class='ocr_carea' id='block_1_65' title="bbox 2125 751 3710 825">
    <p class='ocr_par' dir='ltr' id='par_1_65' title="bbox 2125 751 3710 825">
     <span class='ocr_line' id='line_1_66' title="bbox 2125 751 3710 825; baseline -0.004 -15"><span class='ocrx_word' id='word_1_494' title='bbox 2125 757 2282 823; x_wconf 92' lang='lat' dir='ltr'><strong>sium,</strong></span> <span class='ocrx_word' id='word_1_495' title='bbox 2317 756 2368 809; x_wconf 91' lang='lat' dir='ltr'><strong>in</strong></span> <span class='ocrx_word' id='word_1_496' title='bbox 2411 755 2744 825; x_wconf 88' lang='lat' dir='ltr'><strong>dispersione</strong></span> <span class='ocrx_word' id='word_1_497' title='bbox 2774 755 3035 820; x_wconf 90' lang='lat' dir='ltr'><strong>cinerum,</strong></span> <span class='ocrx_word' id='word_1_498' title='bbox 3075 753 3292 808; x_wconf 90' lang='lat' dir='ltr'><strong>miseria</strong></span> <span class='ocrx_word' id='word_1_499' title='bbox 3323 753 3466 807; x_wconf 89' lang='lat' dir='ltr'><strong>nulla</strong></span> <span class='ocrx_word' id='word_1_500' title='bbox 3497 751 3710 806; x_wconf 88' lang='lat' dir='ltr'><strong>contin-</strong></span> 
     </span>
    </p>
   </div>
   <div class='ocr_carea' id='block_1_66' title="bbox 2126 843 3708 916">
    <p class='ocr_par' dir='ltr' id='par_1_66' title="bbox 2126 843 3708 916">
     <span class='ocr_line' id='line_1_67' title="bbox 2126 843 3708 916; baseline -0.004 -15"><span class='ocrx_word' id='word_1_501' title='bbox 2126 855 2309 916; x_wconf 82' lang='lat' dir='ltr'><strong>geret;</strong></span> <span class='ocrx_word' id='word_1_502' title='bbox 2335 846 2464 900; x_wconf 91' lang='lat' dir='ltr'><strong>istos</strong></span> <span class='ocrx_word' id='word_1_503' title='bbox 2487 854 2660 900; x_wconf 93' lang='lat' dir='ltr'><strong>tamen</strong></span> <span class='ocrx_word' id='word_1_504' title='bbox 2693 845 2781 915; x_wconf 88' lang='lat' dir='ltr'><strong>qui</strong></span> <span class='ocrx_word' id='word_1_505' title='bbox 2809 845 2940 897; x_wconf 89' lang='lat' dir='ltr'><strong>nihil</strong></span> <span class='ocrx_word' id='word_1_506' title='bbox 2967 859 3151 898; x_wconf 92' lang='lat' dir='ltr'><strong>eorum</strong></span> <span class='ocrx_word' id='word_1_507' title='bbox 3182 843 3410 913; x_wconf 88' lang='lat' dir='ltr'><strong>sepelire</strong></span> <span class='ocrx_word' id='word_1_508' title='bbox 3441 850 3708 912; x_wconf 88' lang='lat' dir='ltr'><strong>poterant,</strong></span> 
     </span>
    </p>
   </div>
   <div class='ocr_carea' id='block_1_67' title="bbox 2127 933 3716 1008">
    <p class='ocr_par' dir='ltr' id='par_1_67' title="bbox 2127 933 3716 1008">
     <span class='ocr_line' id='line_1_68' title="bbox 2127 933 3716 1008; baseline -0.003 -16"><span class='ocrx_word' id='word_1_509' title='bbox 2127 953 2314 1008; x_wconf 78' lang='lat' dir='ltr'><strong>magna</strong></span> <span class='ocrx_word' id='word_1_510' title='bbox 2333 936 2698 992; x_wconf 83' lang='lat' dir='ltr'><strong>misericordia</strong></span> <span class='ocrx_word' id='word_1_511' title='bbox 2715 935 2986 991; x_wconf 90' lang='lat' dir='ltr'><strong>cruciabat</strong></span> <span class='ocrx_word' id='word_1_512' title='bbox 3003 951 3017 1000; x_wconf 92' lang='lat'><strong>;</strong></span> <span class='ocrx_word' id='word_1_513' title='bbox 3033 935 3156 1005; x_wconf 89' lang='lat' dir='ltr'><strong>quia</strong></span> <span class='ocrx_word' id='word_1_514' title='bbox 3175 935 3227 988; x_wconf 92' lang='lat' dir='ltr'><strong>in</strong></span> <span class='ocrx_word' id='word_1_515' title='bbox 3246 934 3394 988; x_wconf 88' lang='lat' dir='ltr'><strong>nullo</strong></span> <span class='ocrx_word' id='word_1_516' title='bbox 3409 933 3571 988; x_wconf 91' lang='lat' dir='ltr'><strong>modo</strong></span> <span class='ocrx_word' id='word_1_517' title='bbox 3589 948 3716 988; x_wconf 86' lang='lat' dir='ltr'><strong>sen-</strong></span> 
     </span>
    </p>
   </div>
   <div class='ocr_carea' id='block_1_68' title="bbox 2131 1025 3716 1099">
    <p class='ocr_par' dir='ltr' id='par_1_68' title="bbox 2131 1025 3716 1099">
     <span class='ocr_line' id='line_1_69' title="bbox 2131 1025 3716 1099; baseline -0.003 -15"><span class='ocrx_word' id='word_1_518' title='bbox 2131 1029 2414 1085; x_wconf 75' lang='lat' dir='ltr'><strong>tientibus‘</strong></span> <span class='ocrx_word' id='word_1_519' title='bbox 2442 1029 2540 1098; x_wconf 87' lang='lat' dir='ltr'><strong>ipsi</strong></span> <span class='ocrx_word' id='word_1_520' title='bbox 2566 1028 2795 1099; x_wconf 90' lang='lat' dir='ltr'><strong>quodam</strong></span> <span class='ocrx_word' id='word_1_521' title='bbox 2816 1028 2974 1081; x_wconf 91' lang='lat' dir='ltr'><strong>modo</strong></span> <span class='ocrx_word' id='word_1_522' title='bbox 3001 1026 3319 1092; x_wconf 89' lang='lat' dir='ltr'><strong>sentiebant,</strong></span> <span class='ocrx_word' id='word_1_523' title='bbox 3341 1035 3394 1081; x_wconf 92' lang='lat' dir='ltr'><strong>et</strong></span> <span class='ocrx_word' id='word_1_524' title='bbox 3415 1026 3502 1080; x_wconf 87' lang='lat' dir='ltr'><strong>ubi</strong></span> <span class='ocrx_word' id='word_1_525' title='bbox 3517 1025 3626 1096; x_wconf 90' lang='lat' dir='ltr'><strong>jam</strong></span> <span class='ocrx_word' id='word_1_526' title='bbox 3651 1026 3716 1080; x_wconf 93' lang='lat' dir='ltr'><strong>il-</strong></span> 
     </span>
    </p>
   </div>
   <div class='ocr_carea' id='block_1_69' title="bbox 2130 1116 3714 1189">
    <p class='ocr_par' dir='ltr' id='par_1_69' title="bbox 2130 1116 3714 1189">
     <span class='ocr_line' id='line_1_70' title="bbox 2130 1116 3714 1189; baseline -0.003 -14"><span class='ocrx_word' id='word_1_527' title='bbox 2130 1121 2301 1176; x_wconf 92' lang='lat' dir='ltr'><strong>lorum</strong></span> <span class='ocrx_word' id='word_1_528' title='bbox 2316 1120 2462 1174; x_wconf 90' lang='lat' dir='ltr'><strong>nulla</strong></span> <span class='ocrx_word' id='word_1_529' title='bbox 2476 1129 2588 1175; x_wconf 90' lang='lat' dir='ltr'><strong>erat</strong></span> <span class='ocrx_word' id='word_1_530' title='bbox 2607 1119 2800 1189; x_wconf 89' lang='lat' dir='ltr'><strong>passio,</strong></span> <span class='ocrx_word' id='word_1_531' title='bbox 2819 1128 2930 1174; x_wconf 89' lang='lat' dir='ltr'><strong>erat</strong></span> <span class='ocrx_word' id='word_1_532' title='bbox 2945 1118 3166 1172; x_wconf 89' lang='lat' dir='ltr'><strong>istorum</strong></span> <span class='ocrx_word' id='word_1_533' title='bbox 3185 1117 3378 1172; x_wconf 89' lang='lat' dir='ltr'><strong>misera</strong></span> <span class='ocrx_word' id='word_1_534' title='bbox 3391 1116 3714 1186; x_wconf 87' lang='lat' dir='ltr'><strong>compassio.</strong></span> 
     </span>
    </p>
   </div>
   <div class='ocr_carea' id='block_1_70' title="bbox 2204 1207 3716 1279">
    <p class='ocr_par' dir='ltr' id='par_1_70' title="bbox 2204 1207 3716 1279">
     <span class='ocr_line' id='line_1_71' title="bbox 2204 1207 3716 1279; baseline -0.005 -11"><span class='ocrx_word' id='word_1_535' title='bbox 2204 1211 2429 1268; x_wconf 85' lang='lat' dir='ltr'>CAPUT</span> <span class='ocrx_word' id='word_1_536' title='bbox 2469 1209 2560 1265; x_wconf 79' lang='lat' dir='ltr'><strong>IX.</strong></span> <span class='ocrx_word' id='word_1_537' title='bbox 2585 1240 2656 1250; x_wconf 92' lang='lat'><strong><em>—</em></strong></span> <span class='ocrx_word' id='word_1_538' title='bbox 2680 1211 2764 1266; x_wconf 80' lang='lat' dir='ltr'><strong>H.</strong></span> <span class='ocrx_word' id='word_1_539' title='bbox 2794 1209 3026 1279; x_wconf 73' lang='lat' dir='ltr'><strong>Oﬂicium</strong></span> <span class='ocrx_word' id='word_1_540' title='bbox 3046 1209 3318 1278; x_wconf 66' lang='lat' dir='ltr'><strong>sepulturae</strong></span> <span class='ocrx_word' id='word_1_541' title='bbox 3342 1225 3432 1261; x_wconf 79' lang='lat' dir='ltr'><strong>cur</strong></span> <span class='ocrx_word' id='word_1_542' title='bbox 3454 1207 3716 1261; x_wconf 84' lang='lat' dir='ltr'><strong>laudatum</strong></span> 
     </span>
    </p>
   </div>
   <div class='ocr_carea' id='block_1_71' title="bbox 2131 1300 3714 1375">
    <p class='ocr_par' dir='ltr' id='par_1_71' title="bbox 2131 1300 3714 1375">
     <span class='ocr_line' id='line_1_72' title="bbox 2131 1300 3714 1375; baseline -0.004 -15"><span class='ocrx_word' id='word_1_543' title='bbox 2131 1307 2183 1360; x_wconf 86' lang='lat' dir='ltr'><strong>in</strong></span> <span class='ocrx_word' id='word_1_544' title='bbox 2215 1305 2513 1375; x_wconf 82' lang='lat' dir='ltr'><strong>Scripturis.</strong></span> <span class='ocrx_word' id='word_1_545' title='bbox 2559 1303 2859 1360; x_wconf 91' lang='lat' dir='ltr'><strong>Secundum</strong></span> <span class='ocrx_word' id='word_1_546' title='bbox 2908 1303 3060 1358; x_wconf 89' lang='lat' dir='ltr'><strong>istam</strong></span> <span class='ocrx_word' id='word_1_547' title='bbox 3107 1317 3266 1372; x_wconf 92' lang='lat' dir='ltr'><strong>quam</strong></span> <span class='ocrx_word' id='word_1_548' title='bbox 3314 1300 3422 1355; x_wconf 81' lang='lat' dir='ltr'><strong>dixi</strong></span> <span class='ocrx_word' id='word_1_549' title='bbox 3465 1301 3714 1354; x_wconf 88' lang='lat' dir='ltr'><strong>miseram</strong></span> 
     </span>
    </p>
   </div>
   <div class='ocr_carea' id='block_1_72' title="bbox 2133 1391 3720 1468">
    <p class='ocr_par' dir='ltr' id='par_1_72' title="bbox 2133 1391 3720 1468">
     <span class='ocr_line' id='line_1_73' title="bbox 2133 1391 3720 1468; baseline -0.005 -15"><span class='ocrx_word' id='word_1_550' title='bbox 2133 1397 2556 1468; x_wconf 89' lang='lat' dir='ltr'><strong>compassionem</strong></span> <span class='ocrx_word' id='word_1_551' title='bbox 2587 1395 2870 1450; x_wconf 90' lang='lat' dir='ltr'><strong>laudantur</strong></span> <span class='ocrx_word' id='word_1_552' title='bbox 2900 1394 2997 1458; x_wconf 93' lang='lat' dir='ltr'><strong>illi,</strong></span> <span class='ocrx_word' id='word_1_553' title='bbox 3023 1401 3076 1449; x_wconf 89' lang='lat' dir='ltr'><strong>et</strong></span> <span class='ocrx_word' id='word_1_554' title='bbox 3101 1410 3131 1447; x_wconf 84' lang='lat' dir='ltr'><strong>a</strong></span> <span class='ocrx_word' id='word_1_555' title='bbox 3158 1408 3284 1463; x_wconf 84' lang='lat' dir='ltr'><strong>rege</strong></span> <span class='ocrx_word' id='word_1_556' title='bbox 3311 1392 3474 1447; x_wconf 81' lang='lat' dir='ltr'><strong>David</strong></span> <span class='ocrx_word' id='word_1_557' title='bbox 3500 1391 3720 1447; x_wconf 82' lang='lat' dir='ltr'><strong>benedi-</strong></span> 
     </span>
    </p>
   </div>
   <div class='ocr_carea' id='block_1_73' title="bbox 2135 1483 3720 1560">
    <p class='ocr_par' dir='ltr' id='par_1_73' title="bbox 2135 1483 3720 1560">
     <span class='ocr_line' id='line_1_74' title="bbox 2135 1483 3720 1560; baseline -0.006 -13"><span class='ocrx_word' id='word_1_558' title='bbox 2135 1499 2345 1555; x_wconf 92' lang='lat' dir='ltr'><strong>cuntur,</strong></span> <span class='ocrx_word' id='word_1_559' title='bbox 2369 1489 2459 1560; x_wconf 89' lang='lat' dir='ltr'><strong>qui</strong></span> <span class='ocrx_word' id='word_1_560' title='bbox 2481 1488 2654 1544; x_wconf 77' lang='lat' dir='ltr'><strong>Saulis</strong></span> <span class='ocrx_word' id='word_1_561' title='bbox 2677 1497 2730 1543; x_wconf 92' lang='lat' dir='ltr'><strong>et</strong></span> <span class='ocrx_word' id='word_1_562' title='bbox 2749 1487 2991 1542; x_wconf 77' lang='lat' dir='ltr'><strong>Jonatha:</strong></span> <span class='ocrx_word' id='word_1_563' title='bbox 3013 1486 3223 1541; x_wconf 90' lang='lat' dir='ltr'><strong>ossibus</strong></span> <span class='ocrx_word' id='word_1_564' title='bbox 3242 1483 3406 1539; x_wconf 89' lang='lat' dir='ltr'><strong>aridis</strong></span> <span class='ocrx_word' id='word_1_565' title='bbox 3431 1485 3720 1556; x_wconf 72' lang='lat' dir='ltr'><strong>sepultura:</strong></span> 
     </span>
    </p>
   </div>
   <div class='ocr_carea' id='block_1_74' title="bbox 2137 1574 3718 1648">
    <p class='ocr_par' dir='ltr' id='par_1_74' title="bbox 2137 1574 3718 1648">
     <span class='ocr_line' id='line_1_75' title="bbox 2137 1574 3718 1648; baseline -0.004 -13"><span class='ocrx_word' id='word_1_566' title='bbox 2137 1579 2556 1637; x_wconf 87' lang='lat' dir='ltr'><strong>misericordiam</strong></span> <span class='ocrx_word' id='word_1_567' title='bbox 2584 1578 2945 1647; x_wconf 68' lang='lat' dir='ltr'><strong>praestiterunt</strong></span> <span class='ocrx_word' id='word_1_568' title='bbox 2975 1574 2994 1648; x_wconf 89' lang='lat'>(</span> <span class='ocrx_word' id='word_1_569' title='bbox 3018 1576 3059 1631; x_wconf 89' lang='lat' dir='ltr'><strong>ll</strong></span> <span class='ocrx_word' id='word_1_570' title='bbox 3085 1575 3212 1647; x_wconf 85' lang='lat' dir='ltr'><strong>Reg.</strong></span> <span class='ocrx_word' id='word_1_571' title='bbox 3241 1591 3299 1642; x_wconf 90' lang='grc' dir='ltr'>ιι,</span> <span class='ocrx_word' id='word_1_572' title='bbox 3329 1576 3408 1643; x_wconf 89' lang='grc'><strong>5).</strong></span> <span class='ocrx_word' id='word_1_573' title='bbox 3441 1576 3570 1643; x_wconf 83' lang='lat' dir='ltr'><strong>Quae</strong></span> <span class='ocrx_word' id='word_1_574' title='bbox 3598 1583 3718 1629; x_wconf 57' lang='lat' dir='ltr'><strong>tan-</strong></span> 
     </span>
    </p>
   </div>
   <div class='ocr_carea' id='block_1_75' title="bbox 2137 1669 3718 1742">
    <p class='ocr_par' dir='ltr' id='par_1_75' title="bbox 2137 1669 3718 1742">
     <span class='ocr_line' id='line_1_76' title="bbox 2137 1669 3718 1742; baseline -0.003 -15"><span class='ocrx_word' id='word_1_575' title='bbox 2137 1672 2259 1727; x_wconf 91' lang='lat' dir='ltr'><strong>dem</strong></span> <span class='ocrx_word' id='word_1_576' title='bbox 2306 1671 2668 1727; x_wconf 80' lang='lat' dir='ltr'><strong>misericordia</strong></span> <span class='ocrx_word' id='word_1_577' title='bbox 2707 1679 2990 1742; x_wconf 70' lang='lat' dir='ltr'><strong>przestatur</strong></span> <span class='ocrx_word' id='word_1_578' title='bbox 3030 1669 3162 1723; x_wconf 89' lang='lat' dir='ltr'><strong>nihil</strong></span> <span class='ocrx_word' id='word_1_579' title='bbox 3201 1669 3590 1724; x_wconf 87' lang='lat' dir='ltr'><strong>sentientibus?</strong></span> <span class='ocrx_word' id='word_1_580' title='bbox 3635 1671 3718 1723; x_wconf 77' lang='lat' dir='ltr'><strong>An</strong></span> 
     </span>
    </p>
   </div>
   <div class='ocr_carea' id='block_1_76' title="bbox 2138 1758 3719 1830">
    <p class='ocr_par' dir='ltr' id='par_1_76' title="bbox 2138 1758 3719 1830">
     <span class='ocr_line' id='line_1_77' title="bbox 2138 1758 3719 1830; baseline -0.003 -13"><span class='ocrx_word' id='word_1_581' title='bbox 2138 1763 2272 1818; x_wconf 88' lang='lat' dir='ltr'><strong>forte</strong></span> <span class='ocrx_word' id='word_1_582' title='bbox 2302 1763 2403 1818; x_wconf 91' lang='lat' dir='ltr'><strong>hoc</strong></span> <span class='ocrx_word' id='word_1_583' title='bbox 2433 1761 2790 1817; x_wconf 89' lang='lat' dir='ltr'><strong>revocandum</strong></span> <span class='ocrx_word' id='word_1_584' title='bbox 2822 1769 2905 1817; x_wconf 89' lang='lat' dir='ltr'><strong>est</strong></span> <span class='ocrx_word' id='word_1_585' title='bbox 2943 1762 3008 1815; x_wconf 91' lang='lat' dir='ltr'><strong>ad</strong></span> <span class='ocrx_word' id='word_1_586' title='bbox 3046 1759 3189 1813; x_wconf 91' lang='lat' dir='ltr'><strong>illam</strong></span> <span class='ocrx_word' id='word_1_587' title='bbox 3219 1761 3547 1829; x_wconf 89' lang='lat' dir='ltr'><strong>opinionem,</strong></span> <span class='ocrx_word' id='word_1_588' title='bbox 3579 1758 3719 1830; x_wconf 89' lang='lat' dir='ltr'><strong>quod</strong></span> 
     </span>
    </p>
   </div>
   <div class='ocr_carea' id='block_1_77' title="bbox 2139 1855 3721 1926">
    <p class='ocr_par' dir='ltr' id='par_1_77' title="bbox 2139 1855 3721 1926">
     <span class='ocr_line' id='line_1_78' title="bbox 2139 1855 3721 1926; baseline -0.003 -13"><span class='ocrx_word' id='word_1_589' title='bbox 2139 1858 2403 1913; x_wconf 85' lang='lat' dir='ltr'><strong>infernum</strong></span> <span class='ocrx_word' id='word_1_590' title='bbox 2425 1860 2445 1889; x_wconf 80' lang='grc'>¹</span> <span class='ocrx_word' id='word_1_591' title='bbox 2470 1858 2683 1912; x_wconf 83' lang='lat' dir='ltr'><strong>ﬂuvium</strong></span> <span class='ocrx_word' id='word_1_592' title='bbox 2724 1855 2970 1926; x_wconf 82' lang='lat' dir='ltr'><strong>insepulti</strong></span> <span class='ocrx_word' id='word_1_593' title='bbox 2997 1869 3101 1909; x_wconf 92' lang='lat' dir='ltr'><strong>non</strong></span> <span class='ocrx_word' id='word_1_594' title='bbox 3127 1862 3374 1924; x_wconf 86' lang='lat' dir='ltr'><strong>poterant</strong></span> <span class='ocrx_word' id='word_1_595' title='bbox 3393 1863 3721 1910; x_wconf 88' lang='lat' dir='ltr'><strong>transmeare</strong></span> 
     </span>
    </p>
   </div>
   <div class='ocr_carea' id='block_1_78' title="bbox 2145 1944 3720 2020">
    <p class='ocr_par' dir='ltr' id='par_1_78' title="bbox 2145 1944 3720 2020">
     <span class='ocr_line' id='line_1_79' title="bbox 2145 1944 3720 2020; baseline -0.003 -16"><span class='ocrx_word' id='word_1_596' title='bbox 2145 1950 2381 2020; x_wconf 75' lang='lat' dir='ltr'><strong>(AEneid.</strong></span> <span class='ocrx_word' id='word_1_597' title='bbox 2410 1950 2496 2003; x_wconf 83' lang='lat' dir='ltr'><strong>lib.</strong></span> <span class='ocrx_word' id='word_1_598' title='bbox 2527 1949 2590 2016; x_wconf 84' lang='lat'><strong>6,</strong></span> <span class='ocrx_word' id='word_1_599' title='bbox 2621 1964 2715 2002; x_wconf 87' lang='lat' dir='ltr'><strong>vv.</strong></span> <span class='ocrx_word' id='word_1_600' title='bbox 2743 1948 2869 2012; x_wconf 69' lang='lat'><strong>527,</strong></span> <span class='ocrx_word' id='word_1_601' title='bbox 2897 1946 3064 2018; x_wconf 77' lang='lat'><strong>528)?</strong></span> <span class='ocrx_word' id='word_1_602' title='bbox 3086 1947 3238 2001; x_wconf 87' lang='lat' dir='ltr'><strong>Absit</strong></span> <span class='ocrx_word' id='word_1_603' title='bbox 3264 1945 3366 2001; x_wconf 86' lang='lat' dir='ltr'><strong>hoc</strong></span> <span class='ocrx_word' id='word_1_604' title='bbox 3391 1960 3421 1999; x_wconf 91' lang='lat' dir='ltr'><strong>a</strong></span> <span class='ocrx_word' id='word_1_605' title='bbox 3449 1945 3552 2000; x_wconf 88' lang='lat' dir='ltr'><strong>lide</strong></span> <span class='ocrx_word' id='word_1_606' title='bbox 3577 1944 3720 2000; x_wconf 86' lang='lat' dir='ltr'><strong>chri-</strong></span> 
     </span>
    </p>
   </div>
   <div class='ocr_carea' id='block_1_79' title="bbox 2142 2038 3724 2109">
    <p class='ocr_par' dir='ltr' id='par_1_79' title="bbox 2142 2038 3724 2109">
     <span class='ocr_line' id='line_1_80' title="bbox 2142 2038 3724 2109; baseline -0.001 -16"><span class='ocrx_word' id='word_1_607' title='bbox 2142 2043 2312 2094; x_wconf 86' lang='lat' dir='ltr'><strong>stiana</strong></span> <span class='ocrx_word' id='word_1_608' title='bbox 2349 2057 2362 2092; x_wconf 88' lang='lat'>:</span> <span class='ocrx_word' id='word_1_609' title='bbox 2396 2039 2630 2109; x_wconf 88' lang='lat' dir='ltr'><strong>alioquin</strong></span> <span class='ocrx_word' id='word_1_610' title='bbox 2674 2038 2902 2108; x_wconf 90' lang='lat' dir='ltr'><strong>pessime</strong></span> <span class='ocrx_word' id='word_1_611' title='bbox 2931 2045 3108 2093; x_wconf 90' lang='lat' dir='ltr'><strong>actum</strong></span> <span class='ocrx_word' id='word_1_612' title='bbox 3137 2046 3221 2091; x_wconf 90' lang='lat' dir='ltr'><strong>est</strong></span> <span class='ocrx_word' id='word_1_613' title='bbox 3247 2051 3367 2091; x_wconf 91' lang='lat' dir='ltr'><strong>cum</strong></span> <span class='ocrx_word' id='word_1_614' title='bbox 3411 2046 3552 2090; x_wconf 87' lang='lat' dir='ltr'><strong>tanta</strong></span> <span class='ocrx_word' id='word_1_615' title='bbox 3582 2051 3724 2091; x_wconf 91' lang='lat' dir='ltr'><strong>mar-</strong></span> 
     </span>
    </p>
   </div>
   <div class='ocr_carea' id='block_1_80' title="bbox 2144 2130 3724 2202">
    <p class='ocr_par' dir='ltr' id='par_1_80' title="bbox 2144 2130 3724 2202">
     <span class='ocr_line' id='line_1_81' title="bbox 2144 2130 3724 2202; baseline -0.003 -16"><span class='ocrx_word' id='word_1_616' title='bbox 2144 2140 2320 2202; x_wconf 86' lang='lat' dir='ltr'><strong>tyrum</strong></span> <span class='ocrx_word' id='word_1_617' title='bbox 2369 2130 2730 2197; x_wconf 89' lang='lat' dir='ltr'><strong>multitudine,</strong></span> <span class='ocrx_word' id='word_1_618' title='bbox 2771 2145 2996 2200; x_wconf 90' lang='lat' dir='ltr'><strong>quorum</strong></span> <span class='ocrx_word' id='word_1_619' title='bbox 3037 2144 3144 2183; x_wconf 90' lang='lat' dir='ltr'><strong>non</strong></span> <span class='ocrx_word' id='word_1_620' title='bbox 3173 2136 3460 2198; x_wconf 90' lang='lat' dir='ltr'><strong>potuerunt</strong></span> <span class='ocrx_word' id='word_1_621' title='bbox 3499 2143 3724 2198; x_wconf 87' lang='lat' dir='ltr'><strong>corpora</strong></span> 
     </span>
    </p>
   </div>
   <div class='ocr_carea' id='block_1_81' title="bbox 2143 2219 3727 2294">
    <p class='ocr_par' dir='ltr' id='par_1_81' title="bbox 2143 2219 3727 2294">
     <span class='ocr_line' id='line_1_82' title="bbox 2143 2219 3727 2294; baseline -0.004 -16"><span class='ocrx_word' id='word_1_622' title='bbox 2143 2223 2387 2294; x_wconf 90' lang='lat' dir='ltr'><strong>sepeliri,</strong></span> <span class='ocrx_word' id='word_1_623' title='bbox 2433 2231 2488 2278; x_wconf 91' lang='lat' dir='ltr'><strong>et</strong></span> <span class='ocrx_word' id='word_1_624' title='bbox 2527 2221 2786 2276; x_wconf 86' lang='lat' dir='ltr'><strong>fallaciter</strong></span> <span class='ocrx_word' id='word_1_625' title='bbox 2811 2221 2890 2276; x_wconf 91' lang='lat' dir='ltr'><strong>eis</strong></span> <span class='ocrx_word' id='word_1_626' title='bbox 2920 2220 3130 2276; x_wconf 86' lang='lat' dir='ltr'><strong>Veritas</strong></span> <span class='ocrx_word' id='word_1_627' title='bbox 3156 2219 3319 2285; x_wconf 78' lang='lat' dir='ltr'><strong>dixit,</strong></span> <span class='ocrx_word' id='word_1_628' title='bbox 3353 2219 3525 2272; x_wconf 80' lang='lat' dir='ltr'><strong>Nolite</strong></span> <span class='ocrx_word' id='word_1_629' title='bbox 3553 2220 3727 2272; x_wconf 83' lang='lat' dir='ltr'><strong>limere</strong></span> 
     </span>
    </p>
   </div>
   <div class='ocr_carea' id='block_1_82' title="bbox 2143 2309 3725 2384">
    <p class='ocr_par' dir='ltr' id='par_1_82' title="bbox 2143 2309 3725 2384">
     <span class='ocr_line' id='line_1_83' title="bbox 2143 2309 3725 2384; baseline -0.005 -14"><span class='ocrx_word' id='word_1_630' title='bbox 2143 2331 2226 2370; x_wconf 85' lang='lat' dir='ltr'><strong>eos</strong></span> <span class='ocrx_word' id='word_1_631' title='bbox 2251 2315 2336 2384; x_wconf 88' lang='lat' dir='ltr'><strong>qui</strong></span> <span class='ocrx_word' id='word_1_632' title='bbox 2361 2330 2544 2384; x_wconf 84' lang='lat' dir='ltr'><strong>corpus</strong></span> <span class='ocrx_word' id='word_1_633' title='bbox 2573 2313 2826 2379; x_wconf 86' lang='lat' dir='ltr'><strong>occidunt,</strong></span> <span class='ocrx_word' id='word_1_634' title='bbox 2862 2321 2908 2366; x_wconf 88' lang='lat' dir='ltr'><strong>et</strong></span> <span class='ocrx_word' id='word_1_635' title='bbox 2944 2321 3115 2382; x_wconf 81' lang='lat' dir='ltr'><strong>postea</strong></span> <span class='ocrx_word' id='word_1_636' title='bbox 3149 2327 3248 2365; x_wconf 87' lang='lat' dir='ltr'><strong>non</strong></span> <span class='ocrx_word' id='word_1_637' title='bbox 3280 2311 3458 2364; x_wconf 77' lang='lat' dir='ltr'><strong>habent</strong></span> <span class='ocrx_word' id='word_1_638' title='bbox 3483 2309 3620 2380; x_wconf 86' lang='lat' dir='ltr'><strong>quid.</strong></span> <span class='ocrx_word' id='word_1_639' title='bbox 3642 2312 3725 2381; x_wconf 79' lang='lat' dir='ltr'><strong>fa—</strong></span> 
     </span>
    </p>
   </div>
   <div class='ocr_carea' id='block_1_83' title="bbox 2143 2402 3727 2473">
    <p class='ocr_par' dir='ltr' id='par_1_83' title="bbox 2143 2402 3727 2473">
     <span class='ocr_line' id='line_1_84' title="bbox 2143 2402 3727 2473; baseline -0.003 -12"><span class='ocrx_word' id='word_1_640' title='bbox 2143 2407 2311 2471; x_wconf 82' lang='lat' dir='ltr'><strong>ciant;</strong></span> <span class='ocrx_word' id='word_1_641' title='bbox 2339 2407 2384 2461; x_wconf 90' lang='lat' dir='ltr'><strong>si</strong></span> <span class='ocrx_word' id='word_1_642' title='bbox 2414 2407 2492 2461; x_wconf 88' lang='lat' dir='ltr'><strong>cis</strong></span> <span class='ocrx_word' id='word_1_643' title='bbox 2521 2414 2665 2459; x_wconf 88' lang='lat' dir='ltr'><strong>tanta</strong></span> <span class='ocrx_word' id='word_1_644' title='bbox 2691 2405 2828 2459; x_wconf 90' lang='lat' dir='ltr'><strong>mala</strong></span> <span class='ocrx_word' id='word_1_645' title='bbox 2859 2403 3031 2460; x_wconf 89' lang='lat' dir='ltr'><strong>facere</strong></span> <span class='ocrx_word' id='word_1_646' title='bbox 3071 2411 3375 2473; x_wconf 89' lang='lat' dir='ltr'><strong>potuerunt,</strong></span> <span class='ocrx_word' id='word_1_647' title='bbox 3407 2402 3597 2471; x_wconf 91' lang='lat' dir='ltr'><strong>quibus</strong></span> <span class='ocrx_word' id='word_1_648' title='bbox 3623 2402 3727 2456; x_wconf 52' lang='lat' dir='ltr'><strong>im.</strong></span> 
     </span>
    </p>
   </div>
   <div class='ocr_carea' id='block_1_84' title="bbox 2146 2491 3731 2567">
    <p class='ocr_par' dir='ltr' id='par_1_84' title="bbox 2146 2491 3731 2567">
     <span class='ocr_line' id='line_1_85' title="bbox 2146 2491 3731 2567; baseline -0.001 -16"><span class='ocrx_word' id='word_1_649' title='bbox 2146 2494 2458 2567; x_wconf 81' lang='lat' dir='ltr'><strong>pcdirentur</strong></span> <span class='ocrx_word' id='word_1_650' title='bbox 2473 2495 2540 2550; x_wconf 89' lang='lat' dir='ltr'><strong>ad</strong></span> <span class='ocrx_word' id='word_1_651' title='bbox 2558 2497 2669 2550; x_wconf 88' lang='lat' dir='ltr'><strong>loca</strong></span> <span class='ocrx_word' id='word_1_652' title='bbox 2685 2504 2932 2566; x_wconf 81' lang='lat' dir='ltr'><strong>ex0ptata</strong></span> <span class='ocrx_word' id='word_1_653' title='bbox 2946 2495 3194 2550; x_wconf 89' lang='lat' dir='ltr'><strong>transire.</strong></span> <span class='ocrx_word' id='word_1_654' title='bbox 3219 2493 3324 2549; x_wconf 89' lang='lat' dir='ltr'><strong>Sed</strong></span> <span class='ocrx_word' id='word_1_655' title='bbox 3344 2494 3464 2564; x_wconf 89' lang='lat' dir='ltr'><strong>quia</strong></span> <span class='ocrx_word' id='word_1_656' title='bbox 3493 2493 3594 2549; x_wconf 90' lang='lat' dir='ltr'><strong>hoc</strong></span> <span class='ocrx_word' id='word_1_657' title='bbox 3612 2491 3731 2549; x_wconf 86' lang='lat' dir='ltr'><strong>sine</strong></span> 
     </span>
    </p>
   </div>
   <div class='ocr_carea' id='block_1_85' title="bbox 2146 2586 3731 2658">
    <p class='ocr_par' dir='ltr' id='par_1_85' title="bbox 2146 2586 3731 2658">
     <span class='ocr_line' id='line_1_86' title="bbox 2146 2586 3731 2658; baseline -0.001 -16"><span class='ocrx_word' id='word_1_658' title='bbox 2146 2589 2250 2643; x_wconf 90' lang='lat' dir='ltr'><strong>ulla</strong></span> <span class='ocrx_word' id='word_1_659' title='bbox 2274 2587 2600 2645; x_wconf 87' lang='lat' dir='ltr'><strong>dubitatione</strong></span> <span class='ocrx_word' id='word_1_660' title='bbox 2623 2587 2962 2643; x_wconf 84' lang='lat' dir='ltr'><strong>falsissimum</strong></span> <span class='ocrx_word' id='word_1_661' title='bbox 2981 2597 3082 2656; x_wconf 90' lang='lat' dir='ltr'><strong>est,</strong></span> <span class='ocrx_word' id='word_1_662' title='bbox 3107 2603 3206 2643; x_wconf 91' lang='lat' dir='ltr'><strong>nec</strong></span> <span class='ocrx_word' id='word_1_663' title='bbox 3226 2587 3422 2658; x_wconf 89' lang='lat' dir='ltr'><strong>aliquid</strong></span> <span class='ocrx_word' id='word_1_664' title='bbox 3441 2587 3594 2642; x_wconf 90' lang='lat' dir='ltr'><strong>obest</strong></span> <span class='ocrx_word' id='word_1_665' title='bbox 3609 2586 3731 2641; x_wconf 83' lang='lat' dir='ltr'><strong>ﬁde-</strong></span> 
     </span>
    </p>
   </div>
   <div class='ocr_carea' id='block_1_86' title="bbox 2145 2679 3726 2753">
    <p class='ocr_par' dir='ltr' id='par_1_86' title="bbox 2145 2679 3726 2753">
     <span class='ocr_line' id='line_1_87' title="bbox 2145 2679 3726 2753; baseline 0 -19"><span class='ocrx_word' id='word_1_666' title='bbox 2145 2679 2285 2735; x_wconf 91' lang='lat' dir='ltr'><strong>libus</strong></span> <span class='ocrx_word' id='word_1_667' title='bbox 2303 2690 2486 2752; x_wconf 81' lang='lat' dir='ltr'><strong>negata</strong></span> <span class='ocrx_word' id='word_1_668' title='bbox 2505 2697 2688 2737; x_wconf 92' lang='lat' dir='ltr'><strong>eorum</strong></span> <span class='ocrx_word' id='word_1_669' title='bbox 2710 2682 3023 2753; x_wconf 90' lang='lat' dir='ltr'><strong>corporibus</strong></span> <span class='ocrx_word' id='word_1_670' title='bbox 3045 2683 3338 2752; x_wconf 85' lang='lat' dir='ltr'><strong>sepultura,</strong></span> <span class='ocrx_word' id='word_1_671' title='bbox 3355 2696 3454 2737; x_wconf 88' lang='lat' dir='ltr'><strong>nec</strong></span> <span class='ocrx_word' id='word_1_672' title='bbox 3465 2679 3663 2751; x_wconf 86' lang='lat' dir='ltr'><strong>aliquid</strong></span> <span class='ocrx_word' id='word_1_673' title='bbox 3681 2679 3726 2735; x_wconf 91' lang='lat' dir='ltr'><strong>si</strong></span> 
     </span>
    </p>
   </div>
   <div class='ocr_carea' id='block_1_87' title="bbox 2147 2771 3732 2845">
    <p class='ocr_par' dir='ltr' id='par_1_87' title="bbox 2147 2771 3732 2845">
     <span class='ocr_line' id='line_1_88' title="bbox 2147 2771 3732 2845; baseline 0.001 -18"><span class='ocrx_word' id='word_1_674' title='bbox 2147 2771 2462 2828; x_wconf 83' lang='lat' dir='ltr'><strong>exhibeatur</strong></span> <span class='ocrx_word' id='word_1_675' title='bbox 2486 2773 2785 2829; x_wconf 86' lang='lat' dir='ltr'><strong>inﬁdelibus</strong></span> <span class='ocrx_word' id='word_1_676' title='bbox 2814 2774 3034 2844; x_wconf 89' lang='lat' dir='ltr'><strong>prodest</strong></span> <span class='ocrx_word' id='word_1_677' title='bbox 3063 2792 3075 2828; x_wconf 92' lang='lat'><strong>:</strong></span> <span class='ocrx_word' id='word_1_678' title='bbox 3104 2789 3200 2829; x_wconf 92' lang='lat' dir='ltr'><strong>cur</strong></span> <span class='ocrx_word' id='word_1_679' title='bbox 3223 2789 3352 2845; x_wconf 81' lang='lat' dir='ltr'><strong>ergo</strong></span> <span class='ocrx_word' id='word_1_680' title='bbox 3377 2775 3450 2829; x_wconf 91' lang='lat' dir='ltr'><strong>illi</strong></span> <span class='ocrx_word' id='word_1_681' title='bbox 3480 2775 3570 2844; x_wconf 91' lang='lat' dir='ltr'><strong>qui</strong></span> <span class='ocrx_word' id='word_1_682' title='bbox 3597 2774 3732 2830; x_wconf 75' lang='lat' dir='ltr'><strong>Sati-</strong></span> 
     </span>
    </p>
   </div>
   <div class='ocr_carea' id='block_1_88' title="bbox 2147 2863 3731 2936">
    <p class='ocr_par' dir='ltr' id='par_1_88' title="bbox 2147 2863 3731 2936">
     <span class='ocr_line' id='line_1_89' title="bbox 2147 2863 3731 2936; baseline 0.002 -18"><span class='ocrx_word' id='word_1_683' title='bbox 2147 2863 2253 2920; x_wconf 89' lang='lat' dir='ltr'><strong>lem</strong></span> <span class='ocrx_word' id='word_1_684' title='bbox 2297 2874 2351 2920; x_wconf 91' lang='lat' dir='ltr'><strong>et</strong></span> <span class='ocrx_word' id='word_1_685' title='bbox 2381 2865 2546 2920; x_wconf 85' lang='lat' dir='ltr'><strong>lilium</strong></span> <span class='ocrx_word' id='word_1_686' title='bbox 2576 2866 2690 2935; x_wconf 91' lang='lat' dir='ltr'><strong>ejus</strong></span> <span class='ocrx_word' id='word_1_687' title='bbox 2720 2866 3062 2936; x_wconf 85' lang='lat' dir='ltr'><strong>sepelierunt,</strong></span> <span class='ocrx_word' id='word_1_688' title='bbox 3093 2865 3514 2920; x_wconf 90' lang='lat' dir='ltr'><strong>misericordiam</strong></span> <span class='ocrx_word' id='word_1_689' title='bbox 3544 2866 3731 2921; x_wconf 90' lang='lat' dir='ltr'><strong>fecisse</strong></span> 
     </span>
    </p>
   </div>
   <div class='ocr_carea' id='block_1_89' title="bbox 2149 2955 3730 3026">
    <p class='ocr_par' dir='ltr' id='par_1_89' title="bbox 2149 2955 3730 3026">
     <span class='ocr_line' id='line_1_90' title="bbox 2149 2955 3730 3026; baseline 0.001 -16"><span class='ocrx_word' id='word_1_690' title='bbox 2149 2955 2417 3022; x_wconf 90' lang='lat' dir='ltr'><strong>dicuntur,</strong></span> <span class='ocrx_word' id='word_1_691' title='bbox 2451 2965 2504 3010; x_wconf 87' lang='lat' dir='ltr'><strong>et</strong></span> <span class='ocrx_word' id='word_1_692' title='bbox 2541 2957 2610 3011; x_wconf 93' lang='lat' dir='ltr'><strong>ob</strong></span> <span class='ocrx_word' id='word_1_693' title='bbox 2649 2956 2750 3011; x_wconf 89' lang='lat' dir='ltr'><strong>hoc</strong></span> <span class='ocrx_word' id='word_1_694' title='bbox 2794 2972 2823 3010; x_wconf 92' lang='lat' dir='ltr'><strong>a</strong></span> <span class='ocrx_word' id='word_1_695' title='bbox 2865 2971 2990 3026; x_wconf 81' lang='lat' dir='ltr'><strong>rege</strong></span> <span class='ocrx_word' id='word_1_696' title='bbox 3034 2957 3122 3026; x_wconf 93' lang='lat' dir='ltr'><strong>pio</strong></span> <span class='ocrx_word' id='word_1_697' title='bbox 3166 2955 3578 3022; x_wconf 86' lang='lat' dir='ltr'><strong>benedicuntur;</strong></span> <span class='ocrx_word' id='word_1_698' title='bbox 3629 2957 3730 3012; x_wconf 90' lang='lat' dir='ltr'><strong>nisi</strong></span> 
     </span>
    </p>
   </div>
   <div class='ocr_carea' id='block_1_90' title="bbox 2149 3048 3732 3119">
    <p class='ocr_par' dir='ltr' id='par_1_90' title="bbox 2149 3048 3732 3119">
     <span class='ocr_line' id='line_1_91' title="bbox 2149 3048 3732 3119; baseline 0.001 -18"><span class='ocrx_word' id='word_1_699' title='bbox 2149 3049 2272 3117; x_wconf 88' lang='lat' dir='ltr'><strong>quia</strong></span> <span class='ocrx_word' id='word_1_700' title='bbox 2299 3049 2436 3103; x_wconf 88' lang='lat' dir='ltr'><strong>bene</strong></span> <span class='ocrx_word' id='word_1_701' title='bbox 2463 3048 2766 3103; x_wconf 90' lang='lat' dir='ltr'><strong>afﬁciuntur</strong></span> <span class='ocrx_word' id='word_1_702' title='bbox 2795 3049 2956 3104; x_wconf 90' lang='lat' dir='ltr'><strong>corda</strong></span> <span class='ocrx_word' id='word_1_703' title='bbox 2983 3048 3382 3115; x_wconf 90' lang='lat' dir='ltr'><strong>miserantium,</strong></span> <span class='ocrx_word' id='word_1_704' title='bbox 3414 3048 3625 3119; x_wconf 90' lang='lat' dir='ltr'><strong>quando</strong></span> <span class='ocrx_word' id='word_1_705' title='bbox 3667 3063 3732 3103; x_wconf 89' lang='lat' dir='ltr'><strong>ea</strong></span> 
     </span>
    </p>
   </div>
   <div class='ocr_carea' id='block_1_91' title="bbox 2150 3135 3734 3208">
    <p class='ocr_par' dir='ltr' id='par_1_91' title="bbox 2150 3135 3734 3208">
     <span class='ocr_line' id='line_1_92' title="bbox 2150 3135 3734 3208; baseline 0.001 -17"><span class='ocrx_word' id='word_1_706' title='bbox 2150 3137 2334 3193; x_wconf 87' lang='lat' dir='ltr'><strong>dolent</strong></span> <span class='ocrx_word' id='word_1_707' title='bbox 2364 3141 2414 3193; x_wconf 93' lang='lat' dir='ltr'><strong>in</strong></span> <span class='ocrx_word' id='word_1_708' title='bbox 2443 3149 2772 3194; x_wconf 89' lang='lat' dir='ltr'><strong>mortuorum</strong></span> <span class='ocrx_word' id='word_1_709' title='bbox 2804 3139 3116 3208; x_wconf 89' lang='lat' dir='ltr'><strong>corporibus</strong></span> <span class='ocrx_word' id='word_1_710' title='bbox 3139 3139 3358 3207; x_wconf 89' lang='lat' dir='ltr'><strong>alienis,</strong></span> <span class='ocrx_word' id='word_1_711' title='bbox 3390 3155 3509 3208; x_wconf 73' lang='lat' dir='ltr'><strong>qua:</strong></span> <span class='ocrx_word' id='word_1_712' title='bbox 3539 3140 3629 3193; x_wconf 91' lang='lat' dir='ltr'><strong>illo</strong></span> <span class='ocrx_word' id='word_1_713' title='bbox 3652 3135 3734 3192; x_wconf 85' lang='lat' dir='ltr'><strong>af-</strong></span> 
     </span>
    </p>
   </div>
   <div class='ocr_carea' id='block_1_92' title="bbox 2151 3227 3730 3299">
    <p class='ocr_par' dir='ltr' id='par_1_92' title="bbox 2151 3227 3730 3299">
     <span class='ocr_line' id='line_1_93' title="bbox 2151 3227 3730 3299; baseline 0.002 -17"><span class='ocrx_word' id='word_1_714' title='bbox 2151 3227 2314 3296; x_wconf 91' lang='lat' dir='ltr'><strong>fectu,</strong></span> <span class='ocrx_word' id='word_1_715' title='bbox 2346 3245 2450 3298; x_wconf 91' lang='lat' dir='ltr'><strong>quo</strong></span> <span class='ocrx_word' id='word_1_716' title='bbox 2485 3244 2642 3284; x_wconf 81' lang='lat' dir='ltr'><strong>nemo</strong></span> <span class='ocrx_word' id='word_1_717' title='bbox 2683 3244 2911 3299; x_wconf 90' lang='lat' dir='ltr'><strong>unquam</strong></span> <span class='ocrx_word' id='word_1_718' title='bbox 2949 3243 3168 3284; x_wconf 90' lang='lat' dir='ltr'><strong>carnem</strong></span> <span class='ocrx_word' id='word_1_719' title='bbox 3198 3245 3348 3284; x_wconf 92' lang='lat' dir='ltr'><strong>suam</strong></span> <span class='ocrx_word' id='word_1_720' title='bbox 3386 3230 3509 3284; x_wconf 90' lang='lat' dir='ltr'><strong>odio</strong></span> <span class='ocrx_word' id='word_1_721' title='bbox 3552 3229 3730 3296; x_wconf 88' lang='lat' dir='ltr'><strong>habet,</strong></span> 
     </span>
    </p>
   </div>
   <div class='ocr_carea' id='block_1_93' title="bbox 2153 3319 3732 3390">
    <p class='ocr_par' dir='ltr' id='par_1_93' title="bbox 2153 3319 3732 3390">
     <span class='ocr_line' id='line_1_94' title="bbox 2153 3319 3732 3390; baseline 0.001 -17"><span class='ocrx_word' id='word_1_722' title='bbox 2153 3320 2340 3373; x_wconf 92' lang='lat' dir='ltr'><strong>nolunt</strong></span> <span class='ocrx_word' id='word_1_723' title='bbox 2359 3319 2472 3373; x_wconf 89' lang='lat' dir='ltr'><strong>ﬁeri</strong></span> <span class='ocrx_word' id='word_1_724' title='bbox 2493 3329 2612 3390; x_wconf 90' lang='lat' dir='ltr'><strong>post</strong></span> <span class='ocrx_word' id='word_1_725' title='bbox 2629 3327 2851 3373; x_wconf 89' lang='lat' dir='ltr'><strong>mortem</strong></span> <span class='ocrx_word' id='word_1_726' title='bbox 2876 3334 3025 3373; x_wconf 90' lang='lat' dir='ltr'><strong>suam</strong></span> <span class='ocrx_word' id='word_1_727' title='bbox 3044 3321 3359 3389; x_wconf 88' lang='lat' dir='ltr'><strong>corporibus</strong></span> <span class='ocrx_word' id='word_1_728' title='bbox 3375 3321 3504 3386; x_wconf 91' lang='lat' dir='ltr'><strong>suis;</strong></span> <span class='ocrx_word' id='word_1_729' title='bbox 3523 3330 3575 3375; x_wconf 92' lang='lat' dir='ltr'><strong>et</strong></span> <span class='ocrx_word' id='word_1_730' title='bbox 3590 3320 3732 3390; x_wconf 91' lang='lat' dir='ltr'><strong>quod</strong></span> 
     </span>
    </p>
   </div>
   <div class='ocr_carea' id='block_1_94' title="bbox 2154 3408 3735 3480">
    <p class='ocr_par' dir='ltr' id='par_1_94' title="bbox 2154 3408 3735 3480">
     <span class='ocr_line' id='line_1_95' title="bbox 2154 3408 3735 3480; baseline 0.002 -15"><span class='ocrx_word' id='word_1_731' title='bbox 2154 3410 2256 3465; x_wconf 90' lang='lat' dir='ltr'><strong>sibi</strong></span> <span class='ocrx_word' id='word_1_732' title='bbox 2288 3408 2527 3464; x_wconf 82' lang='lat' dir='ltr'><strong>exhiberi</strong></span> <span class='ocrx_word' id='word_1_733' title='bbox 2559 3411 2746 3464; x_wconf 86' lang='lat' dir='ltr'><strong>volunt</strong></span> <span class='ocrx_word' id='word_1_734' title='bbox 2773 3411 2985 3480; x_wconf 89' lang='lat' dir='ltr'><strong>quando</strong></span> <span class='ocrx_word' id='word_1_735' title='bbox 3018 3413 3228 3466; x_wconf 89' lang='lat' dir='ltr'><strong>sensuri</strong></span> <span class='ocrx_word' id='word_1_736' title='bbox 3274 3428 3380 3467; x_wconf 92' lang='lat' dir='ltr'><strong>non</strong></span> <span class='ocrx_word' id='word_1_737' title='bbox 3425 3421 3580 3478; x_wconf 90' lang='lat' dir='ltr'><strong>sunt,</strong></span> <span class='ocrx_word' id='word_1_738' title='bbox 3616 3415 3735 3468; x_wconf 88' lang='lat' dir='ltr'><strong>aliis</strong></span> 
     </span>
    </p>
   </div>
   <div class='ocr_carea' id='block_1_95' title="bbox 2157 3499 3735 3573">
    <p class='ocr_par' dir='ltr' id='par_1_95' title="bbox 2157 3499 3735 3573">
     <span class='ocr_line' id='line_1_96' title="bbox 2157 3499 3735 3573; baseline 0.003 -19"><span class='ocrx_word' id='word_1_739' title='bbox 2157 3515 2263 3554; x_wconf 92' lang='lat' dir='ltr'><strong>non</strong></span> <span class='ocrx_word' id='word_1_740' title='bbox 2289 3499 2645 3554; x_wconf 89' lang='lat' dir='ltr'><strong>sentientibus</strong></span> <span class='ocrx_word' id='word_1_741' title='bbox 2674 3511 2861 3555; x_wconf 90' lang='lat' dir='ltr'><strong>curant</strong></span> <span class='ocrx_word' id='word_1_742' title='bbox 2889 3501 3142 3556; x_wconf 80' lang='lat' dir='ltr'><strong>exhibere</strong></span> <span class='ocrx_word' id='word_1_743' title='bbox 3167 3501 3291 3556; x_wconf 89' lang='lat' dir='ltr'><strong>dum</strong></span> <span class='ocrx_word' id='word_1_744' title='bbox 3326 3503 3424 3573; x_wconf 89' lang='lat' dir='ltr'><strong>ipsi</strong></span> <span class='ocrx_word' id='word_1_745' title='bbox 3465 3505 3735 3559; x_wconf 87' lang='lat' dir='ltr'><strong>sentiunt?</strong></span> 
     </span>
    </p>
   </div>
   <div class='ocr_carea' id='block_1_96' title="bbox 2224 3589 3739 3666">
    <p class='ocr_par' dir='ltr' id='par_1_96' title="bbox 2224 3589 3739 3666">
     <span class='ocr_line' id='line_1_97' title="bbox 2224 3589 3739 3666; baseline 0.004 -21"><span class='ocrx_word' id='word_1_746' title='bbox 2224 3590 2449 3646; x_wconf 78' lang='lat' dir='ltr'><strong>CAPUT</strong></span> <span class='ocrx_word' id='word_1_747' title='bbox 2477 3589 2622 3644; x_wconf 82' lang='lat' dir='ltr'><strong>X.—</strong></span> <span class='ocrx_word' id='word_1_748' title='bbox 2643 3592 2728 3646; x_wconf 76' lang='grc'><strong>12.</strong></span> <span class='ocrx_word' id='word_1_749' title='bbox 2754 3591 2945 3646; x_wconf 78' lang='grc' dir='ltr'><strong>Μονιηὶ</strong></span> <span class='ocrx_word' id='word_1_750' title='bbox 2964 3593 3169 3664; x_wconf 87' lang='lat' dir='ltr'><strong>quidam</strong></span> <span class='ocrx_word' id='word_1_751' title='bbox 3195 3605 3460 3666; x_wconf 85' lang='lat' dir='ltr'><strong>apparent,</strong></span> <span class='ocrx_word' id='word_1_752' title='bbox 3486 3604 3540 3649; x_wconf 84' lang='lat' dir='ltr'><strong>ut</strong></span> <span class='ocrx_word' id='word_1_753' title='bbox 3558 3595 3650 3650; x_wconf 77' lang='lat' dir='ltr'><strong>sibi</strong></span> <span class='ocrx_word' id='word_1_754' title='bbox 3667 3613 3739 3651; x_wconf 79' lang='lat' dir='ltr'><strong>se-</strong></span> 
     </span>
    </p>
   </div>
   <div class='ocr_carea' id='block_1_97' title="bbox 2155 3683 3740 3757">
    <p class='ocr_par' dir='ltr' id='par_1_97' title="bbox 2155 3683 3740 3757">
     <span class='ocr_line' id='line_1_98' title="bbox 2155 3683 3740 3757; baseline 0.004 -21"><span class='ocrx_word' id='word_1_755' title='bbox 2155 3683 2362 3752; x_wconf 85' lang='lat' dir='ltr'><strong>pultura</strong></span> <span class='ocrx_word' id='word_1_756' title='bbox 2391 3683 2672 3752; x_wconf 69' lang='lat' dir='ltr'><strong>pra’beatur</strong></span> <span class='ocrx_word' id='word_1_757' title='bbox 2694 3701 2712 3736; x_wconf 90' lang='lat'><strong><em>:</em></strong></span> <span class='ocrx_word' id='word_1_758' title='bbox 2731 3684 2981 3754; x_wconf 87' lang='lat' dir='ltr'><strong>quomodo</strong></span> <span class='ocrx_word' id='word_1_759' title='bbox 3007 3685 3113 3739; x_wconf 63' lang='lat' dir='ltr'><strong>hare</strong></span> <span class='ocrx_word' id='word_1_760' title='bbox 3134 3686 3240 3739; x_wconf 81' lang='lat' dir='ltr'><strong>visa</strong></span> <span class='ocrx_word' id='word_1_761' title='bbox 3267 3687 3578 3757; x_wconf 84' lang='lat' dir='ltr'><strong>contingant.</strong></span> <span class='ocrx_word' id='word_1_762' title='bbox 3607 3686 3740 3742; x_wconf 87' lang='lat' dir='ltr'><strong>Nar-</strong></span> 
     </span>
    </p>
   </div>
   <div class='ocr_carea' id='block_1_98' title="bbox 2157 3775 3738 3848">
    <p class='ocr_par' dir='ltr' id='par_1_98' title="bbox 2157 3775 3738 3848">
     <span class='ocr_line' id='line_1_99' title="bbox 2157 3775 3738 3848; baseline 0.004 -20"><span class='ocrx_word' id='word_1_763' title='bbox 2157 3783 2345 3829; x_wconf 89' lang='lat' dir='ltr'><strong>rantur</strong></span> <span class='ocrx_word' id='word_1_764' title='bbox 2365 3775 2478 3829; x_wconf 89' lang='lat' dir='ltr'><strong>visa</strong></span> <span class='ocrx_word' id='word_1_765' title='bbox 2506 3775 2768 3846; x_wconf 61' lang='lat' dir='ltr'><strong>qumdam,</strong></span> <span class='ocrx_word' id='word_1_766' title='bbox 2803 3792 2921 3847; x_wconf 64' lang='lat' dir='ltr'><strong>quae</strong></span> <span class='ocrx_word' id='word_1_767' title='bbox 2953 3777 3075 3833; x_wconf 91' lang='lat' dir='ltr'><strong>huic</strong></span> <span class='ocrx_word' id='word_1_768' title='bbox 3111 3777 3453 3848; x_wconf 89' lang='lat' dir='ltr'><strong>disputationi</strong></span> <span class='ocrx_word' id='word_1_769' title='bbox 3490 3795 3595 3834; x_wconf 91' lang='lat' dir='ltr'><strong>non</strong></span> <span class='ocrx_word' id='word_1_770' title='bbox 3639 3795 3738 3835; x_wconf 90' lang='lat' dir='ltr'><strong>nc-</strong></span> 
     </span>
    </p>
   </div>
   <div class='ocr_carea' id='block_1_99' title="bbox 2157 3864 3741 3939">
    <p class='ocr_par' dir='ltr' id='par_1_99' title="bbox 2157 3864 3741 3939">
     <span class='ocr_line' id='line_1_100' title="bbox 2157 3864 3741 3939; baseline 0.005 -21"><span class='ocrx_word' id='word_1_771' title='bbox 2157 3864 2458 3936; x_wconf 77' lang='lat' dir='ltr'><strong>gligendam</strong></span> <span class='ocrx_word' id='word_1_772' title='bbox 2503 3865 2784 3922; x_wconf 90' lang='lat' dir='ltr'><strong>videantur</strong></span> <span class='ocrx_word' id='word_1_773' title='bbox 2824 3867 3021 3923; x_wconf 84' lang='lat' dir='ltr'><strong>inferre</strong></span> <span class='ocrx_word' id='word_1_774' title='bbox 3063 3872 3431 3939; x_wconf 80' lang='lat' dir='ltr'><strong>quaestionem.</strong></span> <span class='ocrx_word' id='word_1_775' title='bbox 3477 3869 3741 3926; x_wconf 88' lang='lat' dir='ltr'><strong>Feruntur</strong></span> 
     </span>
    </p>
   </div>
   <div class='ocr_carea' id='block_1_100' title="bbox 2159 3957 3736 4032">
    <p class='ocr_par' dir='ltr' id='par_1_100' title="bbox 2159 3957 3736 4032">
     <span class='ocr_line' id='line_1_101' title="bbox 2159 3957 3736 4032; baseline 0.004 -22"><span class='ocrx_word' id='word_1_776' title='bbox 2159 3957 2357 4028; x_wconf 88' lang='lat' dir='ltr'><strong>quippe</strong></span> <span class='ocrx_word' id='word_1_777' title='bbox 2384 3959 2580 4012; x_wconf 92' lang='lat' dir='ltr'><strong>mortui</strong></span> <span class='ocrx_word' id='word_1_778' title='bbox 2619 3959 2860 4013; x_wconf 92' lang='lat' dir='ltr'><strong>nonnulli</strong></span> <span class='ocrx_word' id='word_1_779' title='bbox 2889 3959 2971 4014; x_wconf 91' lang='lat' dir='ltr'><strong>vel</strong></span> <span class='ocrx_word' id='word_1_780' title='bbox 3000 3960 3050 4013; x_wconf 94' lang='lat' dir='ltr'><strong>in</strong></span> <span class='ocrx_word' id='word_1_781' title='bbox 3082 3961 3304 4027; x_wconf 91' lang='lat' dir='ltr'><strong>somnis,</strong></span> <span class='ocrx_word' id='word_1_782' title='bbox 3335 3962 3419 4016; x_wconf 89' lang='lat' dir='ltr'><strong>vel</strong></span> <span class='ocrx_word' id='word_1_783' title='bbox 3461 3961 3566 4018; x_wconf 89' lang='lat' dir='ltr'><strong>alio</strong></span> <span class='ocrx_word' id='word_1_784' title='bbox 3603 3977 3736 4032; x_wconf 85' lang='lat' dir='ltr'><strong>quo-</strong></span> 
     </span>
    </p>
   </div>
   <div class='ocr_carea' id='block_1_101' title="bbox 2158 4050 3739 4124">
    <p class='ocr_par' dir='ltr' id='par_1_101' title="bbox 2158 4050 3739 4124">
     <span class='ocr_line' id='line_1_102' title="bbox 2158 4050 3739 4124; baseline 0.005 -22"><span class='ocrx_word' id='word_1_785' title='bbox 2158 4062 2387 4119; x_wconf 91' lang='lat' dir='ltr'><strong>cumque</strong></span> <span class='ocrx_word' id='word_1_786' title='bbox 2415 4050 2575 4104; x_wconf 93' lang='lat' dir='ltr'><strong>modo</strong></span> <span class='ocrx_word' id='word_1_787' title='bbox 2601 4051 2909 4121; x_wconf 87' lang='lat' dir='ltr'><strong>apparuisse</strong></span> <span class='ocrx_word' id='word_1_788' title='bbox 2934 4053 3232 4108; x_wconf 86' lang='lat' dir='ltr'><strong>viventibus</strong></span> <span class='ocrx_word' id='word_1_789' title='bbox 3255 4062 3415 4124; x_wconf 89' lang='lat' dir='ltr'><strong>atque</strong></span> <span class='ocrx_word' id='word_1_790' title='bbox 3440 4054 3528 4110; x_wconf 91' lang='lat' dir='ltr'><strong>ubi</strong></span> <span class='ocrx_word' id='word_1_791' title='bbox 3556 4070 3739 4111; x_wconf 89' lang='lat' dir='ltr'><strong>eorum</strong></span> 
     </span>
    </p>
   </div>
   <div class='ocr_carea' id='block_1_102' title="bbox 2158 4141 3739 4216">
    <p class='ocr_par' dir='ltr' id='par_1_102' title="bbox 2158 4141 3739 4216">
     <span class='ocr_line' id='line_1_103' title="bbox 2158 4141 3739 4216; baseline 0.005 -22"><span class='ocrx_word' id='word_1_792' title='bbox 2158 4154 2381 4210; x_wconf 89' lang='lat' dir='ltr'><strong>corpora</strong></span> <span class='ocrx_word' id='word_1_793' title='bbox 2425 4141 2666 4211; x_wconf 87' lang='lat' dir='ltr'><strong>jacerent</strong></span> <span class='ocrx_word' id='word_1_794' title='bbox 2724 4141 2993 4197; x_wconf 87' lang='lat' dir='ltr'><strong>inhumata</strong></span> <span class='ocrx_word' id='word_1_795' title='bbox 3044 4145 3440 4212; x_wconf 89' lang='lat' dir='ltr'><strong>nescientibus,</strong></span> <span class='ocrx_word' id='word_1_796' title='bbox 3503 4146 3739 4216; x_wconf 88' lang='lat' dir='ltr'><strong>locisque</strong></span> 
     </span>
    </p>
   </div>
   <div class='ocr_carea' id='block_1_103' title="bbox 2161 4231 3737 4306">
    <p class='ocr_par' dir='ltr' id='par_1_103' title="bbox 2161 4231 3737 4306">
     <span class='ocr_line' id='line_1_104' title="bbox 2161 4231 3737 4306; baseline 0.004 -22"><span class='ocrx_word' id='word_1_797' title='bbox 2161 4231 2473 4286; x_wconf 90' lang='lat' dir='ltr'><strong>monstratis</strong></span> <span class='ocrx_word' id='word_1_798' title='bbox 2499 4231 2840 4288; x_wconf 89' lang='lat' dir='ltr'><strong>admonuisse</strong></span> <span class='ocrx_word' id='word_1_799' title='bbox 2871 4243 2927 4288; x_wconf 92' lang='lat' dir='ltr'><strong>ut</strong></span> <span class='ocrx_word' id='word_1_800' title='bbox 2955 4234 3054 4289; x_wconf 91' lang='lat' dir='ltr'><strong>sibi</strong></span> <span class='ocrx_word' id='word_1_801' title='bbox 3084 4236 3353 4306; x_wconf 88' lang='lat' dir='ltr'><strong>sepultura</strong></span> <span class='ocrx_word' id='word_1_802' title='bbox 3391 4252 3510 4306; x_wconf 73' lang='lat' dir='ltr'><strong>qua:</strong></span> <span class='ocrx_word' id='word_1_803' title='bbox 3550 4235 3737 4292; x_wconf 86' lang='lat' dir='ltr'><strong>defue-</strong></span> 
     </span>
    </p>
   </div>
   <div class='ocr_carea' id='block_1_104' title="bbox 2161 4321 3734 4396">
    <p class='ocr_par' dir='ltr' id='par_1_104' title="bbox 2161 4321 3734 4396">
     <span class='ocr_line' id='line_1_105' title="bbox 2161 4321 3734 4396; baseline 0.006 -23"><span class='ocrx_word' id='word_1_804' title='bbox 2161 4328 2246 4374; x_wconf 90' lang='lat' dir='ltr'><strong>rat</strong></span> <span class='ocrx_word' id='word_1_805' title='bbox 2289 4321 2636 4390; x_wconf 82' lang='lat' dir='ltr'><strong>praeberetur.</strong></span> <span class='ocrx_word' id='word_1_806' title='bbox 2683 4322 2808 4378; x_wconf 80' lang='lat' dir='ltr'><strong>Hzec</strong></span> <span class='ocrx_word' id='word_1_807' title='bbox 2847 4324 2892 4378; x_wconf 90' lang='lat' dir='ltr'><strong>si</strong></span> <span class='ocrx_word' id='word_1_808' title='bbox 2937 4324 3068 4379; x_wconf 85' lang='lat' dir='ltr'><strong>falsa</strong></span> <span class='ocrx_word' id='word_1_809' title='bbox 3106 4339 3225 4380; x_wconf 88' lang='lat' dir='ltr'><strong>esse</strong></span> <span class='ocrx_word' id='word_1_810' title='bbox 3269 4325 3734 4396; x_wconf 90' lang='lat' dir='ltr'><strong>responderimus,</strong></span> 
     </span>
    </p>
   </div>
   <div class='ocr_carea' id='block_1_105' title="bbox 2160 4412 3740 4484">
    <p class='ocr_par' dir='ltr' id='par_1_105' title="bbox 2160 4412 3740 4484">
     <span class='ocr_line' id='line_1_106' title="bbox 2160 4412 3740 4484; baseline 0.006 -19"><span class='ocrx_word' id='word_1_811' title='bbox 2160 4421 2345 4465; x_wconf 91' lang='lat' dir='ltr'><strong>contra</strong></span> <span class='ocrx_word' id='word_1_812' title='bbox 2390 4412 2741 4481; x_wconf 87' lang='lat' dir='ltr'><strong>quorumdam</strong></span> <span class='ocrx_word' id='word_1_813' title='bbox 2783 4415 2982 4484; x_wconf 90' lang='lat' dir='ltr'><strong>scripta</strong></span> <span class='ocrx_word' id='word_1_814' title='bbox 3014 4414 3278 4479; x_wconf 89' lang='lat' dir='ltr'><strong>ﬁdelium,</strong></span> <span class='ocrx_word' id='word_1_815' title='bbox 3320 4424 3372 4469; x_wconf 92' lang='lat' dir='ltr'><strong>et</strong></span> <span class='ocrx_word' id='word_1_816' title='bbox 3414 4425 3599 4472; x_wconf 85' lang='lat' dir='ltr'><strong>contra</strong></span> <span class='ocrx_word' id='word_1_817' title='bbox 3643 4433 3740 4474; x_wconf 89' lang='lat' dir='ltr'><strong>eo-</strong></span> 
     </span>
    </p>
   </div>
   <div class='ocr_carea' id='block_1_106' title="bbox 2162 4504 3743 4582">
    <p class='ocr_par' dir='ltr' id='par_1_106' title="bbox 2162 4504 3743 4582">
     <span class='ocr_line' id='line_1_107' title="bbox 2162 4504 3743 4582; baseline 0.006 -26"><span class='ocrx_word' id='word_1_818' title='bbox 2162 4518 2281 4556; x_wconf 89' lang='lat' dir='ltr'><strong>rum</strong></span> <span class='ocrx_word' id='word_1_819' title='bbox 2309 4517 2500 4558; x_wconf 89' lang='lat' dir='ltr'><strong>scnsus</strong></span> <span class='ocrx_word' id='word_1_820' title='bbox 2531 4505 2619 4574; x_wconf 91' lang='lat' dir='ltr'><strong>qui</strong></span> <span class='ocrx_word' id='word_1_821' title='bbox 2652 4505 2774 4559; x_wconf 89' lang='lat' dir='ltr'><strong>talia</strong></span> <span class='ocrx_word' id='word_1_822' title='bbox 2801 4505 2899 4560; x_wconf 91' lang='lat' dir='ltr'><strong>sibi</strong></span> <span class='ocrx_word' id='word_1_823' title='bbox 2929 4505 3184 4561; x_wconf 90' lang='lat' dir='ltr'><strong>accidisse</strong></span> <span class='ocrx_word' id='word_1_824' title='bbox 3209 4504 3547 4574; x_wconf 89' lang='lat' dir='ltr'><strong>conﬁrmant,</strong></span> <span class='ocrx_word' id='word_1_825' title='bbox 3577 4509 3743 4582; x_wconf 85' lang='lat' dir='ltr'><strong>impu-</strong></span> 
     </span>
    </p>
   </div>
   <div class='ocr_carea' id='block_1_107' title="bbox 2160 4592 3740 4667">
    <p class='ocr_par' dir='ltr' id='par_1_107' title="bbox 2160 4592 3740 4667">
     <span class='ocr_line' id='line_1_108' title="bbox 2160 4592 3740 4667; baseline 0.007 -21"><span class='ocrx_word' id='word_1_826' title='bbox 2160 4592 2350 4648; x_wconf 90' lang='lat' dir='ltr'><strong>denter</strong></span> <span class='ocrx_word' id='word_1_827' title='bbox 2402 4595 2586 4649; x_wconf 89' lang='lat' dir='ltr'><strong>venire</strong></span> <span class='ocrx_word' id='word_1_828' title='bbox 2633 4595 2950 4651; x_wconf 89' lang='lat' dir='ltr'><strong>videbimur.</strong></span> <span class='ocrx_word' id='word_1_829' title='bbox 2997 4595 3099 4651; x_wconf 89' lang='lat' dir='ltr'><strong>Sed</strong></span> <span class='ocrx_word' id='word_1_830' title='bbox 3143 4596 3574 4665; x_wconf 89' lang='lat' dir='ltr'><strong>respondendum</strong></span> <span class='ocrx_word' id='word_1_831' title='bbox 3621 4611 3740 4667; x_wconf 88' lang='lat' dir='ltr'><strong>est,</strong></span> 
     </span>
    </p>
   </div>
   <div class='ocr_carea' id='block_1_108' title="bbox 2160 4684 3744 4762">
    <p class='ocr_par' dir='ltr' id='par_1_108' title="bbox 2160 4684 3744 4762">
     <span class='ocr_line' id='line_1_109' title="bbox 2160 4684 3744 4762; baseline 0.006 -24"><span class='ocrx_word' id='word_1_832' title='bbox 2160 4698 2268 4739; x_wconf 93' lang='lat' dir='ltr'><strong>non</strong></span> <span class='ocrx_word' id='word_1_833' title='bbox 2297 4684 2417 4740; x_wconf 90' lang='lat' dir='ltr'><strong>ideo</strong></span> <span class='ocrx_word' id='word_1_834' title='bbox 2446 4685 2736 4754; x_wconf 87' lang='lat' dir='ltr'><strong>putandum</strong></span> <span class='ocrx_word' id='word_1_835' title='bbox 2773 4701 2892 4742; x_wconf 89' lang='lat' dir='ltr'><strong>esse</strong></span> <span class='ocrx_word' id='word_1_836' title='bbox 2929 4695 3166 4742; x_wconf 90' lang='lat' dir='ltr'><strong>mortuos</strong></span> <span class='ocrx_word' id='word_1_837' title='bbox 3208 4688 3307 4741; x_wconf 89' lang='lat' dir='ltr'><strong>ista</strong></span> <span class='ocrx_word' id='word_1_838' title='bbox 3345 4689 3581 4756; x_wconf 91' lang='lat' dir='ltr'><strong>sentire,</strong></span> <span class='ocrx_word' id='word_1_839' title='bbox 3623 4693 3744 4762; x_wconf 91' lang='lat' dir='ltr'><strong>quia</strong></span> 
     </span>
    </p>
   </div>
   <div class='ocr_carea' id='block_1_109' title="bbox 2163 4774 3745 4849">
    <p class='ocr_par' dir='ltr' id='par_1_109' title="bbox 2163 4774 3745 4849">
     <span class='ocr_line' id='line_1_110' title="bbox 2163 4774 3745 4849; baseline 0.006 -21"><span class='ocrx_word' id='word_1_840' title='bbox 2163 4774 2280 4830; x_wconf 79' lang='lat' dir='ltr'><strong>haec</strong></span> <span class='ocrx_word' id='word_1_841' title='bbox 2319 4776 2499 4832; x_wconf 87' lang='lat' dir='ltr'><strong>dicere</strong></span> <span class='ocrx_word' id='word_1_842' title='bbox 2524 4777 2609 4831; x_wconf 86' lang='lat' dir='ltr'><strong>vel</strong></span> <span class='ocrx_word' id='word_1_843' title='bbox 2637 4777 2875 4834; x_wconf 90' lang='lat' dir='ltr'><strong>indicare</strong></span> <span class='ocrx_word' id='word_1_844' title='bbox 2901 4778 2987 4832; x_wconf 83' lang='lat' dir='ltr'><strong>vel</strong></span> <span class='ocrx_word' id='word_1_845' title='bbox 3028 4788 3207 4849; x_wconf 89' lang='lat' dir='ltr'><strong>petere</strong></span> <span class='ocrx_word' id='word_1_846' title='bbox 3246 4778 3493 4836; x_wconf 85' lang='lat' dir='ltr'><strong>videntur</strong></span> <span class='ocrx_word' id='word_1_847' title='bbox 3521 4783 3572 4837; x_wconf 91' lang='lat' dir='ltr'><strong>in</strong></span> <span class='ocrx_word' id='word_1_848' title='bbox 3603 4799 3745 4838; x_wconf 85' lang='lat' dir='ltr'><strong>som-</strong></span> 
     </span>
    </p>
   </div>
   <div class='ocr_carea' id='block_1_110' title="bbox 2169 4867 3746 4941">
    <p class='ocr_par' dir='ltr' id='par_1_110' title="bbox 2169 4867 3746 4941">
     <span class='ocr_line' id='line_1_111' title="bbox 2169 4867 3746 4941; baseline 0.004 -20"><span class='ocrx_word' id='word_1_849' title='bbox 2169 4867 2272 4921; x_wconf 90' lang='lat' dir='ltr'><strong>nis.</strong></span> <span class='ocrx_word' id='word_1_850' title='bbox 2313 4867 2446 4921; x_wconf 85' lang='lat' dir='ltr'><strong>Nam</strong></span> <span class='ocrx_word' id='word_1_851' title='bbox 2474 4876 2529 4922; x_wconf 91' lang='lat' dir='ltr'><strong>et</strong></span> <span class='ocrx_word' id='word_1_852' title='bbox 2562 4869 2802 4923; x_wconf 84' lang='lat' dir='ltr'><strong>viventes</strong></span> <span class='ocrx_word' id='word_1_853' title='bbox 2842 4879 3102 4940; x_wconf 86' lang='lat' dir='ltr'><strong>apparent</strong></span> <span class='ocrx_word' id='word_1_854' title='bbox 3131 4886 3271 4941; x_wconf 59' lang='lat' dir='ltr'><strong>sa‘pe</strong></span> <span class='ocrx_word' id='word_1_855' title='bbox 3296 4872 3596 4928; x_wconf 86' lang='lat' dir='ltr'><strong>viventibus</strong></span> <span class='ocrx_word' id='word_1_856' title='bbox 3623 4873 3746 4928; x_wconf 88' lang='lat' dir='ltr'><strong>dor-</strong></span> 
     </span>
    </p>
   </div>
   <div class='ocr_carea' id='block_1_111' title="bbox 2161 4956 3746 5035">
    <p class='ocr_par' dir='ltr' id='par_1_111' title="bbox 2161 4956 3746 5035">
     <span class='ocr_line' id='line_1_112' title="bbox 2161 4956 3746 5035; baseline 0.006 -23"><span class='ocrx_word' id='word_1_857' title='bbox 2161 4956 2483 5024; x_wconf 89' lang='lat' dir='ltr'><strong>mientibus,</strong></span> <span class='ocrx_word' id='word_1_858' title='bbox 2521 4957 2645 5012; x_wconf 92' lang='lat' dir='ltr'><strong>dum</strong></span> <span class='ocrx_word' id='word_1_859' title='bbox 2677 4973 2735 5014; x_wconf 89' lang='lat' dir='ltr'><strong>se</strong></span> <span class='ocrx_word' id='word_1_860' title='bbox 2765 4960 2864 5029; x_wconf 89' lang='lat' dir='ltr'><strong>ipsi</strong></span> <span class='ocrx_word' id='word_1_861' title='bbox 2896 4962 3139 5015; x_wconf 89' lang='lat' dir='ltr'><strong>nesciant</strong></span> <span class='ocrx_word' id='word_1_862' title='bbox 3173 4960 3194 4992; x_wconf 83' lang='grc'>³</span> <span class='ocrx_word' id='word_1_863' title='bbox 3237 4977 3492 5032; x_wconf 90' lang='lat' dir='ltr'><strong>apparere</strong></span> <span class='ocrx_word' id='word_1_864' title='bbox 3535 4963 3645 5035; x_wconf 86' lang='lat' dir='ltr'><strong>(a);</strong></span> <span class='ocrx_word' id='word_1_865' title='bbox 3690 4975 3746 5020; x_wconf 87' lang='lat' dir='ltr'><strong>et</strong></span> 
     </span>
    </p>
   </div>
   <div class='ocr_carea' id='block_1_112' title="bbox 2162 5050 3742 5124">
    <p class='ocr_par' dir='ltr' id='par_1_112' title="bbox 2162 5050 3742 5124">
     <span class='ocr_line' id='line_1_113' title="bbox 2162 5050 3742 5124; baseline 0.004 -23"><span class='ocrx_word' id='word_1_866' title='bbox 2162 5051 2230 5103; x_wconf 91' lang='lat' dir='ltr'><strong>ab</strong></span> <span class='ocrx_word' id='word_1_867' title='bbox 2271 5050 2350 5104; x_wconf 91' lang='lat' dir='ltr'><strong>eis</strong></span> <span class='ocrx_word' id='word_1_868' title='bbox 2392 5050 2506 5104; x_wconf 75' lang='lat' dir='ltr'><strong>lucc</strong></span> <span class='ocrx_word' id='word_1_869' title='bbox 2547 5064 2665 5120; x_wconf 69' lang='lat' dir='ltr'><strong>qua:</strong></span> <span class='ocrx_word' id='word_1_870' title='bbox 2712 5050 3099 5106; x_wconf 84' lang='lat' dir='ltr'><strong>somniaverim</strong></span> <span class='ocrx_word' id='word_1_871' title='bbox 3145 5053 3364 5107; x_wconf 87' lang='lat' dir='ltr'><strong>audiunt</strong></span> <span class='ocrx_word' id='word_1_872' title='bbox 3408 5053 3742 5124; x_wconf 88' lang='lat' dir='ltr'><strong>dicentibus,</strong></span> 
     </span>
    </p>
   </div>
   <div class='ocr_carea' id='block_1_113' title="bbox 2162 5140 3745 5214">
    <p class='ocr_par' dir='ltr' id='par_1_113' title="bbox 2162 5140 3745 5214">
     <span class='ocr_line' id='line_1_114' title="bbox 2162 5140 3745 5214; baseline 0.003 -20"><span class='ocrx_word' id='word_1_873' title='bbox 2162 5140 2301 5210; x_wconf 89' lang='lat' dir='ltr'><strong>quod</strong></span> <span class='ocrx_word' id='word_1_874' title='bbox 2329 5155 2422 5195; x_wconf 91' lang='lat' dir='ltr'><strong>eos</strong></span> <span class='ocrx_word' id='word_1_875' title='bbox 2451 5141 2504 5194; x_wconf 91' lang='lat' dir='ltr'><strong>in</strong></span> <span class='ocrx_word' id='word_1_876' title='bbox 2531 5141 2735 5195; x_wconf 90' lang='lat' dir='ltr'><strong>somnis</strong></span> <span class='ocrx_word' id='word_1_877' title='bbox 2759 5151 2978 5211; x_wconf 88' lang='lat' dir='ltr'><strong>agentes</strong></span> <span class='ocrx_word' id='word_1_878' title='bbox 3008 5143 3206 5213; x_wconf 89' lang='lat' dir='ltr'><strong>aliquid</strong></span> <span class='ocrx_word' id='word_1_879' title='bbox 3247 5145 3329 5198; x_wconf 88' lang='lat' dir='ltr'><strong>vel</strong></span> <span class='ocrx_word' id='word_1_880' title='bbox 3362 5145 3636 5214; x_wconf 86' lang='lat' dir='ltr'><strong>loquentes</strong></span> <span class='ocrx_word' id='word_1_881' title='bbox 3663 5147 3745 5198; x_wconf 82' lang='lat' dir='ltr'><strong>vi-</strong></span> 
     </span>
    </p>
   </div>
   <div class='ocr_carea' id='block_1_114' title="bbox 2162 5231 3744 5304">
    <p class='ocr_par' dir='ltr' id='par_1_114' title="bbox 2162 5231 3744 5304">
     <span class='ocr_line' id='line_1_115' title="bbox 2162 5231 3744 5304; baseline 0.004 -19"><span class='ocrx_word' id='word_1_882' title='bbox 2162 5232 2357 5286; x_wconf 91' lang='lat' dir='ltr'><strong>derint.</strong></span> <span class='ocrx_word' id='word_1_883' title='bbox 2401 5231 2456 5286; x_wconf 90' lang='lat' dir='ltr'><strong>Si</strong></span> <span class='ocrx_word' id='word_1_884' title='bbox 2499 5247 2625 5302; x_wconf 82' lang='lat' dir='ltr'><strong>ergo</strong></span> <span class='ocrx_word' id='word_1_885' title='bbox 2655 5248 2741 5287; x_wconf 91' lang='lat' dir='ltr'><strong>me</strong></span> <span class='ocrx_word' id='word_1_886' title='bbox 2771 5242 2949 5303; x_wconf 82' lang='lat' dir='ltr'><strong>petest</strong></span> <span class='ocrx_word' id='word_1_887' title='bbox 2993 5236 3185 5304; x_wconf 87' lang='lat' dir='ltr'><strong>aliquis</strong></span> <span class='ocrx_word' id='word_1_888' title='bbox 3217 5237 3268 5290; x_wconf 90' lang='lat' dir='ltr'><strong>in</strong></span> <span class='ocrx_word' id='word_1_889' title='bbox 3299 5239 3501 5292; x_wconf 84' lang='lat' dir='ltr'><strong>somnis</strong></span> <span class='ocrx_word' id='word_1_890' title='bbox 3542 5238 3744 5304; x_wconf 88' lang='lat' dir='ltr'><strong>videre,</strong></span> 
     </span>
    </p>
   </div>
   <div class='ocr_carea' id='block_1_115' title="bbox 2162 5322 3746 5394">
    <p class='ocr_par' dir='ltr' id='par_1_115' title="bbox 2162 5322 3746 5394">
     <span class='ocr_line' id='line_1_116' title="bbox 2162 5322 3746 5394; baseline 0.004 -17"><span class='ocrx_word' id='word_1_891' title='bbox 2162 5323 2262 5377; x_wconf 90' lang='lat' dir='ltr'><strong>sibi</strong></span> <span class='ocrx_word' id='word_1_892' title='bbox 2308 5322 2509 5392; x_wconf 90' lang='lat' dir='ltr'><strong>aliquid</strong></span> <span class='ocrx_word' id='word_1_893' title='bbox 2549 5323 2690 5393; x_wconf 92' lang='lat' dir='ltr'><strong>quod</strong></span> <span class='ocrx_word' id='word_1_894' title='bbox 2735 5323 2932 5383; x_wconf 85' lang='lat' dir='ltr'><strong>factum</strong></span> <span class='ocrx_word' id='word_1_895' title='bbox 2977 5335 3060 5392; x_wconf 71' lang='lat' dir='ltr'><strong>est</strong></span> <span class='ocrx_word' id='word_1_896' title='bbox 3100 5327 3442 5394; x_wconf 87' lang='lat' dir='ltr'><strong>indicantem,</strong></span> <span class='ocrx_word' id='word_1_897' title='bbox 3468 5329 3552 5383; x_wconf 88' lang='lat' dir='ltr'><strong>vel</strong></span> <span class='ocrx_word' id='word_1_898' title='bbox 3583 5330 3746 5384; x_wconf 87' lang='lat' dir='ltr'><strong>etiam</strong></span> 
     </span>
    </p>
   </div>
   <div class='ocr_carea' id='block_1_116' title="bbox 2186 5459 3757 5532">
    <p class='ocr_par' dir='ltr' id='par_1_116' title="bbox 2186 5459 3757 5532">
     <span class='ocr_line' id='line_1_117' title="bbox 2186 5459 3757 5532; baseline 0.006 -25"><span class='ocrx_word' id='word_1_899' title='bbox 2186 5461 2242 5532; x_wconf 56' lang='grc' dir='ltr'><strong>ηί</strong></span> <span class='ocrx_word' id='word_1_900' title='bbox 2276 5460 2414 5532; x_wconf 82' lang='lat' dir='ltr'><strong>Editi,</strong></span> <span class='ocrx_word' id='word_1_901' title='bbox 2439 5459 2634 5532; x_wconf 71' lang='lat' dir='ltr'><strong>miseria</strong></span> <span class='ocrx_word' id='word_1_902' title='bbox 2655 5461 2942 5532; x_wconf 51' lang='lat' dir='ltr'><strong>cruciabat“;</strong></span> <span class='ocrx_word' id='word_1_903' title='bbox 2975 5461 3091 5532; x_wconf 81' lang='lat' dir='ltr'><strong>quia</strong></span> <span class='ocrx_word' id='word_1_904' title='bbox 3112 5463 3244 5532; x_wconf 78' lang='lat' dir='ltr'><strong>nullo</strong></span> <span class='ocrx_word' id='word_1_905' title='bbox 3267 5465 3408 5514; x_wconf 83' lang='lat' dir='ltr'><strong>modo</strong></span> <span class='ocrx_word' id='word_1_906' title='bbox 3427 5463 3525 5516; x_wconf 82' lang='lat' dir='ltr'><strong>illis</strong></span> <span class='ocrx_word' id='word_1_907' title='bbox 3547 5464 3729 5532; x_wconf 61' lang='lat' dir='ltr'><strong>seruiat</strong></span> <span class='ocrx_word' id='word_1_908' title='bbox 3755 5488 3757 5490; x_wconf 87' lang='grc'><strong>·</strong></span> 
     </span>
    </p>
   </div>
   <div class='ocr_carea' id='block_1_117' title="bbox 2160 5521 3563 5582">
    <p class='ocr_par' dir='ltr' id='par_1_117' title="bbox 2160 5521 3563 5582">
     <span class='ocr_line' id='line_1_118' title="bbox 2160 5521 3563 5582; baseline 0.003 -10"><span class='ocrx_word' id='word_1_909' title='bbox 2160 5521 2302 5580; x_wconf 70' lang='lat' dir='ltr'><strong>libus,</strong></span> <span class='ocrx_word' id='word_1_910' title='bbox 2322 5531 2450 5582; x_wconf 87' lang='lat' dir='ltr'><strong>etc.;</strong></span> <span class='ocrx_word' id='word_1_911' title='bbox 2476 5523 2635 5571; x_wconf 91' lang='lat' dir='ltr'><strong>minus</strong></span> <span class='ocrx_word' id='word_1_912' title='bbox 2656 5523 2786 5571; x_wconf 92' lang='lat' dir='ltr'><strong>bene</strong></span> <span class='ocrx_word' id='word_1_913' title='bbox 2811 5531 2862 5573; x_wconf 88' lang='lat' dir='ltr'><strong>et</strong></span> <span class='ocrx_word' id='word_1_914' title='bbox 2877 5521 3284 5579; x_wconf 81' lang='lat' dir='ltr'><strong>dissentientibus</strong></span> <span class='ocrx_word' id='word_1_915' title='bbox 3305 5534 3409 5582; x_wconf 77' lang='lat' dir='ltr'><strong>Mss.</strong></span> <span class='ocrx_word' id='word_1_916' title='bbox 3555 5525 3563 5532; x_wconf 83' lang='grc'><strong>’</strong></span> 
     </span>
    </p>
   </div>
   <div class='ocr_carea' id='block_1_118' title="bbox 2223 5581 3384 5647">
    <p class='ocr_par' dir='ltr' id='par_1_118' title="bbox 2223 5581 3384 5647">
     <span class='ocr_line' id='line_1_119' title="bbox 2223 5581 3384 5647; baseline 0.001 -16"><span class='ocrx_word' id='word_1_917' title='bbox 2223 5586 2244 5647; x_wconf 54' lang='grc' dir='ltr'>ξ</span> <span class='ocrx_word' id='word_1_918' title='bbox 2276 5582 2378 5631; x_wconf 82' lang='lat' dir='ltr'><strong>Sola</strong></span> <span class='ocrx_word' id='word_1_919' title='bbox 2397 5581 2504 5647; x_wconf 85' lang='lat' dir='ltr'><strong>fere</strong></span> <span class='ocrx_word' id='word_1_920' title='bbox 2528 5584 2676 5632; x_wconf 90' lang='lat' dir='ltr'><strong>editio</strong></span> <span class='ocrx_word' id='word_1_921' title='bbox 2693 5591 2803 5634; x_wconf 83' lang='lat' dir='ltr'><strong>Lov.</strong></span> <span class='ocrx_word' id='word_1_922' title='bbox 2823 5621 2836 5644; x_wconf 93' lang='lat'><strong>,</strong></span> <span class='ocrx_word' id='word_1_923' title='bbox 2857 5585 3053 5647; x_wconf 75' lang='lat' dir='ltr'><strong>inferni.</strong></span> <span class='ocrx_word' id='word_1_924' title='bbox 3360 5581 3384 5632; x_wconf 76' lang='grc'><strong>.’</strong></span> 
     </span>
    </p>
   </div>
   <div class='ocr_carea' id='block_1_119' title="bbox 2227 5645 3205 5708">
    <p class='ocr_par' dir='ltr' id='par_1_119' title="bbox 2227 5645 3205 5708">
     <span class='ocr_line' id='line_1_120' title="bbox 2227 5645 3205 5708; baseline 0.008 -16"><span class='ocrx_word' id='word_1_925' title='bbox 2227 5646 2247 5708; x_wconf 57' lang='grc' dir='ltr'>ξ</span> <span class='ocrx_word' id='word_1_926' title='bbox 2277 5651 2352 5708; x_wconf 77' lang='lat' dir='ltr'><strong>Er.</strong></span> <span class='ocrx_word' id='word_1_927' title='bbox 2377 5645 2522 5708; x_wconf 79' lang='lat' dir='ltr'><strong>Lugd.</strong></span> <span class='ocrx_word' id='word_1_928' title='bbox 2548 5652 2666 5694; x_wconf 84' lang='lat' dir='ltr'><strong>Ven.</strong></span> <span class='ocrx_word' id='word_1_929' title='bbox 2691 5652 2821 5708; x_wconf 86' lang='lat' dir='ltr'><strong>Lov.,</strong></span> <span class='ocrx_word' id='word_1_930' title='bbox 2843 5645 3077 5702; x_wconf 63' lang='lat' dir='ltr'><strong>maciam.</strong></span> <span class='ocrx_word' id='word_1_931' title='bbox 3141 5655 3205 5700; x_wconf 67' lang='lat' dir='ltr'><strong>ad.“</strong></span> 
     </span>
    </p>
   </div>
   <div class='ocr_carea' id='block_1_120' title="bbox 2230 5706 3037 5773">
    <p class='ocr_par' dir='ltr' id='par_1_120' title="bbox 2230 5706 3037 5773">
     <span class='ocr_line' id='line_1_121' title="bbox 2230 5706 3037 5773; baseline 0.004 -16"><span class='ocrx_word' id='word_1_932' title='bbox 2230 5706 2305 5773; x_wconf 89' lang='lat' dir='ltr'><strong>(a)</strong></span> <span class='ocrx_word' id='word_1_933' title='bbox 2330 5707 2432 5758; x_wconf 69' lang='grc' dir='ltr'><strong>για.</strong></span> <span class='ocrx_word' id='word_1_934' title='bbox 2451 5706 2715 5761; x_wconf 77' lang='lat' dir='ltr'><strong>sermones</strong></span> <span class='ocrx_word' id='word_1_935' title='bbox 2734 5707 2827 5761; x_wconf 68' lang='lat'><strong>523</strong></span> <span class='ocrx_word' id='word_1_936' title='bbox 2851 5715 2904 5762; x_wconf 87' lang='lat' dir='ltr'><strong>et</strong></span> <span class='ocrx_word' id='word_1_937' title='bbox 2925 5708 3037 5762; x_wconf 69' lang='lat'><strong>52-5.</strong></span> 
     </span>
    </p>
   </div>
  </div>
