  <div class='ocr_page' id='page_1' title='image "/cluster/home/n/w/nwhite01/storage/ocr_20150623/40/hvd.32044096580626/308.png"; bbox 0 0 4140 6216; ppageno 0'>
   <div class='ocr_carea' id='block_1_1' title="bbox 331 352 465 423">
    <p class='ocr_par' dir='ltr' id='par_1_1' title="bbox 331 352 465 423">
     <span class='ocr_line' id='line_1_1' title="bbox 331 352 465 423; baseline -0.037 -10"><span class='ocrx_word' id='word_1_1' title='bbox 331 352 465 423; x_wconf 56' lang='grc'><strong>,601</strong></span> 
     </span>
    </p>
   </div>
   <div class='ocr_carea' id='block_1_2' title="bbox 332 462 1941 543">
    <p class='ocr_par' dir='ltr' id='par_1_2' title="bbox 332 462 1941 543">
     <span class='ocr_line' id='line_1_2' title="bbox 332 462 1941 543; baseline -0.006 -16"><span class='ocrx_word' id='word_1_2' title='bbox 332 536 337 543; x_wconf 43' lang='grc'><em>,</em></span> <span class='ocrx_word' id='word_1_3' title='bbox 359 467 506 543; x_wconf 86' lang='lat' dir='ltr'><strong>quod</strong></span> <span class='ocrx_word' id='word_1_4' title='bbox 530 466 766 524; x_wconf 89' lang='lat' dir='ltr'><strong>futurum</strong></span> <span class='ocrx_word' id='word_1_5' title='bbox 791 471 876 522; x_wconf 82' lang='lat' dir='ltr'><strong>est</strong></span> <span class='ocrx_word' id='word_1_6' title='bbox 896 462 1372 536; x_wconf 74' lang='lat' dir='ltr'><strong>prtenuntiantem;</strong></span> <span class='ocrx_word' id='word_1_7' title='bbox 1414 477 1535 521; x_wconf 91' lang='lat' dir='ltr'><strong>cum</strong></span> <span class='ocrx_word' id='word_1_8' title='bbox 1563 462 1616 519; x_wconf 88' lang='lat' dir='ltr'><strong>id</strong></span> <span class='ocrx_word' id='word_1_9' title='bbox 1657 476 1756 534; x_wconf 89' lang='lat' dir='ltr'><strong>ego</strong></span> <span class='ocrx_word' id='word_1_10' title='bbox 1784 476 1941 532; x_wconf 87' lang='lat' dir='ltr'><strong>pror-</strong></span> 
     </span>
    </p>
   </div>
   <div class='ocr_carea' id='block_1_3' title="bbox 360 555 1945 632">
    <p class='ocr_par' dir='ltr' id='par_1_3' title="bbox 360 555 1945 632">
     <span class='ocr_line' id='line_1_3' title="bbox 360 555 1945 632; baseline -0.004 -13"><span class='ocrx_word' id='word_1_11' title='bbox 360 576 460 619; x_wconf 89' lang='lat' dir='ltr'><strong>sus</strong></span> <span class='ocrx_word' id='word_1_12' title='bbox 482 561 746 632; x_wconf 88' lang='lat' dir='ltr'><strong>ignorem,</strong></span> <span class='ocrx_word' id='word_1_13' title='bbox 777 566 833 615; x_wconf 92' lang='lat' dir='ltr'><strong>et</strong></span> <span class='ocrx_word' id='word_1_14' title='bbox 859 559 1077 615; x_wconf 83' lang='lat' dir='ltr'><strong>omnino</strong></span> <span class='ocrx_word' id='word_1_15' title='bbox 1101 574 1205 615; x_wconf 92' lang='lat' dir='ltr'><strong>non</strong></span> <span class='ocrx_word' id='word_1_16' title='bbox 1236 574 1417 615; x_wconf 92' lang='lat' dir='ltr'><strong>curem</strong></span> <span class='ocrx_word' id='word_1_17' title='bbox 1437 599 1452 623; x_wconf 92' lang='lat'><strong>,</strong></span> <span class='ocrx_word' id='word_1_18' title='bbox 1485 572 1591 613; x_wconf 94' lang='lat' dir='ltr'><strong>non</strong></span> <span class='ocrx_word' id='word_1_19' title='bbox 1619 557 1792 613; x_wconf 90' lang='lat' dir='ltr'><strong>solum</strong></span> <span class='ocrx_word' id='word_1_20' title='bbox 1818 555 1945 627; x_wconf 91' lang='lat' dir='ltr'><strong>quid</strong></span> 
     </span>
    </p>
   </div>
   <div class='ocr_carea' id='block_1_4' title="bbox 365 638 1942 719">
    <p class='ocr_par' dir='ltr' id='par_1_4' title="bbox 365 638 1942 719">
     <span class='ocr_line' id='line_1_4' title="bbox 365 638 1942 719; baseline -0.005 -9"><span class='ocrx_word' id='word_1_21' title='bbox 365 655 460 710; x_wconf 89' lang='lat' dir='ltr'><strong>ille</strong></span> <span class='ocrx_word' id='word_1_22' title='bbox 490 651 740 717; x_wconf 89' lang='lat' dir='ltr'><strong>somniet,</strong></span> <span class='ocrx_word' id='word_1_23' title='bbox 771 650 867 707; x_wconf 89' lang='lat' dir='ltr'><strong>sed</strong></span> <span class='ocrx_word' id='word_1_24' title='bbox 898 659 1074 706; x_wconf 90' lang='lat' dir='ltr'><strong>utrum</strong></span> <span class='ocrx_word' id='word_1_25' title='bbox 1099 638 1399 706; x_wconf 90' lang='lat' dir='ltr'><strong>dormiente</strong></span> <span class='ocrx_word' id='word_1_26' title='bbox 1426 664 1512 705; x_wconf 91' lang='lat' dir='ltr'><strong>me</strong></span> <span class='ocrx_word' id='word_1_27' title='bbox 1539 650 1737 719; x_wconf 78' lang='lat' dir='ltr'><strong>vigilet,</strong></span> <span class='ocrx_word' id='word_1_28' title='bbox 1767 664 1835 703; x_wconf 89' lang='lat' dir='ltr'><strong>an</strong></span> <span class='ocrx_word' id='word_1_29' title='bbox 1859 647 1942 702; x_wconf 89' lang='lat' dir='ltr'><strong>vi-</strong></span> 
     </span>
    </p>
   </div>
   <div class='ocr_carea' id='block_1_5' title="bbox 360 740 1944 816">
    <p class='ocr_par' dir='ltr' id='par_1_5' title="bbox 360 740 1944 816">
     <span class='ocr_line' id='line_1_5' title="bbox 360 740 1944 816; baseline -0.001 -18"><span class='ocrx_word' id='word_1_30' title='bbox 360 746 561 816; x_wconf 89' lang='lat' dir='ltr'><strong>gilante</strong></span> <span class='ocrx_word' id='word_1_31' title='bbox 589 758 675 798; x_wconf 89' lang='lat' dir='ltr'><strong>me</strong></span> <span class='ocrx_word' id='word_1_32' title='bbox 698 742 948 809; x_wconf 91' lang='lat' dir='ltr'><strong>dormiat,</strong></span> <span class='ocrx_word' id='word_1_33' title='bbox 976 758 1044 797; x_wconf 91' lang='lat' dir='ltr'><strong>an</strong></span> <span class='ocrx_word' id='word_1_34' title='bbox 1080 756 1186 798; x_wconf 92' lang='lat' dir='ltr'><strong>uno</strong></span> <span class='ocrx_word' id='word_1_35' title='bbox 1211 741 1509 813; x_wconf 87' lang='lat' dir='ltr'><strong>eodemque</strong></span> <span class='ocrx_word' id='word_1_36' title='bbox 1545 750 1785 813; x_wconf 89' lang='lat' dir='ltr'><strong>tempore</strong></span> <span class='ocrx_word' id='word_1_37' title='bbox 1813 740 1944 810; x_wconf 84' lang='lat' dir='ltr'><strong>vigi—</strong></span> 
     </span>
    </p>
   </div>
   <div class='ocr_carea' id='block_1_6' title="bbox 361 819 1940 902">
    <p class='ocr_par' dir='ltr' id='par_1_6' title="bbox 361 819 1940 902">
     <span class='ocr_line' id='line_1_6' title="bbox 361 819 1940 902; baseline -0.003 -12"><span class='ocrx_word' id='word_1_38' title='bbox 361 819 534 890; x_wconf 80' lang='lat' dir='ltr'><strong>lemns</strong></span> <span class='ocrx_word' id='word_1_39' title='bbox 570 835 729 888; x_wconf 90' lang='lat' dir='ltr'><strong>ambo</strong></span> <span class='ocrx_word' id='word_1_40' title='bbox 765 834 879 888; x_wconf 84' lang='lat' dir='ltr'><strong>sive</strong></span> <span class='ocrx_word' id='word_1_41' title='bbox 905 832 1253 901; x_wconf 85' lang='lat' dir='ltr'><strong>dormiamus,</strong></span> <span class='ocrx_word' id='word_1_42' title='bbox 1299 833 1511 902; x_wconf 86' lang='lat' dir='ltr'><strong>quando</strong></span> <span class='ocrx_word' id='word_1_43' title='bbox 1549 833 1640 889; x_wconf 90' lang='lat' dir='ltr'><strong>ille</strong></span> <span class='ocrx_word' id='word_1_44' title='bbox 1677 833 1940 887; x_wconf 90' lang='lat' dir='ltr'><strong>somnium</strong></span> 
     </span>
    </p>
   </div>
   <div class='ocr_carea' id='block_1_7' title="bbox 362 924 1942 996">
    <p class='ocr_par' dir='ltr' id='par_1_7' title="bbox 362 924 1942 996">
     <span class='ocr_line' id='line_1_7' title="bbox 362 924 1942 996; baseline -0.001 -15"><span class='ocrx_word' id='word_1_45' title='bbox 362 926 507 981; x_wconf 85' lang='lat' dir='ltr'><strong>videt</strong></span> <span class='ocrx_word' id='word_1_46' title='bbox 550 926 603 979; x_wconf 91' lang='lat' dir='ltr'><strong>in</strong></span> <span class='ocrx_word' id='word_1_47' title='bbox 634 941 741 995; x_wconf 93' lang='lat' dir='ltr'><strong>quo</strong></span> <span class='ocrx_word' id='word_1_48' title='bbox 784 940 873 980; x_wconf 90' lang='lat' dir='ltr'><strong>me</strong></span> <span class='ocrx_word' id='word_1_49' title='bbox 913 926 1101 979; x_wconf 90' lang='lat' dir='ltr'><strong>videt:</strong></span> <span class='ocrx_word' id='word_1_50' title='bbox 1147 924 1274 996; x_wconf 86' lang='lat' dir='ltr'><strong>quid</strong></span> <span class='ocrx_word' id='word_1_51' title='bbox 1321 926 1512 980; x_wconf 90' lang='lat' dir='ltr'><strong>mirum</strong></span> <span class='ocrx_word' id='word_1_52' title='bbox 1552 926 1597 980; x_wconf 91' lang='lat' dir='ltr'><strong>si</strong></span> <span class='ocrx_word' id='word_1_53' title='bbox 1644 924 1942 980; x_wconf 86' lang='lat' dir='ltr'><strong>nescientes</strong></span> 
     </span>
    </p>
   </div>
   <div class='ocr_carea' id='block_1_8' title="bbox 368 1015 1942 1080">
    <p class='ocr_par' dir='ltr' id='par_1_8' title="bbox 368 1015 1942 1080">
     <span class='ocr_line' id='line_1_8' title="bbox 368 1015 1942 1080; baseline -0.001 -10"><span class='ocrx_word' id='word_1_54' title='bbox 368 1016 560 1070; x_wconf 89' lang='lat' dir='ltr'><strong>mortui</strong></span> <span class='ocrx_word' id='word_1_55' title='bbox 582 1029 684 1069; x_wconf 90' lang='lat' dir='ltr'><strong>nec</strong></span> <span class='ocrx_word' id='word_1_56' title='bbox 708 1015 804 1069; x_wconf 89' lang='lat' dir='ltr'><strong>ista</strong></span> <span class='ocrx_word' id='word_1_57' title='bbox 833 1016 1145 1080; x_wconf 89' lang='lat' dir='ltr'><strong>sentientes,</strong></span> <span class='ocrx_word' id='word_1_58' title='bbox 1175 1024 1353 1071; x_wconf 90' lang='lat' dir='ltr'><strong>tamen</strong></span> <span class='ocrx_word' id='word_1_59' title='bbox 1379 1032 1410 1071; x_wconf 92' lang='lat' dir='ltr'><strong>a</strong></span> <span class='ocrx_word' id='word_1_60' title='bbox 1433 1015 1733 1071; x_wconf 85' lang='lat' dir='ltr'><strong>viventibus</strong></span> <span class='ocrx_word' id='word_1_61' title='bbox 1758 1015 1942 1070; x_wconf 86' lang='lat' dir='ltr'><strong>viden-</strong></span> 
     </span>
    </p>
   </div>
   <div class='ocr_carea' id='block_1_9' title="bbox 367 1105 1940 1178">
    <p class='ocr_par' dir='ltr' id='par_1_9' title="bbox 367 1105 1940 1178">
     <span class='ocr_line' id='line_1_9' title="bbox 367 1105 1940 1178; baseline 0 -19"><span class='ocrx_word' id='word_1_62' title='bbox 367 1113 451 1160; x_wconf 85' lang='lat' dir='ltr'><strong>tur</strong></span> <span class='ocrx_word' id='word_1_63' title='bbox 492 1106 544 1160; x_wconf 93' lang='lat' dir='ltr'><strong>in</strong></span> <span class='ocrx_word' id='word_1_64' title='bbox 592 1106 815 1172; x_wconf 88' lang='lat' dir='ltr'><strong>somnis,</strong></span> <span class='ocrx_word' id='word_1_65' title='bbox 853 1114 908 1161; x_wconf 92' lang='lat' dir='ltr'><strong>et</strong></span> <span class='ocrx_word' id='word_1_66' title='bbox 948 1105 1145 1176; x_wconf 85' lang='lat' dir='ltr'><strong>aliquid</strong></span> <span class='ocrx_word' id='word_1_67' title='bbox 1189 1106 1409 1172; x_wconf 89' lang='lat' dir='ltr'><strong>dicunt,</strong></span> <span class='ocrx_word' id='word_1_68' title='bbox 1454 1107 1595 1178; x_wconf 87' lang='lat' dir='ltr'><strong>quod</strong></span> <span class='ocrx_word' id='word_1_69' title='bbox 1631 1106 1940 1177; x_wconf 89' lang='lat' dir='ltr'><strong>evigilantcs</strong></span> 
     </span>
    </p>
   </div>
   <div class='ocr_carea' id='block_1_10' title="bbox 364 1196 1940 1268">
    <p class='ocr_par' dir='ltr' id='par_1_10' title="bbox 364 1196 1940 1268">
     <span class='ocr_line' id='line_1_10' title="bbox 364 1196 1940 1268; baseline -0.001 -16"><span class='ocrx_word' id='word_1_70' title='bbox 364 1211 553 1252; x_wconf 86' lang='lat' dir='ltr'><strong>verum</strong></span> <span class='ocrx_word' id='word_1_71' title='bbox 593 1211 712 1252; x_wconf 87' lang='lat' dir='ltr'><strong>esse</strong></span> <span class='ocrx_word' id='word_1_72' title='bbox 739 1198 1094 1266; x_wconf 78' lang='lat' dir='ltr'><strong>cognoscant?</strong></span> <span class='ocrx_word' id='word_1_73' title='bbox 1122 1196 1391 1268; x_wconf 86' lang='lat' dir='ltr'><strong>Angelicis</strong></span> <span class='ocrx_word' id='word_1_74' title='bbox 1419 1198 1577 1268; x_wconf 80' lang='lat' dir='ltr'><strong>igitur</strong></span> <span class='ocrx_word' id='word_1_75' title='bbox 1615 1197 1940 1267; x_wconf 85' lang='lat' dir='ltr'><strong>operationi-</strong></span> 
     </span>
    </p>
   </div>
   <div class='ocr_carea' id='block_1_11' title="bbox 363 1289 1940 1360">
    <p class='ocr_par' dir='ltr' id='par_1_11' title="bbox 363 1289 1940 1360">
     <span class='ocr_line' id='line_1_11' title="bbox 363 1289 1940 1360; baseline -0.002 -13"><span class='ocrx_word' id='word_1_76' title='bbox 363 1291 466 1347; x_wconf 86' lang='lat' dir='ltr'><strong>bus</strong></span> <span class='ocrx_word' id='word_1_77' title='bbox 494 1290 607 1346; x_wconf 86' lang='lat' dir='ltr'><strong>fieri</strong></span> <span class='ocrx_word' id='word_1_78' title='bbox 636 1289 982 1351; x_wconf 88' lang='lat' dir='ltr'><strong>crediderim,</strong></span> <span class='ocrx_word' id='word_1_79' title='bbox 1025 1290 1138 1345; x_wconf 85' lang='lat' dir='ltr'><strong>sive</strong></span> <span class='ocrx_word' id='word_1_80' title='bbox 1186 1291 1521 1360; x_wconf 84' lang='lat' dir='ltr'><strong>permittatur</strong></span> <span class='ocrx_word' id='word_1_81' title='bbox 1547 1289 1797 1360; x_wconf 83' lang='lat' dir='ltr'><strong>desuper,</strong></span> <span class='ocrx_word' id='word_1_82' title='bbox 1828 1289 1940 1344; x_wconf 87' lang='lat' dir='ltr'><strong>sive</strong></span> 
     </span>
    </p>
   </div>
   <div class='ocr_carea' id='block_1_12' title="bbox 357 1379 1941 1452">
    <p class='ocr_par' dir='ltr' id='par_1_12' title="bbox 357 1379 1941 1452">
     <span class='ocr_line' id='line_1_12' title="bbox 357 1379 1941 1452; baseline 0.002 -18"><span class='ocrx_word' id='word_1_83' title='bbox 357 1380 629 1452; x_wconf 87' lang='lat' dir='ltr'><strong>jubcatur,</strong></span> <span class='ocrx_word' id='word_1_84' title='bbox 657 1389 716 1435; x_wconf 93' lang='lat' dir='ltr'><strong>ut</strong></span> <span class='ocrx_word' id='word_1_85' title='bbox 743 1379 942 1452; x_wconf 91' lang='lat' dir='ltr'><strong>aliquid</strong></span> <span class='ocrx_word' id='word_1_86' title='bbox 968 1380 1251 1450; x_wconf 46' lang='lat' dir='ltr'><strong>dicere.de</strong></span> <span class='ocrx_word' id='word_1_87' title='bbox 1288 1381 1605 1451; x_wconf 80' lang='lat' dir='ltr'><strong>sepeliendis</strong></span> <span class='ocrx_word' id='word_1_88' title='bbox 1629 1381 1941 1452; x_wconf 83' lang='lat' dir='ltr'><strong>corporibus</strong></span> 
     </span>
    </p>
   </div>
   <div class='ocr_carea' id='block_1_13' title="bbox 362 1469 1942 1547">
    <p class='ocr_par' dir='ltr' id='par_1_13' title="bbox 362 1469 1942 1547">
     <span class='ocr_line' id='line_1_13' title="bbox 362 1469 1942 1547; baseline 0 -20"><span class='ocrx_word' id='word_1_89' title='bbox 362 1471 477 1527; x_wconf 88' lang='lat' dir='ltr'><strong>suis</strong></span> <span class='ocrx_word' id='word_1_90' title='bbox 499 1469 779 1529; x_wconf 86' lang='lat' dir='ltr'><strong>videantur</strong></span> <span class='ocrx_word' id='word_1_91' title='bbox 812 1471 864 1525; x_wconf 94' lang='lat' dir='ltr'><strong>in</strong></span> <span class='ocrx_word' id='word_1_92' title='bbox 903 1472 1140 1538; x_wconf 87' lang='lat' dir='ltr'><strong>somnis,</strong></span> <span class='ocrx_word' id='word_1_93' title='bbox 1182 1486 1303 1526; x_wconf 92' lang='lat' dir='ltr'><strong>cum</strong></span> <span class='ocrx_word' id='word_1_94' title='bbox 1348 1471 1400 1547; x_wconf 84' lang='lat' dir='ltr'><strong>id</strong></span> <span class='ocrx_word' id='word_1_95' title='bbox 1447 1473 1658 1542; x_wconf 86' lang='lat' dir='ltr'><strong>penitus</strong></span> <span class='ocrx_word' id='word_1_96' title='bbox 1702 1475 1942 1528; x_wconf 81' lang='lat' dir='ltr'><strong>nesciant</strong></span> 
     </span>
    </p>
   </div>
   <div class='ocr_carea' id='block_1_14' title="bbox 364 1560 1942 1633">
    <p class='ocr_par' dir='ltr' id='par_1_14' title="bbox 364 1560 1942 1633">
     <span class='ocr_line' id='line_1_14' title="bbox 364 1560 1942 1633; baseline 0.002 -19"><span class='ocrx_word' id='word_1_97' title='bbox 364 1576 594 1631; x_wconf 86' lang='lat' dir='ltr'><strong>quorum</strong></span> <span class='ocrx_word' id='word_1_98' title='bbox 631 1560 717 1615; x_wconf 89' lang='lat' dir='ltr'><strong>illa</strong></span> <span class='ocrx_word' id='word_1_99' title='bbox 746 1569 868 1615; x_wconf 92' lang='lat' dir='ltr'><strong>sunt</strong></span> <span class='ocrx_word' id='word_1_100' title='bbox 896 1575 1141 1631; x_wconf 87' lang='lat' dir='ltr'><strong>corpora.</strong></span> <span class='ocrx_word' id='word_1_101' title='bbox 1184 1561 1241 1616; x_wconf 86' lang='lat' dir='ltr'><strong>id</strong></span> <span class='ocrx_word' id='word_1_102' title='bbox 1269 1570 1447 1618; x_wconf 88' lang='lat' dir='ltr'><strong>autem</strong></span> <span class='ocrx_word' id='word_1_103' title='bbox 1475 1562 1759 1633; x_wconf 84' lang='lat' dir='ltr'><strong>aliquando</strong></span> <span class='ocrx_word' id='word_1_104' title='bbox 1801 1562 1942 1617; x_wconf 89' lang='lat' dir='ltr'><strong>utili-</strong></span> 
     </span>
    </p>
   </div>
   <div class='ocr_carea' id='block_1_15' title="bbox 366 1649 1939 1723">
    <p class='ocr_par' dir='ltr' id='par_1_15' title="bbox 366 1649 1939 1723">
     <span class='ocr_line' id='line_1_15' title="bbox 366 1649 1939 1723; baseline 0.001 -16"><span class='ocrx_word' id='word_1_105' title='bbox 366 1660 447 1707; x_wconf 87' lang='lat' dir='ltr'><strong>ter</strong></span> <span class='ocrx_word' id='word_1_106' title='bbox 474 1651 535 1705; x_wconf 82' lang='lat' dir='ltr'><strong>fit</strong></span> <span class='ocrx_word' id='word_1_107' title='bbox 556 1692 572 1719; x_wconf 93' lang='lat'><strong>,</strong></span> <span class='ocrx_word' id='word_1_108' title='bbox 621 1649 824 1707; x_wconf 35' lang='lat' dir='ltr'><strong>sivc‘ad</strong></span> <span class='ocrx_word' id='word_1_109' title='bbox 854 1652 1096 1707; x_wconf 88' lang='lat' dir='ltr'><strong>vivorum</strong></span> <span class='ocrx_word' id='word_1_110' title='bbox 1126 1652 1508 1723; x_wconf 82' lang='lat' dir='ltr'><strong>qualecumque</strong></span> <span class='ocrx_word' id='word_1_111' title='bbox 1549 1653 1827 1719; x_wconf 87' lang='lat' dir='ltr'><strong>solatium,</strong></span> <span class='ocrx_word' id='word_1_112' title='bbox 1872 1653 1939 1708; x_wconf 91' lang='lat' dir='ltr'><strong>ad</strong></span> 
     </span>
    </p>
   </div>
   <div class='ocr_carea' id='block_1_16' title="bbox 336 1736 1942 1816">
    <p class='ocr_par' dir='ltr' id='par_1_16' title="bbox 336 1736 1942 1816">
     <span class='ocr_line' id='line_1_16' title="bbox 336 1736 1942 1816; baseline 0.002 -20"><span class='ocrx_word' id='word_1_113' title='bbox 336 1736 337 1739; x_wconf 47' lang='grc'><em>“</em></span> <span class='ocrx_word' id='word_1_114' title='bbox 364 1758 500 1811; x_wconf 91' lang='lat' dir='ltr'><strong>quos</strong></span> <span class='ocrx_word' id='word_1_115' title='bbox 522 1743 783 1812; x_wconf 84' lang='lat' dir='ltr'><strong>pertinent</strong></span> <span class='ocrx_word' id='word_1_116' title='bbox 811 1742 888 1797; x_wconf 89' lang='lat' dir='ltr'><strong>illi</strong></span> <span class='ocrx_word' id='word_1_117' title='bbox 909 1743 1126 1811; x_wconf 88' lang='lat' dir='ltr'><strong>mortui,</strong></span> <span class='ocrx_word' id='word_1_118' title='bbox 1152 1748 1378 1815; x_wconf 87' lang='lat' dir='ltr'><strong>quorum</strong></span> <span class='ocrx_word' id='word_1_119' title='bbox 1404 1752 1660 1815; x_wconf 83' lang='lat' dir='ltr'><strong>apparent</strong></span> <span class='ocrx_word' id='word_1_120' title='bbox 1684 1745 1942 1816; x_wconf 81' lang='lat' dir='ltr'><strong>imagines</strong></span> 
     </span>
    </p>
   </div>
   <div class='ocr_carea' id='block_1_17' title="bbox 362 1832 1941 1906">
    <p class='ocr_par' dir='ltr' id='par_1_17' title="bbox 362 1832 1941 1906">
     <span class='ocr_line' id='line_1_17' title="bbox 362 1832 1941 1906; baseline 0.003 -19"><span class='ocrx_word' id='word_1_121' title='bbox 362 1832 787 1900; x_wconf 89' lang='lat' dir='ltr'><strong>somniantibus;</strong></span> <span class='ocrx_word' id='word_1_122' title='bbox 815 1834 1015 1889; x_wconf 54' lang='lat' dir='ltr'><strong>sive‘nt</strong></span> <span class='ocrx_word' id='word_1_123' title='bbox 1038 1835 1120 1888; x_wconf 91' lang='lat' dir='ltr'><strong>his</strong></span> <span class='ocrx_word' id='word_1_124' title='bbox 1145 1834 1594 1892; x_wconf 89' lang='lat' dir='ltr'><strong>admonitionibus</strong></span> <span class='ocrx_word' id='word_1_125' title='bbox 1618 1837 1800 1906; x_wconf 82' lang='lat' dir='ltr'><strong>generi</strong></span> <span class='ocrx_word' id='word_1_126' title='bbox 1840 1836 1941 1891; x_wconf 91' lang='lat' dir='ltr'><strong>hu-</strong></span> 
     </span>
    </p>
   </div>
   <div class='ocr_carea' id='block_1_18' title="bbox 361 1928 1940 2000">
    <p class='ocr_par' dir='ltr' id='par_1_18' title="bbox 361 1928 1940 2000">
     <span class='ocr_line' id='line_1_18' title="bbox 361 1928 1940 2000; baseline 0.001 -18"><span class='ocrx_word' id='word_1_127' title='bbox 361 1941 521 1982; x_wconf 86' lang='lat' dir='ltr'><strong>mano</strong></span> <span class='ocrx_word' id='word_1_128' title='bbox 562 1928 849 1997; x_wconf 81' lang='lat' dir='ltr'><strong>sepultura:</strong></span> <span class='ocrx_word' id='word_1_129' title='bbox 890 1928 1294 1984; x_wconf 89' lang='lat' dir='ltr'><strong>commendetur</strong></span> <span class='ocrx_word' id='word_1_130' title='bbox 1332 1929 1634 1984; x_wconf 88' lang='lat' dir='ltr'><strong>humanitas</strong></span> <span class='ocrx_word' id='word_1_131' title='bbox 1668 1946 1682 1984; x_wconf 90' lang='lat'><strong>:</strong></span> <span class='ocrx_word' id='word_1_132' title='bbox 1728 1945 1848 2000; x_wconf 60' lang='lat' dir='ltr'><strong>quae</strong></span> <span class='ocrx_word' id='word_1_133' title='bbox 1876 1929 1940 1984; x_wconf 92' lang='lat' dir='ltr'><strong>li-</strong></span> 
     </span>
    </p>
   </div>
   <div class='ocr_carea' id='block_1_19' title="bbox 356 2017 1941 2091">
    <p class='ocr_par' dir='ltr' id='par_1_19' title="bbox 356 2017 1941 2091">
     <span class='ocr_line' id='line_1_19' title="bbox 356 2017 1941 2091; baseline 0.001 -17"><span class='ocrx_word' id='word_1_134' title='bbox 356 2027 442 2075; x_wconf 92' lang='lat' dir='ltr'><strong>cet</strong></span> <span class='ocrx_word' id='word_1_135' title='bbox 465 2017 731 2075; x_wconf 81' lang='lat' dir='ltr'><strong>defunctis</strong></span> <span class='ocrx_word' id='word_1_136' title='bbox 760 2034 866 2074; x_wconf 92' lang='lat' dir='ltr'><strong>non</strong></span> <span class='ocrx_word' id='word_1_137' title='bbox 904 2021 1210 2091; x_wconf 86' lang='lat' dir='ltr'><strong>opituletur,</strong></span> <span class='ocrx_word' id='word_1_138' title='bbox 1253 2021 1511 2090; x_wconf 82' lang='lat' dir='ltr'><strong>culpanda</strong></span> <span class='ocrx_word' id='word_1_139' title='bbox 1551 2029 1727 2077; x_wconf 90' lang='lat' dir='ltr'><strong>tamen</strong></span> <span class='ocrx_word' id='word_1_140' title='bbox 1767 2021 1941 2077; x_wconf 88' lang='lat' dir='ltr'><strong>irreli-</strong></span> 
     </span>
    </p>
   </div>
   <div class='ocr_carea' id='block_1_20' title="bbox 368 2112 1939 2182">
    <p class='ocr_par' dir='ltr' id='par_1_20' title="bbox 368 2112 1939 2182">
     <span class='ocr_line' id='line_1_20' title="bbox 368 2112 1939 2182; baseline 0.002 -17"><span class='ocrx_word' id='word_1_141' title='bbox 368 2112 614 2182; x_wconf 84' lang='lat' dir='ltr'><strong>giositate</strong></span> <span class='ocrx_word' id='word_1_142' title='bbox 640 2112 939 2182; x_wconf 78' lang='lat' dir='ltr'><strong>negligitur.</strong></span> <span class='ocrx_word' id='word_1_143' title='bbox 969 2112 1268 2182; x_wconf 80' lang='lat' dir='ltr'><strong>Aliquando</strong></span> <span class='ocrx_word' id='word_1_144' title='bbox 1294 2120 1469 2168; x_wconf 91' lang='lat' dir='ltr'><strong>autem</strong></span> <span class='ocrx_word' id='word_1_145' title='bbox 1507 2112 1787 2168; x_wconf 81' lang='lat' dir='ltr'><strong>fallacibus</strong></span> <span class='ocrx_word' id='word_1_146' title='bbox 1809 2113 1939 2168; x_wconf 87' lang='lat' dir='ltr'><strong>visis</strong></span> 
     </span>
    </p>
   </div>
   <div class='ocr_carea' id='block_1_21' title="bbox 363 2200 1938 2273">
    <p class='ocr_par' dir='ltr' id='par_1_21' title="bbox 363 2200 1938 2273">
     <span class='ocr_line' id='line_1_21' title="bbox 363 2200 1938 2273; baseline 0.001 -17"><span class='ocrx_word' id='word_1_147' title='bbox 363 2200 609 2258; x_wconf 87' lang='lat' dir='ltr'><strong>homines</strong></span> <span class='ocrx_word' id='word_1_148' title='bbox 647 2203 665 2233; x_wconf 71' lang='grc' dir='ltr'>ί</span> <span class='ocrx_word' id='word_1_149' title='bbox 711 2202 764 2256; x_wconf 92' lang='lat' dir='ltr'><strong>in</strong></span> <span class='ocrx_word' id='word_1_150' title='bbox 803 2217 1023 2273; x_wconf 87' lang='lat' dir='ltr'><strong>magnos</strong></span> <span class='ocrx_word' id='word_1_151' title='bbox 1062 2203 1342 2257; x_wconf 90' lang='lat' dir='ltr'><strong>mittuntur</strong></span> <span class='ocrx_word' id='word_1_152' title='bbox 1383 2217 1618 2267; x_wconf 88' lang='lat' dir='ltr'><strong>errores,</strong></span> <span class='ocrx_word' id='word_1_153' title='bbox 1650 2217 1785 2272; x_wconf 90' lang='lat' dir='ltr'><strong>quos</strong></span> <span class='ocrx_word' id='word_1_154' title='bbox 1812 2202 1938 2258; x_wconf 90' lang='lat' dir='ltr'><strong>talia</strong></span> 
     </span>
    </p>
   </div>
   <div class='ocr_carea' id='block_1_22' title="bbox 362 2292 1937 2364">
    <p class='ocr_par' dir='ltr' id='par_1_22' title="bbox 362 2292 1937 2364">
     <span class='ocr_line' id='line_1_22' title="bbox 362 2292 1937 2364; baseline 0.003 -19"><span class='ocrx_word' id='word_1_155' title='bbox 362 2292 565 2363; x_wconf 85' lang='lat' dir='ltr'><strong>perpeti</strong></span> <span class='ocrx_word' id='word_1_156' title='bbox 605 2292 805 2361; x_wconf 88' lang='lat' dir='ltr'><strong>justum</strong></span> <span class='ocrx_word' id='word_1_157' title='bbox 856 2300 956 2347; x_wconf 90' lang='lat' dir='ltr'><strong>est.</strong></span> <span class='ocrx_word' id='word_1_158' title='bbox 984 2292 1144 2349; x_wconf 80' lang='lat' dir='ltr'><strong>Velut</strong></span> <span class='ocrx_word' id='word_1_159' title='bbox 1187 2293 1232 2348; x_wconf 90' lang='lat' dir='ltr'><strong>si</strong></span> <span class='ocrx_word' id='word_1_160' title='bbox 1258 2294 1537 2364; x_wconf 89' lang='lat' dir='ltr'><strong>quisquam</strong></span> <span class='ocrx_word' id='word_1_161' title='bbox 1564 2293 1740 2348; x_wconf 85' lang='lat' dir='ltr'><strong>videat</strong></span> <span class='ocrx_word' id='word_1_162' title='bbox 1770 2293 1822 2347; x_wconf 93' lang='lat' dir='ltr'><strong>in</strong></span> <span class='ocrx_word' id='word_1_163' title='bbox 1849 2308 1937 2349; x_wconf 92' lang='lat' dir='ltr'><strong>so-</strong></span> 
     </span>
    </p>
   </div>
   <div class='ocr_carea' id='block_1_23' title="bbox 361 2385 1935 2456">
    <p class='ocr_par' dir='ltr' id='par_1_23' title="bbox 361 2385 1935 2456">
     <span class='ocr_line' id='line_1_23' title="bbox 361 2385 1935 2456; baseline 0.001 -16"><span class='ocrx_word' id='word_1_164' title='bbox 361 2386 526 2453; x_wconf 91' lang='lat' dir='ltr'><strong>mnis,</strong></span> <span class='ocrx_word' id='word_1_165' title='bbox 553 2385 694 2456; x_wconf 92' lang='lat' dir='ltr'><strong>quod</strong></span> <span class='ocrx_word' id='word_1_166' title='bbox 712 2385 914 2440; x_wconf 64' lang='lat' dir='ltr'><strong>Encas</strong></span> <span class='ocrx_word' id='word_1_167' title='bbox 939 2386 1137 2441; x_wconf 89' lang='lat' dir='ltr'><strong>vidisse</strong></span> <span class='ocrx_word' id='word_1_168' title='bbox 1159 2386 1299 2456; x_wconf 92' lang='lat' dir='ltr'><strong>apud</strong></span> <span class='ocrx_word' id='word_1_169' title='bbox 1326 2385 1526 2442; x_wconf 89' lang='lat' dir='ltr'><strong>inferos</strong></span> <span class='ocrx_word' id='word_1_170' title='bbox 1553 2388 1757 2456; x_wconf 88' lang='lat' dir='ltr'><strong>poetica</strong></span> <span class='ocrx_word' id='word_1_171' title='bbox 1788 2386 1935 2442; x_wconf 85' lang='lat' dir='ltr'><strong>falsi-</strong></span> 
     </span>
    </p>
   </div>
   <div class='ocr_carea' id='block_1_24' title="bbox 361 2478 1939 2548">
    <p class='ocr_par' dir='ltr' id='par_1_24' title="bbox 361 2478 1939 2548">
     <span class='ocr_line' id='line_1_24' title="bbox 361 2478 1939 2548; baseline 0.001 -17"><span class='ocrx_word' id='word_1_172' title='bbox 361 2485 467 2533; x_wconf 88' lang='lat' dir='ltr'><strong>tate</strong></span> <span class='ocrx_word' id='word_1_173' title='bbox 489 2485 773 2532; x_wconf 87' lang='lat' dir='ltr'><strong>narratur:</strong></span> <span class='ocrx_word' id='word_1_174' title='bbox 817 2486 872 2533; x_wconf 92' lang='lat' dir='ltr'><strong>et</strong></span> <span class='ocrx_word' id='word_1_175' title='bbox 899 2478 949 2533; x_wconf 91' lang='lat' dir='ltr'><strong>ei</strong></span> <span class='ocrx_word' id='word_1_176' title='bbox 993 2478 1285 2548; x_wconf 89' lang='lat' dir='ltr'><strong>cujuspiam</strong></span> <span class='ocrx_word' id='word_1_177' title='bbox 1314 2492 1421 2532; x_wconf 92' lang='lat' dir='ltr'><strong>non</strong></span> <span class='ocrx_word' id='word_1_178' title='bbox 1451 2478 1641 2548; x_wconf 89' lang='lat' dir='ltr'><strong>sepulti</strong></span> <span class='ocrx_word' id='word_1_179' title='bbox 1682 2487 1939 2548; x_wconf 88' lang='lat' dir='ltr'><strong>appareat</strong></span> 
     </span>
    </p>
   </div>
   <div class='ocr_carea' id='block_1_25' title="bbox 358 2565 1936 2639">
    <p class='ocr_par' dir='ltr' id='par_1_25' title="bbox 358 2565 1936 2639">
     <span class='ocr_line' id='line_1_25' title="bbox 358 2565 1936 2639; baseline 0.001 -17"><span class='ocrx_word' id='word_1_180' title='bbox 358 2565 554 2639; x_wconf 85' lang='lat' dir='ltr'><strong>imago,</strong></span> <span class='ocrx_word' id='word_1_181' title='bbox 598 2568 945 2639; x_wconf 87' lang='lat' dir='ltr'><strong>loquaturque</strong></span> <span class='ocrx_word' id='word_1_182' title='bbox 984 2569 1105 2622; x_wconf 89' lang='lat' dir='ltr'><strong>talia</strong></span> <span class='ocrx_word' id='word_1_183' title='bbox 1133 2610 1148 2635; x_wconf 95' lang='lat'><strong>,</strong></span> <span class='ocrx_word' id='word_1_184' title='bbox 1195 2569 1379 2639; x_wconf 21' lang='lat' dir='ltr'><strong>qualia.</strong></span> <span class='ocrx_word' id='word_1_185' title='bbox 1416 2568 1583 2623; x_wconf 81' lang='lat' dir='ltr'><strong>fertur</strong></span> <span class='ocrx_word' id='word_1_186' title='bbox 1622 2569 1698 2623; x_wconf 89' lang='lat' dir='ltr'><strong>illi</strong></span> <span class='ocrx_word' id='word_1_187' title='bbox 1732 2570 1936 2623; x_wconf 90' lang='lat' dir='ltr'><strong>locutus</strong></span> 
     </span>
    </p>
   </div>
   <div class='ocr_carea' id='block_1_26' title="bbox 354 2659 1933 2735">
    <p class='ocr_par' dir='ltr' id='par_1_26' title="bbox 354 2659 1933 2735">
     <span class='ocr_line' id='line_1_26' title="bbox 354 2659 1933 2735; baseline -0.001 -19"><span class='ocrx_word' id='word_1_188' title='bbox 354 2660 518 2716; x_wconf 89' lang='lat' dir='ltr'><strong>fuisse</strong></span> <span class='ocrx_word' id='word_1_189' title='bbox 544 2661 820 2716; x_wconf 85' lang='lat' dir='ltr'><strong>Palinurus</strong></span> <span class='ocrx_word' id='word_1_190' title='bbox 846 2659 1081 2735; x_wconf 64' lang='lat' dir='ltr'><strong>(zEneid.</strong></span> <span class='ocrx_word' id='word_1_191' title='bbox 1112 2660 1199 2714; x_wconf 87' lang='lat' dir='ltr'><strong>lib.</strong></span> <span class='ocrx_word' id='word_1_192' title='bbox 1245 2661 1298 2725; x_wconf 87' lang='lat'><strong>6,</strong></span> <span class='ocrx_word' id='word_1_193' title='bbox 1328 2675 1382 2714; x_wconf 91' lang='lat' dir='ltr'><strong>v.</strong></span> <span class='ocrx_word' id='word_1_194' title='bbox 1410 2660 1662 2730; x_wconf 75' lang='lat'><strong>557-583)</strong></span> <span class='ocrx_word' id='word_1_195' title='bbox 1684 2676 1698 2725; x_wconf 89' lang='lat'><strong>;</strong></span> <span class='ocrx_word' id='word_1_196' title='bbox 1721 2668 1777 2714; x_wconf 90' lang='lat' dir='ltr'><strong>et</strong></span> <span class='ocrx_word' id='word_1_197' title='bbox 1812 2675 1933 2715; x_wconf 90' lang='lat' dir='ltr'><strong>cum</strong></span> 
     </span>
    </p>
   </div>
   <div class='ocr_carea' id='block_1_27' title="bbox 356 2752 1937 2825">
    <p class='ocr_par' dir='ltr' id='par_1_27' title="bbox 356 2752 1937 2825">
     <span class='ocr_line' id='line_1_27' title="bbox 356 2752 1937 2825; baseline -0.002 -15"><span class='ocrx_word' id='word_1_198' title='bbox 356 2754 684 2825; x_wconf 85' lang='lat' dir='ltr'><strong>evigilaverit</strong></span> <span class='ocrx_word' id='word_1_199' title='bbox 705 2795 721 2822; x_wconf 96' lang='lat'><strong>,</strong></span> <span class='ocrx_word' id='word_1_200' title='bbox 769 2754 839 2809; x_wconf 90' lang='lat' dir='ltr'><strong>ibi</strong></span> <span class='ocrx_word' id='word_1_201' title='bbox 881 2769 1074 2823; x_wconf 91' lang='lat' dir='ltr'><strong>corpus</strong></span> <span class='ocrx_word' id='word_1_202' title='bbox 1104 2753 1219 2824; x_wconf 86' lang='lat' dir='ltr'><strong>ejus</strong></span> <span class='ocrx_word' id='word_1_203' title='bbox 1246 2753 1509 2818; x_wconf 84' lang='lat' dir='ltr'><strong>inveniat,</strong></span> <span class='ocrx_word' id='word_1_204' title='bbox 1538 2753 1623 2808; x_wconf 88' lang='lat' dir='ltr'><strong>ubi</strong></span> <span class='ocrx_word' id='word_1_205' title='bbox 1647 2753 1829 2822; x_wconf 90' lang='lat' dir='ltr'><strong>jacere</strong></span> <span class='ocrx_word' id='word_1_206' title='bbox 1855 2752 1937 2807; x_wconf 87' lang='lat' dir='ltr'><strong>in-</strong></span> 
     </span>
    </p>
   </div>
   <div class='ocr_carea' id='block_1_28' title="bbox 324 2843 1937 2921">
    <p class='ocr_par' dir='ltr' id='par_1_28' title="bbox 324 2843 1937 2921">
     <span class='ocr_line' id='line_1_28' title="bbox 324 2843 1937 2921; baseline -0.001 -22"><span class='ocrx_word' id='word_1_207' title='bbox 324 2843 631 2921; x_wconf 84' lang='lat' dir='ltr'><strong>_humatum</strong></span> <span class='ocrx_word' id='word_1_208' title='bbox 660 2860 779 2899; x_wconf 88' lang='lat' dir='ltr'><strong>cum</strong></span> <span class='ocrx_word' id='word_1_209' title='bbox 808 2845 1099 2900; x_wconf 90' lang='lat' dir='ltr'><strong>somniaret</strong></span> <span class='ocrx_word' id='word_1_210' title='bbox 1125 2844 1346 2911; x_wconf 89' lang='lat' dir='ltr'><strong>audivit,</strong></span> <span class='ocrx_word' id='word_1_211' title='bbox 1375 2844 1677 2900; x_wconf 87' lang='lat' dir='ltr'><strong>admonitus</strong></span> <span class='ocrx_word' id='word_1_212' title='bbox 1702 2852 1756 2900; x_wconf 90' lang='lat' dir='ltr'><strong>et</strong></span> <span class='ocrx_word' id='word_1_213' title='bbox 1782 2858 1937 2914; x_wconf 84' lang='lat' dir='ltr'><strong>roga-</strong></span> 
     </span>
    </p>
   </div>
   <div class='ocr_carea' id='block_1_29' title="bbox 356 2935 1935 3007">
    <p class='ocr_par' dir='ltr' id='par_1_29' title="bbox 356 2935 1935 3007">
     <span class='ocr_line' id='line_1_29' title="bbox 356 2935 1935 3007; baseline -0.001 -16"><span class='ocrx_word' id='word_1_214' title='bbox 356 2945 439 2992; x_wconf 89' lang='lat' dir='ltr'><strong>tus</strong></span> <span class='ocrx_word' id='word_1_215' title='bbox 477 2944 537 2990; x_wconf 90' lang='lat' dir='ltr'><strong>ut</strong></span> <span class='ocrx_word' id='word_1_216' title='bbox 572 2936 824 3005; x_wconf 86' lang='lat' dir='ltr'><strong>sepeliret</strong></span> <span class='ocrx_word' id='word_1_217' title='bbox 862 2935 1171 3003; x_wconf 89' lang='lat' dir='ltr'><strong>inventum;</strong></span> <span class='ocrx_word' id='word_1_218' title='bbox 1222 2945 1276 2990; x_wconf 91' lang='lat' dir='ltr'><strong>et</strong></span> <span class='ocrx_word' id='word_1_219' title='bbox 1319 2937 1440 3007; x_wconf 85' lang='lat' dir='ltr'><strong>quia</strong></span> <span class='ocrx_word' id='word_1_220' title='bbox 1489 2935 1541 2990; x_wconf 93' lang='lat' dir='ltr'><strong>id</strong></span> <span class='ocrx_word' id='word_1_221' title='bbox 1581 2951 1767 2991; x_wconf 87' lang='lat' dir='ltr'><strong>verum</strong></span> <span class='ocrx_word' id='word_1_222' title='bbox 1814 2949 1935 2990; x_wconf 88' lang='lat' dir='ltr'><strong>esse</strong></span> 
     </span>
    </p>
   </div>
   <div class='ocr_carea' id='block_1_30' title="bbox 334 3026 1934 3097">
    <p class='ocr_par' dir='ltr' id='par_1_30' title="bbox 334 3026 1934 3097">
     <span class='ocr_line' id='line_1_30' title="bbox 334 3026 1934 3097; baseline -0.002 -13"><span class='ocrx_word' id='word_1_223' title='bbox 334 3027 635 3097; x_wconf 87' lang='lat' dir='ltr'><strong>.comperit,</strong></span> <span class='ocrx_word' id='word_1_224' title='bbox 658 3026 840 3081; x_wconf 84' lang='lat' dir='ltr'><strong>credat</strong></span> <span class='ocrx_word' id='word_1_225' title='bbox 865 3026 985 3082; x_wconf 91' lang='lat' dir='ltr'><strong>ideo</strong></span> <span class='ocrx_word' id='word_1_226' title='bbox 1008 3035 1252 3082; x_wconf 91' lang='lat' dir='ltr'><strong>mortuos</strong></span> <span class='ocrx_word' id='word_1_227' title='bbox 1267 3026 1498 3095; x_wconf 81' lang='lat' dir='ltr'><strong>sepeliri,</strong></span> <span class='ocrx_word' id='word_1_228' title='bbox 1522 3037 1582 3081; x_wconf 90' lang='lat' dir='ltr'><strong>ut</strong></span> <span class='ocrx_word' id='word_1_229' title='bbox 1605 3041 1787 3081; x_wconf 90' lang='lat' dir='ltr'><strong>eorum</strong></span> <span class='ocrx_word' id='word_1_230' title='bbox 1813 3027 1934 3082; x_wconf 91' lang='lat' dir='ltr'><strong>ani-</strong></span> 
     </span>
    </p>
   </div>
   <div class='ocr_carea' id='block_1_31' title="bbox 332 3110 1934 3191">
    <p class='ocr_par' dir='ltr' id='par_1_31' title="bbox 332 3110 1934 3191">
     <span class='ocr_line' id='line_1_31' title="bbox 332 3110 1934 3191; baseline -0.001 -16"><span class='ocrx_word' id='word_1_231' title='bbox 332 3110 454 3175; x_wconf 21' lang='lat' dir='ltr'><strong>Ima:</strong></span> <span class='ocrx_word' id='word_1_232' title='bbox 483 3120 551 3174; x_wconf 89' lang='lat' dir='ltr'><strong>ad</strong></span> <span class='ocrx_word' id='word_1_233' title='bbox 577 3120 692 3175; x_wconf 86' lang='lat' dir='ltr'><strong>loca</strong></span> <span class='ocrx_word' id='word_1_234' title='bbox 719 3128 1010 3188; x_wconf 87' lang='lat' dir='ltr'><strong>transeant,</strong></span> <span class='ocrx_word' id='word_1_235' title='bbox 1038 3120 1178 3176; x_wconf 89' lang='lat' dir='ltr'><strong>unde</strong></span> <span class='ocrx_word' id='word_1_236' title='bbox 1205 3120 1589 3191; x_wconf 89' lang='lat' dir='ltr'><strong>insepultorum</strong></span> <span class='ocrx_word' id='word_1_237' title='bbox 1620 3119 1827 3174; x_wconf 89' lang='lat' dir='ltr'><strong>animas</strong></span> <span class='ocrx_word' id='word_1_238' title='bbox 1850 3120 1934 3173; x_wconf 89' lang='lat' dir='ltr'><strong>in-</strong></span> 
     </span>
    </p>
   </div>
   <div class='ocr_carea' id='block_1_32' title="bbox 355 3207 1931 3284">
    <p class='ocr_par' dir='ltr' id='par_1_32' title="bbox 355 3207 1931 3284">
     <span class='ocr_line' id='line_1_32' title="bbox 355 3207 1931 3284; baseline 0 -18"><span class='ocrx_word' id='word_1_239' title='bbox 355 3207 502 3268; x_wconf 84' lang='lat' dir='ltr'><strong>ferna</strong></span> <span class='ocrx_word' id='word_1_240' title='bbox 532 3211 801 3283; x_wconf 87' lang='lat' dir='ltr'><strong>prohiberi</strong></span> <span class='ocrx_word' id='word_1_241' title='bbox 830 3213 946 3284; x_wconf 87' lang='lat' dir='ltr'><strong>lege</strong></span> <span class='ocrx_word' id='word_1_242' title='bbox 972 3213 1254 3268; x_wconf 88' lang='lat' dir='ltr'><strong>somniavit</strong></span> <span class='ocrx_word' id='word_1_243' title='bbox 1278 3231 1290 3267; x_wconf 82' lang='lat' dir='ltr'><strong>z</strong></span> <span class='ocrx_word' id='word_1_244' title='bbox 1319 3227 1497 3266; x_wconf 86' lang='lat' dir='ltr'><strong>nonne</strong></span> <span class='ocrx_word' id='word_1_245' title='bbox 1523 3214 1619 3266; x_wconf 85' lang='lat' dir='ltr'><strong>ista</strong></span> <span class='ocrx_word' id='word_1_246' title='bbox 1644 3210 1869 3269; x_wconf 82' lang='lat' dir='ltr'><strong>credens</strong></span> <span class='ocrx_word' id='word_1_247' title='bbox 1888 3213 1931 3278; x_wconf 80' lang='lat'><strong>’,</strong></span> 
     </span>
    </p>
   </div>
   <div class='ocr_carea' id='block_1_33' title="bbox 354 3302 1527 3375">
    <p class='ocr_par' dir='ltr' id='par_1_33' title="bbox 354 3302 1527 3375">
     <span class='ocr_line' id='line_1_33' title="bbox 354 3302 1527 3375; baseline -0.001 -18"><span class='ocrx_word' id='word_1_248' title='bbox 354 3304 639 3375; x_wconf 89' lang='lat' dir='ltr'><strong>plurimum</strong></span> <span class='ocrx_word' id='word_1_249' title='bbox 668 3318 699 3357; x_wconf 93' lang='lat' dir='ltr'><strong>a</strong></span> <span class='ocrx_word' id='word_1_250' title='bbox 727 3304 937 3358; x_wconf 89' lang='lat' dir='ltr'><strong>tramite</strong></span> <span class='ocrx_word' id='word_1_251' title='bbox 967 3304 1202 3358; x_wconf 88' lang='lat' dir='ltr'><strong>veritatis</strong></span> <span class='ocrx_word' id='word_1_252' title='bbox 1226 3302 1527 3358; x_wconf 80' lang='lat' dir='ltr'><strong>exorbitat?</strong></span> 
     </span>
    </p>
   </div>
   <div class='ocr_carea' id='block_1_34' title="bbox 418 3394 1930 3465">
    <p class='ocr_par' dir='ltr' id='par_1_34' title="bbox 418 3394 1930 3465">
     <span class='ocr_line' id='line_1_34' title="bbox 418 3394 1930 3465; baseline -0.003 -12"><span class='ocrx_word' id='word_1_253' title='bbox 418 3396 648 3453; x_wconf 83' lang='lat' dir='ltr'><strong>CAPUT</strong></span> <span class='ocrx_word' id='word_1_254' title='bbox 680 3397 768 3452; x_wconf 80' lang='lat' dir='ltr'><strong>XI.</strong></span> <span class='ocrx_word' id='word_1_255' title='bbox 790 3426 863 3438; x_wconf 90' lang='lat'><strong>—-</strong></span> <span class='ocrx_word' id='word_1_256' title='bbox 879 3397 964 3451; x_wconf 78' lang='grc'><strong>15.</strong></span> <span class='ocrx_word' id='word_1_257' title='bbox 1008 3396 1239 3451; x_wconf 77' lang='lat' dir='ltr'><strong>Visorum</strong></span> <span class='ocrx_word' id='word_1_258' title='bbox 1263 3397 1316 3450; x_wconf 84' lang='lat' dir='ltr'><strong>in</strong></span> <span class='ocrx_word' id='word_1_259' title='bbox 1338 3396 1527 3451; x_wconf 77' lang='lat' dir='ltr'><strong>somnis</strong></span> <span class='ocrx_word' id='word_1_260' title='bbox 1547 3394 1780 3465; x_wconf 72' lang='lat' dir='ltr'><strong>exempla</strong></span> <span class='ocrx_word' id='word_1_261' title='bbox 1808 3394 1930 3449; x_wconf 82' lang='lat' dir='ltr'><strong>duo.</strong></span> 
     </span>
    </p>
   </div>
   <div class='ocr_carea' id='block_1_35' title="bbox 353 3486 1935 3559">
    <p class='ocr_par' dir='ltr' id='par_1_35' title="bbox 353 3486 1935 3559">
     <span class='ocr_line' id='line_1_35' title="bbox 353 3486 1935 3559; baseline -0.001 -17"><span class='ocrx_word' id='word_1_262' title='bbox 353 3486 511 3544; x_wconf 82' lang='lat' dir='ltr'><strong>Pater</strong></span> <span class='ocrx_word' id='word_1_263' title='bbox 534 3488 798 3559; x_wconf 78' lang='lat' dir='ltr'><strong>defunctus</strong></span> <span class='ocrx_word' id='word_1_264' title='bbox 824 3497 1033 3559; x_wconf 85' lang='lat' dir='ltr'><strong>apparet</strong></span> <span class='ocrx_word' id='word_1_265' title='bbox 1067 3488 1196 3556; x_wconf 78' lang='lat' dir='ltr'><strong>ﬁlio.</strong></span> <span class='ocrx_word' id='word_1_266' title='bbox 1233 3487 1541 3559; x_wconf 74' lang='lat' dir='ltr'><strong>Augustinus</strong></span> <span class='ocrx_word' id='word_1_267' title='bbox 1574 3488 1682 3557; x_wconf 78' lang='lat' dir='ltr'><strong>ipse</strong></span> <span class='ocrx_word' id='word_1_268' title='bbox 1721 3488 1774 3540; x_wconf 86' lang='lat' dir='ltr'><strong>in</strong></span> <span class='ocrx_word' id='word_1_269' title='bbox 1812 3486 1935 3540; x_wconf 77' lang='lat' dir='ltr'><strong>vivis</strong></span> 
     </span>
    </p>
   </div>
   <div class='ocr_carea' id='block_1_36' title="bbox 350 3577 1937 3656">
    <p class='ocr_par' dir='ltr' id='par_1_36' title="bbox 350 3577 1937 3656">
     <span class='ocr_line' id='line_1_36' title="bbox 350 3577 1937 3656; baseline -0.003 -19"><span class='ocrx_word' id='word_1_270' title='bbox 350 3598 506 3656; x_wconf 78' lang='lat' dir='ltr'><strong>agens</strong></span> <span class='ocrx_word' id='word_1_271' title='bbox 531 3591 741 3653; x_wconf 79' lang='lat' dir='ltr'><strong>apparet</strong></span> <span class='ocrx_word' id='word_1_272' title='bbox 760 3582 813 3635; x_wconf 84' lang='lat' dir='ltr'><strong>in</strong></span> <span class='ocrx_word' id='word_1_273' title='bbox 835 3581 1023 3635; x_wconf 80' lang='lat' dir='ltr'><strong>somnis</strong></span> <span class='ocrx_word' id='word_1_274' title='bbox 1050 3578 1270 3650; x_wconf 82' lang='lat' dir='ltr'><strong>Eulogio</strong></span> <span class='ocrx_word' id='word_1_275' title='bbox 1296 3580 1504 3645; x_wconf 83' lang='lat' dir='ltr'><strong>rhetori,</strong></span> <span class='ocrx_word' id='word_1_276' title='bbox 1536 3589 1581 3633; x_wconf 86' lang='lat' dir='ltr'><strong>et</strong></span> <span class='ocrx_word' id='word_1_277' title='bbox 1607 3580 1770 3634; x_wconf 84' lang='lat' dir='ltr'><strong>locum</strong></span> <span class='ocrx_word' id='word_1_278' title='bbox 1795 3577 1937 3633; x_wconf 84' lang='lat' dir='ltr'><strong>Cice-</strong></span> 
     </span>
    </p>
   </div>
   <div class='ocr_carea' id='block_1_37' title="bbox 330 3662 1934 3743">
    <p class='ocr_par' dir='ltr' id='par_1_37' title="bbox 330 3662 1934 3743">
     <span class='ocr_line' id='line_1_37' title="bbox 330 3662 1934 3743; baseline -0.003 -15"><span class='ocrx_word' id='word_1_279' title='bbox 330 3662 488 3728; x_wconf 71' lang='lat' dir='ltr'><strong>ronis</strong></span> <span class='ocrx_word' id='word_1_280' title='bbox 514 3673 737 3743; x_wconf 72' lang='lat' dir='ltr'><strong>exponit.</strong></span> <span class='ocrx_word' id='word_1_281' title='bbox 776 3671 866 3728; x_wconf 89' lang='lat' dir='ltr'><strong>Sic</strong></span> <span class='ocrx_word' id='word_1_282' title='bbox 901 3680 1078 3727; x_wconf 84' lang='lat' dir='ltr'><strong>autem</strong></span> <span class='ocrx_word' id='word_1_283' title='bbox 1117 3670 1396 3725; x_wconf 77' lang='lat' dir='ltr'><strong>infirmitas</strong></span> <span class='ocrx_word' id='word_1_284' title='bbox 1436 3672 1664 3725; x_wconf 92' lang='lat' dir='ltr'><strong>humana</strong></span> <span class='ocrx_word' id='word_1_285' title='bbox 1690 3683 1811 3725; x_wconf 88' lang='lat' dir='ltr'><strong>sese</strong></span> <span class='ocrx_word' id='word_1_286' title='bbox 1836 3669 1934 3724; x_wconf 89' lang='lat' dir='ltr'><strong>ha-</strong></span> 
     </span>
    </p>
   </div>
   <div class='ocr_carea' id='block_1_38' title="bbox 350 3760 1937 3832">
    <p class='ocr_par' dir='ltr' id='par_1_38' title="bbox 350 3760 1937 3832">
     <span class='ocr_line' id='line_1_38' title="bbox 350 3760 1937 3832; baseline -0.004 -12"><span class='ocrx_word' id='word_1_287' title='bbox 350 3763 479 3832; x_wconf 91' lang='lat' dir='ltr'><strong>bet,</strong></span> <span class='ocrx_word' id='word_1_288' title='bbox 504 3772 567 3819; x_wconf 93' lang='lat' dir='ltr'><strong>ut</strong></span> <span class='ocrx_word' id='word_1_289' title='bbox 584 3778 704 3819; x_wconf 88' lang='lat' dir='ltr'><strong>cum</strong></span> <span class='ocrx_word' id='word_1_290' title='bbox 733 3764 789 3818; x_wconf 89' lang='lat' dir='ltr'><strong>in</strong></span> <span class='ocrx_word' id='word_1_291' title='bbox 814 3764 1015 3819; x_wconf 90' lang='lat' dir='ltr'><strong>somnis</strong></span> <span class='ocrx_word' id='word_1_292' title='bbox 1051 3762 1275 3832; x_wconf 91' lang='lat' dir='ltr'><strong>quisque</strong></span> <span class='ocrx_word' id='word_1_293' title='bbox 1302 3761 1493 3817; x_wconf 92' lang='lat' dir='ltr'><strong>viderit</strong></span> <span class='ocrx_word' id='word_1_294' title='bbox 1520 3770 1782 3816; x_wconf 89' lang='lat' dir='ltr'><strong>mortuum</strong></span> <span class='ocrx_word' id='word_1_295' title='bbox 1807 3802 1822 3825; x_wconf 88' lang='lat'><strong>,</strong></span> <span class='ocrx_word' id='word_1_296' title='bbox 1858 3760 1937 3831; x_wconf 93' lang='lat' dir='ltr'><strong>ip-</strong></span> 
     </span>
    </p>
   </div>
   <div class='ocr_carea' id='block_1_39' title="bbox 353 3852 1933 3917">
    <p class='ocr_par' dir='ltr' id='par_1_39' title="bbox 353 3852 1933 3917">
     <span class='ocr_line' id='line_1_39' title="bbox 353 3852 1933 3917; baseline -0.004 -6"><span class='ocrx_word' id='word_1_297' title='bbox 353 3856 465 3912; x_wconf 90' lang='lat' dir='ltr'><strong>sius</strong></span> <span class='ocrx_word' id='word_1_298' title='bbox 491 3855 723 3910; x_wconf 88' lang='lat' dir='ltr'><strong>animam</strong></span> <span class='ocrx_word' id='word_1_299' title='bbox 753 3868 812 3910; x_wconf 91' lang='lat' dir='ltr'><strong>se</strong></span> <span class='ocrx_word' id='word_1_300' title='bbox 834 3853 1015 3909; x_wconf 88' lang='lat' dir='ltr'><strong>videre</strong></span> <span class='ocrx_word' id='word_1_301' title='bbox 1034 3853 1322 3908; x_wconf 86' lang='lat' dir='ltr'><strong>arbitretur</strong></span> <span class='ocrx_word' id='word_1_302' title='bbox 1352 3868 1367 3917; x_wconf 89' lang='lat'><strong>;</strong></span> <span class='ocrx_word' id='word_1_303' title='bbox 1398 3867 1518 3908; x_wconf 88' lang='lat' dir='ltr'><strong>cum</strong></span> <span class='ocrx_word' id='word_1_304' title='bbox 1548 3860 1726 3907; x_wconf 89' lang='lat' dir='ltr'><strong>autem</strong></span> <span class='ocrx_word' id='word_1_305' title='bbox 1754 3852 1933 3906; x_wconf 89' lang='lat' dir='ltr'><strong>vivum</strong></span> 
     </span>
    </p>
   </div>
   <div class='ocr_carea' id='block_1_40' title="bbox 354 3945 1937 4015">
    <p class='ocr_par' dir='ltr' id='par_1_40' title="bbox 354 3945 1937 4015">
     <span class='ocr_line' id='line_1_40' title="bbox 354 3945 1937 4015; baseline -0.004 -12"><span class='ocrx_word' id='word_1_306' title='bbox 354 3947 601 4003; x_wconf 88' lang='lat' dir='ltr'><strong>similiter</strong></span> <span class='ocrx_word' id='word_1_307' title='bbox 626 3947 995 4012; x_wconf 90' lang='lat' dir='ltr'><strong>somniaverit,</strong></span> <span class='ocrx_word' id='word_1_308' title='bbox 1034 3960 1137 4001; x_wconf 92' lang='lat' dir='ltr'><strong>non</strong></span> <span class='ocrx_word' id='word_1_309' title='bbox 1178 3945 1293 4015; x_wconf 89' lang='lat' dir='ltr'><strong>ejus</strong></span> <span class='ocrx_word' id='word_1_310' title='bbox 1321 3945 1550 3999; x_wconf 90' lang='lat' dir='ltr'><strong>animam</strong></span> <span class='ocrx_word' id='word_1_311' title='bbox 1575 3985 1591 4007; x_wconf 87' lang='lat'><strong>,</strong></span> <span class='ocrx_word' id='word_1_312' title='bbox 1620 3958 1791 4014; x_wconf 89' lang='lat' dir='ltr'><strong>neque</strong></span> <span class='ocrx_word' id='word_1_313' title='bbox 1816 3956 1937 3997; x_wconf 87' lang='lat' dir='ltr'><strong>cor-</strong></span> 
     </span>
    </p>
   </div>
   <div class='ocr_carea' id='block_1_41' title="bbox 351 4037 1937 4114">
    <p class='ocr_par' dir='ltr' id='par_1_41' title="bbox 351 4037 1937 4114">
     <span class='ocr_line' id='line_1_41' title="bbox 351 4037 1937 4114; baseline -0.005 -17"><span class='ocrx_word' id='word_1_314' title='bbox 351 4056 452 4114; x_wconf 92' lang='lat' dir='ltr'><strong>pus</strong></span> <span class='ocrx_word' id='word_1_315' title='bbox 474 4081 491 4109; x_wconf 90' lang='lat'><strong>,</strong></span> <span class='ocrx_word' id='word_1_316' title='bbox 539 4040 635 4096; x_wconf 86' lang='lat' dir='ltr'><strong>sed</strong></span> <span class='ocrx_word' id='word_1_317' title='bbox 672 4040 902 4096; x_wconf 89' lang='lat' dir='ltr'><strong>hominis</strong></span> <span class='ocrx_word' id='word_1_318' title='bbox 940 4039 1337 4094; x_wconf 86' lang='lat' dir='ltr'><strong>similitudinem</strong></span> <span class='ocrx_word' id='word_1_319' title='bbox 1366 4037 1464 4092; x_wconf 88' lang='lat' dir='ltr'><strong>sibi</strong></span> <span class='ocrx_word' id='word_1_320' title='bbox 1493 4038 1803 4106; x_wconf 70' lang='lat' dir='ltr'><strong>apparuisse</strong></span> <span class='ocrx_word' id='word_1_321' title='bbox 1829 4048 1937 4090; x_wconf 92' lang='lat' dir='ltr'><strong>non</strong></span> 
     </span>
    </p>
   </div>
   <div class='ocr_carea' id='block_1_42' title="bbox 353 4128 1934 4203">
    <p class='ocr_par' dir='ltr' id='par_1_42' title="bbox 353 4128 1934 4203">
     <span class='ocr_line' id='line_1_42' title="bbox 353 4128 1934 4203; baseline -0.005 -14"><span class='ocrx_word' id='word_1_322' title='bbox 353 4133 563 4190; x_wconf 85' lang='lat' dir='ltr'><strong>dubitet</strong></span> <span class='ocrx_word' id='word_1_323' title='bbox 592 4150 605 4184; x_wconf 90' lang='lat'><strong>:</strong></span> <span class='ocrx_word' id='word_1_324' title='bbox 634 4132 786 4202; x_wconf 84' lang='lat' dir='ltr'><strong>quasi</strong></span> <span class='ocrx_word' id='word_1_325' title='bbox 812 4147 917 4187; x_wconf 91' lang='lat' dir='ltr'><strong>non</strong></span> <span class='ocrx_word' id='word_1_326' title='bbox 954 4133 1162 4203; x_wconf 90' lang='lat' dir='ltr'><strong>possint</strong></span> <span class='ocrx_word' id='word_1_327' title='bbox 1204 4138 1258 4185; x_wconf 90' lang='lat' dir='ltr'><strong>et</strong></span> <span class='ocrx_word' id='word_1_328' title='bbox 1281 4136 1614 4183; x_wconf 88' lang='lat' dir='ltr'><strong>mortuorum</strong></span> <span class='ocrx_word' id='word_1_329' title='bbox 1662 4128 1934 4183; x_wconf 87' lang='lat' dir='ltr'><strong>hominum</strong></span> 
     </span>
    </p>
   </div>
   <div class='ocr_carea' id='block_1_43' title="bbox 354 4218 1939 4289">
    <p class='ocr_par' dir='ltr' id='par_1_43' title="bbox 354 4218 1939 4289">
     <span class='ocr_line' id='line_1_43' title="bbox 354 4218 1939 4289; baseline -0.005 -8"><span class='ocrx_word' id='word_1_330' title='bbox 354 4224 543 4281; x_wconf 90' lang='lat' dir='ltr'><strong>eodem</strong></span> <span class='ocrx_word' id='word_1_331' title='bbox 570 4222 730 4279; x_wconf 93' lang='lat' dir='ltr'><strong>modo</strong></span> <span class='ocrx_word' id='word_1_332' title='bbox 753 4223 1101 4279; x_wconf 88' lang='lat' dir='ltr'><strong>nescientium</strong></span> <span class='ocrx_word' id='word_1_333' title='bbox 1125 4262 1141 4289; x_wconf 95' lang='lat'><strong>,</strong></span> <span class='ocrx_word' id='word_1_334' title='bbox 1173 4235 1277 4276; x_wconf 92' lang='lat' dir='ltr'><strong>non</strong></span> <span class='ocrx_word' id='word_1_335' title='bbox 1303 4221 1523 4285; x_wconf 82' lang='lat' dir='ltr'><strong>animae,</strong></span> <span class='ocrx_word' id='word_1_336' title='bbox 1565 4218 1659 4274; x_wconf 92' lang='lat' dir='ltr'><strong>sed</strong></span> <span class='ocrx_word' id='word_1_337' title='bbox 1694 4218 1939 4274; x_wconf 83' lang='lat' dir='ltr'><strong>similitu-</strong></span> 
     </span>
    </p>
   </div>
   <div class='ocr_carea' id='block_1_44' title="bbox 354 4308 1937 4384">
    <p class='ocr_par' dir='ltr' id='par_1_44' title="bbox 354 4308 1937 4384">
     <span class='ocr_line' id='line_1_44' title="bbox 354 4308 1937 4384; baseline -0.004 -14"><span class='ocrx_word' id='word_1_338' title='bbox 354 4314 510 4370; x_wconf 84' lang='lat' dir='ltr'><strong>dines</strong></span> <span class='ocrx_word' id='word_1_339' title='bbox 537 4327 794 4384; x_wconf 85' lang='lat' dir='ltr'><strong>apparere</strong></span> <span class='ocrx_word' id='word_1_340' title='bbox 820 4310 1227 4367; x_wconf 88' lang='lat' dir='ltr'><strong>dormientibus.</strong></span> <span class='ocrx_word' id='word_1_341' title='bbox 1260 4311 1366 4365; x_wconf 92' lang='lat' dir='ltr'><strong>Pro</strong></span> <span class='ocrx_word' id='word_1_342' title='bbox 1410 4317 1560 4365; x_wconf 89' lang='lat' dir='ltr'><strong>certo</strong></span> <span class='ocrx_word' id='word_1_343' title='bbox 1581 4309 1602 4340; x_wconf 87' lang='grc'><em>³</em></span> <span class='ocrx_word' id='word_1_344' title='bbox 1626 4350 1641 4374; x_wconf 89' lang='grc'><em>,</em></span> <span class='ocrx_word' id='word_1_345' title='bbox 1672 4324 1792 4364; x_wconf 88' lang='lat' dir='ltr'><strong>cum</strong></span> <span class='ocrx_word' id='word_1_346' title='bbox 1823 4308 1937 4363; x_wconf 84' lang='lat' dir='ltr'><strong>Me-</strong></span> 
     </span>
    </p>
   </div>
   <div class='ocr_carea' id='block_1_45' title="bbox 355 4400 1940 4472">
    <p class='ocr_par' dir='ltr' id='par_1_45' title="bbox 355 4400 1940 4472">
     <span class='ocr_line' id='line_1_45' title="bbox 355 4400 1940 4472; baseline -0.006 -10"><span class='ocrx_word' id='word_1_347' title='bbox 355 4404 555 4462; x_wconf 89' lang='lat' dir='ltr'><strong>diolani</strong></span> <span class='ocrx_word' id='word_1_348' title='bbox 577 4418 818 4460; x_wconf 87' lang='lat' dir='ltr'><strong>essemus</strong></span> <span class='ocrx_word' id='word_1_349' title='bbox 842 4445 857 4470; x_wconf 95' lang='lat'><strong>,</strong></span> <span class='ocrx_word' id='word_1_350' title='bbox 886 4402 1183 4458; x_wconf 89' lang='lat' dir='ltr'><strong>audivimus</strong></span> <span class='ocrx_word' id='word_1_351' title='bbox 1206 4401 1347 4472; x_wconf 91' lang='lat' dir='ltr'><strong>quod</strong></span> <span class='ocrx_word' id='word_1_352' title='bbox 1377 4415 1498 4456; x_wconf 91' lang='lat' dir='ltr'><strong>cum</strong></span> <span class='ocrx_word' id='word_1_353' title='bbox 1522 4400 1762 4456; x_wconf 88' lang='lat' dir='ltr'><strong>debitum</strong></span> <span class='ocrx_word' id='word_1_354' title='bbox 1787 4414 1940 4470; x_wconf 89' lang='lat' dir='ltr'><strong>repe-</strong></span> 
     </span>
    </p>
   </div>
   <div class='ocr_carea' id='block_1_46' title="bbox 354 4492 1935 4566">
    <p class='ocr_par' dir='ltr' id='par_1_46' title="bbox 354 4492 1935 4566">
     <span class='ocr_line' id='line_1_46' title="bbox 354 4492 1935 4566; baseline -0.006 -12"><span class='ocrx_word' id='word_1_355' title='bbox 354 4506 562 4555; x_wconf 89' lang='lat' dir='ltr'><strong>teretur</strong></span> <span class='ocrx_word' id='word_1_356' title='bbox 596 4511 627 4550; x_wconf 87' lang='lat' dir='ltr'><strong>a</strong></span> <span class='ocrx_word' id='word_1_357' title='bbox 653 4496 879 4566; x_wconf 88' lang='lat' dir='ltr'><strong>quodam</strong></span> <span class='ocrx_word' id='word_1_358' title='bbox 903 4534 920 4561; x_wconf 91' lang='lat'><strong>,</strong></span> <span class='ocrx_word' id='word_1_359' title='bbox 946 4493 1184 4550; x_wconf 79' lang='lat' dir='ltr'><strong>defuncti</strong></span> <span class='ocrx_word' id='word_1_360' title='bbox 1215 4493 1378 4564; x_wconf 88' lang='lat' dir='ltr'><strong>patris</strong></span> <span class='ocrx_word' id='word_1_361' title='bbox 1406 4493 1651 4547; x_wconf 91' lang='lat' dir='ltr'><strong>cautione</strong></span> <span class='ocrx_word' id='word_1_362' title='bbox 1688 4492 1893 4562; x_wconf 87' lang='lat' dir='ltr'><strong>prolata</strong></span> <span class='ocrx_word' id='word_1_363' title='bbox 1919 4533 1935 4558; x_wconf 93' lang='lat'><strong>,</strong></span> 
     </span>
    </p>
   </div>
   <div class='ocr_carea' id='block_1_47' title="bbox 355 4570 1935 4659">
    <p class='ocr_par' dir='ltr' id='par_1_47' title="bbox 355 4570 1935 4659">
     <span class='ocr_line' id='line_1_47' title="bbox 355 4570 1935 4659; baseline -0.004 -16"><span class='ocrx_word' id='word_1_364' title='bbox 355 4587 500 4659; x_wconf 89' lang='lat' dir='ltr'><strong>quod</strong></span> <span class='ocrx_word' id='word_1_365' title='bbox 537 4586 649 4643; x_wconf 86' lang='lat' dir='ltr'><strong>filio</strong></span> <span class='ocrx_word' id='word_1_366' title='bbox 688 4585 957 4642; x_wconf 88' lang='lat' dir='ltr'><strong>nesciente</strong></span> <span class='ocrx_word' id='word_1_367' title='bbox 998 4600 1028 4639; x_wconf 90' lang='lat' dir='ltr'><strong>a</strong></span> <span class='ocrx_word' id='word_1_368' title='bbox 1054 4594 1205 4656; x_wconf 92' lang='lat' dir='ltr'><strong>patre</strong></span> <span class='ocrx_word' id='word_1_369' title='bbox 1225 4586 1334 4656; x_wconf 89' lang='lat' dir='ltr'><strong>jam</strong></span> <span class='ocrx_word' id='word_1_370' title='bbox 1361 4570 1545 4639; x_wconf 76' lang='lat' dir='ltr'><strong>fuerat</strong></span> <span class='ocrx_word' id='word_1_371' title='bbox 1574 4583 1898 4654; x_wconf 88' lang='lat' dir='ltr'><strong>persolutum</strong></span> <span class='ocrx_word' id='word_1_372' title='bbox 1920 4625 1935 4649; x_wconf 90' lang='lat'><strong>,</strong></span> 
     </span>
    </p>
   </div>
   <div class='ocr_carea' id='block_1_48' title="bbox 353 4673 1939 4746">
    <p class='ocr_par' dir='ltr' id='par_1_48' title="bbox 353 4673 1939 4746">
     <span class='ocr_line' id='line_1_48' title="bbox 353 4673 1939 4746; baseline -0.003 -12"><span class='ocrx_word' id='word_1_373' title='bbox 353 4675 660 4734; x_wconf 88' lang='lat' dir='ltr'><strong>contristari</strong></span> <span class='ocrx_word' id='word_1_374' title='bbox 689 4675 848 4731; x_wconf 89' lang='lat' dir='ltr'><strong>homo</strong></span> <span class='ocrx_word' id='word_1_375' title='bbox 865 4675 1177 4746; x_wconf 85' lang='lat' dir='ltr'><strong>gravissime</strong></span> <span class='ocrx_word' id='word_1_376' title='bbox 1195 4675 1377 4745; x_wconf 76' lang='lat' dir='ltr'><strong>cmpit,</strong></span> <span class='ocrx_word' id='word_1_377' title='bbox 1399 4683 1558 4745; x_wconf 91' lang='lat' dir='ltr'><strong>atque</strong></span> <span class='ocrx_word' id='word_1_378' title='bbox 1583 4675 1763 4729; x_wconf 88' lang='lat' dir='ltr'><strong>mirari</strong></span> <span class='ocrx_word' id='word_1_379' title='bbox 1797 4673 1939 4745; x_wconf 91' lang='lat' dir='ltr'><strong>quod</strong></span> 
     </span>
    </p>
   </div>
   <div class='ocr_carea' id='block_1_49' title="bbox 355 4767 1941 4840">
    <p class='ocr_par' dir='ltr' id='par_1_49' title="bbox 355 4767 1941 4840">
     <span class='ocr_line' id='line_1_49' title="bbox 355 4767 1941 4840; baseline -0.003 -14"><span class='ocrx_word' id='word_1_380' title='bbox 355 4772 402 4826; x_wconf 88' lang='lat' dir='ltr'><strong>ei</strong></span> <span class='ocrx_word' id='word_1_381' title='bbox 433 4778 587 4840; x_wconf 90' lang='lat' dir='ltr'><strong>pater</strong></span> <span class='ocrx_word' id='word_1_382' title='bbox 610 4768 845 4824; x_wconf 90' lang='lat' dir='ltr'><strong>moriens</strong></span> <span class='ocrx_word' id='word_1_383' title='bbox 869 4782 978 4823; x_wconf 89' lang='lat' dir='ltr'><strong>non</strong></span> <span class='ocrx_word' id='word_1_384' title='bbox 997 4767 1190 4823; x_wconf 78' lang='lat' dir='ltr'><strong>dixerit</strong></span> <span class='ocrx_word' id='word_1_385' title='bbox 1209 4767 1334 4838; x_wconf 90' lang='lat' dir='ltr'><strong>quid</strong></span> <span class='ocrx_word' id='word_1_386' title='bbox 1354 4767 1606 4833; x_wconf 90' lang='lat' dir='ltr'><strong>deberet,</strong></span> <span class='ocrx_word' id='word_1_387' title='bbox 1637 4782 1757 4822; x_wconf 88' lang='lat' dir='ltr'><strong>enm</strong></span> <span class='ocrx_word' id='word_1_388' title='bbox 1786 4767 1941 4822; x_wconf 91' lang='lat' dir='ltr'><strong>fecis-</strong></span> 
     </span>
    </p>
   </div>
   <div class='ocr_carea' id='block_1_50' title="bbox 356 4857 1942 4929">
    <p class='ocr_par' dir='ltr' id='par_1_50' title="bbox 356 4857 1942 4929">
     <span class='ocr_line' id='line_1_50' title="bbox 356 4857 1942 4929; baseline -0.003 -14"><span class='ocrx_word' id='word_1_389' title='bbox 356 4870 439 4915; x_wconf 88' lang='lat' dir='ltr'><strong>set</strong></span> <span class='ocrx_word' id='word_1_390' title='bbox 474 4859 638 4916; x_wconf 89' lang='lat' dir='ltr'><strong>etiam</strong></span> <span class='ocrx_word' id='word_1_391' title='bbox 663 4865 1060 4915; x_wconf 87' lang='lat' dir='ltr'><strong>testamentum.</strong></span> <span class='ocrx_word' id='word_1_392' title='bbox 1090 4858 1240 4912; x_wconf 84' lang='lat' dir='ltr'><strong>Tunc</strong></span> <span class='ocrx_word' id='word_1_393' title='bbox 1262 4858 1312 4913; x_wconf 92' lang='lat' dir='ltr'><strong>ei</strong></span> <span class='ocrx_word' id='word_1_394' title='bbox 1333 4857 1491 4912; x_wconf 90' lang='lat' dir='ltr'><strong>nimis</strong></span> <span class='ocrx_word' id='word_1_395' title='bbox 1515 4857 1673 4913; x_wconf 84' lang='lat' dir='ltr'><strong>anxio</strong></span> <span class='ocrx_word' id='word_1_396' title='bbox 1697 4858 1942 4929; x_wconf 86' lang='lat' dir='ltr'><strong>apparuit</strong></span> 
     </span>
    </p>
   </div>
   <div class='ocr_carea' id='block_1_51' title="bbox 358 4948 1941 5023">
    <p class='ocr_par' dir='ltr' id='par_1_51' title="bbox 358 4948 1941 5023">
     <span class='ocr_line' id='line_1_51' title="bbox 358 4948 1941 5023; baseline -0.003 -15"><span class='ocrx_word' id='word_1_397' title='bbox 358 4953 502 5009; x_wconf 90' lang='lat' dir='ltr'><strong>idem</strong></span> <span class='ocrx_word' id='word_1_398' title='bbox 546 4960 699 5023; x_wconf 89' lang='lat' dir='ltr'><strong>pater</strong></span> <span class='ocrx_word' id='word_1_399' title='bbox 742 4953 859 5022; x_wconf 88' lang='lat' dir='ltr'><strong>ejus</strong></span> <span class='ocrx_word' id='word_1_400' title='bbox 892 4951 944 5005; x_wconf 93' lang='lat' dir='ltr'><strong>in</strong></span> <span class='ocrx_word' id='word_1_401' title='bbox 984 4950 1224 5015; x_wconf 88' lang='lat' dir='ltr'><strong>somnis,</strong></span> <span class='ocrx_word' id='word_1_402' title='bbox 1269 4957 1325 5004; x_wconf 92' lang='lat' dir='ltr'><strong>et</strong></span> <span class='ocrx_word' id='word_1_403' title='bbox 1350 4948 1438 5003; x_wconf 91' lang='lat' dir='ltr'><strong>ubi</strong></span> <span class='ocrx_word' id='word_1_404' title='bbox 1481 4958 1623 5003; x_wconf 91' lang='lat' dir='ltr'><strong>esset</strong></span> <span class='ocrx_word' id='word_1_405' title='bbox 1665 4958 1941 5004; x_wconf 91' lang='lat' dir='ltr'><strong>reeautum</strong></span> 
     </span>
    </p>
   </div>
   <div class='ocr_carea' id='block_1_52' title="bbox 356 5038 1940 5117">
    <p class='ocr_par' dir='ltr' id='par_1_52' title="bbox 356 5038 1940 5117">
     <span class='ocr_line' id='line_1_52' title="bbox 356 5038 1940 5117; baseline -0.006 -17"><span class='ocrx_word' id='word_1_406' title='bbox 356 5061 463 5117; x_wconf 90' lang='lat' dir='ltr'><strong>quo</strong></span> <span class='ocrx_word' id='word_1_407' title='bbox 488 5044 510 5077; x_wconf 74' lang='grc'><strong><em>⁵</em></strong></span> <span class='ocrx_word' id='word_1_408' title='bbox 539 5045 628 5100; x_wconf 91' lang='lat' dir='ltr'><strong>illa</strong></span> <span class='ocrx_word' id='word_1_409' title='bbox 670 5045 844 5100; x_wconf 89' lang='lat' dir='ltr'><strong>cautio</strong></span> <span class='ocrx_word' id='word_1_410' title='bbox 868 5049 1090 5098; x_wconf 88' lang='lat' dir='ltr'><strong>vacuata</strong></span> <span class='ocrx_word' id='word_1_411' title='bbox 1133 5039 1337 5106; x_wconf 89' lang='lat' dir='ltr'><strong>fuerat,</strong></span> <span class='ocrx_word' id='word_1_412' title='bbox 1381 5038 1654 5093; x_wconf 89' lang='lat' dir='ltr'><strong>indicavit.</strong></span> <span class='ocrx_word' id='word_1_413' title='bbox 1699 5039 1814 5106; x_wconf 88' lang='lat' dir='ltr'><strong>Quo</strong></span> <span class='ocrx_word' id='word_1_414' title='bbox 1855 5038 1940 5092; x_wconf 88' lang='lat' dir='ltr'><strong>in-</strong></span> 
     </span>
    </p>
   </div>
   <div class='ocr_carea' id='block_1_53' title="bbox 354 5128 1942 5207">
    <p class='ocr_par' dir='ltr' id='par_1_53' title="bbox 354 5128 1942 5207">
     <span class='ocr_line' id='line_1_53' title="bbox 354 5128 1942 5207; baseline -0.006 -16"><span class='ocrx_word' id='word_1_415' title='bbox 354 5144 519 5192; x_wconf 89' lang='lat' dir='ltr'><strong>vento</strong></span> <span class='ocrx_word' id='word_1_416' title='bbox 532 5136 745 5207; x_wconf 84' lang='lat' dir='ltr'><strong>juvenis</strong></span> <span class='ocrx_word' id='word_1_417' title='bbox 768 5145 930 5207; x_wconf 90' lang='lat' dir='ltr'><strong>atque</strong></span> <span class='ocrx_word' id='word_1_418' title='bbox 951 5139 1265 5198; x_wconf 90' lang='lat' dir='ltr'><strong>monstrato,</strong></span> <span class='ocrx_word' id='word_1_419' title='bbox 1295 5145 1402 5186; x_wconf 92' lang='lat' dir='ltr'><strong>non</strong></span> <span class='ocrx_word' id='word_1_420' title='bbox 1432 5129 1602 5184; x_wconf 91' lang='lat' dir='ltr'><strong>solum</strong></span> <span class='ocrx_word' id='word_1_421' title='bbox 1634 5128 1750 5183; x_wconf 88' lang='lat' dir='ltr'><strong>falsi</strong></span> <span class='ocrx_word' id='word_1_422' title='bbox 1778 5128 1942 5183; x_wconf 91' lang='lat' dir='ltr'><strong>debiti</strong></span> 
     </span>
    </p>
   </div>
   <div class='ocr_carea' id='block_1_54' title="bbox 355 5219 1944 5298">
    <p class='ocr_par' dir='ltr' id='par_1_54' title="bbox 355 5219 1944 5298">
     <span class='ocr_line' id='line_1_54' title="bbox 355 5219 1944 5298; baseline -0.008 -13"><span class='ocrx_word' id='word_1_423' title='bbox 355 5228 680 5285; x_wconf 86' lang='lat' dir='ltr'><strong>calumniam</strong></span> <span class='ocrx_word' id='word_1_424' title='bbox 708 5226 1074 5298; x_wconf 87' lang='lat' dir='ltr'><strong>propulsavit,</strong></span> <span class='ocrx_word' id='word_1_425' title='bbox 1115 5223 1212 5280; x_wconf 90' lang='lat' dir='ltr'><strong>sed</strong></span> <span class='ocrx_word' id='word_1_426' title='bbox 1239 5223 1396 5279; x_wconf 91' lang='lat' dir='ltr'><strong>etiam</strong></span> <span class='ocrx_word' id='word_1_427' title='bbox 1422 5230 1701 5292; x_wconf 89' lang='lat' dir='ltr'><strong>paternum</strong></span> <span class='ocrx_word' id='word_1_428' title='bbox 1743 5219 1944 5289; x_wconf 87' lang='lat' dir='ltr'><strong>recepit</strong></span> 
     </span>
    </p>
   </div>
   <div class='ocr_carea' id='block_1_55' title="bbox 427 5405 1619 5474">
    <p class='ocr_par' dir='ltr' id='par_1_55' title="bbox 427 5405 1619 5474">
     <span class='ocr_line' id='line_1_55' title="bbox 427 5405 1619 5474; baseline 0.019 -23"><span class='ocrx_word' id='word_1_429' title='bbox 427 5407 449 5474; x_wconf 63' lang='grc' dir='ltr'>ξ</span> <span class='ocrx_word' id='word_1_430' title='bbox 479 5406 589 5474; x_wconf 72' lang='lat' dir='ltr'><strong>uad.</strong></span> <span class='ocrx_word' id='word_1_431' title='bbox 612 5414 716 5456; x_wconf 80' lang='lat' dir='ltr'><strong>Am.</strong></span> <span class='ocrx_word' id='word_1_432' title='bbox 743 5413 797 5457; x_wconf 87' lang='lat' dir='ltr'><strong>et</strong></span> <span class='ocrx_word' id='word_1_433' title='bbox 816 5413 914 5467; x_wconf 61' lang='lat' dir='ltr'><strong>Exn,</strong></span> <span class='ocrx_word' id='word_1_434' title='bbox 934 5405 986 5457; x_wconf 84' lang='lat' dir='ltr'><strong>hi</strong></span> <span class='ocrx_word' id='word_1_435' title='bbox 1005 5405 1233 5474; x_wconf 66' lang='lat' dir='ltr'><strong>[tomines-</strong></span> <span class='ocrx_word' id='word_1_436' title='bbox 1270 5472 1301 5474; x_wconf 37' lang='grc' dir='ltr'>μ</span> <span class='ocrx_word' id='word_1_437' title='bbox 1607 5462 1619 5474; x_wconf 93' lang='grc'><strong>.</strong></span> 
     </span>
    </p>
   </div>
   <div class='ocr_carea' id='block_1_56' title="bbox 430 5461 1908 5531">
    <p class='ocr_par' dir='ltr' id='par_1_56' title="bbox 430 5461 1908 5531">
     <span class='ocr_line' id='line_1_56' title="bbox 430 5461 1908 5531; baseline -0.005 -13"><span class='ocrx_word' id='word_1_438' title='bbox 430 5471 453 5531; x_wconf 62' lang='grc' dir='ltr'>ξ</span> <span class='ocrx_word' id='word_1_439' title='bbox 478 5468 588 5518; x_wconf 82' lang='lat' dir='ltr'><strong>Bad.</strong></span> <span class='ocrx_word' id='word_1_440' title='bbox 614 5475 714 5518; x_wconf 83' lang='lat' dir='ltr'><strong>Am.</strong></span> <span class='ocrx_word' id='word_1_441' title='bbox 740 5474 817 5518; x_wconf 80' lang='lat' dir='ltr'><strong>Er.</strong></span> <span class='ocrx_word' id='word_1_442' title='bbox 845 5461 1127 5519; x_wconf 68' lang='lat' dir='ltr'><strong>et&#39;vatieani</strong></span> <span class='ocrx_word' id='word_1_443' title='bbox 1149 5468 1245 5517; x_wconf 90' lang='lat' dir='ltr'><strong>duo</strong></span> <span class='ocrx_word' id='word_1_444' title='bbox 1267 5472 1393 5525; x_wconf 62' lang='lat' dir='ltr'><strong>Mss,</strong></span> <span class='ocrx_word' id='word_1_445' title='bbox 1415 5475 1577 5531; x_wconf 61' lang='lat' dir='ltr'><strong>nonne</strong></span> <span class='ocrx_word' id='word_1_446' title='bbox 1598 5462 1670 5513; x_wconf 82' lang='lat' dir='ltr'><strong>ita</strong></span> <span class='ocrx_word' id='word_1_447' title='bbox 1690 5461 1908 5531; x_wconf 75' lang='lat' dir='ltr'><strong>credens.</strong></span> 
     </span>
    </p>
   </div>
   <div class='ocr_carea' id='block_1_57' title="bbox 433 5526 1942 5592">
    <p class='ocr_par' dir='ltr' id='par_1_57' title="bbox 433 5526 1942 5592">
     <span class='ocr_line' id='line_1_57' title="bbox 433 5526 1942 5592; baseline -0.005 -13"><span class='ocrx_word' id='word_1_448' title='bbox 433 5529 581 5581; x_wconf 71' lang='lat' dir='ltr'><strong>&#39;Duo</strong></span> <span class='ocrx_word' id='word_1_449' title='bbox 599 5537 732 5591; x_wconf 70' lang='lat' dir='ltr'><strong>Mss,</strong></span> <span class='ocrx_word' id='word_1_450' title='bbox 773 5538 926 5580; x_wconf 80' lang='lat' dir='ltr'><strong>Porro</strong></span> <span class='ocrx_word' id='word_1_451' title='bbox 958 5535 1104 5580; x_wconf 77' lang='lat' dir='ltr'><strong>certe.</strong></span> <span class='ocrx_word' id='word_1_452' title='bbox 1152 5534 1347 5592; x_wconf 82' lang='lat' dir='ltr'><strong>Septem</strong></span> <span class='ocrx_word' id='word_1_453' title='bbox 1387 5526 1484 5586; x_wconf 89' lang='lat' dir='ltr'><strong>alii,</strong></span> <span class='ocrx_word' id='word_1_454' title='bbox 1510 5534 1693 5587; x_wconf 77' lang='lat' dir='ltr'><strong>Porro;</strong></span> <span class='ocrx_word' id='word_1_455' title='bbox 1732 5526 1942 5584; x_wconf 88' lang='lat' dir='ltr'><strong>omisso,</strong></span> 
     </span>
    </p>
   </div>
   <div class='ocr_carea' id='block_1_58' title="bbox 328 5597 1944 5726">
    <p class='ocr_par' dir='ltr' id='par_1_58' title="bbox 328 5597 1944 5726">
     <span class='ocr_line' id='line_1_58' title="bbox 328 5597 1944 5726; baseline -0.002 -22"><span class='ocrx_word' id='word_1_456' title='bbox 619 5661 717 5704; x_wconf 74' lang='lat' dir='ltr'><strong>Am.</strong></span> <span class='ocrx_word' id='word_1_457' title='bbox 745 5659 798 5726; x_wconf 76' lang='lat' dir='ltr'><strong>et</strong></span> <span class='ocrx_word' id='word_1_458' title='bbox 815 5659 948 5726; x_wconf 46' lang='lat' dir='ltr'><strong>pom,</strong></span> <span class='ocrx_word' id='word_1_459' title='bbox 971 5652 1229 5726; x_wconf 68' lang='lat' dir='ltr'><strong>repositum</strong></span> <span class='ocrx_word' id='word_1_460' title='bbox 1250 5652 1411 5726; x_wconf 34' lang='lat' dir='ltr'><strong>quod;</strong></span> <span class='ocrx_word' id='word_1_461' title='bbox 1435 5650 1705 5726; x_wconf 50' lang='lat' dir='ltr'><strong>Meliusjlr.</strong></span> <span class='ocrx_word' id='word_1_462' title='bbox 1721 5655 1798 5726; x_wconf 32' lang='lat' dir='ltr'><strong>et‘</strong></span> <span class='ocrx_word' id='word_1_463' title='bbox 1812 5654 1944 5726; x_wconf 57' lang='lat' dir='ltr'><strong>alas,</strong></span> 
     </span>
    </p>
   </div>
   <div class='ocr_carea' id='block_1_59' title="bbox 350 5714 1943 5779">
    <p class='ocr_par' dir='ltr' id='par_1_59' title="bbox 350 5714 1943 5779">
     <span class='ocr_line' id='line_1_59' title="bbox 350 5714 1943 5779; baseline -0.003 -11"><span class='ocrx_word' id='word_1_464' title='bbox 350 5720 615 5779; x_wconf 76' lang='lat' dir='ltr'><strong>recentum</strong></span> <span class='ocrx_word' id='word_1_465' title='bbox 637 5728 763 5779; x_wconf 77' lang='lat' dir='ltr'><strong>quo;</strong></span> <span class='ocrx_word' id='word_1_466' title='bbox 784 5715 834 5765; x_wconf 89' lang='lat' dir='ltr'><strong>id</strong></span> <span class='ocrx_word' id='word_1_467' title='bbox 853 5722 931 5767; x_wconf 88' lang='lat' dir='ltr'><strong>est</strong></span> <span class='ocrx_word' id='word_1_468' title='bbox 964 5714 1193 5779; x_wconf 77' lang='lat' dir='ltr'><strong>scripturn</strong></span> <span class='ocrx_word' id='word_1_469' title='bbox 1228 5714 1326 5779; x_wconf 83' lang='lat' dir='ltr'><strong>quo</strong></span> <span class='ocrx_word' id='word_1_470' title='bbox 1363 5714 1443 5765; x_wconf 87' lang='lat' dir='ltr'><strong>illa</strong></span> <span class='ocrx_word' id='word_1_471' title='bbox 1486 5714 1644 5767; x_wconf 89' lang='lat' dir='ltr'><strong>cautio</strong></span> <span class='ocrx_word' id='word_1_472' title='bbox 1678 5717 1908 5764; x_wconf 75' lang='lat' dir='ltr'><strong>revocata</strong></span> <span class='ocrx_word' id='word_1_473' title='bbox 1928 5744 1943 5774; x_wconf 84' lang='lat'><strong>,</strong></span> 
     </span>
    </p>
   </div>
   <div class='ocr_carea' id='block_1_60' title="bbox 347 5754 1286 5842">
    <p class='ocr_par' dir='ltr' id='par_1_60' title="bbox 347 5754 1286 5842">
     <span class='ocr_line' id='line_1_60' title="bbox 347 5754 1286 5842; baseline -0.011 -8"><span class='ocrx_word' id='word_1_474' title='bbox 347 5754 836 5834; x_wconf 53' lang='lat' dir='ltr'><strong>amamus</strong></span> <span class='ocrx_word' id='word_1_475' title='bbox 854 5754 1286 5842; x_wconf 47' lang='lat' dir='ltr'><strong>Sasernas:</strong></span> 
     </span>
    </p>
   </div>
   <div class='ocr_carea' id='block_1_61' title="bbox 1810 344 2229 405">
    <p class='ocr_par' dir='ltr' id='par_1_61' title="bbox 1810 344 2229 405">
     <span class='ocr_line' id='line_1_61' title="bbox 1810 344 2229 405; baseline 0.002 -3"><span class='ocrx_word' id='word_1_476' title='bbox 1810 344 2014 404; x_wconf 80' lang='lat' dir='ltr'><strong>LIBER</strong></span> <span class='ocrx_word' id='word_1_477' title='bbox 2051 344 2229 405; x_wconf 85' lang='lat' dir='ltr'><strong>UNUS</strong></span> 
     </span>
    </p>
   </div>
   <div class='ocr_carea' id='block_1_62' title="bbox 2055 461 3637 540">
    <p class='ocr_par' dir='ltr' id='par_1_62' title="bbox 2055 461 3637 540">
     <span class='ocr_line' id='line_1_62' title="bbox 2055 461 3637 540; baseline 0.006 -23"><span class='ocrx_word' id='word_1_478' title='bbox 2055 461 2462 534; x_wconf 89' lang='lat' dir='ltr'><strong>chirographum</strong></span> <span class='ocrx_word' id='word_1_479' title='bbox 2487 505 2503 532; x_wconf 95' lang='lat'><strong>,</strong></span> <span class='ocrx_word' id='word_1_480' title='bbox 2533 465 2677 537; x_wconf 92' lang='lat' dir='ltr'><strong>quod</strong></span> <span class='ocrx_word' id='word_1_481' title='bbox 2724 474 2874 537; x_wconf 91' lang='lat' dir='ltr'><strong>pater</strong></span> <span class='ocrx_word' id='word_1_482' title='bbox 2913 481 3023 522; x_wconf 91' lang='lat' dir='ltr'><strong>non</strong></span> <span class='ocrx_word' id='word_1_483' title='bbox 3071 476 3378 539; x_wconf 89' lang='lat' dir='ltr'><strong>receperat,</strong></span> <span class='ocrx_word' id='word_1_484' title='bbox 3422 471 3637 540; x_wconf 91' lang='lat' dir='ltr'><strong>quando</strong></span> 
     </span>
    </p>
   </div>
   <div class='ocr_carea' id='block_1_63' title="bbox 2050 556 3636 630">
    <p class='ocr_par' dir='ltr' id='par_1_63' title="bbox 2050 556 3636 630">
     <span class='ocr_line' id='line_1_63' title="bbox 2050 556 3636 630; baseline 0.007 -21"><span class='ocrx_word' id='word_1_485' title='bbox 2050 563 2132 609; x_wconf 92' lang='lat' dir='ltr'><strong>est</strong></span> <span class='ocrx_word' id='word_1_486' title='bbox 2168 556 2433 626; x_wconf 89' lang='lat' dir='ltr'><strong>persoluta</strong></span> <span class='ocrx_word' id='word_1_487' title='bbox 2470 560 2713 627; x_wconf 87' lang='lat' dir='ltr'><strong>pecunia.</strong></span> <span class='ocrx_word' id='word_1_488' title='bbox 2743 560 2838 614; x_wconf 92' lang='lat' dir='ltr'><strong>llic</strong></span> <span class='ocrx_word' id='word_1_489' title='bbox 2866 560 3043 630; x_wconf 86' lang='lat' dir='ltr'><strong>itaque</strong></span> <span class='ocrx_word' id='word_1_490' title='bbox 3077 569 3288 630; x_wconf 91' lang='lat' dir='ltr'><strong>putatur</strong></span> <span class='ocrx_word' id='word_1_491' title='bbox 3324 561 3502 620; x_wconf 88' lang='lat' dir='ltr'><strong>anima</strong></span> <span class='ocrx_word' id='word_1_492' title='bbox 3532 564 3636 620; x_wconf 89' lang='lat' dir='ltr'><strong>ho-</strong></span> 
     </span>
    </p>
   </div>
   <div class='ocr_carea' id='block_1_64' title="bbox 2050 646 3635 720">
    <p class='ocr_par' dir='ltr' id='par_1_64' title="bbox 2050 646 3635 720">
     <span class='ocr_line' id='line_1_64' title="bbox 2050 646 3635 720; baseline 0.008 -20"><span class='ocrx_word' id='word_1_493' title='bbox 2050 646 2209 702; x_wconf 88' lang='lat' dir='ltr'><strong>minis</strong></span> <span class='ocrx_word' id='word_1_494' title='bbox 2245 663 2426 703; x_wconf 88' lang='lat' dir='ltr'><strong>curam</strong></span> <span class='ocrx_word' id='word_1_495' title='bbox 2462 650 2693 719; x_wconf 86' lang='lat' dir='ltr'><strong>gessisse</strong></span> <span class='ocrx_word' id='word_1_496' title='bbox 2737 666 2834 720; x_wconf 88' lang='lat' dir='ltr'><strong>pro</strong></span> <span class='ocrx_word' id='word_1_497' title='bbox 2880 651 3023 718; x_wconf 85' lang='lat' dir='ltr'><strong>filio,</strong></span> <span class='ocrx_word' id='word_1_498' title='bbox 3072 660 3127 706; x_wconf 90' lang='lat' dir='ltr'><strong>et</strong></span> <span class='ocrx_word' id='word_1_499' title='bbox 3152 653 3219 707; x_wconf 86' lang='lat' dir='ltr'><strong>ad</strong></span> <span class='ocrx_word' id='word_1_500' title='bbox 3262 668 3385 708; x_wconf 92' lang='lat' dir='ltr'><strong>eum</strong></span> <span class='ocrx_word' id='word_1_501' title='bbox 3424 657 3635 714; x_wconf 84' lang='lat' dir='ltr'><strong>venisse</strong></span> 
     </span>
    </p>
   </div>
   <div class='ocr_carea' id='block_1_65' title="bbox 2049 735 3634 815">
    <p class='ocr_par' dir='ltr' id='par_1_65' title="bbox 2049 735 3634 815">
     <span class='ocr_line' id='line_1_65' title="bbox 2049 735 3634 815; baseline 0.009 -25"><span class='ocrx_word' id='word_1_502' title='bbox 2049 735 2423 803; x_wconf 90' lang='lat' dir='ltr'><strong>dormientem,</strong></span> <span class='ocrx_word' id='word_1_503' title='bbox 2448 746 2504 792; x_wconf 90' lang='lat' dir='ltr'><strong>ut</strong></span> <span class='ocrx_word' id='word_1_504' title='bbox 2528 739 2724 795; x_wconf 89' lang='lat' dir='ltr'><strong>docens</strong></span> <span class='ocrx_word' id='word_1_505' title='bbox 2749 740 2890 810; x_wconf 90' lang='lat' dir='ltr'><strong>quod</strong></span> <span class='ocrx_word' id='word_1_506' title='bbox 2919 742 3213 811; x_wconf 88' lang='lat' dir='ltr'><strong>ignorabat,</strong></span> <span class='ocrx_word' id='word_1_507' title='bbox 3241 759 3272 798; x_wconf 89' lang='lat' dir='ltr'><strong>a</strong></span> <span class='ocrx_word' id='word_1_508' title='bbox 3299 760 3487 815; x_wconf 88' lang='lat' dir='ltr'><strong>magna</strong></span> <span class='ocrx_word' id='word_1_509' title='bbox 3509 762 3634 803; x_wconf 87' lang='lat' dir='ltr'><strong>eum</strong></span> 
     </span>
    </p>
   </div>
   <div class='ocr_carea' id='block_1_66' title="bbox 2050 830 3633 909">
    <p class='ocr_par' dir='ltr' id='par_1_66' title="bbox 2050 830 3633 909">
     <span class='ocr_line' id='line_1_66' title="bbox 2050 830 3633 909; baseline 0.008 -25"><span class='ocrx_word' id='word_1_510' title='bbox 2050 830 2291 886; x_wconf 87' lang='lat' dir='ltr'><strong>molestia</strong></span> <span class='ocrx_word' id='word_1_511' title='bbox 2332 831 2602 888; x_wconf 82' lang='lat' dir='ltr'><strong>liberaret.</strong></span> <span class='ocrx_word' id='word_1_512' title='bbox 2644 833 2749 888; x_wconf 86' lang='lat' dir='ltr'><strong>Sed</strong></span> <span class='ocrx_word' id='word_1_513' title='bbox 2798 833 2985 889; x_wconf 86' lang='lat' dir='ltr'><strong>eodem</strong></span> <span class='ocrx_word' id='word_1_514' title='bbox 3036 836 3151 904; x_wconf 84' lang='lat' dir='ltr'><strong>ipso</strong></span> <span class='ocrx_word' id='word_1_515' title='bbox 3193 836 3362 893; x_wconf 90' lang='lat' dir='ltr'><strong>ferme</strong></span> <span class='ocrx_word' id='word_1_516' title='bbox 3393 847 3633 909; x_wconf 82' lang='lat' dir='ltr'><strong>tempore</strong></span> 
     </span>
    </p>
   </div>
   <div class='ocr_carea' id='block_1_67' title="bbox 2048 921 3628 997">
    <p class='ocr_par' dir='ltr' id='par_1_67' title="bbox 2048 921 3628 997">
     <span class='ocr_line' id='line_1_67' title="bbox 2048 921 3628 997; baseline 0.009 -23"><span class='ocrx_word' id='word_1_517' title='bbox 2048 937 2154 992; x_wconf 89' lang='lat' dir='ltr'><strong>quo</strong></span> <span class='ocrx_word' id='word_1_518' title='bbox 2174 921 2227 976; x_wconf 92' lang='lat' dir='ltr'><strong>id</strong></span> <span class='ocrx_word' id='word_1_519' title='bbox 2250 922 2545 977; x_wconf 77' lang='lat' dir='ltr'><strong>audivimus</strong></span> <span class='ocrx_word' id='word_1_520' title='bbox 2565 964 2579 989; x_wconf 94' lang='lat'><strong>,</strong></span> <span class='ocrx_word' id='word_1_521' title='bbox 2624 925 2748 979; x_wconf 90' lang='lat' dir='ltr'><strong>item</strong></span> <span class='ocrx_word' id='word_1_522' title='bbox 2779 926 2929 981; x_wconf 92' lang='lat' dir='ltr'><strong>nobis</strong></span> <span class='ocrx_word' id='word_1_523' title='bbox 2949 927 3086 997; x_wconf 89' lang='lat' dir='ltr'><strong>apud</strong></span> <span class='ocrx_word' id='word_1_524' title='bbox 3114 927 3470 985; x_wconf 85' lang='lat' dir='ltr'><strong>Mediolanum</strong></span> <span class='ocrx_word' id='word_1_525' title='bbox 3493 946 3628 988; x_wconf 87' lang='lat' dir='ltr'><strong>con-</strong></span> 
     </span>
    </p>
   </div>
   <div class='ocr_carea' id='block_1_68' title="bbox 2047 1013 3632 1091">
    <p class='ocr_par' dir='ltr' id='par_1_68' title="bbox 2047 1013 3632 1091">
     <span class='ocr_line' id='line_1_68' title="bbox 2047 1013 3632 1091; baseline 0.008 -22"><span class='ocrx_word' id='word_1_526' title='bbox 2047 1014 2276 1079; x_wconf 87' lang='lat' dir='ltr'><strong>stitutis,</strong></span> <span class='ocrx_word' id='word_1_527' title='bbox 2332 1013 2664 1086; x_wconf 77' lang='lat' dir='ltr'><strong>Carthaginis</strong></span> <span class='ocrx_word' id='word_1_528' title='bbox 2709 1018 2889 1072; x_wconf 87' lang='lat' dir='ltr'><strong>rhetor</strong></span> <span class='ocrx_word' id='word_1_529' title='bbox 2931 1019 3216 1089; x_wconf 87' lang='lat' dir='ltr'><strong>Eulogius,</strong></span> <span class='ocrx_word' id='word_1_530' title='bbox 3265 1021 3354 1091; x_wconf 90' lang='lat' dir='ltr'><strong>qui</strong></span> <span class='ocrx_word' id='word_1_531' title='bbox 3384 1037 3534 1078; x_wconf 90' lang='lat' dir='ltr'><strong>meus</strong></span> <span class='ocrx_word' id='word_1_532' title='bbox 3575 1025 3632 1082; x_wconf 90' lang='lat' dir='ltr'><strong>in</strong></span> 
     </span>
    </p>
   </div>
   <div class='ocr_carea' id='block_1_69' title="bbox 2048 1104 3632 1183">
    <p class='ocr_par' dir='ltr' id='par_1_69' title="bbox 2048 1104 3632 1183">
     <span class='ocr_line' id='line_1_69' title="bbox 2048 1104 3632 1183; baseline 0.008 -26"><span class='ocrx_word' id='word_1_533' title='bbox 2048 1104 2235 1159; x_wconf 88' lang='lat' dir='ltr'><strong>eadem</strong></span> <span class='ocrx_word' id='word_1_534' title='bbox 2264 1114 2381 1160; x_wconf 90' lang='lat' dir='ltr'><strong>arte</strong></span> <span class='ocrx_word' id='word_1_535' title='bbox 2424 1105 2715 1176; x_wconf 87' lang='lat' dir='ltr'><strong>discipulus</strong></span> <span class='ocrx_word' id='word_1_536' title='bbox 2735 1106 2853 1175; x_wconf 92' lang='lat' dir='ltr'><strong>fuit,</strong></span> <span class='ocrx_word' id='word_1_537' title='bbox 2896 1110 3033 1164; x_wconf 90' lang='lat' dir='ltr'><strong>sicut</strong></span> <span class='ocrx_word' id='word_1_538' title='bbox 3078 1110 3208 1164; x_wconf 90' lang='lat' dir='ltr'><strong>mihi</strong></span> <span class='ocrx_word' id='word_1_539' title='bbox 3256 1110 3390 1180; x_wconf 91' lang='lat' dir='ltr'><strong>ipse,</strong></span> <span class='ocrx_word' id='word_1_540' title='bbox 3421 1122 3632 1183; x_wconf 91' lang='lat' dir='ltr'><strong>postea-</strong></span> 
     </span>
    </p>
   </div>
   <div class='ocr_carea' id='block_1_70' title="bbox 2045 1197 3630 1269">
    <p class='ocr_par' dir='ltr' id='par_1_70' title="bbox 2045 1197 3630 1269">
     <span class='ocr_line' id='line_1_70' title="bbox 2045 1197 3630 1269; baseline 0.009 -19"><span class='ocrx_word' id='word_1_541' title='bbox 2045 1209 2202 1265; x_wconf 87' lang='lat' dir='ltr'><strong>quam</strong></span> <span class='ocrx_word' id='word_1_542' title='bbox 2230 1197 2281 1251; x_wconf 93' lang='lat' dir='ltr'><strong>in</strong></span> <span class='ocrx_word' id='word_1_543' title='bbox 2311 1197 2542 1253; x_wconf 85' lang='lat' dir='ltr'><strong>Africam</strong></span> <span class='ocrx_word' id='word_1_544' title='bbox 2568 1200 2955 1268; x_wconf 87' lang='lat' dir='ltr'><strong>remeavimus,</strong></span> <span class='ocrx_word' id='word_1_545' title='bbox 2998 1202 3218 1269; x_wconf 89' lang='lat' dir='ltr'><strong>retulit,</strong></span> <span class='ocrx_word' id='word_1_546' title='bbox 3250 1219 3369 1259; x_wconf 90' lang='lat' dir='ltr'><strong>cum</strong></span> <span class='ocrx_word' id='word_1_547' title='bbox 3402 1205 3630 1264; x_wconf 88' lang='lat' dir='ltr'><strong>rhetori-</strong></span> 
     </span>
    </p>
   </div>
   <div class='ocr_carea' id='block_1_71' title="bbox 2045 1288 3630 1361">
    <p class='ocr_par' dir='ltr' id='par_1_71' title="bbox 2045 1288 3630 1361">
     <span class='ocr_line' id='line_1_71' title="bbox 2045 1288 3630 1361; baseline 0.008 -19"><span class='ocrx_word' id='word_1_548' title='bbox 2045 1301 2138 1343; x_wconf 90' lang='lat' dir='ltr'><strong>cos</strong></span> <span class='ocrx_word' id='word_1_549' title='bbox 2158 1288 2426 1344; x_wconf 87' lang='lat' dir='ltr'><strong>Ciceronis</strong></span> <span class='ocrx_word' id='word_1_550' title='bbox 2447 1290 2613 1346; x_wconf 90' lang='lat' dir='ltr'><strong>libros</strong></span> <span class='ocrx_word' id='word_1_551' title='bbox 2642 1290 2911 1359; x_wconf 90' lang='lat' dir='ltr'><strong>discipulis</strong></span> <span class='ocrx_word' id='word_1_552' title='bbox 2931 1292 3041 1347; x_wconf 87' lang='lat' dir='ltr'><strong>suis</strong></span> <span class='ocrx_word' id='word_1_553' title='bbox 3064 1292 3313 1361; x_wconf 87' lang='lat' dir='ltr'><strong>traderet,</strong></span> <span class='ocrx_word' id='word_1_554' title='bbox 3341 1311 3630 1354; x_wconf 89' lang='lat' dir='ltr'><strong>recensens</strong></span> 
     </span>
    </p>
   </div>
   <div class='ocr_carea' id='block_1_72' title="bbox 2046 1376 3627 1458">
    <p class='ocr_par' dir='ltr' id='par_1_72' title="bbox 2046 1376 3627 1458">
     <span class='ocr_line' id='line_1_72' title="bbox 2046 1376 3627 1458; baseline 0.008 -27"><span class='ocrx_word' id='word_1_555' title='bbox 2046 1376 2325 1434; x_wconf 87' lang='lat' dir='ltr'><strong>lectionem</strong></span> <span class='ocrx_word' id='word_1_556' title='bbox 2363 1395 2520 1449; x_wconf 87' lang='lat' dir='ltr'><strong>quam</strong></span> <span class='ocrx_word' id='word_1_557' title='bbox 2558 1381 2810 1449; x_wconf 91' lang='lat' dir='ltr'><strong>postridie</strong></span> <span class='ocrx_word' id='word_1_558' title='bbox 2856 1381 3030 1438; x_wconf 90' lang='lat' dir='ltr'><strong>fuerat</strong></span> <span class='ocrx_word' id='word_1_559' title='bbox 3064 1385 3386 1451; x_wconf 87' lang='lat' dir='ltr'><strong>traditurus,</strong></span> <span class='ocrx_word' id='word_1_560' title='bbox 3435 1404 3627 1458; x_wconf 88' lang='lat' dir='ltr'><strong>quem-</strong></span> 
     </span>
    </p>
   </div>
   <div class='ocr_carea' id='block_1_73' title="bbox 2046 1468 3625 1548">
    <p class='ocr_par' dir='ltr' id='par_1_73' title="bbox 2046 1468 3625 1548">
     <span class='ocr_line' id='line_1_73' title="bbox 2046 1468 3625 1548; baseline 0.007 -25"><span class='ocrx_word' id='word_1_561' title='bbox 2046 1468 2168 1523; x_wconf 91' lang='lat' dir='ltr'><strong>dam</strong></span> <span class='ocrx_word' id='word_1_562' title='bbox 2196 1469 2368 1526; x_wconf 88' lang='lat' dir='ltr'><strong>locum</strong></span> <span class='ocrx_word' id='word_1_563' title='bbox 2417 1469 2636 1525; x_wconf 80' lang='lat' dir='ltr'><strong>offendit</strong></span> <span class='ocrx_word' id='word_1_564' title='bbox 2659 1471 2942 1527; x_wconf 88' lang='lat' dir='ltr'><strong>obscurum</strong></span> <span class='ocrx_word' id='word_1_565' title='bbox 2992 1492 3005 1528; x_wconf 91' lang='lat'><strong>:</strong></span> <span class='ocrx_word' id='word_1_566' title='bbox 3045 1490 3151 1544; x_wconf 88' lang='lat' dir='ltr'><strong>quo</strong></span> <span class='ocrx_word' id='word_1_567' title='bbox 3185 1491 3291 1531; x_wconf 91' lang='lat' dir='ltr'><strong>non</strong></span> <span class='ocrx_word' id='word_1_568' title='bbox 3322 1477 3625 1548; x_wconf 90' lang='lat' dir='ltr'><strong>intellecto,</strong></span> 
     </span>
    </p>
   </div>
   <div class='ocr_carea' id='block_1_74' title="bbox 2046 1560 3629 1635">
    <p class='ocr_par' dir='ltr' id='par_1_74' title="bbox 2046 1560 3629 1635">
     <span class='ocr_line' id='line_1_74' title="bbox 2046 1560 3629 1635; baseline 0.008 -21"><span class='ocrx_word' id='word_1_569' title='bbox 2046 1560 2134 1615; x_wconf 80' lang='lat' dir='ltr'><strong>vix</strong></span> <span class='ocrx_word' id='word_1_570' title='bbox 2182 1562 2350 1630; x_wconf 90' lang='lat' dir='ltr'><strong>potuit</strong></span> <span class='ocrx_word' id='word_1_571' title='bbox 2387 1560 2622 1619; x_wconf 73' lang='lat' dir='ltr'><strong>dormire</strong></span> <span class='ocrx_word' id='word_1_572' title='bbox 2651 1563 2953 1631; x_wconf 86' lang='lat' dir='ltr'><strong>sollicitus;</strong></span> <span class='ocrx_word' id='word_1_573' title='bbox 2997 1580 3101 1635; x_wconf 90' lang='lat' dir='ltr'><strong>qua</strong></span> <span class='ocrx_word' id='word_1_574' title='bbox 3147 1576 3302 1623; x_wconf 90' lang='lat' dir='ltr'><strong>nocte</strong></span> <span class='ocrx_word' id='word_1_575' title='bbox 3343 1570 3629 1626; x_wconf 89' lang='lat' dir='ltr'><strong>somnianti</strong></span> 
     </span>
    </p>
   </div>
   <div class='ocr_carea' id='block_1_75' title="bbox 2046 1651 3623 1732">
    <p class='ocr_par' dir='ltr' id='par_1_75' title="bbox 2046 1651 3623 1732">
     <span class='ocr_line' id='line_1_75' title="bbox 2046 1651 3623 1732; baseline 0.007 -26"><span class='ocrx_word' id='word_1_576' title='bbox 2046 1664 2145 1721; x_wconf 87' lang='lat' dir='ltr'><strong>ego</strong></span> <span class='ocrx_word' id='word_1_577' title='bbox 2173 1651 2249 1705; x_wconf 90' lang='lat' dir='ltr'><strong>illi</strong></span> <span class='ocrx_word' id='word_1_578' title='bbox 2277 1651 2417 1721; x_wconf 90' lang='lat' dir='ltr'><strong>quod</strong></span> <span class='ocrx_word' id='word_1_579' title='bbox 2444 1667 2548 1706; x_wconf 92' lang='lat' dir='ltr'><strong>non</strong></span> <span class='ocrx_word' id='word_1_580' title='bbox 2574 1652 2901 1724; x_wconf 88' lang='lat' dir='ltr'><strong>intelligebat</strong></span> <span class='ocrx_word' id='word_1_581' title='bbox 2927 1657 3147 1725; x_wconf 82' lang='lat' dir='ltr'><strong>exposui</strong></span> <span class='ocrx_word' id='word_1_582' title='bbox 3179 1674 3193 1722; x_wconf 92' lang='lat'><strong>;</strong></span> <span class='ocrx_word' id='word_1_583' title='bbox 3228 1659 3335 1712; x_wconf 90' lang='lat' dir='ltr'><strong>imo</strong></span> <span class='ocrx_word' id='word_1_584' title='bbox 3356 1676 3461 1715; x_wconf 91' lang='lat' dir='ltr'><strong>non</strong></span> <span class='ocrx_word' id='word_1_585' title='bbox 3488 1677 3589 1732; x_wconf 88' lang='lat' dir='ltr'><strong>ego</strong></span> <span class='ocrx_word' id='word_1_586' title='bbox 3607 1701 3623 1728; x_wconf 92' lang='lat'><strong>,</strong></span> 
     </span>
    </p>
   </div>
   <div class='ocr_carea' id='block_1_76' title="bbox 2046 1741 3628 1818">
    <p class='ocr_par' dir='ltr' id='par_1_76' title="bbox 2046 1741 3628 1818">
     <span class='ocr_line' id='line_1_76' title="bbox 2046 1741 3628 1818; baseline 0.008 -22"><span class='ocrx_word' id='word_1_587' title='bbox 2046 1741 2136 1797; x_wconf 86' lang='lat' dir='ltr'><strong>sed</strong></span> <span class='ocrx_word' id='word_1_588' title='bbox 2157 1742 2333 1812; x_wconf 87' lang='lat' dir='ltr'><strong>imago</strong></span> <span class='ocrx_word' id='word_1_589' title='bbox 2357 1758 2496 1810; x_wconf 90' lang='lat' dir='ltr'><strong>mea,</strong></span> <span class='ocrx_word' id='word_1_590' title='bbox 2520 1744 2791 1799; x_wconf 89' lang='lat' dir='ltr'><strong>nesciente</strong></span> <span class='ocrx_word' id='word_1_591' title='bbox 2811 1761 2917 1812; x_wconf 86' lang='lat' dir='ltr'><strong>me,</strong></span> <span class='ocrx_word' id='word_1_592' title='bbox 2935 1756 2990 1800; x_wconf 89' lang='lat' dir='ltr'><strong>et</strong></span> <span class='ocrx_word' id='word_1_593' title='bbox 3012 1753 3120 1801; x_wconf 87' lang='lat' dir='ltr'><strong>tam</strong></span> <span class='ocrx_word' id='word_1_594' title='bbox 3142 1748 3296 1818; x_wconf 90' lang='lat' dir='ltr'><strong>longe</strong></span> <span class='ocrx_word' id='word_1_595' title='bbox 3313 1756 3459 1805; x_wconf 87' lang='lat' dir='ltr'><strong>trans</strong></span> <span class='ocrx_word' id='word_1_596' title='bbox 3478 1767 3628 1809; x_wconf 83' lang='lat' dir='ltr'><strong>mare</strong></span> 
     </span>
    </p>
   </div>
   <div class='ocr_carea' id='block_1_77' title="bbox 2043 1834 3628 1906">
    <p class='ocr_par' dir='ltr' id='par_1_77' title="bbox 2043 1834 3628 1906">
     <span class='ocr_line' id='line_1_77' title="bbox 2043 1834 3628 1906; baseline 0.006 -17"><span class='ocrx_word' id='word_1_597' title='bbox 2043 1834 2240 1904; x_wconf 90' lang='lat' dir='ltr'><strong>aliquid</strong></span> <span class='ocrx_word' id='word_1_598' title='bbox 2277 1835 2419 1889; x_wconf 90' lang='lat' dir='ltr'><strong>aliud</strong></span> <span class='ocrx_word' id='word_1_599' title='bbox 2455 1836 2566 1891; x_wconf 88' lang='lat' dir='ltr'><strong>sive</strong></span> <span class='ocrx_word' id='word_1_600' title='bbox 2607 1844 2829 1906; x_wconf 88' lang='lat' dir='ltr'><strong>agente,</strong></span> <span class='ocrx_word' id='word_1_601' title='bbox 2871 1837 2984 1893; x_wconf 90' lang='lat' dir='ltr'><strong>sive</strong></span> <span class='ocrx_word' id='word_1_602' title='bbox 3023 1839 3354 1906; x_wconf 88' lang='lat' dir='ltr'><strong>somniante,</strong></span> <span class='ocrx_word' id='word_1_603' title='bbox 3395 1852 3450 1897; x_wconf 91' lang='lat' dir='ltr'><strong>et</strong></span> <span class='ocrx_word' id='word_1_604' title='bbox 3493 1844 3628 1899; x_wconf 90' lang='lat' dir='ltr'><strong>nihil</strong></span> 
     </span>
    </p>
   </div>
   <div class='ocr_carea' id='block_1_78' title="bbox 2043 1923 3625 2001">
    <p class='ocr_par' dir='ltr' id='par_1_78' title="bbox 2043 1923 3625 2001">
     <span class='ocr_line' id='line_1_78' title="bbox 2043 1923 3625 2001; baseline 0.006 -22"><span class='ocrx_word' id='word_1_605' title='bbox 2043 1923 2112 1979; x_wconf 91' lang='lat' dir='ltr'><strong>de</strong></span> <span class='ocrx_word' id='word_1_606' title='bbox 2139 1924 2280 1979; x_wconf 89' lang='lat' dir='ltr'><strong>illius</strong></span> <span class='ocrx_word' id='word_1_607' title='bbox 2305 1926 2450 1980; x_wconf 89' lang='lat' dir='ltr'><strong>curis</strong></span> <span class='ocrx_word' id='word_1_608' title='bbox 2486 1926 2705 1981; x_wconf 89' lang='lat' dir='ltr'><strong>omnino</strong></span> <span class='ocrx_word' id='word_1_609' title='bbox 2736 1935 2977 1982; x_wconf 86' lang='lat' dir='ltr'><strong>curante.</strong></span> <span class='ocrx_word' id='word_1_610' title='bbox 3018 1928 3296 1995; x_wconf 85' lang='lat' dir='ltr'><strong>Quomodo</strong></span> <span class='ocrx_word' id='word_1_611' title='bbox 3325 1932 3453 1986; x_wconf 79' lang='lat' dir='ltr'><strong>[iant</strong></span> <span class='ocrx_word' id='word_1_612' title='bbox 3476 1931 3577 1988; x_wconf 86' lang='lat' dir='ltr'><strong>ista</strong></span> <span class='ocrx_word' id='word_1_613' title='bbox 3605 1975 3625 2001; x_wconf 91' lang='lat'><strong>,</strong></span> 
     </span>
    </p>
   </div>
   <div class='ocr_carea' id='block_1_79' title="bbox 2044 2016 3627 2087">
    <p class='ocr_par' dir='ltr' id='par_1_79' title="bbox 2044 2016 3627 2087">
     <span class='ocr_line' id='line_1_79' title="bbox 2044 2016 3627 2087; baseline 0.007 -17"><span class='ocrx_word' id='word_1_614' title='bbox 2044 2016 2225 2072; x_wconf 88' lang='lat' dir='ltr'><strong>nescio</strong></span> <span class='ocrx_word' id='word_1_615' title='bbox 2279 2034 2293 2070; x_wconf 89' lang='lat'><strong>:</strong></span> <span class='ocrx_word' id='word_1_616' title='bbox 2345 2016 2440 2071; x_wconf 89' lang='lat' dir='ltr'><strong>sed</strong></span> <span class='ocrx_word' id='word_1_617' title='bbox 2491 2017 2891 2087; x_wconf 89' lang='lat' dir='ltr'><strong>quomodolibet</strong></span> <span class='ocrx_word' id='word_1_618' title='bbox 2939 2018 3107 2086; x_wconf 82' lang='lat' dir='ltr'><strong>fiant,</strong></span> <span class='ocrx_word' id='word_1_619' title='bbox 3147 2035 3243 2076; x_wconf 89' lang='lat' dir='ltr'><strong>cur</strong></span> <span class='ocrx_word' id='word_1_620' title='bbox 3282 2038 3388 2077; x_wconf 92' lang='lat' dir='ltr'><strong>non</strong></span> <span class='ocrx_word' id='word_1_621' title='bbox 3436 2024 3627 2081; x_wconf 82' lang='lat' dir='ltr'><strong>eodem</strong></span> 
     </span>
    </p>
   </div>
   <div class='ocr_carea' id='block_1_80' title="bbox 2043 2106 3630 2182">
    <p class='ocr_par' dir='ltr' id='par_1_80' title="bbox 2043 2106 3630 2182">
     <span class='ocr_line' id='line_1_80' title="bbox 2043 2106 3630 2182; baseline 0.006 -20"><span class='ocrx_word' id='word_1_622' title='bbox 2043 2106 2203 2162; x_wconf 90' lang='lat' dir='ltr'><strong>modo</strong></span> <span class='ocrx_word' id='word_1_623' title='bbox 2237 2106 2353 2161; x_wconf 83' lang='lat' dir='ltr'><strong>fieri</strong></span> <span class='ocrx_word' id='word_1_624' title='bbox 2394 2107 2695 2174; x_wconf 85' lang='lat' dir='ltr'><strong>credimus,</strong></span> <span class='ocrx_word' id='word_1_625' title='bbox 2739 2116 2797 2163; x_wconf 93' lang='lat' dir='ltr'><strong>ut</strong></span> <span class='ocrx_word' id='word_1_626' title='bbox 2842 2109 2896 2163; x_wconf 92' lang='lat' dir='ltr'><strong>in</strong></span> <span class='ocrx_word' id='word_1_627' title='bbox 2939 2111 3144 2167; x_wconf 86' lang='lat' dir='ltr'><strong>somnis</strong></span> <span class='ocrx_word' id='word_1_628' title='bbox 3181 2112 3407 2182; x_wconf 88' lang='lat' dir='ltr'><strong>quisque</strong></span> <span class='ocrx_word' id='word_1_629' title='bbox 3452 2115 3630 2173; x_wconf 78' lang='lat' dir='ltr'><strong>videat</strong></span> 
     </span>
    </p>
   </div>
   <div class='ocr_carea' id='block_1_81' title="bbox 2043 2199 3630 2269">
    <p class='ocr_par' dir='ltr' id='par_1_81' title="bbox 2043 2199 3630 2269">
     <span class='ocr_line' id='line_1_81' title="bbox 2043 2199 3630 2269; baseline 0.004 -15"><span class='ocrx_word' id='word_1_630' title='bbox 2043 2207 2309 2254; x_wconf 89' lang='lat' dir='ltr'><strong>mortuum</strong></span> <span class='ocrx_word' id='word_1_631' title='bbox 2327 2239 2342 2265; x_wconf 91' lang='lat'><strong>,</strong></span> <span class='ocrx_word' id='word_1_632' title='bbox 2376 2199 2644 2269; x_wconf 90' lang='lat' dir='ltr'><strong>quomodo</strong></span> <span class='ocrx_word' id='word_1_633' title='bbox 2674 2200 2734 2254; x_wconf 81' lang='lat' dir='ltr'><strong>fit</strong></span> <span class='ocrx_word' id='word_1_634' title='bbox 2759 2208 2820 2255; x_wconf 93' lang='lat' dir='ltr'><strong>ut</strong></span> <span class='ocrx_word' id='word_1_635' title='bbox 2846 2199 3023 2255; x_wconf 86' lang='lat' dir='ltr'><strong>videat</strong></span> <span class='ocrx_word' id='word_1_636' title='bbox 3049 2210 3104 2255; x_wconf 91' lang='lat' dir='ltr'><strong>et</strong></span> <span class='ocrx_word' id='word_1_637' title='bbox 3123 2202 3298 2256; x_wconf 87' lang='lat' dir='ltr'><strong>vivum</strong></span> <span class='ocrx_word' id='word_1_638' title='bbox 3319 2204 3343 2258; x_wconf 70' lang='grc' dir='ltr'><em>ἲ</em></span> <span class='ocrx_word' id='word_1_639' title='bbox 3367 2204 3630 2261; x_wconf 89' lang='lat' dir='ltr'><strong>ambobus</strong></span> 
     </span>
    </p>
   </div>
   <div class='ocr_carea' id='block_1_82' title="bbox 2044 2294 3627 2367">
    <p class='ocr_par' dir='ltr' id='par_1_82' title="bbox 2044 2294 3627 2367">
     <span class='ocr_line' id='line_1_82' title="bbox 2044 2294 3627 2367; baseline 0.004 -18"><span class='ocrx_word' id='word_1_640' title='bbox 2044 2294 2224 2364; x_wconf 89' lang='lat' dir='ltr'><strong>utique</strong></span> <span class='ocrx_word' id='word_1_641' title='bbox 2263 2296 2656 2362; x_wconf 86' lang='lat' dir='ltr'><strong>nescientibus,</strong></span> <span class='ocrx_word' id='word_1_642' title='bbox 2704 2311 2878 2366; x_wconf 88' lang='lat' dir='ltr'><strong>neque</strong></span> <span class='ocrx_word' id='word_1_643' title='bbox 2920 2298 3229 2353; x_wconf 85' lang='lat' dir='ltr'><strong>curantibus</strong></span> <span class='ocrx_word' id='word_1_644' title='bbox 3258 2299 3377 2367; x_wconf 88' lang='lat' dir='ltr'><strong>quis</strong></span> <span class='ocrx_word' id='word_1_645' title='bbox 3409 2299 3492 2354; x_wconf 88' lang='lat' dir='ltr'><strong>vel</strong></span> <span class='ocrx_word' id='word_1_646' title='bbox 3536 2300 3627 2356; x_wconf 90' lang='lat' dir='ltr'><strong>ubi</strong></span> 
     </span>
    </p>
   </div>
   <div class='ocr_carea' id='block_1_83' title="bbox 2043 2384 3527 2455">
    <p class='ocr_par' dir='ltr' id='par_1_83' title="bbox 2043 2384 3527 2455">
     <span class='ocr_line' id='line_1_83' title="bbox 2043 2384 3527 2455; baseline 0.001 -19"><span class='ocrx_word' id='word_1_647' title='bbox 2043 2384 2129 2440; x_wconf 89' lang='lat' dir='ltr'><strong>vel</strong></span> <span class='ocrx_word' id='word_1_648' title='bbox 2156 2384 2366 2454; x_wconf 89' lang='lat' dir='ltr'><strong>quando</strong></span> <span class='ocrx_word' id='word_1_649' title='bbox 2393 2400 2578 2440; x_wconf 89' lang='lat' dir='ltr'><strong>eorum</strong></span> <span class='ocrx_word' id='word_1_650' title='bbox 2603 2387 2861 2455; x_wconf 89' lang='lat' dir='ltr'><strong>imagines</strong></span> <span class='ocrx_word' id='word_1_651' title='bbox 2887 2388 3137 2442; x_wconf 90' lang='lat' dir='ltr'><strong>somniet.</strong></span> <span class='ocrx_word' id='word_1_652' title='bbox 3522 2434 3527 2437; x_wconf 94' lang='lat'>_</span> 
     </span>
    </p>
   </div>
   <div class='ocr_carea' id='block_1_84' title="bbox 2110 2473 3626 2553">
    <p class='ocr_par' dir='ltr' id='par_1_84' title="bbox 2110 2473 3626 2553">
     <span class='ocr_line' id='line_1_84' title="bbox 2110 2473 3626 2553; baseline 0.003 -24"><span class='ocrx_word' id='word_1_653' title='bbox 2110 2474 2195 2553; x_wconf 72' lang='lat' dir='ltr'><strong>CA</strong></span> <span class='ocrx_word' id='word_1_654' title='bbox 2205 2475 2336 2531; x_wconf 88' lang='lat' dir='ltr'><strong>PUT</strong></span> <span class='ocrx_word' id='word_1_655' title='bbox 2359 2474 2473 2530; x_wconf 76' lang='grc' dir='ltr'><strong>ΧΠ.</strong></span> <span class='ocrx_word' id='word_1_656' title='bbox 2496 2505 2566 2516; x_wconf 89' lang='lat'><strong>——</strong></span> <span class='ocrx_word' id='word_1_657' title='bbox 2591 2476 2676 2531; x_wconf 73' lang='grc'><strong>14.</strong></span> <span class='ocrx_word' id='word_1_658' title='bbox 2716 2473 2833 2530; x_wconf 76' lang='lat' dir='ltr'><strong>Visa</strong></span> <span class='ocrx_word' id='word_1_659' title='bbox 2850 2476 3274 2545; x_wconf 81' lang='lat' dir='ltr'><strong>phreneticorum.</strong></span> <span class='ocrx_word' id='word_1_660' title='bbox 3306 2476 3477 2532; x_wconf 78' lang='lat' dir='ltr'><strong>Visum</strong></span> <span class='ocrx_word' id='word_1_661' title='bbox 3496 2478 3626 2534; x_wconf 86' lang='lat' dir='ltr'><strong>Cur-</strong></span> 
     </span>
    </p>
   </div>
   <div class='ocr_carea' id='block_1_85' title="bbox 2039 2566 3625 2626">
    <p class='ocr_par' dir='ltr' id='par_1_85' title="bbox 2039 2566 3625 2626">
     <span class='ocr_line' id='line_1_85' title="bbox 2039 2566 3625 2626; baseline 0.003 -5"><span class='ocrx_word' id='word_1_662' title='bbox 2039 2582 2137 2621; x_wconf 78' lang='lat' dir='ltr'><strong>nue</strong></span> <span class='ocrx_word' id='word_1_663' title='bbox 2177 2567 2404 2621; x_wconf 75' lang='lat' dir='ltr'><strong>curialis.</strong></span> <span class='ocrx_word' id='word_1_664' title='bbox 2448 2566 2651 2623; x_wconf 86' lang='lat' dir='ltr'><strong>Similia</strong></span> <span class='ocrx_word' id='word_1_665' title='bbox 2698 2577 2823 2623; x_wconf 91' lang='lat' dir='ltr'><strong>sunt</strong></span> <span class='ocrx_word' id='word_1_666' title='bbox 2871 2576 3050 2623; x_wconf 90' lang='lat' dir='ltr'><strong>autem</strong></span> <span class='ocrx_word' id='word_1_667' title='bbox 3105 2569 3327 2624; x_wconf 87' lang='lat' dir='ltr'><strong>somniis</strong></span> <span class='ocrx_word' id='word_1_668' title='bbox 3370 2570 3625 2626; x_wconf 91' lang='lat' dir='ltr'><strong>nonnulla</strong></span> 
     </span>
    </p>
   </div>
   <div class='ocr_carea' id='block_1_86' title="bbox 2038 2657 3621 2736">
    <p class='ocr_par' dir='ltr' id='par_1_86' title="bbox 2038 2657 3621 2736">
     <span class='ocr_line' id='line_1_86' title="bbox 2038 2657 3621 2736; baseline 0.004 -24"><span class='ocrx_word' id='word_1_669' title='bbox 2038 2657 2198 2712; x_wconf 88' lang='lat' dir='ltr'><strong>etiam</strong></span> <span class='ocrx_word' id='word_1_670' title='bbox 2237 2658 2349 2713; x_wconf 91' lang='lat' dir='ltr'><strong>visa</strong></span> <span class='ocrx_word' id='word_1_671' title='bbox 2391 2658 2713 2729; x_wconf 91' lang='lat' dir='ltr'><strong>vigilantium</strong></span> <span class='ocrx_word' id='word_1_672' title='bbox 2739 2700 2755 2727; x_wconf 94' lang='lat'><strong>,</strong></span> <span class='ocrx_word' id='word_1_673' title='bbox 2785 2660 2876 2729; x_wconf 91' lang='lat' dir='ltr'><strong>qui</strong></span> <span class='ocrx_word' id='word_1_674' title='bbox 2908 2660 3147 2715; x_wconf 88' lang='lat' dir='ltr'><strong>turbatos</strong></span> <span class='ocrx_word' id='word_1_675' title='bbox 3175 2660 3374 2736; x_wconf 83' lang='lat' dir='ltr'><strong>habent</strong></span> <span class='ocrx_word' id='word_1_676' title='bbox 3401 2677 3621 2730; x_wconf 88' lang='lat' dir='ltr'><strong>sensus,</strong></span> 
     </span>
    </p>
   </div>
   <div class='ocr_carea' id='block_1_87' title="bbox 2018 2747 3624 2823">
    <p class='ocr_par' dir='ltr' id='par_1_87' title="bbox 2018 2747 3624 2823">
     <span class='ocr_line' id='line_1_87' title="bbox 2018 2747 3624 2823; baseline 0.004 -20"><span class='ocrx_word' id='word_1_677' title='bbox 2018 2747 2176 2823; x_wconf 63' lang='lat' dir='ltr'><strong>sicut</strong></span> <span class='ocrx_word' id='word_1_678' title='bbox 2198 2747 2511 2817; x_wconf 86' lang='lat' dir='ltr'><strong>phrenetici,</strong></span> <span class='ocrx_word' id='word_1_679' title='bbox 2534 2748 2619 2803; x_wconf 89' lang='lat' dir='ltr'><strong>vel</strong></span> <span class='ocrx_word' id='word_1_680' title='bbox 2648 2764 2984 2820; x_wconf 91' lang='lat' dir='ltr'><strong>quocumque</strong></span> <span class='ocrx_word' id='word_1_681' title='bbox 3003 2750 3238 2807; x_wconf 89' lang='lat' dir='ltr'><strong>furentes</strong></span> <span class='ocrx_word' id='word_1_682' title='bbox 3263 2751 3423 2808; x_wconf 88' lang='lat' dir='ltr'><strong>modo</strong></span> <span class='ocrx_word' id='word_1_683' title='bbox 3456 2771 3470 2806; x_wconf 92' lang='lat'><strong>:</strong></span> <span class='ocrx_word' id='word_1_684' title='bbox 3500 2769 3624 2809; x_wconf 90' lang='lat' dir='ltr'><strong>nam</strong></span> 
     </span>
    </p>
   </div>
   <div class='ocr_carea' id='block_1_88' title="bbox 2038 2837 3626 2912">
    <p class='ocr_par' dir='ltr' id='par_1_88' title="bbox 2038 2837 3626 2912">
     <span class='ocr_line' id='line_1_88' title="bbox 2038 2837 3626 2912; baseline 0.004 -20"><span class='ocrx_word' id='word_1_685' title='bbox 2038 2846 2093 2892; x_wconf 92' lang='lat' dir='ltr'><strong>et</strong></span> <span class='ocrx_word' id='word_1_686' title='bbox 2133 2837 2235 2906; x_wconf 87' lang='lat' dir='ltr'><strong>ipsi</strong></span> <span class='ocrx_word' id='word_1_687' title='bbox 2275 2838 2567 2907; x_wconf 90' lang='lat' dir='ltr'><strong>loquuntur</strong></span> <span class='ocrx_word' id='word_1_688' title='bbox 2604 2854 2785 2895; x_wconf 91' lang='lat' dir='ltr'><strong>secum</strong></span> <span class='ocrx_word' id='word_1_689' title='bbox 2813 2843 2964 2911; x_wconf 88' lang='lat' dir='ltr'><strong>quasi</strong></span> <span class='ocrx_word' id='word_1_690' title='bbox 3001 2856 3126 2897; x_wconf 91' lang='lat' dir='ltr'><strong>vere</strong></span> <span class='ocrx_word' id='word_1_691' title='bbox 3160 2843 3509 2912; x_wconf 63' lang='lat' dir='ltr'><strong>praesentibus</strong></span> <span class='ocrx_word' id='word_1_692' title='bbox 3546 2845 3626 2899; x_wconf 88' lang='lat' dir='ltr'><strong>lo-</strong></span> 
     </span>
    </p>
   </div>
   <div class='ocr_carea' id='block_1_89' title="bbox 2038 2931 3625 3003">
    <p class='ocr_par' dir='ltr' id='par_1_89' title="bbox 2038 2931 3625 3003">
     <span class='ocr_line' id='line_1_89' title="bbox 2038 2931 3625 3003; baseline 0.007 -23"><span class='ocrx_word' id='word_1_693' title='bbox 2038 2937 2286 2997; x_wconf 90' lang='lat' dir='ltr'><strong>quantur,</strong></span> <span class='ocrx_word' id='word_1_694' title='bbox 2316 2937 2371 2985; x_wconf 90' lang='lat' dir='ltr'><strong>et</strong></span> <span class='ocrx_word' id='word_1_695' title='bbox 2402 2938 2506 2984; x_wconf 91' lang='lat' dir='ltr'><strong>tam</strong></span> <span class='ocrx_word' id='word_1_696' title='bbox 2529 2945 2648 2985; x_wconf 91' lang='lat' dir='ltr'><strong>cum</strong></span> <span class='ocrx_word' id='word_1_697' title='bbox 2669 2931 2981 2987; x_wconf 89' lang='lat' dir='ltr'><strong>absentibus</strong></span> <span class='ocrx_word' id='word_1_698' title='bbox 3000 2947 3158 3002; x_wconf 92' lang='lat' dir='ltr'><strong>quam</strong></span> <span class='ocrx_word' id='word_1_699' title='bbox 3187 2947 3312 2988; x_wconf 92' lang='lat' dir='ltr'><strong>cum</strong></span> <span class='ocrx_word' id='word_1_700' title='bbox 3342 2935 3625 3003; x_wconf 66' lang='lat' dir='ltr'><strong>praesenti-</strong></span> 
     </span>
    </p>
   </div>
   <div class='ocr_carea' id='block_1_90' title="bbox 2037 3016 3621 3093">
    <p class='ocr_par' dir='ltr' id='par_1_90' title="bbox 2037 3016 3621 3093">
     <span class='ocr_line' id='line_1_90' title="bbox 2037 3016 3621 3093; baseline 0.006 -21"><span class='ocrx_word' id='word_1_701' title='bbox 2037 3016 2137 3072; x_wconf 86' lang='lat' dir='ltr'><strong>bus</strong></span> <span class='ocrx_word' id='word_1_702' title='bbox 2157 3058 2173 3084; x_wconf 92' lang='lat'><strong>,</strong></span> <span class='ocrx_word' id='word_1_703' title='bbox 2202 3033 2427 3087; x_wconf 91' lang='lat' dir='ltr'><strong>quorum</strong></span> <span class='ocrx_word' id='word_1_704' title='bbox 2455 3020 2711 3091; x_wconf 88' lang='lat' dir='ltr'><strong>imagines</strong></span> <span class='ocrx_word' id='word_1_705' title='bbox 2735 3030 2994 3089; x_wconf 89' lang='lat' dir='ltr'><strong>cernunt,</strong></span> <span class='ocrx_word' id='word_1_706' title='bbox 3025 3024 3138 3078; x_wconf 90' lang='lat' dir='ltr'><strong>sive</strong></span> <span class='ocrx_word' id='word_1_707' title='bbox 3166 3023 3404 3078; x_wconf 86' lang='lat' dir='ltr'><strong>vivorum</strong></span> <span class='ocrx_word' id='word_1_708' title='bbox 3435 3027 3478 3093; x_wconf 78' lang='grc' dir='ltr'><strong>ι,</strong></span> <span class='ocrx_word' id='word_1_709' title='bbox 3506 3026 3621 3081; x_wconf 89' lang='lat' dir='ltr'><strong>sive</strong></span> 
     </span>
    </p>
   </div>
   <div class='ocr_carea' id='block_1_91' title="bbox 2038 3112 3624 3183">
    <p class='ocr_par' dir='ltr' id='par_1_91' title="bbox 2038 3112 3624 3183">
     <span class='ocr_line' id='line_1_91' title="bbox 2038 3112 3624 3183; baseline 0.004 -19"><span class='ocrx_word' id='word_1_710' title='bbox 2038 3117 2386 3165; x_wconf 91' lang='lat' dir='ltr'><strong>mortuorum.</strong></span> <span class='ocrx_word' id='word_1_711' title='bbox 2429 3112 2535 3166; x_wconf 91' lang='lat' dir='ltr'><strong>Sed</strong></span> <span class='ocrx_word' id='word_1_712' title='bbox 2565 3112 3010 3180; x_wconf 88' lang='lat' dir='ltr'><strong>quemadmodum</strong></span> <span class='ocrx_word' id='word_1_713' title='bbox 3042 3113 3078 3167; x_wconf 92' lang='lat' dir='ltr'><strong>ii</strong></span> <span class='ocrx_word' id='word_1_714' title='bbox 3101 3115 3193 3183; x_wconf 92' lang='lat' dir='ltr'><strong>qui</strong></span> <span class='ocrx_word' id='word_1_715' title='bbox 3223 3115 3424 3182; x_wconf 66' lang='lat' dir='ltr'><strong>vivunt,</strong></span> <span class='ocrx_word' id='word_1_716' title='bbox 3453 3116 3520 3170; x_wconf 89' lang='lat' dir='ltr'><strong>ab</strong></span> <span class='ocrx_word' id='word_1_717' title='bbox 3544 3118 3624 3173; x_wconf 86' lang='lat' dir='ltr'><strong>eis</strong></span> 
     </span>
    </p>
   </div>
   <div class='ocr_carea' id='block_1_92' title="bbox 2038 3199 3623 3273">
    <p class='ocr_par' dir='ltr' id='par_1_92' title="bbox 2038 3199 3623 3273">
     <span class='ocr_line' id='line_1_92' title="bbox 2038 3199 3623 3273; baseline 0.004 -19"><span class='ocrx_word' id='word_1_718' title='bbox 2038 3213 2098 3254; x_wconf 90' lang='lat' dir='ltr'><strong>se</strong></span> <span class='ocrx_word' id='word_1_719' title='bbox 2116 3199 2307 3267; x_wconf 88' lang='lat' dir='ltr'><strong>videri,</strong></span> <span class='ocrx_word' id='word_1_720' title='bbox 2337 3208 2527 3256; x_wconf 90' lang='lat' dir='ltr'><strong>etcum</strong></span> <span class='ocrx_word' id='word_1_721' title='bbox 2546 3201 2625 3257; x_wconf 93' lang='lat' dir='ltr'><strong>eis</strong></span> <span class='ocrx_word' id='word_1_722' title='bbox 2644 3216 2704 3256; x_wconf 90' lang='lat' dir='ltr'><strong>se</strong></span> <span class='ocrx_word' id='word_1_723' title='bbox 2730 3202 2956 3272; x_wconf 86' lang='lat' dir='ltr'><strong>colloqui</strong></span> <span class='ocrx_word' id='word_1_724' title='bbox 2985 3203 3256 3269; x_wconf 91' lang='lat' dir='ltr'><strong>nesciunt;</strong></span> <span class='ocrx_word' id='word_1_725' title='bbox 3288 3219 3458 3273; x_wconf 90' lang='lat' dir='ltr'><strong>neque</strong></span> <span class='ocrx_word' id='word_1_726' title='bbox 3479 3206 3623 3260; x_wconf 83' lang='lat' dir='ltr'><strong>enim</strong></span> 
     </span>
    </p>
   </div>
   <div class='ocr_carea' id='block_1_93' title="bbox 2036 3292 3622 3381">
    <p class='ocr_par' dir='ltr' id='par_1_93' title="bbox 2036 3292 3622 3381">
     <span class='ocr_line' id='line_1_93' title="bbox 2036 3292 3622 3381; baseline 0.003 -33"><span class='ocrx_word' id='word_1_727' title='bbox 2036 3306 2223 3348; x_wconf 85' lang='lat' dir='ltr'><strong>revera</strong></span> <span class='ocrx_word' id='word_1_728' title='bbox 2250 3292 2348 3363; x_wconf 92' lang='lat' dir='ltr'><strong>ipsi</strong></span> <span class='ocrx_word' id='word_1_729' title='bbox 2375 3293 2726 3381; x_wconf 37' lang='lat' dir='ltr'><strong>adsuntuant</strong></span> <span class='ocrx_word' id='word_1_730' title='bbox 2748 3294 2848 3364; x_wconf 90' lang='lat' dir='ltr'><strong>ipsi</strong></span> <span class='ocrx_word' id='word_1_731' title='bbox 2878 3295 3301 3351; x_wconf 85' lang='lat' dir='ltr'><strong>sermocinamur</strong></span> <span class='ocrx_word' id='word_1_732' title='bbox 3324 3337 3339 3361; x_wconf 94' lang='lat'><strong>,</strong></span> <span class='ocrx_word' id='word_1_733' title='bbox 3384 3297 3478 3351; x_wconf 91' lang='lat' dir='ltr'><strong>sed</strong></span> <span class='ocrx_word' id='word_1_734' title='bbox 3506 3306 3622 3353; x_wconf 91' lang='lat' dir='ltr'><strong>tur-</strong></span> 
     </span>
    </p>
   </div>
   <div class='ocr_carea' id='block_1_94' title="bbox 2038 3384 3624 3460">
    <p class='ocr_par' dir='ltr' id='par_1_94' title="bbox 2038 3384 3624 3460">
     <span class='ocr_line' id='line_1_94' title="bbox 2038 3384 3624 3460; baseline 0.004 -21"><span class='ocrx_word' id='word_1_735' title='bbox 2038 3384 2176 3440; x_wconf 88' lang='lat' dir='ltr'><strong>batis</strong></span> <span class='ocrx_word' id='word_1_736' title='bbox 2215 3386 2461 3442; x_wconf 88' lang='lat' dir='ltr'><strong>sensibus</strong></span> <span class='ocrx_word' id='word_1_737' title='bbox 2500 3385 2742 3444; x_wconf 89' lang='lat' dir='ltr'><strong>homines</strong></span> <span class='ocrx_word' id='word_1_738' title='bbox 2781 3388 2901 3442; x_wconf 90' lang='lat' dir='ltr'><strong>talia</strong></span> <span class='ocrx_word' id='word_1_739' title='bbox 2930 3388 3040 3443; x_wconf 86' lang='lat' dir='ltr'><strong>visa</strong></span> <span class='ocrx_word' id='word_1_740' title='bbox 3069 3389 3377 3459; x_wconf 88' lang='lat' dir='ltr'><strong>imaginaria</strong></span> <span class='ocrx_word' id='word_1_741' title='bbox 3412 3391 3624 3460; x_wconf 85' lang='lat' dir='ltr'><strong>patiun-</strong></span> 
     </span>
    </p>
   </div>
   <div class='ocr_carea' id='block_1_95' title="bbox 2040 3477 3625 3551">
    <p class='ocr_par' dir='ltr' id='par_1_95' title="bbox 2040 3477 3625 3551">
     <span class='ocr_line' id='line_1_95' title="bbox 2040 3477 3625 3551; baseline 0.004 -21"><span class='ocrx_word' id='word_1_742' title='bbox 2040 3484 2125 3531; x_wconf 91' lang='lat' dir='ltr'><strong>tur</strong></span> <span class='ocrx_word' id='word_1_743' title='bbox 2156 3495 2170 3531; x_wconf 90' lang='lat'><strong>:</strong></span> <span class='ocrx_word' id='word_1_744' title='bbox 2197 3490 2263 3534; x_wconf 89' lang='lat' dir='ltr'><strong>eo</strong></span> <span class='ocrx_word' id='word_1_745' title='bbox 2287 3477 2446 3534; x_wconf 90' lang='lat' dir='ltr'><strong>modo</strong></span> <span class='ocrx_word' id='word_1_746' title='bbox 2468 3486 2523 3533; x_wconf 91' lang='lat' dir='ltr'><strong>et</strong></span> <span class='ocrx_word' id='word_1_747' title='bbox 2546 3477 2584 3533; x_wconf 92' lang='lat' dir='ltr'><strong>ii</strong></span> <span class='ocrx_word' id='word_1_748' title='bbox 2609 3479 2697 3550; x_wconf 94' lang='lat' dir='ltr'><strong>qui</strong></span> <span class='ocrx_word' id='word_1_749' title='bbox 2726 3494 2796 3534; x_wconf 73' lang='lat' dir='ltr'><strong>ex</strong></span> <span class='ocrx_word' id='word_1_750' title='bbox 2822 3478 2924 3534; x_wconf 88' lang='lat' dir='ltr'><strong>hac</strong></span> <span class='ocrx_word' id='word_1_751' title='bbox 2947 3479 3052 3534; x_wconf 87' lang='lat' dir='ltr'><strong>vita</strong></span> <span class='ocrx_word' id='word_1_752' title='bbox 3081 3480 3373 3551; x_wconf 88' lang='lat' dir='ltr'><strong>migrarnnt</strong></span> <span class='ocrx_word' id='word_1_753' title='bbox 3393 3521 3408 3548; x_wconf 93' lang='lat'><strong>,</strong></span> <span class='ocrx_word' id='word_1_754' title='bbox 3438 3481 3515 3536; x_wconf 89' lang='lat' dir='ltr'><strong>sic</strong></span> <span class='ocrx_word' id='word_1_755' title='bbox 3541 3479 3625 3535; x_wconf 87' lang='lat' dir='ltr'><strong>af-</strong></span> 
     </span>
    </p>
   </div>
   <div class='ocr_carea' id='block_1_96' title="bbox 2038 3569 3622 3643">
    <p class='ocr_par' dir='ltr' id='par_1_96' title="bbox 2038 3569 3622 3643">
     <span class='ocr_line' id='line_1_96' title="bbox 2038 3569 3622 3643; baseline 0.004 -19"><span class='ocrx_word' id='word_1_756' title='bbox 2038 3569 2189 3625; x_wconf 90' lang='lat' dir='ltr'><strong>fectis</strong></span> <span class='ocrx_word' id='word_1_757' title='bbox 2216 3569 2520 3626; x_wconf 89' lang='lat' dir='ltr'><strong>hominibus</strong></span> <span class='ocrx_word' id='word_1_758' title='bbox 2552 3572 2797 3627; x_wconf 88' lang='lat' dir='ltr'><strong>videntur</strong></span> <span class='ocrx_word' id='word_1_759' title='bbox 2823 3573 2972 3642; x_wconf 89' lang='lat' dir='ltr'><strong>quasi</strong></span> <span class='ocrx_word' id='word_1_760' title='bbox 3002 3582 3293 3643; x_wconf 67' lang='lat' dir='ltr'><strong>praesentes</strong></span> <span class='ocrx_word' id='word_1_761' title='bbox 3316 3616 3331 3640; x_wconf 93' lang='lat'><strong>,</strong></span> <span class='ocrx_word' id='word_1_762' title='bbox 3364 3590 3484 3631; x_wconf 88' lang='lat' dir='ltr'><strong>cum</strong></span> <span class='ocrx_word' id='word_1_763' title='bbox 3512 3576 3622 3630; x_wconf 91' lang='lat' dir='ltr'><strong>sint</strong></span> 
     </span>
    </p>
   </div>
   <div class='ocr_carea' id='block_1_97' title="bbox 2038 3661 3621 3734">
    <p class='ocr_par' dir='ltr' id='par_1_97' title="bbox 2038 3661 3621 3734">
     <span class='ocr_line' id='line_1_97' title="bbox 2038 3661 3621 3734; baseline 0.004 -20"><span class='ocrx_word' id='word_1_764' title='bbox 2038 3661 2320 3727; x_wconf 91' lang='lat' dir='ltr'><strong>absentes,</strong></span> <span class='ocrx_word' id='word_1_765' title='bbox 2363 3672 2418 3717; x_wconf 89' lang='lat' dir='ltr'><strong>et</strong></span> <span class='ocrx_word' id='word_1_766' title='bbox 2454 3670 2632 3716; x_wconf 89' lang='lat' dir='ltr'><strong>ntrnm</strong></span> <span class='ocrx_word' id='word_1_767' title='bbox 2671 3664 2861 3732; x_wconf 89' lang='lat' dir='ltr'><strong>aliquis</strong></span> <span class='ocrx_word' id='word_1_768' title='bbox 2887 3677 2983 3717; x_wconf 91' lang='lat' dir='ltr'><strong>eos</strong></span> <span class='ocrx_word' id='word_1_769' title='bbox 3022 3664 3374 3734; x_wconf 88' lang='lat' dir='ltr'><strong>imaginaliter</strong></span> <span class='ocrx_word' id='word_1_770' title='bbox 3408 3665 3621 3734; x_wconf 88' lang='lat' dir='ltr'><strong>videat,</strong></span> 
     </span>
    </p>
   </div>
   <div class='ocr_carea' id='block_1_98' title="bbox 2038 3752 2606 3807">
    <p class='ocr_par' dir='ltr' id='par_1_98' title="bbox 2038 3752 2606 3807">
     <span class='ocr_line' id='line_1_98' title="bbox 2038 3752 2606 3807; baseline -0.005 0"><span class='ocrx_word' id='word_1_771' title='bbox 2038 3753 2257 3807; x_wconf 91' lang='lat' dir='ltr'><strong>omnino</strong></span> <span class='ocrx_word' id='word_1_772' title='bbox 2286 3752 2606 3807; x_wconf 88' lang='lat' dir='ltr'><strong>nescientes.</strong></span> 
     </span>
    </p>
   </div>
   <div class='ocr_carea' id='block_1_99' title="bbox 2111 3840 3625 3906">
    <p class='ocr_par' dir='ltr' id='par_1_99' title="bbox 2111 3840 3625 3906">
     <span class='ocr_line' id='line_1_99' title="bbox 2111 3840 3625 3906; baseline 0.001 -9"><span class='ocrx_word' id='word_1_773' title='bbox 2111 3844 2201 3897; x_wconf 80' lang='grc'><strong>15.</strong></span> <span class='ocrx_word' id='word_1_774' title='bbox 2241 3841 2375 3897; x_wconf 86' lang='lat' dir='ltr'><strong>Huic</strong></span> <span class='ocrx_word' id='word_1_775' title='bbox 2410 3841 2488 3896; x_wconf 89' lang='lat' dir='ltr'><strong>rei</strong></span> <span class='ocrx_word' id='word_1_776' title='bbox 2523 3840 2697 3895; x_wconf 90' lang='lat' dir='ltr'><strong>simile</strong></span> <span class='ocrx_word' id='word_1_777' title='bbox 2724 3847 2807 3895; x_wconf 91' lang='lat' dir='ltr'><strong>est</strong></span> <span class='ocrx_word' id='word_1_778' title='bbox 2842 3841 3001 3895; x_wconf 91' lang='lat' dir='ltr'><strong>etiam</strong></span> <span class='ocrx_word' id='word_1_779' title='bbox 3027 3840 3189 3906; x_wconf 87' lang='lat' dir='ltr'><strong>illud,</strong></span> <span class='ocrx_word' id='word_1_780' title='bbox 3221 3857 3343 3897; x_wconf 92' lang='lat' dir='ltr'><strong>cum</strong></span> <span class='ocrx_word' id='word_1_781' title='bbox 3380 3842 3625 3900; x_wconf 87' lang='lat' dir='ltr'><strong>homines</strong></span> 
     </span>
    </p>
   </div>
   <div class='ocr_carea' id='block_1_100' title="bbox 2038 3931 3623 4005">
    <p class='ocr_par' dir='ltr' id='par_1_100' title="bbox 2038 3931 3623 4005">
     <span class='ocr_line' id='line_1_100' title="bbox 2038 3931 3623 4005; baseline 0.002 -16"><span class='ocrx_word' id='word_1_782' title='bbox 2038 3934 2194 3990; x_wconf 86' lang='lat' dir='ltr'><strong>altius</strong></span> <span class='ocrx_word' id='word_1_783' title='bbox 2219 3947 2378 4003; x_wconf 90' lang='lat' dir='ltr'><strong>quam</strong></span> <span class='ocrx_word' id='word_1_784' title='bbox 2412 3931 2456 3986; x_wconf 91' lang='lat' dir='ltr'><strong>si</strong></span> <span class='ocrx_word' id='word_1_785' title='bbox 2481 3931 2805 3996; x_wconf 85' lang='lat' dir='ltr'><strong>dormirent,</strong></span> <span class='ocrx_word' id='word_1_786' title='bbox 2832 3931 3216 3989; x_wconf 83' lang='lat' dir='ltr'><strong>subtrahuntur</strong></span> <span class='ocrx_word' id='word_1_787' title='bbox 3238 3935 3480 4005; x_wconf 89' lang='lat' dir='ltr'><strong>corporis</strong></span> <span class='ocrx_word' id='word_1_788' title='bbox 3493 3950 3623 3992; x_wconf 83' lang='lat' dir='ltr'><strong>sen-</strong></span> 
     </span>
    </p>
   </div>
   <div class='ocr_carea' id='block_1_101' title="bbox 2020 4023 3621 4098">
    <p class='ocr_par' dir='ltr' id='par_1_101' title="bbox 2020 4023 3621 4098">
     <span class='ocr_line' id='line_1_101' title="bbox 2020 4023 3621 4098; baseline 0.001 -17"><span class='ocrx_word' id='word_1_789' title='bbox 2020 4026 2187 4097; x_wconf 73' lang='lat' dir='ltr'><strong>sibus</strong></span> <span class='ocrx_word' id='word_1_790' title='bbox 2204 4065 2220 4091; x_wconf 89' lang='lat'><strong>,</strong></span> <span class='ocrx_word' id='word_1_791' title='bbox 2248 4032 2302 4077; x_wconf 90' lang='lat' dir='ltr'><strong>et</strong></span> <span class='ocrx_word' id='word_1_792' title='bbox 2328 4031 2654 4092; x_wconf 89' lang='lat' dir='ltr'><strong>occupantur</strong></span> <span class='ocrx_word' id='word_1_793' title='bbox 2676 4023 2868 4079; x_wconf 90' lang='lat' dir='ltr'><strong>talibus</strong></span> <span class='ocrx_word' id='word_1_794' title='bbox 2896 4024 3043 4079; x_wconf 85' lang='lat' dir='ltr'><strong>visis.</strong></span> <span class='ocrx_word' id='word_1_795' title='bbox 3070 4025 3140 4079; x_wconf 91' lang='lat' dir='ltr'><strong>Et</strong></span> <span class='ocrx_word' id='word_1_796' title='bbox 3176 4026 3258 4080; x_wconf 91' lang='lat' dir='ltr'><strong>his</strong></span> <span class='ocrx_word' id='word_1_797' title='bbox 3282 4027 3424 4083; x_wconf 91' lang='lat' dir='ltr'><strong>enim</strong></span> <span class='ocrx_word' id='word_1_798' title='bbox 3454 4043 3621 4098; x_wconf 75' lang='lat' dir='ltr'><strong>appa-</strong></span> 
     </span>
    </p>
   </div>
   <div class='ocr_carea' id='block_1_102' title="bbox 2038 4116 3620 4187">
    <p class='ocr_par' dir='ltr' id='par_1_102' title="bbox 2038 4116 3620 4187">
     <span class='ocr_line' id='line_1_102' title="bbox 2038 4116 3620 4187; baseline 0.003 -14"><span class='ocrx_word' id='word_1_799' title='bbox 2038 4125 2160 4174; x_wconf 89' lang='lat' dir='ltr'><strong>rent</strong></span> <span class='ocrx_word' id='word_1_800' title='bbox 2186 4116 2439 4185; x_wconf 87' lang='lat' dir='ltr'><strong>imagines</strong></span> <span class='ocrx_word' id='word_1_801' title='bbox 2476 4117 2719 4171; x_wconf 91' lang='lat' dir='ltr'><strong>vivorum</strong></span> <span class='ocrx_word' id='word_1_802' title='bbox 2747 4126 2905 4187; x_wconf 90' lang='lat' dir='ltr'><strong>atque</strong></span> <span class='ocrx_word' id='word_1_803' title='bbox 2943 4125 3272 4175; x_wconf 88' lang='lat' dir='ltr'><strong>mortuorum</strong></span> <span class='ocrx_word' id='word_1_804' title='bbox 3305 4137 3320 4187; x_wconf 88' lang='lat'><strong>;</strong></span> <span class='ocrx_word' id='word_1_805' title='bbox 3366 4121 3460 4177; x_wconf 86' lang='lat' dir='ltr'><strong>sed</strong></span> <span class='ocrx_word' id='word_1_806' title='bbox 3496 4137 3620 4178; x_wconf 90' lang='lat' dir='ltr'><strong>cum</strong></span> 
     </span>
    </p>
   </div>
   <div class='ocr_carea' id='block_1_103' title="bbox 2040 4208 3626 4281">
    <p class='ocr_par' dir='ltr' id='par_1_103' title="bbox 2040 4208 3626 4281">
     <span class='ocr_line' id='line_1_103' title="bbox 2040 4208 3626 4281; baseline 0.004 -17"><span class='ocrx_word' id='word_1_807' title='bbox 2040 4208 2238 4266; x_wconf 90' lang='lat' dir='ltr'><strong>fuerint</strong></span> <span class='ocrx_word' id='word_1_808' title='bbox 2263 4208 2510 4264; x_wconf 90' lang='lat' dir='ltr'><strong>sensibus</strong></span> <span class='ocrx_word' id='word_1_809' title='bbox 2535 4208 2750 4276; x_wconf 91' lang='lat' dir='ltr'><strong>redditi,</strong></span> <span class='ocrx_word' id='word_1_810' title='bbox 2777 4225 3138 4281; x_wconf 87' lang='lat' dir='ltr'><strong>quoscumque</strong></span> <span class='ocrx_word' id='word_1_811' title='bbox 3164 4222 3403 4269; x_wconf 90' lang='lat' dir='ltr'><strong>mortuos</strong></span> <span class='ocrx_word' id='word_1_812' title='bbox 3429 4214 3626 4270; x_wconf 87' lang='lat' dir='ltr'><strong>vidisse</strong></span> 
     </span>
    </p>
   </div>
   <div class='ocr_carea' id='block_1_104' title="bbox 2040 4300 3628 4365">
    <p class='ocr_par' dir='ltr' id='par_1_104' title="bbox 2040 4300 3628 4365">
     <span class='ocr_line' id='line_1_104' title="bbox 2040 4300 3628 4365; baseline 0.004 -8"><span class='ocrx_word' id='word_1_813' title='bbox 2040 4316 2101 4357; x_wconf 90' lang='lat' dir='ltr'><strong>se</strong></span> <span class='ocrx_word' id='word_1_814' title='bbox 2127 4300 2357 4356; x_wconf 82' lang='lat' dir='ltr'><strong>dixerint</strong></span> <span class='ocrx_word' id='word_1_815' title='bbox 2373 4340 2388 4365; x_wconf 91' lang='lat'><strong>,</strong></span> <span class='ocrx_word' id='word_1_816' title='bbox 2410 4314 2536 4356; x_wconf 89' lang='lat' dir='ltr'><strong>vere</strong></span> <span class='ocrx_word' id='word_1_817' title='bbox 2557 4316 2679 4356; x_wconf 91' lang='lat' dir='ltr'><strong>cum</strong></span> <span class='ocrx_word' id='word_1_818' title='bbox 2701 4301 2779 4357; x_wconf 90' lang='lat' dir='ltr'><strong>eis</strong></span> <span class='ocrx_word' id='word_1_819' title='bbox 2803 4301 2964 4359; x_wconf 88' lang='lat' dir='ltr'><strong>fuisse</strong></span> <span class='ocrx_word' id='word_1_820' title='bbox 2987 4304 3277 4360; x_wconf 82' lang='lat' dir='ltr'><strong>credtmtur</strong></span> <span class='ocrx_word' id='word_1_821' title='bbox 3300 4324 3315 4360; x_wconf 91' lang='lat'><strong>:</strong></span> <span class='ocrx_word' id='word_1_822' title='bbox 3336 4322 3435 4361; x_wconf 90' lang='lat' dir='ltr'><strong>nec</strong></span> <span class='ocrx_word' id='word_1_823' title='bbox 3454 4315 3628 4363; x_wconf 90' lang='lat' dir='ltr'><strong>atten-</strong></span> 
     </span>
    </p>
   </div>
   <div class='ocr_carea' id='block_1_105' title="bbox 2025 4394 3620 4465">
    <p class='ocr_par' dir='ltr' id='par_1_105' title="bbox 2025 4394 3620 4465">
     <span class='ocr_line' id='line_1_105' title="bbox 2025 4394 3620 4465; baseline 0.003 -15"><span class='ocrx_word' id='word_1_824' title='bbox 2025 4394 2198 4465; x_wconf 21' lang='lat' dir='ltr'><strong>‘dunt,</strong></span> <span class='ocrx_word' id='word_1_825' title='bbox 2229 4396 2317 4464; x_wconf 90' lang='lat' dir='ltr'><strong>qui</strong></span> <span class='ocrx_word' id='word_1_826' title='bbox 2344 4395 2461 4450; x_wconf 79' lang='lat' dir='ltr'><strong>haec</strong></span> <span class='ocrx_word' id='word_1_827' title='bbox 2484 4395 2736 4462; x_wconf 88' lang='lat' dir='ltr'><strong>audiunt,</strong></span> <span class='ocrx_word' id='word_1_828' title='bbox 2757 4396 3001 4452; x_wconf 90' lang='lat' dir='ltr'><strong>similiter</strong></span> <span class='ocrx_word' id='word_1_829' title='bbox 3018 4397 3086 4450; x_wconf 91' lang='lat' dir='ltr'><strong>ab</strong></span> <span class='ocrx_word' id='word_1_830' title='bbox 3113 4399 3192 4452; x_wconf 90' lang='lat' dir='ltr'><strong>eis</strong></span> <span class='ocrx_word' id='word_1_831' title='bbox 3212 4398 3512 4453; x_wconf 90' lang='lat' dir='ltr'><strong>absentium</strong></span> <span class='ocrx_word' id='word_1_832' title='bbox 3534 4409 3620 4454; x_wconf 85' lang='lat' dir='ltr'><strong>at-</strong></span> 
     </span>
    </p>
   </div>
   <div class='ocr_carea' id='block_1_106' title="bbox 2042 4487 3625 4558">
    <p class='ocr_par' dir='ltr' id='par_1_106' title="bbox 2042 4487 3625 4558">
     <span class='ocr_line' id='line_1_106' title="bbox 2042 4487 3625 4558; baseline 0.001 -16"><span class='ocrx_word' id='word_1_833' title='bbox 2042 4503 2146 4558; x_wconf 89' lang='lat' dir='ltr'><strong>que</strong></span> <span class='ocrx_word' id='word_1_834' title='bbox 2193 4489 2543 4544; x_wconf 89' lang='lat' dir='ltr'><strong>nescientium</strong></span> <span class='ocrx_word' id='word_1_835' title='bbox 2588 4487 2938 4557; x_wconf 91' lang='lat' dir='ltr'><strong>quorumdam</strong></span> <span class='ocrx_word' id='word_1_836' title='bbox 2981 4488 3138 4541; x_wconf 87' lang='lat' dir='ltr'><strong>etiam</strong></span> <span class='ocrx_word' id='word_1_837' title='bbox 3180 4490 3434 4557; x_wconf 78' lang='lat' dir='ltr'><strong>imagines</strong></span> <span class='ocrx_word' id='word_1_838' title='bbox 3482 4490 3625 4544; x_wconf 90' lang='lat' dir='ltr'><strong>visas</strong></span> 
     </span>
    </p>
   </div>
   <div class='ocr_carea' id='block_1_107' title="bbox 2042 4565 3623 4647">
    <p class='ocr_par' dir='ltr' id='par_1_107' title="bbox 2042 4565 3623 4647">
     <span class='ocr_line' id='line_1_107' title="bbox 2042 4565 3623 4647; baseline -0.001 -12"><span class='ocrx_word' id='word_1_839' title='bbox 2042 4594 2163 4635; x_wconf 89' lang='lat' dir='ltr'><strong>esse</strong></span> <span class='ocrx_word' id='word_1_840' title='bbox 2187 4580 2445 4635; x_wconf 89' lang='lat' dir='ltr'><strong>vivorum.</strong></span> <span class='ocrx_word' id='word_1_841' title='bbox 2475 4565 2648 4633; x_wconf 86' lang='lat' dir='ltr'><strong>Ilomo</strong></span> <span class='ocrx_word' id='word_1_842' title='bbox 2673 4578 2888 4647; x_wconf 86' lang='lat' dir='ltr'><strong>quidam</strong></span> <span class='ocrx_word' id='word_1_843' title='bbox 2915 4578 3111 4632; x_wconf 88' lang='lat' dir='ltr'><strong>Curma</strong></span> <span class='ocrx_word' id='word_1_844' title='bbox 3138 4579 3353 4632; x_wconf 88' lang='lat' dir='ltr'><strong>nomine</strong></span> <span class='ocrx_word' id='word_1_845' title='bbox 3372 4581 3416 4643; x_wconf 81' lang='lat'><strong>&#39;,</strong></span> <span class='ocrx_word' id='word_1_846' title='bbox 3444 4580 3623 4635; x_wconf 85' lang='lat' dir='ltr'><strong>muni-</strong></span> 
     </span>
    </p>
   </div>
   <div class='ocr_carea' id='block_1_108' title="bbox 2026 4669 3625 4741">
    <p class='ocr_par' dir='ltr' id='par_1_108' title="bbox 2026 4669 3625 4741">
     <span class='ocr_line' id='line_1_108' title="bbox 2026 4669 3625 4741; baseline 0.001 -15"><span class='ocrx_word' id='word_1_847' title='bbox 2026 4672 2168 4741; x_wconf 81' lang='lat' dir='ltr'><strong>cipii</strong></span> <span class='ocrx_word' id='word_1_848' title='bbox 2194 4670 2501 4734; x_wconf 90' lang='lat' dir='ltr'><strong>Tulliensis,</strong></span> <span class='ocrx_word' id='word_1_849' title='bbox 2529 4670 2669 4739; x_wconf 92' lang='lat' dir='ltr'><strong>quod</strong></span> <span class='ocrx_word' id='word_1_850' title='bbox 2692 4669 2922 4740; x_wconf 85' lang='lat' dir='ltr'><strong>Hipponi</strong></span> <span class='ocrx_word' id='word_1_851' title='bbox 2946 4670 3240 4738; x_wconf 81' lang='lat' dir='ltr'><strong>proximum</strong></span> <span class='ocrx_word' id='word_1_852' title='bbox 3270 4678 3353 4725; x_wconf 89' lang='lat' dir='ltr'><strong>est</strong></span> <span class='ocrx_word' id='word_1_853' title='bbox 3372 4711 3387 4738; x_wconf 93' lang='lat'><strong>,</strong></span> <span class='ocrx_word' id='word_1_854' title='bbox 3410 4672 3625 4729; x_wconf 91' lang='lat' dir='ltr'><strong>curialis</strong></span> 
     </span>
    </p>
   </div>
   <div class='ocr_carea' id='block_1_109' title="bbox 2044 4760 3627 4832">
    <p class='ocr_par' dir='ltr' id='par_1_109' title="bbox 2044 4760 3627 4832">
     <span class='ocr_line' id='line_1_109' title="bbox 2044 4760 3627 4832; baseline 0.002 -17"><span class='ocrx_word' id='word_1_855' title='bbox 2044 4777 2280 4832; x_wconf 87' lang='lat' dir='ltr'><strong>pauper,</strong></span> <span class='ocrx_word' id='word_1_856' title='bbox 2308 4763 2396 4816; x_wconf 82' lang='lat' dir='ltr'><strong>vix</strong></span> <span class='ocrx_word' id='word_1_857' title='bbox 2426 4761 2565 4816; x_wconf 87' lang='lat' dir='ltr'><strong>illius</strong></span> <span class='ocrx_word' id='word_1_858' title='bbox 2592 4760 2692 4815; x_wconf 91' lang='lat' dir='ltr'><strong>loci</strong></span> <span class='ocrx_word' id='word_1_859' title='bbox 2729 4760 3157 4815; x_wconf 88' lang='lat' dir='ltr'><strong>duumviralitius</strong></span> <span class='ocrx_word' id='word_1_860' title='bbox 3202 4761 3281 4831; x_wconf 90' lang='lat' dir='ltr'><strong>(a)</strong></span> <span class='ocrx_word' id='word_1_861' title='bbox 3317 4771 3370 4816; x_wconf 91' lang='lat' dir='ltr'><strong>et</strong></span> <span class='ocrx_word' id='word_1_862' title='bbox 3417 4762 3627 4831; x_wconf 86' lang='lat' dir='ltr'><strong>simpli-</strong></span> 
     </span>
    </p>
   </div>
   <div class='ocr_carea' id='block_1_110' title="bbox 2043 4853 3622 4924">
    <p class='ocr_par' dir='ltr' id='par_1_110' title="bbox 2043 4853 3622 4924">
     <span class='ocr_line' id='line_1_110' title="bbox 2043 4853 3622 4924; baseline 0.001 -14"><span class='ocrx_word' id='word_1_863' title='bbox 2043 4856 2176 4911; x_wconf 89' lang='lat' dir='ltr'><strong>citer</strong></span> <span class='ocrx_word' id='word_1_864' title='bbox 2204 4856 2522 4922; x_wconf 88' lang='lat' dir='ltr'><strong>rusticanus,</strong></span> <span class='ocrx_word' id='word_1_865' title='bbox 2539 4868 2660 4909; x_wconf 91' lang='lat' dir='ltr'><strong>cum</strong></span> <span class='ocrx_word' id='word_1_866' title='bbox 2689 4862 2992 4924; x_wconf 63' lang='lat' dir='ltr'><strong>aegrotaret,</strong></span> <span class='ocrx_word' id='word_1_867' title='bbox 3022 4853 3229 4910; x_wconf 86' lang='lat' dir='ltr'><strong>ablatus</strong></span> <span class='ocrx_word' id='word_1_868' title='bbox 3249 4869 3281 4909; x_wconf 86' lang='lat' dir='ltr'><strong>a</strong></span> <span class='ocrx_word' id='word_1_869' title='bbox 3300 4854 3548 4911; x_wconf 88' lang='lat' dir='ltr'><strong>sensibus</strong></span> <span class='ocrx_word' id='word_1_870' title='bbox 3579 4856 3622 4924; x_wconf 87' lang='grc'><em>³,</em></span> 
     </span>
    </p>
   </div>
   <div class='ocr_carea' id='block_1_111' title="bbox 2110 5006 3628 5076">
    <p class='ocr_par' dir='ltr' id='par_1_111' title="bbox 2110 5006 3628 5076">
     <span class='ocr_line' id='line_1_111' title="bbox 2110 5006 3628 5076; baseline 0 -12"><span class='ocrx_word' id='word_1_871' title='bbox 2110 5016 2128 5046; x_wconf 74' lang='grc' dir='ltr'><strong><em>ι</em></strong></span> <span class='ocrx_word' id='word_1_872' title='bbox 2157 5019 2277 5076; x_wconf 75' lang='lat' dir='ltr'><strong>pcto</strong></span> <span class='ocrx_word' id='word_1_873' title='bbox 2296 5020 2550 5076; x_wconf 76' lang='lat' dir='ltr'><strong>Mss.,Nam</strong></span> <span class='ocrx_word' id='word_1_874' title='bbox 2579 5014 2625 5062; x_wconf 80' lang='lat' dir='ltr'><strong>et</strong></span> <span class='ocrx_word' id='word_1_875' title='bbox 2642 5010 2755 5076; x_wconf 61' lang='lat' dir='ltr'><strong>ipsi</strong></span> <span class='ocrx_word' id='word_1_876' title='bbox 2778 5006 3034 5076; x_wconf 79' lang='lat' dir='ltr'><strong>loquuntur</strong></span> <span class='ocrx_word' id='word_1_877' title='bbox 3055 5022 3183 5076; x_wconf 62' lang='lat' dir='ltr'><strong>saepe</strong></span> <span class='ocrx_word' id='word_1_878' title='bbox 3204 5024 3332 5076; x_wconf 55' lang='lat' dir='ltr'><strong>sum</strong></span> <span class='ocrx_word' id='word_1_879' title='bbox 3352 5025 3461 5063; x_wconf 76' lang='lat' dir='ltr'><strong>vere</strong></span> <span class='ocrx_word' id='word_1_880' title='bbox 3495 5026 3628 5076; x_wconf 81' lang='lat' dir='ltr'><strong>pra:-</strong></span> 
     </span>
    </p>
   </div>
   <div class='ocr_carea' id='block_1_112' title="bbox 2044 5071 3629 5144">
    <p class='ocr_par' dir='ltr' id='par_1_112' title="bbox 2044 5071 3629 5144">
     <span class='ocr_line' id='line_1_112' title="bbox 2044 5071 3629 5144; baseline -0.001 -19"><span class='ocrx_word' id='word_1_881' title='bbox 2044 5074 2270 5144; x_wconf 65' lang='lat' dir='ltr'><strong>sentilgus,</strong></span> <span class='ocrx_word' id='word_1_882' title='bbox 2296 5071 2551 5144; x_wconf 67' lang='lat' dir='ltr'><strong>loquuntur</strong></span> <span class='ocrx_word' id='word_1_883' title='bbox 2589 5071 2734 5144; x_wconf 68' lang='lat' dir='ltr'><strong>etiam</strong></span> <span class='ocrx_word' id='word_1_884' title='bbox 2756 5071 2866 5123; x_wconf 82' lang='lat' dir='ltr'><strong>cum</strong></span> <span class='ocrx_word' id='word_1_885' title='bbox 2907 5071 3176 5144; x_wconf 63' lang='lat' dir='ltr'><strong>absentibus</strong></span> <span class='ocrx_word' id='word_1_886' title='bbox 3197 5073 3333 5137; x_wconf 83' lang='lat' dir='ltr'><strong>quasi</strong></span> <span class='ocrx_word' id='word_1_887' title='bbox 3369 5087 3477 5123; x_wconf 81' lang='lat' dir='ltr'><strong>cum</strong></span> <span class='ocrx_word' id='word_1_888' title='bbox 3496 5071 3629 5138; x_wconf 70' lang='lat' dir='ltr'><strong>&#39;prw-</strong></span> 
     </span>
    </p>
   </div>
   <div class='ocr_carea' id='block_1_113' title="bbox 2044 5135 2966 5198">
    <p class='ocr_par' dir='ltr' id='par_1_113' title="bbox 2044 5135 2966 5198">
     <span class='ocr_line' id='line_1_113' title="bbox 2044 5135 2966 5198; baseline -0.002 1"><span class='ocrx_word' id='word_1_889' title='bbox 2044 5135 2256 5198; x_wconf 64' lang='lat' dir='ltr'><strong>saltim</strong></span> <span class='ocrx_word' id='word_1_890' title='bbox 2274 5135 2477 5198; x_wconf 65' lang='lat' dir='ltr'><strong>(tum</strong></span> <span class='ocrx_word' id='word_1_891' title='bbox 2496 5135 2729 5198; x_wconf 68' lang='grc' dir='ltr'><strong>ὒηςιςιίηεδ</strong></span> <span class='ocrx_word' id='word_1_892' title='bbox 2748 5140 2966 5198; x_wconf 66' lang='lat' dir='ltr'><strong>CW-</strong></span> 
     </span>
    </p>
   </div>
   <div class='ocr_carea' id='block_1_114' title="bbox 2111 5193 3628 5256">
    <p class='ocr_par' dir='ltr' id='par_1_114' title="bbox 2111 5193 3628 5256">
     <span class='ocr_line' id='line_1_114' title="bbox 2111 5193 3628 5256; baseline -0.001 -10"><span class='ocrx_word' id='word_1_893' title='bbox 2111 5199 2132 5229; x_wconf 79' lang='grc'>²</span> <span class='ocrx_word' id='word_1_894' title='bbox 2165 5193 2505 5256; x_wconf 67' lang='lat' dir='ltr'><strong>Bad.&#39;ett.ov.,</strong></span> <span class='ocrx_word' id='word_1_895' title='bbox 2543 5193 2786 5246; x_wconf 63' lang='lat' dir='ltr'><strong>de&#39;turma</strong></span> <span class='ocrx_word' id='word_1_896' title='bbox 2823 5194 3003 5246; x_wconf 79' lang='lat' dir='ltr'><strong>carina</strong></span> <span class='ocrx_word' id='word_1_897' title='bbox 3027 5195 3229 5247; x_wconf 81' lang='lat' dir='ltr'><strong>nomine.</strong></span> <span class='ocrx_word' id='word_1_898' title='bbox 3274 5202 3328 5247; x_wconf 80' lang='lat' dir='ltr'><strong>Et</strong></span> <span class='ocrx_word' id='word_1_899' title='bbox 3351 5196 3472 5246; x_wconf 88' lang='lat' dir='ltr'><strong>infra</strong></span> <span class='ocrx_word' id='word_1_900' title='bbox 3511 5210 3628 5245; x_wconf 85' lang='lat' dir='ltr'><strong>eon-</strong></span> 
     </span>
    </p>
   </div>
   <div class='ocr_carea' id='block_1_115' title="bbox 2047 5256 3630 5320">
    <p class='ocr_par' dir='ltr' id='par_1_115' title="bbox 2047 5256 3630 5320">
     <span class='ocr_line' id='line_1_115' title="bbox 2047 5256 3630 5320; baseline -0.001 -13"><span class='ocrx_word' id='word_1_901' title='bbox 2047 5264 2233 5320; x_wconf 87' lang='lat' dir='ltr'><strong>stanter</strong></span> <span class='ocrx_word' id='word_1_902' title='bbox 2254 5258 2453 5316; x_wconf 88' lang='lat' dir='ltr'><strong>habent,</strong></span> <span class='ocrx_word' id='word_1_903' title='bbox 2493 5256 2689 5320; x_wconf 76' lang='lat' dir='ltr'><strong>Curina.</strong></span> <span class='ocrx_word' id='word_1_904' title='bbox 2721 5263 2777 5305; x_wconf 79' lang='lat' dir='ltr'><strong>At</strong></span> <span class='ocrx_word' id='word_1_905' title='bbox 2792 5263 2901 5307; x_wconf 75' lang='lat' dir='ltr'><strong>Mss.</strong></span> <span class='ocrx_word' id='word_1_906' title='bbox 2926 5258 3109 5319; x_wconf 90' lang='lat' dir='ltr'><strong>ubique</strong></span> <span class='ocrx_word' id='word_1_907' title='bbox 3131 5256 3457 5320; x_wconf 51' lang='lat' dir='ltr'><strong>feretur-ma</strong></span> <span class='ocrx_word' id='word_1_908' title='bbox 3482 5269 3500 5307; x_wconf 92' lang='lat'><strong><em>:</em></strong></span> <span class='ocrx_word' id='word_1_909' title='bbox 3524 5259 3630 5320; x_wconf 87' lang='lat' dir='ltr'><strong>qui-</strong></span> 
     </span>
    </p>
   </div>
   <div class='ocr_carea' id='block_1_116' title="bbox 2047 5319 3629 5378">
    <p class='ocr_par' dir='ltr' id='par_1_116' title="bbox 2047 5319 3629 5378">
     <span class='ocr_line' id='line_1_116' title="bbox 2047 5319 3629 5378; baseline -0.001 -9"><span class='ocrx_word' id='word_1_910' title='bbox 2047 5319 2141 5369; x_wconf 88' lang='lat' dir='ltr'><strong>bus</strong></span> <span class='ocrx_word' id='word_1_911' title='bbox 2178 5319 2267 5369; x_wconf 91' lang='lat' dir='ltr'><strong>hae</strong></span> <span class='ocrx_word' id='word_1_912' title='bbox 2286 5320 2337 5367; x_wconf 88' lang='lat' dir='ltr'><strong>in</strong></span> <span class='ocrx_word' id='word_1_913' title='bbox 2360 5331 2417 5368; x_wconf 90' lang='lat' dir='ltr'><strong>re</strong></span> <span class='ocrx_word' id='word_1_914' title='bbox 2454 5319 2767 5368; x_wconf 85' lang='lat' dir='ltr'><strong>consentiunt</strong></span> <span class='ocrx_word' id='word_1_915' title='bbox 2784 5326 2884 5367; x_wconf 77' lang='lat' dir='ltr'><strong>Am.</strong></span> <span class='ocrx_word' id='word_1_916' title='bbox 2913 5327 2966 5368; x_wconf 90' lang='lat' dir='ltr'><strong>et</strong></span> <span class='ocrx_word' id='word_1_917' title='bbox 2988 5325 3082 5378; x_wconf 82' lang='lat' dir='ltr'><strong>Er.;</strong></span> <span class='ocrx_word' id='word_1_918' title='bbox 3108 5319 3196 5368; x_wconf 89' lang='lat' dir='ltr'><strong>sed</strong></span> <span class='ocrx_word' id='word_1_919' title='bbox 3218 5319 3463 5368; x_wconf 85' lang='lat' dir='ltr'><strong>editiones</strong></span> <span class='ocrx_word' id='word_1_920' title='bbox 3482 5319 3629 5369; x_wconf 81' lang='lat' dir='ltr'><strong>etiam</strong></span> 
     </span>
    </p>
   </div>
   <div class='ocr_carea' id='block_1_117' title="bbox 2046 5378 3633 5451">
    <p class='ocr_par' dir='ltr' id='par_1_117' title="bbox 2046 5378 3633 5451">
     <span class='ocr_line' id='line_1_117' title="bbox 2046 5378 3633 5451; baseline -0.001 -22"><span class='ocrx_word' id='word_1_921' title='bbox 2046 5381 2155 5451; x_wconf 62' lang='lat' dir='ltr'><strong>ista:</strong></span> <span class='ocrx_word' id='word_1_922' title='bbox 2175 5379 2284 5451; x_wconf 63' lang='lat' dir='ltr'><strong>duae</strong></span> <span class='ocrx_word' id='word_1_923' title='bbox 2313 5386 2450 5451; x_wconf 77' lang='lat' dir='ltr'><strong>post,</strong></span> <span class='ocrx_word' id='word_1_924' title='bbox 2476 5388 2624 5430; x_wconf 81' lang='lat' dir='ltr'><strong>Homo</strong></span> <span class='ocrx_word' id='word_1_925' title='bbox 2641 5378 2858 5451; x_wconf 75' lang='lat' dir='ltr'><strong>quidam,</strong></span> <span class='ocrx_word' id='word_1_926' title='bbox 2884 5380 3065 5429; x_wconf 89' lang='lat' dir='ltr'><strong>addunt</strong></span> <span class='ocrx_word' id='word_1_927' title='bbox 3088 5380 3149 5451; x_wconf 79' lang='lat' dir='ltr'><strong>de</strong></span> <span class='ocrx_word' id='word_1_928' title='bbox 3176 5385 3336 5451; x_wconf 70' lang='lat' dir='ltr'><strong>turma</strong></span> <span class='ocrx_word' id='word_1_929' title='bbox 3359 5391 3375 5428; x_wconf 89' lang='lat'><strong><em>:</em></strong></span> <span class='ocrx_word' id='word_1_930' title='bbox 3399 5380 3527 5451; x_wconf 73' lang='lat' dir='ltr'><strong>quod</strong></span> <span class='ocrx_word' id='word_1_931' title='bbox 3547 5382 3633 5451; x_wconf 80' lang='lat' dir='ltr'><strong>ab-</strong></span> 
     </span>
    </p>
   </div>
   <div class='ocr_carea' id='block_1_118' title="bbox 2051 5441 3632 5505">
    <p class='ocr_par' dir='ltr' id='par_1_118' title="bbox 2051 5441 3632 5505">
     <span class='ocr_line' id='line_1_118' title="bbox 2051 5441 3632 5505; baseline 0.003 -15"><span class='ocrx_word' id='word_1_932' title='bbox 2051 5446 2129 5505; x_wconf 81' lang='lat' dir='ltr'><strong>est</strong></span> <span class='ocrx_word' id='word_1_933' title='bbox 2147 5454 2175 5489; x_wconf 89' lang='lat' dir='ltr'><strong>a</strong></span> <span class='ocrx_word' id='word_1_934' title='bbox 2195 5447 2301 5490; x_wconf 77' lang='lat' dir='ltr'><strong>Mss.</strong></span> <span class='ocrx_word' id='word_1_935' title='bbox 2317 5441 2617 5504; x_wconf 80' lang='lat' dir='ltr'><strong>videturque</strong></span> <span class='ocrx_word' id='word_1_936' title='bbox 2656 5441 2918 5503; x_wconf 88' lang='lat' dir='ltr'><strong>irrepsisse</strong></span> <span class='ocrx_word' id='word_1_937' title='bbox 2942 5454 2973 5490; x_wconf 94' lang='lat' dir='ltr'><strong>e</strong></span> <span class='ocrx_word' id='word_1_938' title='bbox 2995 5442 3215 5504; x_wconf 87' lang='lat' dir='ltr'><strong>margine</strong></span> <span class='ocrx_word' id='word_1_939' title='bbox 3231 5475 3247 5501; x_wconf 93' lang='lat'><strong>,</strong></span> <span class='ocrx_word' id='word_1_940' title='bbox 3292 5441 3342 5489; x_wconf 89' lang='lat' dir='ltr'><strong>in</strong></span> <span class='ocrx_word' id='word_1_941' title='bbox 3364 5454 3459 5505; x_wconf 90' lang='lat' dir='ltr'><strong>qua</strong></span> <span class='ocrx_word' id='word_1_942' title='bbox 3506 5442 3632 5494; x_wconf 80' lang='lat' dir='ltr'><strong>forte</strong></span> 
     </span>
    </p>
   </div>
   <div class='ocr_carea' id='block_1_119' title="bbox 2049 5501 2925 5560">
    <p class='ocr_par' dir='ltr' id='par_1_119' title="bbox 2049 5501 2925 5560">
     <span class='ocr_line' id='line_1_119' title="bbox 2049 5501 2925 5560; baseline -0.007 -7"><span class='ocrx_word' id='word_1_943' title='bbox 2049 5501 2207 5553; x_wconf 88' lang='lat' dir='ltr'><strong>fuerat</strong></span> <span class='ocrx_word' id='word_1_944' title='bbox 2227 5508 2521 5560; x_wconf 84' lang='lat' dir='ltr'><strong>annotatum,</strong></span> <span class='ocrx_word' id='word_1_945' title='bbox 2535 5501 2581 5549; x_wconf 71' lang='grc' dir='ltr'><strong>ἰ</strong></span> <span class='ocrx_word' id='word_1_946' title='bbox 2602 5509 2671 5552; x_wconf 87' lang='lat' dir='ltr'><strong>De</strong></span> <span class='ocrx_word' id='word_1_947' title='bbox 2692 5501 2878 5552; x_wconf 77' lang='lat' dir='ltr'><strong>Curma.</strong></span> <span class='ocrx_word' id='word_1_948' title='bbox 2902 5517 2925 5547; x_wconf 67' lang='lat' dir='ltr'><strong>s</strong></span> 
     </span>
    </p>
   </div>
   <div class='ocr_carea' id='block_1_120' title="bbox 2116 5561 3285 5626">
    <p class='ocr_par' dir='ltr' id='par_1_120' title="bbox 2116 5561 3285 5626">
     <span class='ocr_line' id='line_1_120' title="bbox 2116 5561 3285 5626; baseline -0.001 -12"><span class='ocrx_word' id='word_1_949' title='bbox 2116 5564 2137 5599; x_wconf 76' lang='grc'><strong><em>³</em></strong></span> <span class='ocrx_word' id='word_1_950' title='bbox 2158 5564 2231 5615; x_wconf 87' lang='lat' dir='ltr'><strong>sic</strong></span> <span class='ocrx_word' id='word_1_951' title='bbox 2248 5565 2464 5626; x_wconf 84' lang='lat' dir='ltr'><strong>potiores</strong></span> <span class='ocrx_word' id='word_1_952' title='bbox 2493 5570 2601 5615; x_wconf 75' lang='lat' dir='ltr'><strong>Mss.</strong></span> <span class='ocrx_word' id='word_1_953' title='bbox 2624 5569 2683 5614; x_wconf 76' lang='lat' dir='ltr'><strong>At</strong></span> <span class='ocrx_word' id='word_1_954' title='bbox 2704 5563 2841 5624; x_wconf 89' lang='lat' dir='ltr'><strong>editi,</strong></span> <span class='ocrx_word' id='word_1_955' title='bbox 2864 5562 3040 5615; x_wconf 81' lang='lat' dir='ltr'><strong>ablatis</strong></span> <span class='ocrx_word' id='word_1_956' title='bbox 3052 5561 3285 5615; x_wconf 77' lang='lat' dir='ltr'><strong>sensibus.</strong></span> 
     </span>
    </p>
   </div>
   <div class='ocr_carea' id='block_1_121' title="bbox 2114 5644 3630 5721">
    <p class='ocr_par' dir='ltr' id='par_1_121' title="bbox 2114 5644 3630 5721">
     <span class='ocr_line' id='line_1_121' title="bbox 2114 5644 3630 5721; baseline 0.003 -26"><span class='ocrx_word' id='word_1_957' title='bbox 2114 5647 2187 5721; x_wconf 59' lang='grc' dir='ltr'><strong>(αξ</strong></span> <span class='ocrx_word' id='word_1_958' title='bbox 2209 5644 2599 5721; x_wconf 66' lang='lat' dir='ltr'><strong>nutunviralitius</strong></span> <span class='ocrx_word' id='word_1_959' title='bbox 2618 5647 2753 5721; x_wconf 70' lang='lat' dir='ltr'><strong>idem</strong></span> <span class='ocrx_word' id='word_1_960' title='bbox 2763 5653 2901 5699; x_wconf 87' lang='lat' dir='ltr'><strong>sonat</strong></span> <span class='ocrx_word' id='word_1_961' title='bbox 2909 5646 3049 5721; x_wconf 64' lang='lat' dir='ltr'><strong>quod</strong></span> <span class='ocrx_word' id='word_1_962' title='bbox 3071 5646 3402 5721; x_wconf 79' lang='lat' dir='ltr'><strong>duumviralis,</strong></span> <span class='ocrx_word' id='word_1_963' title='bbox 3425 5648 3517 5721; x_wconf 81' lang='lat' dir='ltr'><strong>hoc</strong></span> <span class='ocrx_word' id='word_1_964' title='bbox 3533 5656 3630 5721; x_wconf 65' lang='lat' dir='ltr'><strong>est,</strong></span> 
     </span>
    </p>
   </div>
   <div class='ocr_carea' id='block_1_122' title="bbox 2053 5709 3632 5822">
    <p class='ocr_par' dir='ltr' id='par_1_122' title="bbox 2053 5709 3632 5822">
     <span class='ocr_line' id='line_1_122' title="bbox 2053 5709 3632 5822; baseline 0.005 -64"><span class='ocrx_word' id='word_1_965' title='bbox 2053 5709 2136 5774; x_wconf 86' lang='lat' dir='ltr'><strong>qui</strong></span> <span class='ocrx_word' id='word_1_966' title='bbox 2157 5710 2509 5761; x_wconf 86' lang='lat' dir='ltr'><strong>duumviratum</strong></span> <span class='ocrx_word' id='word_1_967' title='bbox 2528 5711 2700 5774; x_wconf 85' lang='lat' dir='ltr'><strong>gessit.</strong></span> <span class='ocrx_word' id='word_1_968' title='bbox 2725 5709 2965 5759; x_wconf 76' lang='lat' dir='ltr'><strong>Duumviri</strong></span> <span class='ocrx_word' id='word_1_969' title='bbox 2988 5711 3297 5822; x_wconf 51' lang='lat' dir='ltr'><strong>magistratus</strong></span> <span class='ocrx_word' id='word_1_970' title='bbox 3316 5709 3632 5777; x_wconf 65' lang='lat' dir='ltr'><strong>municipales</strong></span> 
     </span>
     <span class='ocr_line' id='line_1_123' title="bbox 2059 5769 3303 5822; baseline 0 0"><span class='ocrx_word' id='word_1_971' title='bbox 2059 5769 2443 5822; x_wconf 81' lang='lat' dir='ltr'><strong>annellabantur.</strong></span> <span class='ocrx_word' id='word_1_972' title='bbox 2465 5772 2594 5822; x_wconf 84' lang='lat' dir='ltr'><strong>auod</strong></span> <span class='ocrx_word' id='word_1_973' title='bbox 2617 5771 2713 5822; x_wconf 90' lang='lat' dir='ltr'><strong>duo</strong></span> <span class='ocrx_word' id='word_1_974' title='bbox 2737 5778 2921 5822; x_wconf 81' lang='lat' dir='ltr'><strong>essent.</strong></span> <span class='ocrx_word' id='word_1_975' title='bbox 2941 5771 3008 5822; x_wconf 85' lang='lat' dir='ltr'><strong>ait</strong></span> <span class='ocrx_word' id='word_1_976' title='bbox 3024 5777 3080 5822; x_wconf 85' lang='lat' dir='ltr'><strong>Br</strong></span> <span class='ocrx_word' id='word_1_977' title='bbox 3099 5774 3303 5822; x_wconf 85' lang='lat' dir='ltr'><strong>ssonius.</strong></span> 
     </span>
    </p>
   </div>
   <div class='ocr_carea' id='block_1_123' title="bbox 2059 5769 3303 5837">
    <p class='ocr_par' dir='ltr' id='par_1_123' title="bbox 2059 5769 3303 5837">
     <span class='ocr_line' id='line_1_124' title="bbox 2059 5769 3303 5837; baseline 0.002 -15"><span class='ocrx_word' id='word_1_978' title='bbox 2059 5769 2443 5835; x_wconf 75' lang='lat' dir='ltr'><strong>appellabantur,</strong></span> <span class='ocrx_word' id='word_1_979' title='bbox 2465 5769 2594 5837; x_wconf 74' lang='lat' dir='ltr'><strong>quod</strong></span> <span class='ocrx_word' id='word_1_980' title='bbox 2617 5771 2713 5824; x_wconf 90' lang='lat' dir='ltr'><strong>duo</strong></span> <span class='ocrx_word' id='word_1_981' title='bbox 2737 5778 2921 5835; x_wconf 86' lang='lat' dir='ltr'><strong>essent,</strong></span> <span class='ocrx_word' id='word_1_982' title='bbox 2941 5771 3008 5823; x_wconf 86' lang='lat' dir='ltr'><strong>ait</strong></span> <span class='ocrx_word' id='word_1_983' title='bbox 3024 5769 3303 5825; x_wconf 80' lang='lat' dir='ltr'><strong>Brissonius.</strong></span> 
     </span>
    </p>
   </div>
  </div>
