4166 6208
554 386 664 451 003

555 522 697 581 pene
737 516 974 567 mortuus
1013 504 1177 577 iacuit
1200 504 1399 574 aliquot
1420 502 1608 558 diebus
1639 517 1654 555 :
1681 495 2027 555 tenuissimus
2052 494 2140 551 tia-

561 606 647 658 tus
676 602 730 656 in
759 600 993 665 naribus,
1022 598 1110 668 qui
1140 611 1297 651 manu
1324 593 1536 649 admota
1562 599 1852 661 utcumque
1876 588 2146 645 sentieba-

566 699 654 747 tur
687 699 740 747 et
777 697 892 746 erat
915 689 1161 759 exiguum
1193 686 1420 741 viventis
1447 684 1698 739 indicium
1729 683 1746 714 ⁸
1768 721 1783 747 ,
1829 679 2042 751 sepeliri
2086 687 2145 734 ut

558 782 858 837 exanimem
889 794 995 835 non
1023 778 1249 833 sinebat.
1291 776 1476 831 Nullos
1502 784 1649 829 artus
1679 771 1960 835 movebat,
2000 769 2143 824 nulla

555 872 801 928 sumebat
836 870 1084 925 alimenta
1114 884 1130 935 ;
1161 867 1293 923 nihil
1321 866 1487 922 oculis
1507 906 1522 933 ,
1552 864 1680 919 nihil
1709 862 1817 918 ullo
1850 859 1959 916 alio
1983 873 2145 914 sensu

544 961 808 1032 corporis
826 960 1060 1032 qualibet
1084 961 1313 1030 impacta
1340 956 1581 1012 molestia
1606 953 1888 1010 sentiebat.
1921 950 2146 1007 Videbat

555 1064 739 1110 tamen
765 1054 927 1109 multa
956 1052 1102 1108 velut
1128 1053 1182 1107 in
1202 1052 1407 1107 somnis
1425 1092 1441 1118 ,
1466 1063 1586 1120 quas
1616 1048 1829 1104 tandem
1855 1043 2144 1115 aliquando

557 1156 682 1220 post
714 1146 829 1204 dies
855 1146 1111 1217 plurimos
1139 1145 1292 1216 quasi
1317 1144 1574 1215 evigilans
1593 1182 1609 1207 ,
1636 1142 1747 1195 visa
1780 1139 2037 1194 narravit.
2069 1138 2148 1192 Ac

556 1241 786 1310 primum
807 1278 823 1304 ,
852 1251 981 1292 mox
1011 1244 1068 1292 ut
1110 1236 1319 1307 aperuit
1341 1235 1528 1290 oculos
1555 1249 1568 1287 :
1593 1232 1695 1287 Eat
1718 1231 1927 1301 aliquis,
1952 1228 2143 1300 inquit,

555 1330 627 1385 ad
651 1330 867 1384 domum
910 1327 1122 1384 Curmze
1163 1327 1296 1383 fabri
1334 1326 1579 1393 ferrarii,
1618 1331 1673 1379 et
1697 1323 1876 1379 videat
1917 1321 2044 1392 quid
2073 1320 2146 1376 ibi

555 1421 758 1493 agatur.
784 1420 904 1489 Quo
934 1434 1058 1476 cum
1101 1421 1232 1475 itum
1271 1426 1448 1484 esset,
1478 1418 1728 1472 inventus
1767 1423 1850 1470 est
1896 1419 2144 1468 mortuus

530 1528 625 1589 eo
650 1492 956 1580 momento,
1002 1526 1110 1583 quo
1147 1512 1250 1566 iste
1289 1508 1462 1565 fuerat
1488 1508 1732 1565 sensibus
1775 1505 2046 1570 redditus,
2089 1511 2147 1560 et

558 1619 698 1676 pene
724 1618 756 1659 a
782 1613 955 1660 morte
992 1602 1280 1659 revixerat.
1320 1600 1474 1655 Tunc
1512 1597 1732 1654 intentis
1755 1597 1847 1667 qui
1884 1594 2106 1651 aderant
2128 1634 2145 1660 ,

557 1697 709 1754 illum
736 1696 1201 1766 exbiberijussum
1229 1708 1350 1751 esse
1373 1692 1588 1764 quando
1612 1693 1726 1762 ipse
1750 1690 1999 1745 dimissus
2027 1694 2144 1754 est,

558 1788 853 1854 indicavit;
898 1800 1062 1858 seque
1105 1787 1212 1842 illic
1250 1785 1393 1841 unde
1434 1784 1672 1841 redierat
1716 1782 1851 1839 dixit
1891 1780 2144 1847 audisse,

559 1878 702 1950 quod
732 1893 835 1933 non
865 1876 1061 1933 Curma
1089 1877 1337 1941 curialis,
1371 1875 1463 1931 sed
1495 1875 1687 1930 Curma
1726 1872 1876 1928 faber
1898 1871 2149 1927 ferrarius

557 1968 627 2025 ad
662 1968 786 2027 ioca
816 1969 903 2023 illa
935 1975 1265 2024 mortuorum
1307 1972 1603 2037 praeceptus
1628 1964 1815 2019 fuisset
1840 1962 2054 2017 adduci.
2090 1960 2147 2016 in

559 2060 666 2117 illis
699 2074 826 2131 ergo
845 2061 994 2127 visis,
1018 2069 1268 2131 tanquam
1284 2058 1505 2116 somniis
1524 2058 1656 2124 suis,
1684 2058 1821 2111 inter
1840 2070 1932 2111 eos
1951 2057 1972 2088 ²
1997 2053 2149 2110 defu—

562 2159 737 2218 nctos,
752 2164 886 2221 quos
904 2149 1118 2205 videbat
1138 2163 1233 2221 pro
1255 2146 1620 2204 meritorumdi
1637 2145 1888 2202 versitate
1912 2143 2146 2210 tractari,

557 2241 775 2312 agnovit
826 2240 984 2296 etiam
1027 2239 1315 2295 nonnullos
1349 2252 1483 2308 quos
1525 2243 1750 2293 noverat
1787 2237 1955 2290 vivos.
2001 2234 2148 2304 ipsos

558 2341 739 2387 autem
762 2344 889 2387 vere
912 2330 1176 2386 'forsitau
1215 2330 1597 2396 credidissem,
1656 2329 1701 2383 si
1742 2340 1847 2382 non
1878 2328 2017 2381 inter
2056 2325 2146 2381 ilia

558 2422 709 2493 quasi
751 2421 956 2479 somnia
986 2434 1081 2475 sua
1115 2420 1338 2475 vidisset
1382 2420 1544 2475 etiam
1574 2418 1832 2490 quosdam
1874 2417 1965 2487 qui
2008 2428 2150 2471 nunc

556 2524 729 2586 usque
750 2512 927 2570 adhuc
961 2514 1175 2581 vivunt,
1202 2513 1428 2569 clericos
1455 2512 1704 2569 videlicet
1730 2512 1937 2581 aliquos
1972 2510 2146 2581 regio-

556 2605 644 2660 nis
683 2617 831 2672 suae,
872 2618 901 2659 a
932 2616 1160 2674 quorum
1200 2603 1270 2659 ibi
1301 2605 1614 2676 presbytero
1639 2602 1876 2666 audivit,
1924 2609 1982 2655 ut
2009 2599 2149 2670 apud

557 2693 857 2766 iiipponem
888 2694 1252 2765 baptizaretur
1297 2708 1326 2748 a
1362 2709 1448 2749 me
1470 2733 1484 2758 ,
1526 2691 1667 2764 quod
1712 2701 1766 2747 et
1807 2694 2000 2747 factum
2030 2705 2150 2747 esse

559 2785 794 2842 dicebat.
842 2785 1062 2842 Viderat
1090 2787 1268 2857 itaque
1312 2786 1367 2839 in
1397 2785 1489 2839 illa
1516 2785 1720 2839 visione
1744 2784 2147 2854 presbyterum,

558 2870 820 2943 clericos,
861 2893 951 2935 me
992 2880 1194 2950 ipsum,
1243 2878 1478 2934 nondum
1521 2878 1725 2934 scilicet
1764 2890 2035 2946 mortuos,
2090 2877 2144 2934 in

556 2982 663 3042 qua
691 2977 877 3042 postea
906 2970 1037 3025 vidit
1063 2980 1119 3026 et
1154 2977 1412 3025 mortuos.
1453 2967 1562 3025 Cur
1584 2984 1688 3025 non
1715 2969 1874 3024 etiam
1898 2967 2015 3023 illos
2042 2967 2148 3023 sic-

559 3071 622 3120 ut
664 3078 765 3120 nos
819 3063 1017 3119 vidisse
1053 3063 1330 3130 credatur,
1375 3071 1630 3134 utrosque
1665 3062 1869 3118 scilicet
1901 3060 2149 3118 absentes

558 3160 719 3225 atque
745 3155 1048 3211 nescientes
1077 3171 1092 3220 ;
1134 3169 1196 3210 ac
1225 3168 1323 3225 per
1351 3154 1452 3210 hoc
1492 3170 1596 3209 non
1629 3153 1773 3222 ipsos
1792 3194 1806 3219 ,
1837 3154 1933 3209 sed
1960 3151 2149 3208 simili-

557 3246 771 3302 tudines
793 3260 1010 3309 eorum.
1043 3246 1180 3301 sicut
1202 3246 1365 3301 etiam
1394 3246 1631 3301 locorum
1656 3245 1681 3298 ?
1702 3244 1830 3300 Nam
1857 3253 1910 3300 et
1931 3244 2147 3300 fundum

558 3333 696 3390 vidit
714 3336 801 3390 ubi
822 3345 938 3390 erat
957 3335 1047 3390 ille
1071 3349 1192 3390 cum
1213 3335 1424 3389 clericis
1444 3336 1744 3405 presbyter,
1773 3342 1828 3389 et
1850 3334 2147 3404 Hipponem

557 3427 651 3482 ubi
693 3441 723 3480 a
763 3441 852 3482 me
889 3427 1041 3496 quasi
1068 3426 1367 3496 baptizatus
1397 3432 1481 3481 est
1514 3444 1528 3479 :
1559 3427 1613 3480 in
1646 3427 1839 3497 quibus
1869 3427 2000 3481 locis
2025 3440 2149 3496 pro-

558 3513 701 3572 fecto
725 3531 831 3570 non
854 3522 968 3570 erat
991 3553 1006 3581 ,
1038 3515 1252 3585 quando
1277 3515 1389 3569 illic
1418 3515 1517 3570 sibi
1547 3529 1670 3570 esse
1694 3515 1988 3570 videbatur.
2014 3515 2148 3572 Nam

559 3608 689 3680 quid
717 3608 789 3664 ibi
829 3615 1076 3680 ageretur
1094 3620 1162 3663 eo
1192 3616 1463 3677 tempore,
1495 3607 1763 3663 nesciebat
1798 3608 1982 3677 :quod
2010 3620 2146 3678 pro-

558 3699 647 3755 ωι
684 3698 849 3754 dubio
890 3698 1086 3766 sciret,
1118 3700 1160 3753 si
1196 3712 1323 3754 vere
1365 3698 1436 3753 ibi
1463 3706 1623 3754 esset.
1660 3697 1781 3753 Visa
1817 3707 1940 3753 sunt
1990 3700 2148 3770 igitur

558 3789 657 3844 ista
682 3829 699 3856 ,
727 3804 846 3858 quae
872 3804 975 3843 non
1005 3796 1393 3858 praesentantur
1422 3787 1444 3820 ’δ
1470 3789 1525 3842 in
1559 3787 1687 3857 ipsis
1733 3787 1891 3843 rebus
1916 3795 1974 3843 ut
1999 3795 2145 3856 sunt,

558 3880 652 3938 sed
701 3881 755 3936 in
804 3881 1123 3952 quibusdam
1165 3895 1344 3937 rerum
1377 3880 1692 3951 imaginibus
1739 3878 2143 3936 adumbrantur.

558 3975 798 4045 Denique
839 3980 957 4045 post
984 3974 1150 4029 multa
1180 3988 1299 4044 qua:
1327 3973 1497 4040 vidit,
1538 3973 1696 4028 etiam
1740 3973 1794 4027 in
1842 3973 2144 4044 paradisum

557 4076 618 4121 se
668 4065 1029 4121 introductum
1072 4079 1193 4119 esse
1220 4064 1487 4129 narravit,
1516 4063 1823 4134 dictumque
1858 4064 1957 4119 sibi
1983 4076 2105 4120 esse
2125 4105 2142 4131 ,

556 4166 678 4211 cum
707 4154 830 4210 inde
855 4153 1214 4209 dimitteretur
1240 4152 1507 4208 rediturus
1528 4152 1595 4208 ad
1624 4166 1752 4208 suos
1785 4169 1799 4206 :
1830 4152 1976 4208 Vade
1994 4192 2010 4219 ,
2043 4154 2144 4208 ba.

556 4247 764 4318 ptizare
785 4287 801 4312 ,
841 4246 885 4299 si
928 4246 1013 4300 vis
1035 4258 1157 4301 esse
1183 4245 1233 4298 in
1261 4244 1364 4299 isto
1389 4244 1508 4299 loco
1536 4243 1832 4299 beatorum.
1865 4244 2063 4300 Deinde
2086 4252 2147 4300 ut

556 4346 591 4390 tt
633 4349 722 4392 me
750 4336 1111 4405 baptizaretur
1134 4334 1471 4401 admonitus,
1508 4334 1619 4404 jam
1655 4334 1851 4390 factum
1904 4349 2028 4391 esse
2049 4350 2142 4392 re-

560 4427 793 4497 spondit.
818 4427 913 4482 Cui
939 4441 1123 4483 rursus
1149 4427 1238 4483 ille
1264 4427 1351 4497 qui
1379 4441 1500 4482 cum
1527 4440 1594 4482 eo
1615 4427 1956 4497 loquebatur:
1975 4428 2140 4498 Vade,

558 4519 768 4591 inquit,
797 4534 923 4576 vere
945 4519 1216 4590 baptizare
1245 4534 1261 4586 ;
1290 4533 1411 4573 nam
1442 4519 1572 4575 illud
1610 4519 1664 4574 in
1701 4520 1905 4575 visione
1941 4521 2139 4578 vidisti.

555 4598 689 4669 Poet
717 4614 815 4669 ista
843 4613 1145 4679 convaluit,
1191 4613 1425 4682 perrexit
1453 4612 1770 4683 Hipponem.
1804 4613 2005 4669 Pascha
2029 4615 2142 4685 jam

558 4703 982 4774 propinquabat,
1004 4703 1153 4758 dedit
1176 4716 1373 4758 nomen
1400 4702 1541 4758 inter
1567 4703 1705 4760 alios
1727 4703 2105 4775 Competentes
2122 4746 2137 4774 ,

555 4797 757 4866 pariter
798 4810 923 4852 cum
960 4796 1204 4866 plurimis
1259 4796 1561 4866 incognitus
1602 4795 1755 4852 nobis
1798 4812 1812 4862 ;
1857 4810 1958 4852 nec
1998 4798 2140 4853 illam

554 4886 685 4940 mihi
735 4887 993 4941 visionem
1013 4923 1028 4951 ,
1057 4900 1157 4940 nec
1181 4885 1425 4956 cuiquam
1473 4896 1775 4941 nostrorum
1799 4886 2035 4943 indicare
2051 4902 2143 4943 cu-

555 4980 711 5033 ravit.
745 4979 1051 5048 Baptizatus
1079 4986 1163 5033 cst
1181 5020 1196 5046 ,
1230 4978 1456 5048 peractis
1484 4978 1673 5048 diebus
1704 4979 1903 5034 sanctis
1930 4995 2141 5035 remea-

554 5071 631 5125 vit
672 5069 739 5125 ad
778 5071 1012 5141 propria.
1055 5070 1274 5126 Biennio
1314 5071 1399 5125 vci
1441 5069 1669 5140 amplius
1713 5079 2011 5136 transacto,
2041 5087 2142 5143 ego

553 5169 745 5216 cuncta
771 5161 883 5215 haec
894 5160 1115 5230 cegnovi
1140 5178 1153 5214 :
1185 5161 1357 5230 primo
1385 5176 1479 5231 per
1493 5162 1773 5232 quemdam
1802 5177 1981 5217 meum
1999 5162 2143 5234 ejus-

554 5266 658 5323 que
694 5252 925 5306 amicum
966 5251 1018 5305 in
1060 5251 1304 5306 convivio
1356 5265 1476 5307 meo
1505 5292 1524 5317 ,
1560 5249 1687 5307 dum
1731 5252 1974 5323 quaedam
2020 5253 2141 5308 talia

553 5343 898 5415 loqueremur
925 5341 1159 5398 :deiude
1183 5343 1349 5398 institi
1377 5357 1442 5399 ac
1467 5344 1566 5399 ieci
1595 5353 1655 5399 ut
1680 5344 1797 5399 huic
1826 5345 1957 5399 mihi
1991 5359 2136 5415 pras-

671 5547 802 5602 ιονη
823 5539 1059 5614 tedicin
1080 5538 1360 5614 ιιιιρᾳειμηη
1392 5539 1605 5614 sepem
1641 5542 2139 5614 εκριιςεπίιηπερρηοα

552 5600 710 5663 illum,
729 5600 857 5676 quod
872 5600 1123 5674 superﬂuo
1142 5600 1356 5651 additum
1380 5600 1491 5675 est}.
1512 5615 1607 5654 nec
1626 5600 1874 5676 reperitur
1896 5607 1945 5654 in

618 5663 944 5736 ftidtuzftat
964 5670 1202 5736 alterm.
1228 5664 1392 5736 Abest,
1417 5665 1543 5736 fetu,
1569 5678 1598 5736 a
1632 5665 1853 5729 plurtbus
1876 5674 1980 5736 stas.

619 5680 643 5698 '
672 5680 824 5736 ωιιιε
851 5680 944 5736 ιω
964 5680 1089 5716 επιστ
1106 5680 1202 5715 ωε.
1228 5680 1392 5725 Mica,
1417 5680 1510 5726 μαι
1569 5680 1598 5716 a
1632 5680 1853 5729 pluruma
1876 5680 1980 5716 MSS.

619 5724 724 5790 "te
749 5725 913 5786 editis,
933 5738 1045 5778 aere
1071 5731 1299 5778 mortua.
1346 5701 1594 5778 ueduudat
1614 5741 1728 5790 vos,
1772 5733 2009 5789 mortuos,
2047 5741 2142 5782 nec

558 5792 637 5838 est
654 5785 703 5834 in
724 5792 833 5836 Mss.

621 5848 645 5880 δ
674 5851 752 5897 su:
769 5852 876 5897 llas.
902 5852 956 5897 At
978 5846 1116 5909 editi,
1138 5850 1447 5911 ρτωειαηιατ.

1336 387 1424 442 DE
1459 384 1645 442 CURA
1684 382 1819 438 PRO
1858 374 2159 437 MORTUIS
2193 373 2540 448 GERENDA,
2585 381 2642 436 S.
2685 381 3052 439 AUGUSTINI

3733 388 3845 453 004

2251 507 2378 553 sons
2401 497 2512 567 ipse
2536 509 2795 564 narraret,
2825 501 3195 558 sttestautibus
3215 502 3456 562 honestis
3474 507 3684 565 civibus
3704 513 3840 581 suis,

2249 596 2304 641 et
2330 588 2401 643 de
2429 590 2655 645 mirabili
2677 591 2794 661 ejus
2817 593 3148 668 aegritudine,
3183 603 3241 651 ut
3261 596 3489 666 jacuerit
3520 614 3661 670 pene
3694 618 3841 659 mor-

2252 687 2375 734 tuus
2401 696 2498 750 per
2524 683 2638 739 dies
2673 685 2929 755 plurimos
2948 723 2963 754 ,
2991 694 3046 741 et
3078 688 3146 745 de
3177 689 3269 745 illo
3309 693 3415 749 alio
3451 696 3647 755 Corma
3687 702 3843 759 fabro

2251 768 2506 841 ferrario,
2536 776 2677 845 quod
2709 782 3119 837 commemoravi
3148 787 3413 856 superius,
3445 770 3590 849 etde
3614 793 3700 852 bis
3725 810 3842 853 om-

2250 866 2406 922 nibus
2451 883 2572 938 qute
2606 882 2726 924 cum
2775 874 2900 926 mihi
2931 875 3160 945 diceret,
3202 880 3362 934 etiam
3416 893 3542 940 tunc
3566 888 3634 942 ab
3663 887 3756 944 illo
3780 908 3843 948 se

2249 958 2463 1015 audisse
2490 962 2793 1018 recalebant
2817 972 2976 1035 atque
3009 967 3312 1027 ﬁrmabant.
3340 971 3696 1042 Quamobrem
3729 982 3843 1041 sic-

2249 1059 2309 1107 ut
2346 1054 2476 1109 vidit
2516 1052 2836 1130 baptismum
2865 1074 3019 1117 suum
3043 1104 3058 1128 ,
3099 1074 3151 1118 et
3193 1081 3280 1123 me
3307 1068 3513 1137 ipsum,
3548 1085 3601 1130 et
3641 1074 3843 1148 Hippo-

2250 1156 2373 1200 nem
2398 1187 2412 1210 ,
2452 1154 2506 1202 et
2536 1148 2845 1216 basilicam,
2886 1161 2939 1207 et
2984 1154 3347 1226 baptisterium
3375 1203 3389 1225 ,
3437 1176 3542 1218 non
3583 1167 3636 1221 in
3675 1170 3841 1228 rebus

2250 1236 2415 1307 ipsis,
2449 1237 2545 1295 sed
2587 1239 2639 1295 in
2665 1242 2981 1312 quihusdam
3021 1248 3458 1309 similitudinibus
3502 1272 3723 1326 rerum;
3765 1261 3840 1318 ita

2251 1333 2307 1383 et
2347 1329 2479 1384 alios
2523 1333 2781 1401 quosdam
2825 1335 3006 1405 vivos,
3036 1336 3238 1396 eisdem
3271 1344 3632 1404 nescientibus
3660 1351 3835 1409 vivis:

2319 1417 2545 1477 CAPUT
2570 1422 2706 1477 Xlll.
2730 1424 3136 1485 -Μονιιιοηυη
3165 1434 3348 1490 animae
3379 1454 3480 1492 non
3501 1440 3747 1497 intersunt
3767 1461 3843 1500 re-

2250 1508 2343 1600 bus
2364 1511 2650 1567 viventium.
2682 1515 2790 1571 Cur
2813 1532 2917 1573 non
2948 1534 3077 1591 ergo
3102 1523 3172 1578 ita
3198 1531 3253 1580 et
3281 1524 3401 1583 illos
3428 1538 3669 1587 mortuos
3686 1573 3702 1600 ,
3728 1534 3837 1592 eis—

2250 1594 2371 1654 dem
2397 1603 2752 1661 nescientibus
2776 1609 2999 1665 mortuis
3026 1610 3052 1664 ἵ

2324 1691 2544 1786 ίσζϐυι·
2567 1709 2672 1749 non
2707 1695 2836 1752 istas
2860 1702 3196 1771 operationes
3220 1704 3486 1777 angelicas
3510 1712 3777 1771 credimus
3793 1717 3836 1786 ⁸,

2252 1794 2350 1853 per
2375 1783 2828 1854 dispensationem
2872 1794 3217 1861 providentiae
3248 1799 3341 1855 Dei
3381 1801 3518 1858 bene
3549 1809 3745 1863 utentis
3784 1783 3841 1866 et

2252 1873 2406 1931 bonis
2434 1884 2488 1931 et
2516 1879 2691 1947 malis,
2735 1882 3029 1941 secundum
3070 1886 3462 1947 inscrutabilem
3502 1893 3838 1957 altitudinem

2247 1962 2569 2035 judiciorum
2616 1985 2832 2027 suorum
2887 1974 2912 2028 ?
2959 1976 3070 2033 sive
3121 1979 3449 2037 instruantur
3500 1982 3627 2044 hinc
3682 2004 3840 2047 men-

2253 2065 2337 2114 tes
2365 2062 2697 2130 mortalium,
2726 2065 2839 2120 sive
2863 2065 3111 2125 fallantur
3135 2113 3149 2138 ,
3183 2073 3296 2128 sive
3320 2077 3697 2149 consolentur,
3724 2082 3841 2141 sive

2256 2157 2555 2208 terreantur
2596 2173 2610 2210 :
2643 2156 2776 2211 sicut
2798 2160 3080 2231 unicuique
3099 2164 3182 2218 vei
3209 2167 3493 2234 praebenda
3527 2176 3608 2226 est
3632 2170 3844 2231 miscri-

2252 2242 2432 2297 cordia
2456 2286 2470 2310 ,
2497 2246 2580 2301 vel
2616 2247 2895 2320 irroganda
2921 2251 3148 2309 vindicta
3165 2296 3179 2323 ,
3210 2252 3280 2316 ab
3313 2257 3405 2312 ilio
3430 2261 3515 2315 cui
3538 2262 3843 2322 misericor-

2253 2332 2395 2390 diam
2425 2344 2479 2391 et
2501 2336 2758 2407 judicium
2789 2354 2895 2396 non
2923 2343 3150 2401 inaniter
3172 2358 3349 2404 cantat
3384 2349 3622 2409 Ecclesia
3648 2354 3667 2429 (
3694 2354 3837 2414 Paul.

2253 2440 2304 2493 ο,
2335 2428 2423 2501 1).
2456 2430 2525 2486 Ut
2552 2432 2693 2488 volet
2717 2436 2941 2506 accipiat
2966 2440 3191 2509 quisque
3211 2441 3351 2512 quod
3378 2442 3570 2501 dicam.
3600 2444 3658 2502 Si
3678 2448 3843 2506 rebus

2251 2519 2541 2575 viventium
2590 2522 2909 2581 interessent
2961 2528 3153 2584 anima:
3200 2541 3532 2591 mortuorum
3564 2579 3580 2605 ,
3626 2546 3681 2594 et
3710 2538 3842 2611 ipsa:

2252 2624 2352 2665 nos
2375 2653 2389 2677 ,
2423 2612 2636 2683 quando
2664 2630 2756 2671 eas
2784 2618 3056 2688 videmus,
3085 2621 3484 2694 alloquerentur
3509 2627 3563 2683 in
3601 2631 3838 2701 somnis;

2253 2709 2311 2756 ut
2338 2702 2407 2758 de
2431 2702 2549 2760 aliis
2589 2714 2789 2763 taceam
2812 2750 2829 2774 ,
2862 2725 2949 2767 me
2986 2712 3159 2784 ipsum
3196 2716 3280 2787 pia
3309 2728 3481 2776 mater
3510 2722 3656 2777 nulla
3684 2731 3844 2784 nocte

2253 2791 2529 2850 desereret
2553 2839 2567 2862 ,
2601 2812 2719 2869 quae
2762 2808 2900 2857 terra
2931 2805 3171 2877 marique
3202 2817 3381 2865 secuta
3411 2818 3495 2867 est
3531 2820 3589 2868 ut
3629 2828 3841 2874 mecum

2252 2885 2475 2943 viveret.
2505 2886 2659 2946 Absit
2698 2893 2841 2949 enim
2883 2904 2939 2951 ut
2969 2894 3102 2953 facta
3143 2899 3213 2956 sit
3252 2900 3356 2958 vita
3385 2902 3618 2962 feliciora
3647 2908 3843 2967 crude-

2252 2978 2335 3047 lis,
2385 2994 2554 3053 usque
2582 2984 2717 3041 adeo
2759 2994 2818 3042 ut
2845 2989 3057 3060 quando
3093 2991 3293 3064 aliquid
3335 2995 3480 3067 angit
3514 3012 3609 3054 cor
3636 3013 3837 3068 meum,

2252 3085 2353 3128 nec
2400 3074 2603 3131 tristem
2653 3076 2819 3134 ﬁlium
2850 3081 3184 3151 consoletur,
3228 3100 3383 3156 quem
3424 3087 3609 3144 dilexit
3646 3089 3835 3161 unice,

2252 3180 2411 3235 quem
2441 3183 2712 3239 nunquam
2738 3172 2904 3227 voluit
2931 3182 3179 3231 incestum
3210 3176 3414 3234 videre.
3448 3179 3552 3236 Sed
3595 3181 3835 3253 profecto

2251 3257 2393 3328 quod
2427 3274 2580 3316 sacer
2615 3260 2856 3320 Psalmus
2882 3275 3157 3335 personat,
3186 3282 3374 3324 verum
3401 3280 3484 3327 est
3530 3291 3542 3328 :
3585 3272 3840 3339 Quoniam

2253 3360 2397 3420 pater
2434 3369 2573 3407 meus
2619 3363 2667 3408 et
2708 3367 2868 3410 mater
2894 3374 3007 3412 mea
3044 3359 3416 3430 dereliquerunt
3444 3382 3523 3420 me
3548 3408 3562 3432 ,
3588 3364 3839 3426 Dominus

2250 3451 2416 3497 autem
2440 3446 2712 3515 assumpsit
2742 3463 2821 3502 me
2841 3448 2859 3519 (
2881 3446 3029 3504 Psal.
3063 3466 3205 3518 xxvr,
3240 3454 3307 3510 10
3326 3453 3368 3526 ).
3392 3456 3448 3513 Si
3477 3472 3605 3530 ergo
3639 3457 3839 3517 dereli-

2250 3544 2480 3606 qucrunt
2518 3551 2616 3592 nos
2645 3551 2892 3608 parentes
2920 3543 3127 3612 nostri,
3162 3547 3431 3616 quomodo
3464 3548 3660 3606 nostris
3695 3553 3840 3609 curis

2252 3631 2305 3679 et
2333 3624 2493 3681 rebus
2523 3626 2785 3685 intersunt
2811 3630 2836 3685 ?
2859 3631 2917 3688 Si
2942 3642 3118 3690 autem
3149 3646 3396 3707 parentes
3422 3655 3526 3696 non
3552 3641 3837 3711 intersunt,

2251 3719 2340 3789 qui
2382 3729 2507 3775 sunt
2533 3720 2621 3776 alii
2651 3730 2987 3781 mortuorum
3027 3726 3118 3798 qui
3156 3733 3402 3787 noverint
3429 3732 3555 3804 quid
3578 3748 3797 3807 agamus
3818 3777 3836 3805 ,

2249 3809 2442 3881 quidve
2484 3813 2748 3883 patiamur
2774 3813 2801 3868 ?
2825 3814 2987 3872 Isaias
3024 3818 3282 3889 propheta
3311 3821 3440 3878 dicit
3470 3840 3482 3879 :
3521 3822 3597 3879 Tu
3622 3840 3674 3882 ea
3707 3826 3841 3882 enim

2250 3912 2393 3974 pater
2417 3914 2581 3960 uoster
2612 3923 2632 3972 ;
2660 3907 2781 3978 quia
2800 3907 3056 3965 Abraham
3082 3912 3290 3968 nescivit
3315 3930 3405 3969 nos
3424 3958 3439 3982 ,
3468 3923 3517 3970 et
3542 3914 3717 3974 Israel
3737 3936 3841 3976 non
3862 3958 3879 3975 κ

2248 3992 2479 4068 cognovit
2506 4012 2597 4054 nos
2625 3996 2774 4071 (Isai.
2804 4015 2926 4056 Lxm
2945 4044 2961 4069 ,
2985 4002 3096 4076 16).
3130 4005 3184 4062 Si
3216 4006 3344 4062 tanti
3364 4004 3687 4067 Patriarchae
3710 4011 3840 4084 quid

2248 4101 2372 4159 erga
2410 4091 2661 4160 populum
2699 4106 2765 4147 ex
2800 4092 2885 4149 his
2924 4104 3263 4166 procreatum
3290 4107 3537 4171 ageretur
3561 4100 3841 4174 ignarave-

2248 4187 2391 4246 runt,
2422 4180 2615 4251 quibus
2641 4180 2750 4239 Deo
2774 4184 3113 4260 credentibus
3134 4190 3362 4261 populus
3389 4193 3504 4264 ipse
3526 4192 3595 4250 de
3625 4193 3839 4253 illorum

2248 4271 2415 4342 stirpe
2443 4274 2739 4343 promissus
2762 4284 2844 4332 est
2886 4292 2902 4345 ;
2933 4281 3202 4349 quomodo
3242 4284 3435 4339 mortui
3471 4285 3712 4341 vivorum
3744 4301 3839 4345 re-

2246 4360 2346 4419 bus
2373 4373 2535 4434 atque
2576 4364 2782 4423 actibus
2820 4371 3205 4440 cognoscendis
3246 4373 3663 4446 adjuvandisque
3705 4376 3839 4435 mis-

2247 4463 2438 4510 centur
2464 4454 2490 4508 ἲ
2516 4454 2797 4524 Quomodo
2818 4457 3044 4519 dicimus
3069 4464 3146 4518 eis
3185 4462 3345 4519 fuisse
3371 4466 3669 4522 consultum
3687 4510 3702 4536 ,
3745 4472 3837 4543 qui

2246 4546 2492 4602 obierunt
2512 4558 2792 4622 antequam
2823 4552 3065 4610 venirent
3092 4554 3228 4609 mala
3249 4570 3368 4626 qua:
3391 4555 3605 4616 illorum
3631 4561 3835 4619 obitum

2245 4650 2532 4696 consecuta
2562 4652 2719 4711 sunt,
2744 4644 2790 4700 si
2816 4653 2869 4703 et
2897 4653 3018 4716 post
3045 4655 3267 4703 mortem
3298 4648 3540 4706 sentiunt
3558 4667 3833 4724 qutccum-

2246 4735 2417 4804 quein
2439 4736 2560 4790 vitze
2587 4736 2833 4794 humanae
2856 4736 3190 4795 calamitate”
3217 4741 3573 4812 contingunt?
3594 4744 3674 4801 An
3699 4746 3834 4803 forte

2247 4836 2346 4877 nos
2383 4826 2612 4881 errando
2640 4826 2740 4882 ista
2785 4828 3048 4897 dicimus,
3091 4836 3143 4885 et
3173 4826 3271 4885 bos
3301 4841 3548 4902 putamus
3589 4836 3830 4907 quietos,

2245 4926 2381 4983 quos
2416 4913 2648 4985 inquieta
2680 4917 2783 4972 vita
2815 4917 3054 4974 vivorum
3092 4919 3387 4976 sollicitat?
3425 4920 3562 4991 Quid
3588 4931 3668 4978 est
3706 4939 3833 4996 ergo

2246 5003 2387 5077 quod
2420 5005 2658 5077 piissimo
2683 5009 2794 5080 regi
2818 5008 2978 5066 Josite
3000 5025 3096 5082 pro
3122 5024 3314 5083 magno
3347 5011 3605 5069 beneficio
3636 5015 3831 5085 promi-

2247 5100 2315 5156 sit
2337 5098 2476 5156 Deus
2494 5143 2509 5168 ,
2540 5100 2680 5172 quod
2708 5110 2850 5158 esset
2876 5111 3001 5158 ante
3028 5105 3346 5171 moriturus,
3374 5118 3442 5159 ne
3469 5104 3673 5161 videret
3694 5105 3831 5163 ntala

2246 5211 2366 5267 qua:
2391 5204 2613 5250 ventura
2644 5195 2717 5251 illi
2747 5196 2866 5251 loco
2890 5204 2946 5252 et
2984 5197 3180 5269 populo
3209 5196 3553 5252 minabatur?
3580 5196 3709 5265 Quae
3738 5197 3832 5255 Dei

2246 5286 2408 5343 verba
2460 5287 2560 5343 ista
2612 5294 2736 5344 sunt
2788 5307 2801 5343 :
2853 5287 2979 5343 Hcec
3008 5287 3131 5343 dicit
3155 5286 3404 5343 Dominus
3444 5288 3581 5343 Deus
3623 5286 3835 5347 Israel:

2257 5379 2418 5434 Verba
2447 5396 2557 5434 mea
2584 5396 2697 5451 quas
2724 5381 2944 5447 audisti,
2977 5389 3027 5435 et
3053 5380 3236 5436 veritus
3261 5398 3312 5436 es
3338 5398 3369 5434 a
3408 5380 3541 5451 [acie
3567 5398 3676 5436 mea
3718 5398 3834 5438 cunt

2247 5471 2456 5541 audisti,
2476 5490 2591 5536 qua
2613 5474 2811 5529 locutus
2829 5490 2943 5529 sunt
2962 5473 3026 5529 de
3052 5474 3149 5529 ista
3168 5472 3282 5529 loco
3300 5512 3316 5542 ,
3338 5483 3386 5528 et
3408 5472 3494 5545 qui
3520 5491 3831 5530 commoran-

2275 5724 2331 5799 ,ι
2364 5730 2491 5773 Unus
2514 5735 2545 5772 e
2568 5719 2801 5772 Vaticanis
2841 5724 2945 5770 Mss.
2967 5756 2981 5782 ,
3030 5718 3275 5774 credimus
3295 5716 3423 5784 ﬁeri
3454 5731 3542 5783 per
3588 5714 3835 5785 dispans-

2248 5795 2494 5897 ηθζωᾶιιδ
2526 5859 2554 5896 e
2590 5847 2826 5896 Vaticanis
2867 5850 3006 5906 Mss,
3053 5846 3105 5895 in
3146 5844 3243 5896 tita
3268 5843 3477 5895 Itummta
3520 5840 3834 5896 caiann'tales.
