  <div class='ocr_page' id='page_1' title='image "/cluster/home/n/w/nwhite01/storage/ocr_20150623/40/hvd.32044096580626/310.png"; bbox 0 0 4140 6216; ppageno 0'>
   <div class='ocr_carea' id='block_1_1' title="bbox 348 508 1951 578">
    <p class='ocr_par' dir='ltr' id='par_1_1' title="bbox 348 508 1951 578">
     <span class='ocr_line' id='line_1_1' title="bbox 348 508 1951 578; baseline -0.001 -11"><span class='ocrx_word' id='word_1_1' title='bbox 348 517 441 566; x_wconf 66' lang='lat' dir='ltr'><strong><em>htr</em></strong></span> <span class='ocrx_word' id='word_1_2' title='bbox 464 511 522 567; x_wconf 70' lang='lat' dir='ltr'><strong><em>in</em></strong></span> <span class='ocrx_word' id='word_1_3' title='bbox 543 522 627 578; x_wconf 88' lang='lat' dir='ltr'><strong><em>eo,</em></strong></span> <span class='ocrx_word' id='word_1_4' title='bbox 655 518 715 565; x_wconf 81' lang='lat' dir='ltr'><strong><em>tu</em></strong></span> <span class='ocrx_word' id='word_1_5' title='bbox 736 509 1000 566; x_wconf 75' lang='lat' dir='ltr'><strong><em>deseratur</em></strong></span> <span class='ocrx_word' id='word_1_6' title='bbox 1024 515 1072 564; x_wconf 90' lang='lat' dir='ltr'><strong><em>et</em></strong></span> <span class='ocrx_word' id='word_1_7' title='bbox 1095 508 1150 563; x_wconf 87' lang='lat' dir='ltr'><strong><em>in</em></strong></span> <span class='ocrx_word' id='word_1_8' title='bbox 1176 508 1438 565; x_wconf 84' lang='lat' dir='ltr'><strong><em>maledicto</em></strong></span> <span class='ocrx_word' id='word_1_9' title='bbox 1458 509 1524 565; x_wconf 86' lang='lat' dir='ltr'><strong><em>sit</em></strong></span> <span class='ocrx_word' id='word_1_10' title='bbox 1547 526 1570 576; x_wconf 88' lang='lat'><strong><em>;</em></strong></span> <span class='ocrx_word' id='word_1_11' title='bbox 1592 517 1641 564; x_wconf 90' lang='lat' dir='ltr'><strong><em>et</em></strong></span> <span class='ocrx_word' id='word_1_12' title='bbox 1663 508 1951 566; x_wconf 83' lang='lat' dir='ltr'><strong><em>conscidiin</em></strong></span> 
     </span>
    </p>
   </div>
   <div class='ocr_carea' id='block_1_2' title="bbox 348 600 1953 674">
    <p class='ocr_par' dir='ltr' id='par_1_2' title="bbox 348 600 1953 674">
     <span class='ocr_line' id='line_1_2' title="bbox 348 600 1953 674; baseline -0.002 -15"><span class='ocrx_word' id='word_1_13' title='bbox 348 604 651 659; x_wconf 63' lang='lat' dir='ltr'><strong><em>uestimenta</em></strong></span> <span class='ocrx_word' id='word_1_14' title='bbox 674 610 794 667; x_wconf 78' lang='lat' dir='ltr'><strong><em>tua,</em></strong></span> <span class='ocrx_word' id='word_1_15' title='bbox 826 609 875 655; x_wconf 87' lang='lat' dir='ltr'><strong><em>et</em></strong></span> <span class='ocrx_word' id='word_1_16' title='bbox 902 600 1086 670; x_wconf 73' lang='lat' dir='ltr'><strong><em>ﬂeuisti</em></strong></span> <span class='ocrx_word' id='word_1_17' title='bbox 1114 601 1168 655; x_wconf 88' lang='lat' dir='ltr'><strong><em>in</em></strong></span> <span class='ocrx_word' id='word_1_18' title='bbox 1192 610 1467 672; x_wconf 79' lang='lat' dir='ltr'><strong><em>conspecta</em></strong></span> <span class='ocrx_word' id='word_1_19' title='bbox 1500 617 1611 656; x_wconf 89' lang='lat' dir='ltr'><strong><em>meo</em></strong></span> <span class='ocrx_word' id='word_1_20' title='bbox 1631 643 1646 668; x_wconf 93' lang='lat'><strong><em>,</em></strong></span> <span class='ocrx_word' id='word_1_21' title='bbox 1675 610 1722 656; x_wconf 93' lang='lat' dir='ltr'><strong><em>et</em></strong></span> <span class='ocrx_word' id='word_1_22' title='bbox 1744 617 1835 674; x_wconf 88' lang='lat' dir='ltr'><strong><em>ego</em></strong></span> <span class='ocrx_word' id='word_1_23' title='bbox 1860 618 1953 656; x_wconf 86' lang='lat' dir='ltr'><strong><em>au-</em></strong></span> 
     </span>
    </p>
   </div>
   <div class='ocr_carea' id='block_1_3' title="bbox 353 690 1954 765">
    <p class='ocr_par' dir='ltr' id='par_1_3' title="bbox 353 690 1954 765">
     <span class='ocr_line' id='line_1_3' title="bbox 353 690 1954 765; baseline -0.001 -17"><span class='ocrx_word' id='word_1_24' title='bbox 353 692 496 759; x_wconf 73' lang='lat' dir='ltr'><strong><em>diui,</em></strong></span> <span class='ocrx_word' id='word_1_25' title='bbox 527 691 660 747; x_wconf 61' lang='lat' dir='ltr'><strong><em>dixit</em></strong></span> <span class='ocrx_word' id='word_1_26' title='bbox 693 690 946 746; x_wconf 82' lang='lat' dir='ltr'><strong><em>Dominus</em></strong></span> <span class='ocrx_word' id='word_1_27' title='bbox 974 690 1185 746; x_wconf 81' lang='lat' dir='ltr'><strong><em>sabaotlt</em></strong></span> <span class='ocrx_word' id='word_1_28' title='bbox 1212 707 1232 745; x_wconf 87' lang='lat'><strong><em>:</em></strong></span> <span class='ocrx_word' id='word_1_29' title='bbox 1263 707 1364 746; x_wconf 85' lang='lat' dir='ltr'><strong><em>non</em></strong></span> <span class='ocrx_word' id='word_1_30' title='bbox 1391 693 1463 746; x_wconf 87' lang='lat' dir='ltr'><strong><em>sic</em></strong></span> <span class='ocrx_word' id='word_1_31' title='bbox 1483 734 1498 759; x_wconf 89' lang='lat'><strong><em>,</em></strong></span> <span class='ocrx_word' id='word_1_32' title='bbox 1531 704 1642 746; x_wconf 84' lang='lat' dir='ltr'><strong><em>ecce</em></strong></span> <span class='ocrx_word' id='word_1_33' title='bbox 1673 707 1764 765; x_wconf 88' lang='lat' dir='ltr'><strong><em>ego</em></strong></span> <span class='ocrx_word' id='word_1_34' title='bbox 1791 708 1954 765; x_wconf 89' lang='lat' dir='ltr'><strong><em>appo-</em></strong></span> 
     </span>
    </p>
   </div>
   <div class='ocr_carea' id='block_1_4' title="bbox 354 782 1952 854">
    <p class='ocr_par' dir='ltr' id='par_1_4' title="bbox 354 782 1952 854">
     <span class='ocr_line' id='line_1_4' title="bbox 354 782 1952 854; baseline 0.001 -15"><span class='ocrx_word' id='word_1_35' title='bbox 354 800 479 839; x_wconf 76' lang='lat' dir='ltr'><strong><em>nant</em></strong></span> <span class='ocrx_word' id='word_1_36' title='bbox 506 793 557 839; x_wconf 82' lang='lat' dir='ltr'><strong><em>te</em></strong></span> <span class='ocrx_word' id='word_1_37' title='bbox 585 782 657 837; x_wconf 80' lang='lat' dir='ltr'><strong><em>ad</em></strong></span> <span class='ocrx_word' id='word_1_38' title='bbox 692 790 859 853; x_wconf 82' lang='lat' dir='ltr'><strong><em>patres</em></strong></span> <span class='ocrx_word' id='word_1_39' title='bbox 889 790 1003 836; x_wconf 85' lang='lat' dir='ltr'><strong><em>tuos</em></strong></span> <span class='ocrx_word' id='word_1_40' title='bbox 1026 824 1039 848; x_wconf 93' lang='lat'><strong><em>,</em></strong></span> <span class='ocrx_word' id='word_1_41' title='bbox 1062 788 1110 837; x_wconf 93' lang='lat' dir='ltr'><strong><em>et</em></strong></span> <span class='ocrx_word' id='word_1_42' title='bbox 1130 783 1405 854; x_wconf 83' lang='lat' dir='ltr'><strong><em>apponeris</em></strong></span> <span class='ocrx_word' id='word_1_43' title='bbox 1432 799 1547 837; x_wconf 87' lang='lat' dir='ltr'><strong><em>cum</em></strong></span> <span class='ocrx_word' id='word_1_44' title='bbox 1583 799 1710 850; x_wconf 85' lang='lat' dir='ltr'><strong><em>pace</em></strong></span> <span class='ocrx_word' id='word_1_45' title='bbox 1738 795 1827 849; x_wconf 79' lang='lat' dir='ltr'><strong><em>,°et</em></strong></span> <span class='ocrx_word' id='word_1_46' title='bbox 1850 801 1952 840; x_wconf 91' lang='lat' dir='ltr'><strong><em>non</em></strong></span> 
     </span>
    </p>
   </div>
   <div class='ocr_carea' id='block_1_5' title="bbox 354 873 1954 946">
    <p class='ocr_par' dir='ltr' id='par_1_5' title="bbox 354 873 1954 946">
     <span class='ocr_line' id='line_1_5' title="bbox 354 873 1954 946; baseline -0.001 -14"><span class='ocrx_word' id='word_1_47' title='bbox 354 877 595 932; x_wconf 70' lang='lat' dir='ltr'><strong><em>uidebunt</em></strong></span> <span class='ocrx_word' id='word_1_48' title='bbox 614 874 749 930; x_wconf 71' lang='lat' dir='ltr'><strong><em>oculi</em></strong></span> <span class='ocrx_word' id='word_1_49' title='bbox 773 875 848 928; x_wconf 80' lang='lat' dir='ltr'><strong><em>tui</em></strong></span> <span class='ocrx_word' id='word_1_50' title='bbox 866 874 1036 930; x_wconf 81' lang='lat' dir='ltr'><strong><em>omnia</em></strong></span> <span class='ocrx_word' id='word_1_51' title='bbox 1059 873 1197 928; x_wconf 84' lang='lat' dir='ltr'><strong><em>mala</em></strong></span> <span class='ocrx_word' id='word_1_52' title='bbox 1216 889 1330 946; x_wconf 70' lang='lat' dir='ltr'><strong><em>quae</em></strong></span> <span class='ocrx_word' id='word_1_53' title='bbox 1349 891 1437 945; x_wconf 86' lang='lat' dir='ltr'><strong><em>ego</em></strong></span> <span class='ocrx_word' id='word_1_54' title='bbox 1460 874 1645 929; x_wconf 77' lang='lat' dir='ltr'><strong><em>induco</em></strong></span> <span class='ocrx_word' id='word_1_55' title='bbox 1673 875 1690 908; x_wconf 77' lang='grc' dir='ltr'>ί</span> <span class='ocrx_word' id='word_1_56' title='bbox 1713 876 1764 930; x_wconf 87' lang='lat' dir='ltr'><strong><em>in</em></strong></span> <span class='ocrx_word' id='word_1_57' title='bbox 1786 876 1954 932; x_wconf 84' lang='lat' dir='ltr'><strong><em>locum</em></strong></span> 
     </span>
    </p>
   </div>
   <div class='ocr_carea' id='block_1_6' title="bbox 357 962 1949 1040">
    <p class='ocr_par' dir='ltr' id='par_1_6' title="bbox 357 962 1949 1040">
     <span class='ocr_line' id='line_1_6' title="bbox 357 962 1949 1040; baseline 0.001 -19"><span class='ocrx_word' id='word_1_58' title='bbox 357 967 524 1033; x_wconf 67' lang='lat' dir='ltr'><strong><em>hunc,</em></strong></span> <span class='ocrx_word' id='word_1_59' title='bbox 544 975 594 1021; x_wconf 87' lang='lat' dir='ltr'><strong><em>et</em></strong></span> <span class='ocrx_word' id='word_1_60' title='bbox 615 965 702 1031; x_wconf 76' lang='lat' dir='ltr'><strong><em>qui</em></strong></span> <span class='ocrx_word' id='word_1_61' title='bbox 727 972 1104 1020; x_wconf 75' lang='lat' dir='ltr'><strong><em>commorantur</em></strong></span> <span class='ocrx_word' id='word_1_62' title='bbox 1125 965 1177 1019; x_wconf 85' lang='lat' dir='ltr'><strong><em>in</em></strong></span> <span class='ocrx_word' id='word_1_63' title='bbox 1198 980 1257 1019; x_wconf 92' lang='lat' dir='ltr'><strong><em>eo</em></strong></span> <span class='ocrx_word' id='word_1_64' title='bbox 1282 962 1370 1036; x_wconf 84' lang='lat' dir='ltr'><strong><em>(1V</em></strong></span> <span class='ocrx_word' id='word_1_65' title='bbox 1402 963 1525 1037; x_wconf 84' lang='lat' dir='ltr'><strong><em>Reg.</em></strong></span> <span class='ocrx_word' id='word_1_66' title='bbox 1556 980 1674 1020; x_wconf 71' lang='grc' dir='ltr'>χχιι</span> <span class='ocrx_word' id='word_1_67' title='bbox 1691 1006 1707 1032; x_wconf 90' lang='grc'><em>,</em></span> <span class='ocrx_word' id='word_1_68' title='bbox 1735 965 1949 1040; x_wconf 76' lang='lat'><strong><em>18-20).</em></strong></span> 
     </span>
    </p>
   </div>
   <div class='ocr_carea' id='block_1_7' title="bbox 359 1053 1953 1122">
    <p class='ocr_par' dir='ltr' id='par_1_7' title="bbox 359 1053 1953 1122">
     <span class='ocr_line' id='line_1_7' title="bbox 359 1053 1953 1122; baseline -0.001 -9"><span class='ocrx_word' id='word_1_69' title='bbox 359 1056 603 1113; x_wconf 83' lang='lat' dir='ltr'><strong><em>Territus</em></strong></span> <span class='ocrx_word' id='word_1_70' title='bbox 640 1055 742 1112; x_wconf 77' lang='lat' dir='ltr'><strong><em>iste&quot;</em></strong></span> <span class='ocrx_word' id='word_1_71' title='bbox 785 1053 881 1111; x_wconf 88' lang='lat' dir='ltr'><strong><em>Dei</em></strong></span> <span class='ocrx_word' id='word_1_72' title='bbox 927 1054 1427 1115; x_wconf 73' lang='lat' dir='ltr'><strong><em>comminationibus</em></strong></span> <span class='ocrx_word' id='word_1_73' title='bbox 1467 1053 1720 1122; x_wconf 80' lang='lat' dir='ltr'><strong><em>ﬂeverat,</em></strong></span> <span class='ocrx_word' id='word_1_74' title='bbox 1755 1065 1805 1112; x_wconf 89' lang='lat' dir='ltr'><strong><em>et</em></strong></span> <span class='ocrx_word' id='word_1_75' title='bbox 1858 1070 1953 1112; x_wconf 87' lang='lat' dir='ltr'><strong><em>sua</em></strong></span> 
     </span>
    </p>
   </div>
   <div class='ocr_carea' id='block_1_8' title="bbox 358 1145 1955 1212">
    <p class='ocr_par' dir='ltr' id='par_1_8' title="bbox 358 1145 1955 1212">
     <span class='ocr_line' id='line_1_8' title="bbox 358 1145 1955 1212; baseline -0.001 -8"><span class='ocrx_word' id='word_1_76' title='bbox 358 1148 677 1206; x_wconf 80' lang='lat' dir='ltr'><strong><em>vestimenta</em></strong></span> <span class='ocrx_word' id='word_1_77' title='bbox 703 1145 1067 1212; x_wconf 82' lang='lat' dir='ltr'><strong><em>eonsciderat;</em></strong></span> <span class='ocrx_word' id='word_1_78' title='bbox 1087 1155 1142 1202; x_wconf 87' lang='lat' dir='ltr'><strong><em>et</em></strong></span> <span class='ocrx_word' id='word_1_79' title='bbox 1170 1146 1230 1201; x_wconf 81' lang='lat' dir='ltr'><strong><em>ﬁt</em></strong></span> <span class='ocrx_word' id='word_1_80' title='bbox 1257 1146 1495 1202; x_wconf 89' lang='lat' dir='ltr'><strong><em>omnium</em></strong></span> <span class='ocrx_word' id='word_1_81' title='bbox 1525 1145 1787 1203; x_wconf 87' lang='lat' dir='ltr'><strong><em>malorum</em></strong></span> <span class='ocrx_word' id='word_1_82' title='bbox 1817 1146 1955 1202; x_wconf 79' lang='lat' dir='ltr'><strong><em>futu-</em></strong></span> 
     </span>
    </p>
   </div>
   <div class='ocr_carea' id='block_1_9' title="bbox 358 1238 1953 1311">
    <p class='ocr_par' dir='ltr' id='par_1_9' title="bbox 358 1238 1953 1311">
     <span class='ocr_line' id='line_1_9' title="bbox 358 1238 1953 1311; baseline -0.001 -14"><span class='ocrx_word' id='word_1_83' title='bbox 358 1252 546 1297; x_wconf 81' lang='lat' dir='ltr'><strong><em>rorum</em></strong></span> <span class='ocrx_word' id='word_1_84' title='bbox 582 1239 653 1296; x_wconf 87' lang='lat' dir='ltr'><strong><em>de</em></strong></span> <span class='ocrx_word' id='word_1_85' title='bbox 680 1246 1027 1311; x_wconf 75' lang='lat' dir='ltr'><strong><em>properatum</em></strong></span> <span class='ocrx_word' id='word_1_86' title='bbox 1065 1247 1238 1295; x_wconf 88' lang='lat' dir='ltr'><strong><em>morte</em></strong></span> <span class='ocrx_word' id='word_1_87' title='bbox 1278 1252 1532 1305; x_wconf 89' lang='lat' dir='ltr'><strong><em>securus,</em></strong></span> <span class='ocrx_word' id='word_1_88' title='bbox 1564 1239 1706 1308; x_wconf 88' lang='lat' dir='ltr'><strong><em>quod</em></strong></span> <span class='ocrx_word' id='word_1_89' title='bbox 1751 1238 1822 1294; x_wconf 90' lang='lat' dir='ltr'><strong><em>ita</em></strong></span> <span class='ocrx_word' id='word_1_90' title='bbox 1866 1254 1953 1296; x_wconf 88' lang='lat' dir='ltr'><strong><em>re-</em></strong></span> 
     </span>
    </p>
   </div>
   <div class='ocr_carea' id='block_1_10' title="bbox 360 1328 1952 1403">
    <p class='ocr_par' dir='ltr' id='par_1_10' title="bbox 360 1328 1952 1403">
     <span class='ocr_line' id='line_1_10' title="bbox 360 1328 1952 1403; baseline -0.003 -14"><span class='ocrx_word' id='word_1_91' title='bbox 360 1332 643 1403; x_wconf 84' lang='lat' dir='ltr'><strong><em>quieturus</em></strong></span> <span class='ocrx_word' id='word_1_92' title='bbox 683 1337 828 1387; x_wconf 88' lang='lat' dir='ltr'><strong><em>esset</em></strong></span> <span class='ocrx_word' id='word_1_93' title='bbox 866 1330 923 1385; x_wconf 91' lang='lat' dir='ltr'><strong><em>in</em></strong></span> <span class='ocrx_word' id='word_1_94' title='bbox 962 1344 1126 1400; x_wconf 85' lang='lat' dir='ltr'><strong><em>pace,</em></strong></span> <span class='ocrx_word' id='word_1_95' title='bbox 1161 1338 1216 1385; x_wconf 90' lang='lat' dir='ltr'><strong><em>ut</em></strong></span> <span class='ocrx_word' id='word_1_96' title='bbox 1248 1328 1339 1385; x_wconf 89' lang='lat' dir='ltr'><strong><em>illa</em></strong></span> <span class='ocrx_word' id='word_1_97' title='bbox 1374 1330 1553 1386; x_wconf 92' lang='lat' dir='ltr'><strong><em>omnia</em></strong></span> <span class='ocrx_word' id='word_1_98' title='bbox 1585 1345 1690 1386; x_wconf 92' lang='lat' dir='ltr'><strong><em>non</em></strong></span> <span class='ocrx_word' id='word_1_99' title='bbox 1725 1329 1952 1387; x_wconf 78' lang='lat' dir='ltr'><strong><em>videret.</em></strong></span> 
     </span>
    </p>
   </div>
   <div class='ocr_carea' id='block_1_11' title="bbox 361 1420 1957 1494">
    <p class='ocr_par' dir='ltr' id='par_1_11' title="bbox 361 1420 1957 1494">
     <span class='ocr_line' id='line_1_11' title="bbox 361 1420 1957 1494; baseline 0 -15"><span class='ocrx_word' id='word_1_100' title='bbox 361 1422 439 1480; x_wconf 75' lang='lat' dir='ltr'><strong><em>lbi</em></strong></span> <span class='ocrx_word' id='word_1_101' title='bbox 481 1434 614 1494; x_wconf 89' lang='lat' dir='ltr'><strong><em>ergo</em></strong></span> <span class='ocrx_word' id='word_1_102' title='bbox 650 1426 775 1478; x_wconf 88' lang='lat' dir='ltr'><strong><em>sunt</em></strong></span> <span class='ocrx_word' id='word_1_103' title='bbox 813 1421 1034 1491; x_wconf 79' lang='lat' dir='ltr'><strong><em>spiritus</em></strong></span> <span class='ocrx_word' id='word_1_104' title='bbox 1074 1420 1447 1477; x_wconf 81' lang='lat' dir='ltr'><strong><em>defunctorum</em></strong></span> <span class='ocrx_word' id='word_1_105' title='bbox 1469 1464 1484 1489; x_wconf 89' lang='lat'><strong><em>,</em></strong></span> <span class='ocrx_word' id='word_1_106' title='bbox 1516 1422 1605 1479; x_wconf 88' lang='lat' dir='ltr'><strong><em>ubi</em></strong></span> <span class='ocrx_word' id='word_1_107' title='bbox 1634 1437 1743 1479; x_wconf 89' lang='lat' dir='ltr'><strong><em>non</em></strong></span> <span class='ocrx_word' id='word_1_108' title='bbox 1773 1421 1957 1480; x_wconf 91' lang='lat' dir='ltr'><strong><em>vident</em></strong></span> 
     </span>
    </p>
   </div>
   <div class='ocr_carea' id='block_1_12' title="bbox 362 1512 1954 1587">
    <p class='ocr_par' dir='ltr' id='par_1_12' title="bbox 362 1512 1954 1587">
     <span class='ocr_line' id='line_1_12' title="bbox 362 1512 1954 1587; baseline 0 -17"><span class='ocrx_word' id='word_1_109' title='bbox 362 1526 714 1587; x_wconf 70' lang='lat' dir='ltr'><strong><em>qummque</em></strong></span> <span class='ocrx_word' id='word_1_110' title='bbox 741 1521 970 1584; x_wconf 89' lang='lat' dir='ltr'><strong><em>aguntur</em></strong></span> <span class='ocrx_word' id='word_1_111' title='bbox 1008 1519 1101 1568; x_wconf 92' lang='lat' dir='ltr'><strong><em>aut</em></strong></span> <span class='ocrx_word' id='word_1_112' title='bbox 1129 1512 1387 1568; x_wconf 88' lang='lat' dir='ltr'><strong><em>eveniunt</em></strong></span> <span class='ocrx_word' id='word_1_113' title='bbox 1430 1513 1483 1569; x_wconf 91' lang='lat' dir='ltr'><strong><em>in</em></strong></span> <span class='ocrx_word' id='word_1_114' title='bbox 1513 1512 1614 1569; x_wconf 87' lang='lat' dir='ltr'><strong><em>ista</em></strong></span> <span class='ocrx_word' id='word_1_115' title='bbox 1641 1513 1747 1569; x_wconf 88' lang='lat' dir='ltr'><strong><em>vita</em></strong></span> <span class='ocrx_word' id='word_1_116' title='bbox 1779 1513 1954 1570; x_wconf 80' lang='lat' dir='ltr'><strong><em>homi-</em></strong></span> 
     </span>
    </p>
   </div>
   <div class='ocr_carea' id='block_1_13' title="bbox 363 1601 1949 1675">
    <p class='ocr_par' dir='ltr' id='par_1_13' title="bbox 363 1601 1949 1675">
     <span class='ocr_line' id='line_1_13' title="bbox 363 1601 1949 1675; baseline 0.001 -15"><span class='ocrx_word' id='word_1_117' title='bbox 363 1603 541 1661; x_wconf 81' lang='lat' dir='ltr'><strong><em>nibus.</em></strong></span> <span class='ocrx_word' id='word_1_118' title='bbox 571 1602 853 1673; x_wconf 86' lang='lat' dir='ltr'><strong><em>Quomodo</em></strong></span> <span class='ocrx_word' id='word_1_119' title='bbox 876 1617 1003 1675; x_wconf 91' lang='lat' dir='ltr'><strong><em>ergo</em></strong></span> <span class='ocrx_word' id='word_1_120' title='bbox 1027 1601 1210 1660; x_wconf 87' lang='lat' dir='ltr'><strong><em>vident</em></strong></span> <span class='ocrx_word' id='word_1_121' title='bbox 1235 1603 1468 1659; x_wconf 87' lang='lat' dir='ltr'><strong><em>tumulos</em></strong></span> <span class='ocrx_word' id='word_1_122' title='bbox 1509 1617 1635 1660; x_wconf 89' lang='lat' dir='ltr'><strong><em>suos</em></strong></span> <span class='ocrx_word' id='word_1_123' title='bbox 1655 1647 1669 1672; x_wconf 93' lang='lat'><strong><em>,</em></strong></span> <span class='ocrx_word' id='word_1_124' title='bbox 1703 1616 1793 1661; x_wconf 90' lang='lat' dir='ltr'><strong><em>aut</em></strong></span> <span class='ocrx_word' id='word_1_125' title='bbox 1826 1620 1949 1662; x_wconf 86' lang='lat' dir='ltr'><strong><em>cor-</em></strong></span> 
     </span>
    </p>
   </div>
   <div class='ocr_carea' id='block_1_14' title="bbox 364 1693 1955 1768">
    <p class='ocr_par' dir='ltr' id='par_1_14' title="bbox 364 1693 1955 1768">
     <span class='ocr_line' id='line_1_14' title="bbox 364 1693 1955 1768; baseline 0 -17"><span class='ocrx_word' id='word_1_126' title='bbox 364 1704 497 1768; x_wconf 78' lang='lat' dir='ltr'><strong><em>pora</em></strong></span> <span class='ocrx_word' id='word_1_127' title='bbox 538 1708 665 1761; x_wconf 88' lang='lat' dir='ltr'><strong><em>sua,</em></strong></span> <span class='ocrx_word' id='word_1_128' title='bbox 697 1702 872 1751; x_wconf 89' lang='lat' dir='ltr'><strong><em>utrum</em></strong></span> <span class='ocrx_word' id='word_1_129' title='bbox 900 1693 1108 1765; x_wconf 86' lang='lat' dir='ltr'><strong><em>abjeeta</em></strong></span> <span class='ocrx_word' id='word_1_130' title='bbox 1142 1694 1389 1765; x_wconf 87' lang='lat' dir='ltr'><strong><em>jaeeant,</em></strong></span> <span class='ocrx_word' id='word_1_131' title='bbox 1418 1709 1486 1750; x_wconf 91' lang='lat' dir='ltr'><strong><em>an</em></strong></span> <span class='ocrx_word' id='word_1_132' title='bbox 1521 1694 1772 1765; x_wconf 79' lang='lat' dir='ltr'><strong><em>sepulta?</em></strong></span> <span class='ocrx_word' id='word_1_133' title='bbox 1808 1696 1955 1763; x_wconf 87' lang='lat' dir='ltr'><strong><em>Quo-</em></strong></span> 
     </span>
    </p>
   </div>
   <div class='ocr_carea' id='block_1_15' title="bbox 363 1782 1956 1857">
    <p class='ocr_par' dir='ltr' id='par_1_15' title="bbox 363 1782 1956 1857">
     <span class='ocr_line' id='line_1_15' title="bbox 363 1782 1956 1857; baseline -0.001 -15"><span class='ocrx_word' id='word_1_134' title='bbox 363 1785 535 1842; x_wconf 86' lang='lat' dir='ltr'><strong><em>modo</em></strong></span> <span class='ocrx_word' id='word_1_135' title='bbox 564 1785 828 1840; x_wconf 87' lang='lat' dir='ltr'><strong><em>intersunt</em></strong></span> <span class='ocrx_word' id='word_1_136' title='bbox 858 1783 1091 1839; x_wconf 68' lang='lat' dir='ltr'><strong><em>miseriae</em></strong></span> <span class='ocrx_word' id='word_1_137' title='bbox 1124 1782 1399 1852; x_wconf 88' lang='lat' dir='ltr'><strong><em>vivorum,</em></strong></span> <span class='ocrx_word' id='word_1_138' title='bbox 1446 1796 1566 1839; x_wconf 92' lang='lat' dir='ltr'><strong><em>cum</em></strong></span> <span class='ocrx_word' id='word_1_139' title='bbox 1606 1784 1689 1840; x_wconf 91' lang='lat' dir='ltr'><strong><em>vel</em></strong></span> <span class='ocrx_word' id='word_1_140' title='bbox 1718 1800 1813 1842; x_wconf 86' lang='lat' dir='ltr'><strong><em>sua</em></strong></span> <span class='ocrx_word' id='word_1_141' title='bbox 1855 1785 1956 1857; x_wconf 87' lang='lat' dir='ltr'><strong>ipsi</strong></span> 
     </span>
    </p>
   </div>
   <div class='ocr_carea' id='block_1_16' title="bbox 365 1864 1955 1948">
    <p class='ocr_par' dir='ltr' id='par_1_16' title="bbox 365 1864 1955 1948">
     <span class='ocr_line' id='line_1_16' title="bbox 365 1864 1955 1948; baseline -0.002 -13"><span class='ocrx_word' id='word_1_142' title='bbox 365 1877 509 1935; x_wconf 78' lang='lat' dir='ltr'><strong><em>mala</em></strong></span> <span class='ocrx_word' id='word_1_143' title='bbox 534 1864 834 1948; x_wconf 77' lang='lat' dir='ltr'><strong><em>patiantur,</em></strong></span> <span class='ocrx_word' id='word_1_144' title='bbox 865 1875 911 1931; x_wconf 87' lang='lat' dir='ltr'><strong><em>si</em></strong></span> <span class='ocrx_word' id='word_1_145' title='bbox 957 1872 1079 1930; x_wconf 85' lang='lat' dir='ltr'><strong><em>talia</em></strong></span> <span class='ocrx_word' id='word_1_146' title='bbox 1114 1874 1304 1931; x_wconf 84' lang='lat' dir='ltr'><strong><em>merita</em></strong></span> <span class='ocrx_word' id='word_1_147' title='bbox 1329 1882 1714 1932; x_wconf 85' lang='lat' dir='ltr'><strong><em>contraxerunt</em></strong></span> <span class='ocrx_word' id='word_1_148' title='bbox 1747 1892 1762 1943; x_wconf 91' lang='lat'><strong>;</strong></span> <span class='ocrx_word' id='word_1_149' title='bbox 1794 1876 1875 1932; x_wconf 89' lang='lat' dir='ltr'><strong><em>vel</em></strong></span> <span class='ocrx_word' id='word_1_150' title='bbox 1903 1876 1955 1932; x_wconf 91' lang='lat' dir='ltr'><strong><em>in</em></strong></span> 
     </span>
    </p>
   </div>
   <div class='ocr_carea' id='block_1_17' title="bbox 366 1965 1954 2042">
    <p class='ocr_par' dir='ltr' id='par_1_17' title="bbox 366 1965 1954 2042">
     <span class='ocr_line' id='line_1_17' title="bbox 366 1965 1954 2042; baseline 0.003 -22"><span class='ocrx_word' id='word_1_151' title='bbox 366 1982 502 2042; x_wconf 71' lang='lat' dir='ltr'><strong><em>pace</em></strong></span> <span class='ocrx_word' id='word_1_152' title='bbox 543 1969 911 2039; x_wconf 83' lang='lat' dir='ltr'><strong><em>requiescant,</em></strong></span> <span class='ocrx_word' id='word_1_153' title='bbox 942 1967 1082 2023; x_wconf 91' lang='lat' dir='ltr'><strong><em>sicut</em></strong></span> <span class='ocrx_word' id='word_1_154' title='bbox 1122 1965 1248 2023; x_wconf 85' lang='lat' dir='ltr'><strong><em>huic</em></strong></span> <span class='ocrx_word' id='word_1_155' title='bbox 1275 1965 1436 2024; x_wconf 77' lang='lat' dir='ltr'><strong><em>Joslae</em></strong></span> <span class='ocrx_word' id='word_1_156' title='bbox 1478 1970 1799 2039; x_wconf 90' lang='lat' dir='ltr'><strong><em>promissum</em></strong></span> <span class='ocrx_word' id='word_1_157' title='bbox 1839 1979 1954 2039; x_wconf 85' lang='lat' dir='ltr'><strong><em>est,</em></strong></span> 
     </span>
    </p>
   </div>
   <div class='ocr_carea' id='block_1_18' title="bbox 369 2057 1959 2135">
    <p class='ocr_par' dir='ltr' id='par_1_18' title="bbox 369 2057 1959 2135">
     <span class='ocr_line' id='line_1_18' title="bbox 369 2057 1959 2135; baseline 0 -17"><span class='ocrx_word' id='word_1_158' title='bbox 369 2062 459 2119; x_wconf 81' lang='lat' dir='ltr'><strong><em>ubi</em></strong></span> <span class='ocrx_word' id='word_1_159' title='bbox 510 2062 647 2117; x_wconf 81' lang='lat' dir='ltr'><strong><em>mala</em></strong></span> <span class='ocrx_word' id='word_1_160' title='bbox 687 2060 793 2117; x_wconf 84' lang='lat' dir='ltr'><strong><em>ulla</em></strong></span> <span class='ocrx_word' id='word_1_161' title='bbox 836 2074 937 2117; x_wconf 91' lang='lat' dir='ltr'><strong><em>nec</em></strong></span> <span class='ocrx_word' id='word_1_162' title='bbox 975 2057 1225 2135; x_wconf 84' lang='lat' dir='ltr'><strong><em>patiendo</em></strong></span> <span class='ocrx_word' id='word_1_163' title='bbox 1254 2073 1355 2117; x_wconf 88' lang='lat' dir='ltr'><strong><em>nec</em></strong></span> <span class='ocrx_word' id='word_1_164' title='bbox 1383 2061 1758 2132; x_wconf 90' lang='lat' dir='ltr'><strong><em>compatiendo</em></strong></span> <span class='ocrx_word' id='word_1_165' title='bbox 1799 2063 1959 2119; x_wconf 87' lang='lat' dir='ltr'><strong><em>susti-</em></strong></span> 
     </span>
    </p>
   </div>
   <div class='ocr_carea' id='block_1_19' title="bbox 371 2150 1958 2225">
    <p class='ocr_par' dir='ltr' id='par_1_19' title="bbox 371 2150 1958 2225">
     <span class='ocr_line' id='line_1_19' title="bbox 371 2150 1958 2225; baseline 0.001 -15"><span class='ocrx_word' id='word_1_166' title='bbox 371 2160 531 2210; x_wconf 64' lang='lat' dir='ltr'><strong><em>nmnt</em></strong></span> <span class='ocrx_word' id='word_1_167' title='bbox 557 2193 573 2221; x_wconf 94' lang='lat'><strong><em>,</em></strong></span> <span class='ocrx_word' id='word_1_168' title='bbox 624 2151 833 2210; x_wconf 80' lang='lat' dir='ltr'><strong><em>liberati</em></strong></span> <span class='ocrx_word' id='word_1_169' title='bbox 875 2150 944 2207; x_wconf 88' lang='lat' dir='ltr'><strong><em>ab</em></strong></span> <span class='ocrx_word' id='word_1_170' title='bbox 969 2150 1216 2208; x_wconf 90' lang='lat' dir='ltr'><strong><em>omnibus</em></strong></span> <span class='ocrx_word' id='word_1_171' title='bbox 1261 2150 1414 2208; x_wconf 85' lang='lat' dir='ltr'><strong><em>malis</em></strong></span> <span class='ocrx_word' id='word_1_172' title='bbox 1454 2168 1573 2224; x_wconf 68' lang='lat' dir='ltr'><strong><em>quae</em></strong></span> <span class='ocrx_word' id='word_1_173' title='bbox 1618 2153 1866 2225; x_wconf 90' lang='lat' dir='ltr'><strong><em>patiendo</em></strong></span> <span class='ocrx_word' id='word_1_174' title='bbox 1904 2163 1958 2212; x_wconf 85' lang='lat' dir='ltr'><strong><em>et</em></strong></span> 
     </span>
    </p>
   </div>
   <div class='ocr_carea' id='block_1_20' title="bbox 368 2241 1759 2316">
    <p class='ocr_par' dir='ltr' id='par_1_20' title="bbox 368 2241 1759 2316">
     <span class='ocr_line' id='line_1_20' title="bbox 368 2241 1759 2316; baseline -0.001 -15"><span class='ocrx_word' id='word_1_175' title='bbox 368 2242 775 2316; x_wconf 85' lang='lat' dir='ltr'><strong><em>compatiendo,</em></strong></span> <span class='ocrx_word' id='word_1_176' title='bbox 806 2257 928 2300; x_wconf 91' lang='lat' dir='ltr'><strong><em>cum</em></strong></span> <span class='ocrx_word' id='word_1_177' title='bbox 961 2241 1047 2299; x_wconf 91' lang='lat' dir='ltr'><strong><em>hic</em></strong></span> <span class='ocrx_word' id='word_1_178' title='bbox 1073 2243 1346 2311; x_wconf 78' lang='lat' dir='ltr'><strong><em>viverent,</em></strong></span> <span class='ocrx_word' id='word_1_179' title='bbox 1381 2243 1759 2300; x_wconf 74' lang='lat' dir='ltr'><strong><em>sustinebant?</em></strong></span> 
     </span>
    </p>
   </div>
   <div class='ocr_carea' id='block_1_21' title="bbox 444 2330 1955 2406">
    <p class='ocr_par' dir='ltr' id='par_1_21' title="bbox 444 2330 1955 2406">
     <span class='ocr_line' id='line_1_21' title="bbox 444 2330 1955 2406; baseline -0.003 -13"><span class='ocrx_word' id='word_1_180' title='bbox 444 2334 673 2393; x_wconf 75' lang='lat' dir='ltr'><strong><em>CAPUT</em></strong></span> <span class='ocrx_word' id='word_1_181' title='bbox 708 2332 850 2391; x_wconf 76' lang='lat' dir='ltr'><strong><em>XIV.</em></strong></span> <span class='ocrx_word' id='word_1_182' title='bbox 892 2362 968 2376; x_wconf 89' lang='lat'><strong><em>-—</em></strong></span> <span class='ocrx_word' id='word_1_183' title='bbox 1004 2334 1091 2389; x_wconf 76' lang='grc'><strong>17.</strong></span> <span class='ocrx_word' id='word_1_184' title='bbox 1136 2330 1361 2406; x_wconf 77' lang='lat' dir='ltr'><strong><em>Objectio</em></strong></span> <span class='ocrx_word' id='word_1_185' title='bbox 1394 2334 1631 2390; x_wconf 85' lang='lat' dir='ltr'><strong><em>adversus</em></strong></span> <span class='ocrx_word' id='word_1_186' title='bbox 1674 2335 1955 2405; x_wconf 79' lang='lat' dir='ltr'><strong><em>superiora.</em></strong></span> 
     </span>
    </p>
   </div>
   <div class='ocr_carea' id='block_1_22' title="bbox 371 2423 1955 2499">
    <p class='ocr_par' dir='ltr' id='par_1_22' title="bbox 371 2423 1955 2499">
     <span class='ocr_line' id='line_1_22' title="bbox 371 2423 1955 2499; baseline -0.003 -14"><span class='ocrx_word' id='word_1_187' title='bbox 371 2428 580 2486; x_wconf 76' lang='lat' dir='ltr'><strong><em>Dixerit</em></strong></span> <span class='ocrx_word' id='word_1_188' title='bbox 613 2426 805 2499; x_wconf 86' lang='lat' dir='ltr'><strong><em>aliquis</em></strong></span> <span class='ocrx_word' id='word_1_189' title='bbox 836 2443 851 2481; x_wconf 93' lang='lat'><strong>:</strong></span> <span class='ocrx_word' id='word_1_190' title='bbox 891 2423 948 2482; x_wconf 86' lang='lat' dir='ltr'><strong><em>Si</em></strong></span> <span class='ocrx_word' id='word_1_191' title='bbox 977 2423 1122 2482; x_wconf 90' lang='lat' dir='ltr'><strong><em>nulla</em></strong></span> <span class='ocrx_word' id='word_1_192' title='bbox 1151 2433 1234 2482; x_wconf 89' lang='lat' dir='ltr'><strong><em>est</em></strong></span> <span class='ocrx_word' id='word_1_193' title='bbox 1274 2425 1499 2481; x_wconf 88' lang='lat' dir='ltr'><strong><em>mortuis</em></strong></span> <span class='ocrx_word' id='word_1_194' title='bbox 1541 2440 1668 2482; x_wconf 88' lang='lat' dir='ltr'><strong><em>cura</em></strong></span> <span class='ocrx_word' id='word_1_195' title='bbox 1694 2424 1761 2480; x_wconf 92' lang='lat' dir='ltr'><strong><em>de</em></strong></span> <span class='ocrx_word' id='word_1_196' title='bbox 1790 2424 1955 2493; x_wconf 79' lang='lat' dir='ltr'><strong><em>vivis,</em></strong></span> 
     </span>
    </p>
   </div>
   <div class='ocr_carea' id='block_1_23' title="bbox 368 2514 1958 2593">
    <p class='ocr_par' dir='ltr' id='par_1_23' title="bbox 368 2514 1958 2593">
     <span class='ocr_line' id='line_1_23' title="bbox 368 2514 1958 2593; baseline -0.003 -18"><span class='ocrx_word' id='word_1_197' title='bbox 368 2518 643 2593; x_wconf 78' lang='lat' dir='ltr'><strong><em>quomodo</em></strong></span> <span class='ocrx_word' id='word_1_198' title='bbox 671 2518 760 2574; x_wconf 88' lang='lat' dir='ltr'><strong><em>ille</em></strong></span> <span class='ocrx_word' id='word_1_199' title='bbox 781 2517 931 2574; x_wconf 86' lang='lat' dir='ltr'><strong><em>dives</em></strong></span> <span class='ocrx_word' id='word_1_200' title='bbox 959 2516 1049 2589; x_wconf 87' lang='lat' dir='ltr'><strong><em>qui</em></strong></span> <span class='ocrx_word' id='word_1_201' title='bbox 1070 2516 1209 2589; x_wconf 88' lang='lat' dir='ltr'><strong><em>apud</em></strong></span> <span class='ocrx_word' id='word_1_202' title='bbox 1240 2514 1443 2572; x_wconf 77' lang='lat' dir='ltr'><strong><em>inferos</em></strong></span> <span class='ocrx_word' id='word_1_203' title='bbox 1470 2515 1833 2587; x_wconf 84' lang='lat' dir='ltr'><strong><em>torquebatur,</em></strong></span> <span class='ocrx_word' id='word_1_204' title='bbox 1867 2531 1958 2571; x_wconf 84' lang='lat' dir='ltr'><strong><em>ro-</em></strong></span> 
     </span>
    </p>
   </div>
   <div class='ocr_carea' id='block_1_24' title="bbox 370 2607 1958 2684">
    <p class='ocr_par' dir='ltr' id='par_1_24' title="bbox 370 2607 1958 2684">
     <span class='ocr_line' id='line_1_24' title="bbox 370 2607 1958 2684; baseline -0.004 -16"><span class='ocrx_word' id='word_1_205' title='bbox 370 2609 530 2684; x_wconf 81' lang='lat' dir='ltr'><strong><em>gabat</em></strong></span> <span class='ocrx_word' id='word_1_206' title='bbox 549 2609 815 2667; x_wconf 80' lang='lat' dir='ltr'><strong><em>Abraham</em></strong></span> <span class='ocrx_word' id='word_1_207' title='bbox 835 2615 1063 2682; x_wconf 82' lang='lat' dir='ltr'><strong><em>patrem,</em></strong></span> <span class='ocrx_word' id='word_1_208' title='bbox 1087 2615 1147 2665; x_wconf 88' lang='lat' dir='ltr'><strong><em>ut</em></strong></span> <span class='ocrx_word' id='word_1_209' title='bbox 1170 2607 1407 2665; x_wconf 89' lang='lat' dir='ltr'><strong><em>mitteret</em></strong></span> <span class='ocrx_word' id='word_1_210' title='bbox 1431 2607 1688 2665; x_wconf 85' lang='lat' dir='ltr'><strong><em>Lazarum</em></strong></span> <span class='ocrx_word' id='word_1_211' title='bbox 1712 2608 1778 2663; x_wconf 89' lang='lat' dir='ltr'><strong><em>ad</em></strong></span> <span class='ocrx_word' id='word_1_212' title='bbox 1803 2610 1958 2679; x_wconf 88' lang='lat' dir='ltr'><strong><em>quiu-</em></strong></span> 
     </span>
    </p>
   </div>
   <div class='ocr_carea' id='block_1_25' title="bbox 370 2699 1960 2773">
    <p class='ocr_par' dir='ltr' id='par_1_25' title="bbox 370 2699 1960 2773">
     <span class='ocr_line' id='line_1_25' title="bbox 370 2699 1960 2773; baseline 0.001 -18"><span class='ocrx_word' id='word_1_213' title='bbox 370 2716 476 2773; x_wconf 88' lang='lat' dir='ltr'><strong><em>que</em></strong></span> <span class='ocrx_word' id='word_1_214' title='bbox 503 2699 697 2758; x_wconf 80' lang='lat' dir='ltr'><strong><em>iratres</em></strong></span> <span class='ocrx_word' id='word_1_215' title='bbox 722 2714 851 2757; x_wconf 89' lang='lat' dir='ltr'><strong><em>suos</em></strong></span> <span class='ocrx_word' id='word_1_216' title='bbox 892 2699 1127 2756; x_wconf 90' lang='lat' dir='ltr'><strong><em>nondum</em></strong></span> <span class='ocrx_word' id='word_1_217' title='bbox 1155 2707 1415 2766; x_wconf 88' lang='lat' dir='ltr'><strong><em>mortuos,</em></strong></span> <span class='ocrx_word' id='word_1_218' title='bbox 1447 2708 1501 2755; x_wconf 91' lang='lat' dir='ltr'><strong><em>et</em></strong></span> <span class='ocrx_word' id='word_1_219' title='bbox 1529 2707 1708 2771; x_wconf 77' lang='lat' dir='ltr'><strong><em>ageret</em></strong></span> <span class='ocrx_word' id='word_1_220' title='bbox 1731 2713 1852 2755; x_wconf 87' lang='lat' dir='ltr'><strong><em>cum</em></strong></span> <span class='ocrx_word' id='word_1_221' title='bbox 1880 2699 1960 2756; x_wconf 92' lang='lat' dir='ltr'><strong><em>eis</em></strong></span> 
     </span>
    </p>
   </div>
   <div class='ocr_carea' id='block_1_26' title="bbox 368 2791 1962 2866">
    <p class='ocr_par' dir='ltr' id='par_1_26' title="bbox 368 2791 1962 2866">
     <span class='ocr_line' id='line_1_26' title="bbox 368 2791 1962 2866; baseline -0.001 -16"><span class='ocrx_word' id='word_1_222' title='bbox 368 2804 442 2851; x_wconf 85' lang='lat' dir='ltr'><strong><em>ne</em></strong></span> <span class='ocrx_word' id='word_1_223' title='bbox 484 2794 734 2851; x_wconf 81' lang='lat' dir='ltr'><strong><em>venirent</em></strong></span> <span class='ocrx_word' id='word_1_224' title='bbox 762 2802 818 2851; x_wconf 92' lang='lat' dir='ltr'><strong><em>et</em></strong></span> <span class='ocrx_word' id='word_1_225' title='bbox 843 2794 942 2866; x_wconf 85' lang='lat' dir='ltr'><strong><em>ipsi</em></strong></span> <span class='ocrx_word' id='word_1_226' title='bbox 972 2794 1024 2849; x_wconf 87' lang='lat' dir='ltr'><strong><em>in</em></strong></span> <span class='ocrx_word' id='word_1_227' title='bbox 1046 2791 1293 2850; x_wconf 88' lang='lat' dir='ltr'><strong><em>eumdem</em></strong></span> <span class='ocrx_word' id='word_1_228' title='bbox 1334 2800 1720 2849; x_wconf 85' lang='lat' dir='ltr'><strong><em>tormentorum</em></strong></span> <span class='ocrx_word' id='word_1_229' title='bbox 1748 2793 1962 2849; x_wconf 85' lang='lat' dir='ltr'><strong><em>locum?</em></strong></span> 
     </span>
    </p>
   </div>
   <div class='ocr_carea' id='block_1_27' title="bbox 369 2881 1963 2957">
    <p class='ocr_par' dir='ltr' id='par_1_27' title="bbox 369 2881 1963 2957">
     <span class='ocr_line' id='line_1_27' title="bbox 369 2881 1963 2957; baseline -0.003 -13"><span class='ocrx_word' id='word_1_230' title='bbox 369 2884 481 2944; x_wconf 79' lang='lat' dir='ltr'><strong><em>Sed</em></strong></span> <span class='ocrx_word' id='word_1_231' title='bbox 496 2884 755 2957; x_wconf 81' lang='lat' dir='ltr'><strong><em>numquid</em></strong></span> <span class='ocrx_word' id='word_1_232' title='bbox 771 2886 891 2956; x_wconf 87' lang='lat' dir='ltr'><strong><em>quia</em></strong></span> <span class='ocrx_word' id='word_1_233' title='bbox 917 2884 1019 2941; x_wconf 80' lang='lat' dir='ltr'><strong><em>hoc</em></strong></span> <span class='ocrx_word' id='word_1_234' title='bbox 1034 2883 1124 2941; x_wconf 88' lang='lat' dir='ltr'><strong><em>ille</em></strong></span> <span class='ocrx_word' id='word_1_235' title='bbox 1142 2882 1291 2940; x_wconf 83' lang='lat' dir='ltr'><strong><em>dives</em></strong></span> <span class='ocrx_word' id='word_1_236' title='bbox 1317 2882 1469 2950; x_wconf 86' lang='lat' dir='ltr'><strong><em>dixit,</em></strong></span> <span class='ocrx_word' id='word_1_237' title='bbox 1490 2883 1610 2940; x_wconf 86' lang='lat' dir='ltr'><strong><em>ideo</em></strong></span> <span class='ocrx_word' id='word_1_238' title='bbox 1629 2881 1755 2955; x_wconf 84' lang='lat' dir='ltr'><strong><em>quid</em></strong></span> <span class='ocrx_word' id='word_1_239' title='bbox 1771 2882 1963 2940; x_wconf 83' lang='lat' dir='ltr'><strong><em>fratres</em></strong></span> 
     </span>
    </p>
   </div>
   <div class='ocr_carea' id='block_1_28' title="bbox 370 2973 1961 3050">
    <p class='ocr_par' dir='ltr' id='par_1_28' title="bbox 370 2973 1961 3050">
     <span class='ocr_line' id='line_1_28' title="bbox 370 2973 1961 3050; baseline -0.004 -16"><span class='ocrx_word' id='word_1_240' title='bbox 370 2986 594 3050; x_wconf 77' lang='lat' dir='ltr'><strong><em>agerent</em></strong></span> <span class='ocrx_word' id='word_1_241' title='bbox 616 2976 704 3033; x_wconf 86' lang='lat' dir='ltr'><strong><em>vel</em></strong></span> <span class='ocrx_word' id='word_1_242' title='bbox 739 2975 864 3048; x_wconf 88' lang='lat' dir='ltr'><strong><em>quid</em></strong></span> <span class='ocrx_word' id='word_1_243' title='bbox 909 2982 1216 3047; x_wconf 89' lang='lat' dir='ltr'><strong><em>paterentur</em></strong></span> <span class='ocrx_word' id='word_1_244' title='bbox 1240 2973 1336 3030; x_wconf 90' lang='lat' dir='ltr'><strong><em>illo</em></strong></span> <span class='ocrx_word' id='word_1_245' title='bbox 1374 2981 1638 3045; x_wconf 89' lang='lat' dir='ltr'><strong><em>tempore,</em></strong></span> <span class='ocrx_word' id='word_1_246' title='bbox 1668 2974 1857 3030; x_wconf 83' lang='lat' dir='ltr'><strong><em>scivit?</em></strong></span> <span class='ocrx_word' id='word_1_247' title='bbox 1885 2973 1961 3029; x_wconf 87' lang='lat' dir='ltr'><strong><em>ita</em></strong></span> 
     </span>
    </p>
   </div>
   <div class='ocr_carea' id='block_1_29' title="bbox 370 3064 1961 3137">
    <p class='ocr_par' dir='ltr' id='par_1_29' title="bbox 370 3064 1961 3137">
     <span class='ocr_line' id='line_1_29' title="bbox 370 3064 1961 3137; baseline -0.003 -13"><span class='ocrx_word' id='word_1_248' title='bbox 370 3068 450 3125; x_wconf 80' lang='lat' dir='ltr'><strong><em>illi</em></strong></span> <span class='ocrx_word' id='word_1_249' title='bbox 473 3067 573 3124; x_wconf 71' lang='lat' dir='ltr'><strong><em>fuit</em></strong></span> <span class='ocrx_word' id='word_1_250' title='bbox 598 3081 722 3124; x_wconf 83' lang='lat' dir='ltr'><strong><em>cura</em></strong></span> <span class='ocrx_word' id='word_1_251' title='bbox 751 3066 819 3123; x_wconf 91' lang='lat' dir='ltr'><strong><em>de</em></strong></span> <span class='ocrx_word' id='word_1_252' title='bbox 853 3064 1016 3134; x_wconf 89' lang='lat' dir='ltr'><strong><em>vivis,</em></strong></span> <span class='ocrx_word' id='word_1_253' title='bbox 1048 3064 1291 3137; x_wconf 87' lang='lat' dir='ltr'><strong><em>quamvis</em></strong></span> <span class='ocrx_word' id='word_1_254' title='bbox 1330 3065 1456 3135; x_wconf 84' lang='lat' dir='ltr'><strong><em>quid</em></strong></span> <span class='ocrx_word' id='word_1_255' title='bbox 1482 3073 1702 3137; x_wconf 77' lang='lat' dir='ltr'><strong><em>agerent</em></strong></span> <span class='ocrx_word' id='word_1_256' title='bbox 1744 3064 1961 3120; x_wconf 88' lang='lat' dir='ltr'><strong><em>omnino</em></strong></span> 
     </span>
    </p>
   </div>
   <div class='ocr_carea' id='block_1_30' title="bbox 371 3132 1959 3234">
    <p class='ocr_par' dir='ltr' id='par_1_30' title="bbox 371 3132 1959 3234">
     <span class='ocr_line' id='line_1_30' title="bbox 371 3132 1959 3234; baseline -0.004 -15"><span class='ocrx_word' id='word_1_257' title='bbox 371 3161 638 3226; x_wconf 77' lang='lat' dir='ltr'><strong><em>nesciret;</em></strong></span> <span class='ocrx_word' id='word_1_258' title='bbox 668 3132 1112 3232; x_wconf 81' lang='lat' dir='ltr'><strong><em>quemadmodum</em></strong></span> <span class='ocrx_word' id='word_1_259' title='bbox 1148 3167 1231 3216; x_wconf 91' lang='lat' dir='ltr'><strong><em>est</em></strong></span> <span class='ocrx_word' id='word_1_260' title='bbox 1267 3132 1422 3214; x_wconf 82' lang='lat' dir='ltr'><strong><em>nobis</em></strong></span> <span class='ocrx_word' id='word_1_261' title='bbox 1450 3132 1577 3215; x_wconf 78' lang='lat' dir='ltr'><strong><em>cura</em></strong></span> <span class='ocrx_word' id='word_1_262' title='bbox 1608 3132 1693 3214; x_wconf 36' lang='lat' dir='ltr'><strong><em>me,</em></strong></span> <span class='ocrx_word' id='word_1_263' title='bbox 1715 3158 1959 3234; x_wconf 74' lang='lat' dir='ltr'><strong><em>mortuis,</em></strong></span> 
     </span>
    </p>
   </div>
   <div class='ocr_carea' id='block_1_31' title="bbox 372 3247 1962 3327">
    <p class='ocr_par' dir='ltr' id='par_1_31' title="bbox 372 3247 1962 3327">
     <span class='ocr_line' id='line_1_31' title="bbox 372 3247 1962 3327; baseline -0.003 -17"><span class='ocrx_word' id='word_1_264' title='bbox 372 3253 617 3327; x_wconf 73' lang='lat' dir='ltr'><strong><em>quamvis</em></strong></span> <span class='ocrx_word' id='word_1_265' title='bbox 640 3251 767 3325; x_wconf 90' lang='lat' dir='ltr'><strong><em>quid</em></strong></span> <span class='ocrx_word' id='word_1_266' title='bbox 790 3259 948 3325; x_wconf 87' lang='lat' dir='ltr'><strong><em>agant</em></strong></span> <span class='ocrx_word' id='word_1_267' title='bbox 966 3254 1149 3323; x_wconf 86' lang='lat' dir='ltr'><strong><em>utique</em></strong></span> <span class='ocrx_word' id='word_1_268' title='bbox 1169 3250 1488 3308; x_wconf 85' lang='lat' dir='ltr'><strong><em>nesciamus.</em></strong></span> <span class='ocrx_word' id='word_1_269' title='bbox 1511 3249 1644 3305; x_wconf 85' lang='lat' dir='ltr'><strong><em>Nam</em></strong></span> <span class='ocrx_word' id='word_1_270' title='bbox 1671 3249 1713 3304; x_wconf 88' lang='lat' dir='ltr'><strong><em>si</em></strong></span> <span class='ocrx_word' id='word_1_271' title='bbox 1737 3248 1867 3304; x_wconf 89' lang='lat' dir='ltr'><strong>nihil</strong></span> <span class='ocrx_word' id='word_1_272' title='bbox 1895 3247 1962 3305; x_wconf 91' lang='lat' dir='ltr'><strong><em>de</em></strong></span> 
     </span>
    </p>
   </div>
   <div class='ocr_carea' id='block_1_32' title="bbox 372 3339 1960 3413">
    <p class='ocr_par' dir='ltr' id='par_1_32' title="bbox 372 3339 1960 3413">
     <span class='ocr_line' id='line_1_32' title="bbox 372 3339 1960 3413; baseline -0.004 -11"><span class='ocrx_word' id='word_1_273' title='bbox 372 3344 602 3403; x_wconf 83' lang='lat' dir='ltr'><strong><em>mortuis</em></strong></span> <span class='ocrx_word' id='word_1_274' title='bbox 618 3358 949 3411; x_wconf 87' lang='lat' dir='ltr'><strong><em>curaremus,</em></strong></span> <span class='ocrx_word' id='word_1_275' title='bbox 977 3356 1081 3398; x_wconf 93' lang='lat' dir='ltr'><strong><em>non</em></strong></span> <span class='ocrx_word' id='word_1_276' title='bbox 1103 3340 1284 3413; x_wconf 86' lang='lat' dir='ltr'><strong><em>utique</em></strong></span> <span class='ocrx_word' id='word_1_277' title='bbox 1308 3354 1407 3413; x_wconf 90' lang='lat' dir='ltr'><strong><em>pro</em></strong></span> <span class='ocrx_word' id='word_1_278' title='bbox 1431 3340 1535 3396; x_wconf 87' lang='lat' dir='ltr'><strong><em>illis</em></strong></span> <span class='ocrx_word' id='word_1_279' title='bbox 1558 3340 1665 3396; x_wconf 89' lang='lat' dir='ltr'><strong><em>Deo</em></strong></span> <span class='ocrx_word' id='word_1_280' title='bbox 1692 3339 1960 3411; x_wconf 76' lang='lat' dir='ltr'><strong><em>Supplica-</em></strong></span> 
     </span>
    </p>
   </div>
   <div class='ocr_carea' id='block_1_33' title="bbox 373 3430 1965 3506">
    <p class='ocr_par' dir='ltr' id='par_1_33' title="bbox 373 3430 1965 3506">
     <span class='ocr_line' id='line_1_33' title="bbox 373 3430 1965 3506; baseline -0.006 -11"><span class='ocrx_word' id='word_1_281' title='bbox 373 3450 578 3495; x_wconf 79' lang='lat' dir='ltr'><strong><em>remus.</em></strong></span> <span class='ocrx_word' id='word_1_282' title='bbox 604 3435 840 3506; x_wconf 85' lang='lat' dir='ltr'><strong><em>Denique</em></strong></span> <span class='ocrx_word' id='word_1_283' title='bbox 863 3433 1133 3490; x_wconf 84' lang='lat' dir='ltr'><strong><em>Abraham</em></strong></span> <span class='ocrx_word' id='word_1_284' title='bbox 1156 3447 1254 3488; x_wconf 88' lang='lat' dir='ltr'><strong><em>nec</em></strong></span> <span class='ocrx_word' id='word_1_285' title='bbox 1273 3430 1530 3487; x_wconf 83' lang='lat' dir='ltr'><strong><em>Lazarum</em></strong></span> <span class='ocrx_word' id='word_1_286' title='bbox 1551 3432 1717 3499; x_wconf 87' lang='lat' dir='ltr'><strong><em>misit,</em></strong></span> <span class='ocrx_word' id='word_1_287' title='bbox 1744 3440 1798 3486; x_wconf 92' lang='lat' dir='ltr'><strong><em>et</em></strong></span> <span class='ocrx_word' id='word_1_288' title='bbox 1821 3430 1965 3503; x_wconf 87' lang='lat' dir='ltr'><strong><em>Moy-</em></strong></span> 
     </span>
    </p>
   </div>
   <div class='ocr_carea' id='block_1_34' title="bbox 374 3524 1967 3601">
    <p class='ocr_par' dir='ltr' id='par_1_34' title="bbox 374 3524 1967 3601">
     <span class='ocr_line' id='line_1_34' title="bbox 374 3524 1967 3601; baseline -0.005 -15"><span class='ocrx_word' id='word_1_289' title='bbox 374 3530 508 3587; x_wconf 80' lang='lat' dir='ltr'><strong><em>sen’</em></strong></span> <span class='ocrx_word' id='word_1_290' title='bbox 532 3542 596 3585; x_wconf 84' lang='lat' dir='ltr'><strong><em>ac</em></strong></span> <span class='ocrx_word' id='word_1_291' title='bbox 621 3526 916 3601; x_wconf 83' lang='lat' dir='ltr'><strong><em>Prophetas</em></strong></span> <span class='ocrx_word' id='word_1_292' title='bbox 941 3525 1030 3582; x_wconf 91' lang='lat' dir='ltr'><strong><em>hic</em></strong></span> <span class='ocrx_word' id='word_1_293' title='bbox 1054 3540 1146 3583; x_wconf 89' lang='lat' dir='ltr'><strong><em>eos</em></strong></span> <span class='ocrx_word' id='word_1_294' title='bbox 1170 3525 1367 3582; x_wconf 83' lang='lat' dir='ltr'><strong><em>habere</em></strong></span> <span class='ocrx_word' id='word_1_295' title='bbox 1391 3524 1664 3596; x_wconf 89' lang='lat' dir='ltr'><strong><em>respondit</em></strong></span> <span class='ocrx_word' id='word_1_296' title='bbox 1681 3565 1695 3589; x_wconf 85' lang='lat'><strong><em>,</em></strong></span> <span class='ocrx_word' id='word_1_297' title='bbox 1720 3539 1853 3595; x_wconf 91' lang='lat' dir='ltr'><strong><em>quos</em></strong></span> <span class='ocrx_word' id='word_1_298' title='bbox 1873 3539 1967 3578; x_wconf 90' lang='lat' dir='ltr'><strong><em>au-</em></strong></span> 
     </span>
    </p>
   </div>
   <div class='ocr_carea' id='block_1_35' title="bbox 374 3615 1966 3690">
    <p class='ocr_par' dir='ltr' id='par_1_35' title="bbox 374 3615 1966 3690">
     <span class='ocr_line' id='line_1_35' title="bbox 374 3615 1966 3690; baseline -0.004 -12"><span class='ocrx_word' id='word_1_299' title='bbox 374 3620 494 3678; x_wconf 88' lang='lat' dir='ltr'><strong><em>dire</em></strong></span> <span class='ocrx_word' id='word_1_300' title='bbox 523 3620 799 3688; x_wconf 82' lang='lat' dir='ltr'><strong><em>deberent,</em></strong></span> <span class='ocrx_word' id='word_1_301' title='bbox 827 3628 886 3675; x_wconf 89' lang='lat' dir='ltr'><strong><em>ut</em></strong></span> <span class='ocrx_word' id='word_1_302' title='bbox 914 3619 980 3675; x_wconf 87' lang='lat' dir='ltr'><strong><em>ad</em></strong></span> <span class='ocrx_word' id='word_1_303' title='bbox 1007 3618 1098 3675; x_wconf 88' lang='lat' dir='ltr'><strong><em>illa</em></strong></span> <span class='ocrx_word' id='word_1_304' title='bbox 1126 3617 1382 3690; x_wconf 89' lang='lat' dir='ltr'><strong><em>supplicia</em></strong></span> <span class='ocrx_word' id='word_1_305' title='bbox 1422 3630 1527 3673; x_wconf 90' lang='lat' dir='ltr'><strong><em>non</em></strong></span> <span class='ocrx_word' id='word_1_306' title='bbox 1558 3617 1818 3672; x_wconf 83' lang='lat' dir='ltr'><strong><em>venirent.</em></strong></span> <span class='ocrx_word' id='word_1_307' title='bbox 1864 3615 1966 3673; x_wconf 88' lang='lat' dir='ltr'><strong><em>Ubi</em></strong></span> 
     </span>
    </p>
   </div>
   <div class='ocr_carea' id='block_1_36' title="bbox 375 3705 1965 3782">
    <p class='ocr_par' dir='ltr' id='par_1_36' title="bbox 375 3705 1965 3782">
     <span class='ocr_line' id='line_1_36' title="bbox 375 3705 1965 3782; baseline -0.004 -14"><span class='ocrx_word' id='word_1_308' title='bbox 375 3726 565 3769; x_wconf 84' lang='lat' dir='ltr'><strong><em>rursus</em></strong></span> <span class='ocrx_word' id='word_1_309' title='bbox 608 3710 839 3767; x_wconf 87' lang='lat' dir='ltr'><strong><em>occurrit</em></strong></span> <span class='ocrx_word' id='word_1_310' title='bbox 865 3710 1132 3782; x_wconf 90' lang='lat' dir='ltr'><strong><em>quomodo</em></strong></span> <span class='ocrx_word' id='word_1_311' title='bbox 1161 3707 1287 3780; x_wconf 92' lang='lat' dir='ltr'><strong><em>quid</em></strong></span> <span class='ocrx_word' id='word_1_312' title='bbox 1314 3708 1401 3764; x_wconf 88' lang='lat' dir='ltr'><strong><em>hic</em></strong></span> <span class='ocrx_word' id='word_1_313' title='bbox 1427 3716 1673 3780; x_wconf 85' lang='lat' dir='ltr'><strong><em>ageretur</em></strong></span> <span class='ocrx_word' id='word_1_314' title='bbox 1697 3705 1965 3763; x_wconf 84' lang='lat' dir='ltr'><strong><em>Abraham</em></strong></span> 
     </span>
    </p>
   </div>
   <div class='ocr_carea' id='block_1_37' title="bbox 377 3797 1967 3875">
    <p class='ocr_par' dir='ltr' id='par_1_37' title="bbox 377 3797 1967 3875">
     <span class='ocr_line' id='line_1_37' title="bbox 377 3797 1967 3875; baseline -0.006 -15"><span class='ocrx_word' id='word_1_315' title='bbox 377 3812 532 3875; x_wconf 87' lang='lat' dir='ltr'><strong><em>pater</em></strong></span> <span class='ocrx_word' id='word_1_316' title='bbox 556 3802 671 3873; x_wconf 89' lang='lat' dir='ltr'><strong><em>ipse</em></strong></span> <span class='ocrx_word' id='word_1_317' title='bbox 696 3800 987 3867; x_wconf 85' lang='lat' dir='ltr'><strong><em>nesciebat,</em></strong></span> <span class='ocrx_word' id='word_1_318' title='bbox 1022 3799 1109 3857; x_wconf 90' lang='lat' dir='ltr'><strong><em>ubi</em></strong></span> <span class='ocrx_word' id='word_1_319' title='bbox 1138 3797 1337 3855; x_wconf 86' lang='lat' dir='ltr'><strong><em>sciebat</em></strong></span> <span class='ocrx_word' id='word_1_320' title='bbox 1367 3813 1485 3854; x_wconf 88' lang='lat' dir='ltr'><strong><em>esse</em></strong></span> <span class='ocrx_word' id='word_1_321' title='bbox 1508 3797 1724 3871; x_wconf 81' lang='lat' dir='ltr'><strong><em>Moysen</em></strong></span> <span class='ocrx_word' id='word_1_322' title='bbox 1753 3807 1807 3853; x_wconf 91' lang='lat' dir='ltr'><strong><em>et</em></strong></span> <span class='ocrx_word' id='word_1_323' title='bbox 1834 3798 1967 3852; x_wconf 87' lang='lat' dir='ltr'><strong><em>Pro-</em></strong></span> 
     </span>
    </p>
   </div>
   <div class='ocr_carea' id='block_1_38' title="bbox 377 3888 1969 3967">
    <p class='ocr_par' dir='ltr' id='par_1_38' title="bbox 377 3888 1969 3967">
     <span class='ocr_line' id='line_1_38' title="bbox 377 3888 1969 3967; baseline -0.006 -15"><span class='ocrx_word' id='word_1_324' title='bbox 377 3896 603 3967; x_wconf 85' lang='lat' dir='ltr'><strong><em>phetas,</em></strong></span> <span class='ocrx_word' id='word_1_325' title='bbox 630 3895 682 3950; x_wconf 92' lang='lat' dir='ltr'><strong><em>id</em></strong></span> <span class='ocrx_word' id='word_1_326' title='bbox 725 3902 838 3961; x_wconf 89' lang='lat' dir='ltr'><strong><em>est,</em></strong></span> <span class='ocrx_word' id='word_1_327' title='bbox 885 3892 1049 3949; x_wconf 88' lang='lat' dir='ltr'><strong><em>libros</em></strong></span> <span class='ocrx_word' id='word_1_328' title='bbox 1077 3907 1295 3958; x_wconf 88' lang='lat' dir='ltr'><strong><em>eorum,</em></strong></span> <span class='ocrx_word' id='word_1_329' title='bbox 1322 3888 1516 3962; x_wconf 89' lang='lat' dir='ltr'><strong><em>quibus</em></strong></span> <span class='ocrx_word' id='word_1_330' title='bbox 1560 3890 1800 3946; x_wconf 87' lang='lat' dir='ltr'><strong><em>homines</em></strong></span> <span class='ocrx_word' id='word_1_331' title='bbox 1841 3888 1969 3943; x_wconf 85' lang='lat' dir='ltr'><strong><em>obe-</em></strong></span> 
     </span>
    </p>
   </div>
   <div class='ocr_carea' id='block_1_39' title="bbox 379 3980 1962 4049">
    <p class='ocr_par' dir='ltr' id='par_1_39' title="bbox 379 3980 1962 4049">
     <span class='ocr_line' id='line_1_39' title="bbox 379 3980 1962 4049; baseline -0.006 -6"><span class='ocrx_word' id='word_1_332' title='bbox 379 3987 575 4044; x_wconf 86' lang='lat' dir='ltr'><strong><em>diendo</em></strong></span> <span class='ocrx_word' id='word_1_333' title='bbox 601 3993 860 4042; x_wconf 87' lang='lat' dir='ltr'><strong><em>tormenta</em></strong></span> <span class='ocrx_word' id='word_1_334' title='bbox 886 3983 1089 4040; x_wconf 80' lang='lat' dir='ltr'><strong><em>inferna</em></strong></span> <span class='ocrx_word' id='word_1_335' title='bbox 1115 3983 1137 4016; x_wconf 82' lang='grc'><strong>⁸</strong></span> <span class='ocrx_word' id='word_1_336' title='bbox 1159 3985 1454 4039; x_wconf 87' lang='lat' dir='ltr'><strong><em>evitarent:</em></strong></span> <span class='ocrx_word' id='word_1_337' title='bbox 1483 3981 1571 4037; x_wconf 88' lang='lat' dir='ltr'><strong><em>ubi</em></strong></span> <span class='ocrx_word' id='word_1_338' title='bbox 1600 3980 1826 4049; x_wconf 75' lang='lat' dir='ltr'><strong><em>denique</em></strong></span> <span class='ocrx_word' id='word_1_339' title='bbox 1864 3992 1962 4033; x_wconf 89' lang='lat' dir='ltr'><strong><em>no-</em></strong></span> 
     </span>
    </p>
   </div>
   <div class='ocr_carea' id='block_1_40' title="bbox 378 4067 1967 4144">
    <p class='ocr_par' dir='ltr' id='par_1_40' title="bbox 378 4067 1967 4144">
     <span class='ocr_line' id='line_1_40' title="bbox 378 4067 1967 4144; baseline -0.008 -10"><span class='ocrx_word' id='word_1_340' title='bbox 378 4088 531 4134; x_wconf 83' lang='lat' dir='ltr'><strong><em>verat</em></strong></span> <span class='ocrx_word' id='word_1_341' title='bbox 557 4076 773 4133; x_wconf 87' lang='lat' dir='ltr'><strong><em>divitem</em></strong></span> <span class='ocrx_word' id='word_1_342' title='bbox 816 4076 963 4132; x_wconf 90' lang='lat' dir='ltr'><strong><em>illum</em></strong></span> <span class='ocrx_word' id='word_1_343' title='bbox 992 4074 1045 4130; x_wconf 91' lang='lat' dir='ltr'><strong>in</strong></span> <span class='ocrx_word' id='word_1_344' title='bbox 1073 4073 1298 4139; x_wconf 88' lang='lat' dir='ltr'><strong><em>deliciis,</em></strong></span> <span class='ocrx_word' id='word_1_345' title='bbox 1328 4085 1615 4144; x_wconf 89' lang='lat' dir='ltr'><strong><em>pauperem</em></strong></span> <span class='ocrx_word' id='word_1_346' title='bbox 1647 4085 1774 4126; x_wconf 88' lang='lat' dir='ltr'><strong><em>vero</em></strong></span> <span class='ocrx_word' id='word_1_347' title='bbox 1802 4067 1967 4124; x_wconf 81' lang='lat' dir='ltr'><strong><em>Laza-</em></strong></span> 
     </span>
    </p>
   </div>
   <div class='ocr_carea' id='block_1_41' title="bbox 381 4160 1969 4237">
    <p class='ocr_par' dir='ltr' id='par_1_41' title="bbox 381 4160 1969 4237">
     <span class='ocr_line' id='line_1_41' title="bbox 381 4160 1969 4237; baseline -0.004 -13"><span class='ocrx_word' id='word_1_348' title='bbox 381 4181 500 4224; x_wconf 87' lang='lat' dir='ltr'><strong><em>rum</em></strong></span> <span class='ocrx_word' id='word_1_349' title='bbox 530 4169 584 4224; x_wconf 84' lang='lat' dir='ltr'><strong><em>in</em></strong></span> <span class='ocrx_word' id='word_1_350' title='bbox 623 4168 891 4224; x_wconf 87' lang='lat' dir='ltr'><strong><em>laboribus</em></strong></span> <span class='ocrx_word' id='word_1_351' title='bbox 929 4166 1308 4237; x_wconf 79' lang='lat' dir='ltr'><strong><em>doloribusque</em></strong></span> <span class='ocrx_word' id='word_1_352' title='bbox 1346 4164 1562 4220; x_wconf 89' lang='lat' dir='ltr'><strong><em>vixisse.</em></strong></span> <span class='ocrx_word' id='word_1_353' title='bbox 1594 4160 1726 4218; x_wconf 85' lang='lat' dir='ltr'><strong><em>Nam</em></strong></span> <span class='ocrx_word' id='word_1_354' title='bbox 1773 4172 1827 4217; x_wconf 91' lang='lat' dir='ltr'><strong><em>et</em></strong></span> <span class='ocrx_word' id='word_1_355' title='bbox 1864 4160 1969 4218; x_wconf 88' lang='lat' dir='ltr'><strong><em>hoc</em></strong></span> 
     </span>
    </p>
   </div>
   <div class='ocr_carea' id='block_1_42' title="bbox 382 4252 1966 4329">
    <p class='ocr_par' dir='ltr' id='par_1_42' title="bbox 382 4252 1966 4329">
     <span class='ocr_line' id='line_1_42' title="bbox 382 4252 1966 4329; baseline -0.006 -13"><span class='ocrx_word' id='word_1_356' title='bbox 382 4260 593 4316; x_wconf 77' lang='lat' dir='ltr'><strong><em>illisit:</em></strong></span> <span class='ocrx_word' id='word_1_357' title='bbox 624 4258 894 4326; x_wconf 77' lang='lat' dir='ltr'><strong><em>Memento,</em></strong></span> <span class='ocrx_word' id='word_1_358' title='bbox 928 4259 1024 4329; x_wconf 78' lang='lat' dir='ltr'><strong><em>ﬁli,</em></strong></span> <span class='ocrx_word' id='word_1_359' title='bbox 1056 4256 1174 4327; x_wconf 83' lang='lat' dir='ltr'><strong><em>quia</em></strong></span> <span class='ocrx_word' id='word_1_360' title='bbox 1201 4254 1467 4328; x_wconf 81' lang='lat' dir='ltr'><strong><em>percepisti</em></strong></span> <span class='ocrx_word' id='word_1_361' title='bbox 1492 4255 1621 4309; x_wconf 87' lang='lat' dir='ltr'><strong><em>bona</em></strong></span> <span class='ocrx_word' id='word_1_362' title='bbox 1644 4254 1698 4308; x_wconf 87' lang='lat' dir='ltr'><strong><em>in</em></strong></span> <span class='ocrx_word' id='word_1_363' title='bbox 1728 4252 1830 4307; x_wconf 79' lang='lat' dir='ltr'><strong><em>vita</em></strong></span> <span class='ocrx_word' id='word_1_364' title='bbox 1860 4261 1966 4324; x_wconf 84' lang='lat' dir='ltr'><strong><em>tua,</em></strong></span> 
     </span>
    </p>
   </div>
   <div class='ocr_carea' id='block_1_43' title="bbox 384 4345 1972 4420">
    <p class='ocr_par' dir='ltr' id='par_1_43' title="bbox 384 4345 1972 4420">
     <span class='ocr_line' id='line_1_43' title="bbox 384 4345 1972 4420; baseline -0.003 -14"><span class='ocrx_word' id='word_1_365' title='bbox 384 4351 612 4406; x_wconf 77' lang='lat' dir='ltr'><strong><em>Lazarus</em></strong></span> <span class='ocrx_word' id='word_1_366' title='bbox 655 4358 819 4405; x_wconf 75' lang='lat' dir='ltr'><strong><em>autem</em></strong></span> <span class='ocrx_word' id='word_1_367' title='bbox 864 4350 1019 4404; x_wconf 83' lang='lat' dir='ltr'><strong><em>mala.</em></strong></span> <span class='ocrx_word' id='word_1_368' title='bbox 1061 4348 1274 4406; x_wconf 87' lang='lat' dir='ltr'><strong><em>Sciebat</em></strong></span> <span class='ocrx_word' id='word_1_369' title='bbox 1298 4363 1426 4420; x_wconf 89' lang='lat' dir='ltr'><strong><em>ergo</em></strong></span> <span class='ocrx_word' id='word_1_370' title='bbox 1468 4347 1603 4411; x_wconf 57' lang='lat' dir='ltr'><strong><em>haec,</em></strong></span> <span class='ocrx_word' id='word_1_371' title='bbox 1636 4360 1753 4417; x_wconf 57' lang='lat' dir='ltr'><strong><em>quas</em></strong></span> <span class='ocrx_word' id='word_1_372' title='bbox 1792 4345 1972 4416; x_wconf 89' lang='lat' dir='ltr'><strong><em>utique</em></strong></span> 
     </span>
    </p>
   </div>
   <div class='ocr_carea' id='block_1_44' title="bbox 384 4431 1971 4512">
    <p class='ocr_par' dir='ltr' id='par_1_44' title="bbox 384 4431 1971 4512">
     <span class='ocr_line' id='line_1_44' title="bbox 384 4431 1971 4512; baseline -0.005 -15"><span class='ocrx_word' id='word_1_373' title='bbox 384 4441 520 4512; x_wconf 71' lang='lat' dir='ltr'><strong><em>apud</em></strong></span> <span class='ocrx_word' id='word_1_374' title='bbox 547 4443 713 4505; x_wconf 84' lang='lat' dir='ltr'><strong><em>vivos,</em></strong></span> <span class='ocrx_word' id='word_1_375' title='bbox 742 4455 848 4495; x_wconf 89' lang='lat' dir='ltr'><strong><em>non</em></strong></span> <span class='ocrx_word' id='word_1_376' title='bbox 889 4440 1027 4510; x_wconf 86' lang='lat' dir='ltr'><strong><em>apud</em></strong></span> <span class='ocrx_word' id='word_1_377' title='bbox 1065 4449 1303 4511; x_wconf 79' lang='lat' dir='ltr'><strong><em>mortuos</em></strong></span> <span class='ocrx_word' id='word_1_378' title='bbox 1329 4447 1474 4509; x_wconf 87' lang='lat' dir='ltr'><strong><em>gesta</em></strong></span> <span class='ocrx_word' id='word_1_379' title='bbox 1517 4436 1741 4492; x_wconf 82' lang='lat' dir='ltr'><strong><em>fuerant.</em></strong></span> <span class='ocrx_word' id='word_1_380' title='bbox 1772 4431 1971 4491; x_wconf 80' lang='lat' dir='ltr'><strong><em>Verum</em></strong></span> 
     </span>
    </p>
   </div>
   <div class='ocr_carea' id='block_1_45' title="bbox 386 4524 1974 4600">
    <p class='ocr_par' dir='ltr' id='par_1_45' title="bbox 386 4524 1974 4600">
     <span class='ocr_line' id='line_1_45' title="bbox 386 4524 1974 4600; baseline -0.004 -14"><span class='ocrx_word' id='word_1_381' title='bbox 386 4543 493 4586; x_wconf 82' lang='lat' dir='ltr'><strong><em>non</em></strong></span> <span class='ocrx_word' id='word_1_382' title='bbox 520 4544 642 4587; x_wconf 87' lang='lat' dir='ltr'><strong><em>cum</em></strong></span> <span class='ocrx_word' id='word_1_383' title='bbox 684 4536 968 4600; x_wconf 76' lang='lat' dir='ltr'><strong><em>agerentur</em></strong></span> <span class='ocrx_word' id='word_1_384' title='bbox 996 4530 1051 4584; x_wconf 92' lang='lat' dir='ltr'><strong><em>in</em></strong></span> <span class='ocrx_word' id='word_1_385' title='bbox 1078 4529 1214 4585; x_wconf 86' lang='lat' dir='ltr'><strong><em>vivis</em></strong></span> <span class='ocrx_word' id='word_1_386' title='bbox 1237 4570 1252 4593; x_wconf 90' lang='lat'><strong><em>,</em></strong></span> <span class='ocrx_word' id='word_1_387' title='bbox 1297 4527 1393 4584; x_wconf 91' lang='lat' dir='ltr'><strong><em>sed</em></strong></span> <span class='ocrx_word' id='word_1_388' title='bbox 1420 4526 1501 4583; x_wconf 90' lang='lat' dir='ltr'><strong><em>eis</em></strong></span> <span class='ocrx_word' id='word_1_389' title='bbox 1537 4524 1760 4582; x_wconf 83' lang='lat' dir='ltr'><strong><em>mortuis</em></strong></span> <span class='ocrx_word' id='word_1_390' title='bbox 1803 4525 1974 4596; x_wconf 90' lang='lat' dir='ltr'><strong><em>potuit</em></strong></span> 
     </span>
    </p>
   </div>
   <div class='ocr_carea' id='block_1_46' title="bbox 385 4615 1972 4692">
    <p class='ocr_par' dir='ltr' id='par_1_46' title="bbox 385 4615 1972 4692">
     <span class='ocr_line' id='line_1_46' title="bbox 385 4615 1972 4692; baseline -0.004 -15"><span class='ocrx_word' id='word_1_391' title='bbox 385 4620 588 4678; x_wconf 78' lang='lat' dir='ltr'><strong><em>Lazaro</em></strong></span> <span class='ocrx_word' id='word_1_392' title='bbox 622 4621 891 4677; x_wconf 84' lang='lat' dir='ltr'><strong><em>indicante</em></strong></span> <span class='ocrx_word' id='word_1_393' title='bbox 917 4634 1274 4692; x_wconf 75' lang='lat' dir='ltr'><strong><em>cognoscere,</em></strong></span> <span class='ocrx_word' id='word_1_394' title='bbox 1315 4633 1382 4675; x_wconf 91' lang='lat' dir='ltr'><strong><em>ne</em></strong></span> <span class='ocrx_word' id='word_1_395' title='bbox 1410 4618 1595 4674; x_wconf 82' lang='lat' dir='ltr'><strong><em>falsum</em></strong></span> <span class='ocrx_word' id='word_1_396' title='bbox 1626 4617 1696 4673; x_wconf 88' lang='lat' dir='ltr'><strong><em>sit</em></strong></span> <span class='ocrx_word' id='word_1_397' title='bbox 1723 4615 1863 4689; x_wconf 90' lang='lat' dir='ltr'><strong><em>quod</em></strong></span> <span class='ocrx_word' id='word_1_398' title='bbox 1897 4615 1972 4671; x_wconf 91' lang='lat' dir='ltr'><strong><em>ait</em></strong></span> 
     </span>
    </p>
   </div>
   <div class='ocr_carea' id='block_1_47' title="bbox 386 4706 1329 4785">
    <p class='ocr_par' dir='ltr' id='par_1_47' title="bbox 386 4706 1329 4785">
     <span class='ocr_line' id='line_1_47' title="bbox 386 4706 1329 4785; baseline -0.004 -16"><span class='ocrx_word' id='word_1_399' title='bbox 386 4715 643 4785; x_wconf 79' lang='lat' dir='ltr'><strong><em>propheta</em></strong></span> <span class='ocrx_word' id='word_1_400' title='bbox 660 4756 675 4781; x_wconf 93' lang='lat'><strong><em>,</em></strong></span> <span class='ocrx_word' id='word_1_401' title='bbox 706 4714 962 4768; x_wconf 77' lang='lat' dir='ltr'><strong><em>Abraham</em></strong></span> <span class='ocrx_word' id='word_1_402' title='bbox 988 4714 1190 4770; x_wconf 81' lang='lat' dir='ltr'><strong><em>nescivit</em></strong></span> <span class='ocrx_word' id='word_1_403' title='bbox 1218 4706 1329 4768; x_wconf 87' lang='lat' dir='ltr'><strong><em>nos.</em></strong></span> 
     </span>
    </p>
   </div>
   <div class='ocr_carea' id='block_1_48' title="bbox 455 4798 1973 4877">
    <p class='ocr_par' dir='ltr' id='par_1_48' title="bbox 455 4798 1973 4877">
     <span class='ocr_line' id='line_1_48' title="bbox 455 4798 1973 4877; baseline -0.005 -14"><span class='ocrx_word' id='word_1_404' title='bbox 455 4806 687 4864; x_wconf 79' lang='lat' dir='ltr'><strong><em>CAPUT</em></strong></span> <span class='ocrx_word' id='word_1_405' title='bbox 720 4806 832 4861; x_wconf 78' lang='lat' dir='ltr'><strong><em>XV.</em></strong></span> <span class='ocrx_word' id='word_1_406' title='bbox 863 4835 935 4848; x_wconf 90' lang='lat'><strong><em>—</em></strong></span> <span class='ocrx_word' id='word_1_407' title='bbox 963 4806 1049 4862; x_wconf 72' lang='grc'><strong>18.</strong></span> <span class='ocrx_word' id='word_1_408' title='bbox 1082 4804 1275 4859; x_wconf 78' lang='lat' dir='ltr'><strong><em>Mortui</em></strong></span> <span class='ocrx_word' id='word_1_409' title='bbox 1302 4804 1552 4877; x_wconf 81' lang='lat' dir='ltr'><strong><em>quomodo</em></strong></span> <span class='ocrx_word' id='word_1_410' title='bbox 1570 4803 1730 4859; x_wconf 85' lang='lat' dir='ltr'><strong><em>sciant</em></strong></span> <span class='ocrx_word' id='word_1_411' title='bbox 1754 4799 1880 4873; x_wconf 84' lang='lat' dir='ltr'><strong><em>quid</em></strong></span> <span class='ocrx_word' id='word_1_412' title='bbox 1892 4798 1973 4855; x_wconf 83' lang='lat' dir='ltr'><strong><em>hic</em></strong></span> 
     </span>
    </p>
   </div>
   <div class='ocr_carea' id='block_1_49' title="bbox 386 4894 1971 4971">
    <p class='ocr_par' dir='ltr' id='par_1_49' title="bbox 386 4894 1971 4971">
     <span class='ocr_line' id='line_1_49' title="bbox 386 4894 1971 4971; baseline -0.003 -18"><span class='ocrx_word' id='word_1_413' title='bbox 386 4907 587 4971; x_wconf 70' lang='lat' dir='ltr'><strong><em>agatur.</em></strong></span> <span class='ocrx_word' id='word_1_414' title='bbox 614 4897 844 4953; x_wconf 85' lang='lat' dir='ltr'><strong><em>Proinde</em></strong></span> <span class='ocrx_word' id='word_1_415' title='bbox 868 4896 1137 4953; x_wconf 79' lang='lat' dir='ltr'><strong><em>fatendum</em></strong></span> <span class='ocrx_word' id='word_1_416' title='bbox 1164 4905 1247 4952; x_wconf 90' lang='lat' dir='ltr'><strong><em>est</em></strong></span> <span class='ocrx_word' id='word_1_417' title='bbox 1266 4895 1470 4952; x_wconf 88' lang='lat' dir='ltr'><strong><em>nescire</em></strong></span> <span class='ocrx_word' id='word_1_418' title='bbox 1494 4894 1706 4965; x_wconf 89' lang='lat' dir='ltr'><strong><em>quidem</em></strong></span> <span class='ocrx_word' id='word_1_419' title='bbox 1731 4901 1971 4948; x_wconf 90' lang='lat' dir='ltr'><strong><em>mortuos</em></strong></span> 
     </span>
    </p>
   </div>
   <div class='ocr_carea' id='block_1_50' title="bbox 386 4986 1974 5061">
    <p class='ocr_par' dir='ltr' id='par_1_50' title="bbox 386 4986 1974 5061">
     <span class='ocr_line' id='line_1_50' title="bbox 386 4986 1974 5061; baseline -0.006 -15"><span class='ocrx_word' id='word_1_420' title='bbox 386 4991 513 5061; x_wconf 85' lang='lat' dir='ltr'><strong><em>quid</em></strong></span> <span class='ocrx_word' id='word_1_421' title='bbox 538 4990 626 5045; x_wconf 74' lang='lat' dir='ltr'><strong><em>hic</em></strong></span> <span class='ocrx_word' id='word_1_422' title='bbox 653 4997 863 5061; x_wconf 86' lang='lat' dir='ltr'><strong><em>agatur,</em></strong></span> <span class='ocrx_word' id='word_1_423' title='bbox 894 4990 991 5045; x_wconf 89' lang='lat' dir='ltr'><strong><em>sed</em></strong></span> <span class='ocrx_word' id='word_1_424' title='bbox 1009 4989 1135 5044; x_wconf 92' lang='lat' dir='ltr'><strong><em>dum</em></strong></span> <span class='ocrx_word' id='word_1_425' title='bbox 1161 4987 1248 5043; x_wconf 86' lang='lat' dir='ltr'><strong><em>hic</em></strong></span> <span class='ocrx_word' id='word_1_426' title='bbox 1277 4986 1451 5057; x_wconf 87' lang='lat' dir='ltr'><strong><em>agitur</em></strong></span> <span class='ocrx_word' id='word_1_427' title='bbox 1478 5003 1492 5039; x_wconf 89' lang='lat'><strong>:</strong></span> <span class='ocrx_word' id='word_1_428' title='bbox 1520 4994 1705 5054; x_wconf 88' lang='lat' dir='ltr'><strong><em>postea</em></strong></span> <span class='ocrx_word' id='word_1_429' title='bbox 1731 4999 1858 5040; x_wconf 87' lang='lat' dir='ltr'><strong><em>vero</em></strong></span> <span class='ocrx_word' id='word_1_430' title='bbox 1881 4997 1974 5038; x_wconf 82' lang='lat' dir='ltr'><strong><em>au-</em></strong></span> 
     </span>
    </p>
   </div>
   <div class='ocr_carea' id='block_1_51' title="bbox 386 5075 1972 5151">
    <p class='ocr_par' dir='ltr' id='par_1_51' title="bbox 386 5075 1972 5151">
     <span class='ocr_line' id='line_1_51' title="bbox 386 5075 1972 5151; baseline -0.005 -14"><span class='ocrx_word' id='word_1_431' title='bbox 386 5078 505 5137; x_wconf 83' lang='lat' dir='ltr'><strong><em>dire</em></strong></span> <span class='ocrx_word' id='word_1_432' title='bbox 530 5080 601 5135; x_wconf 88' lang='lat' dir='ltr'><strong><em>ab</em></strong></span> <span class='ocrx_word' id='word_1_433' title='bbox 628 5082 708 5136; x_wconf 89' lang='lat' dir='ltr'><strong><em>eis</em></strong></span> <span class='ocrx_word' id='word_1_434' title='bbox 733 5081 822 5151; x_wconf 90' lang='lat' dir='ltr'><strong><em>qui</em></strong></span> <span class='ocrx_word' id='word_1_435' title='bbox 854 5079 979 5135; x_wconf 84' lang='lat' dir='ltr'><strong><em>hinc</em></strong></span> <span class='ocrx_word' id='word_1_436' title='bbox 1006 5079 1075 5134; x_wconf 88' lang='lat' dir='ltr'><strong><em>ad</em></strong></span> <span class='ocrx_word' id='word_1_437' title='bbox 1112 5093 1206 5134; x_wconf 88' lang='lat' dir='ltr'><strong><em>eos</em></strong></span> <span class='ocrx_word' id='word_1_438' title='bbox 1244 5075 1518 5132; x_wconf 88' lang='lat' dir='ltr'><strong><em>moriendo</em></strong></span> <span class='ocrx_word' id='word_1_439' title='bbox 1558 5083 1819 5147; x_wconf 86' lang='lat' dir='ltr'><strong><em>pergunt;</em></strong></span> <span class='ocrx_word' id='word_1_440' title='bbox 1866 5088 1972 5130; x_wconf 92' lang='lat' dir='ltr'><strong><em>non</em></strong></span> 
     </span>
    </p>
   </div>
   <div class='ocr_carea' id='block_1_52' title="bbox 387 5162 1975 5242">
    <p class='ocr_par' dir='ltr' id='par_1_52' title="bbox 387 5162 1975 5242">
     <span class='ocr_line' id='line_1_52' title="bbox 387 5162 1975 5242; baseline -0.003 -17"><span class='ocrx_word' id='word_1_441' title='bbox 387 5172 602 5242; x_wconf 86' lang='lat' dir='ltr'><strong><em>quidem</em></strong></span> <span class='ocrx_word' id='word_1_442' title='bbox 630 5171 828 5237; x_wconf 82' lang='lat' dir='ltr'><strong><em>omnia,</em></strong></span> <span class='ocrx_word' id='word_1_443' title='bbox 858 5171 955 5226; x_wconf 88' lang='lat' dir='ltr'><strong><em>sed</em></strong></span> <span class='ocrx_word' id='word_1_444' title='bbox 977 5184 1097 5241; x_wconf 67' lang='lat' dir='ltr'><strong><em>qua:</em></strong></span> <span class='ocrx_word' id='word_1_445' title='bbox 1122 5169 1369 5224; x_wconf 83' lang='lat' dir='ltr'><strong><em>sinuntur</em></strong></span> <span class='ocrx_word' id='word_1_446' title='bbox 1393 5165 1649 5231; x_wconf 88' lang='lat' dir='ltr'><strong><em>indicare,</em></strong></span> <span class='ocrx_word' id='word_1_447' title='bbox 1676 5162 1765 5236; x_wconf 88' lang='lat' dir='ltr'><strong><em>qui</em></strong></span> <span class='ocrx_word' id='word_1_448' title='bbox 1789 5164 1975 5220; x_wconf 87' lang='lat' dir='ltr'><strong><em>sinun-</em></strong></span> 
     </span>
    </p>
   </div>
   <div class='ocr_carea' id='block_1_53' title="bbox 389 5253 1976 5328">
    <p class='ocr_par' dir='ltr' id='par_1_53' title="bbox 389 5253 1976 5328">
     <span class='ocr_line' id='line_1_53' title="bbox 389 5253 1976 5328; baseline -0.004 -11"><span class='ocrx_word' id='word_1_449' title='bbox 389 5270 475 5317; x_wconf 86' lang='lat' dir='ltr'><strong><em>tur</em></strong></span> <span class='ocrx_word' id='word_1_450' title='bbox 500 5261 665 5318; x_wconf 82' lang='lat' dir='ltr'><strong><em>etiam</em></strong></span> <span class='ocrx_word' id='word_1_451' title='bbox 692 5261 789 5317; x_wconf 86' lang='lat' dir='ltr'><strong><em>ista</em></strong></span> <span class='ocrx_word' id='word_1_452' title='bbox 827 5260 1165 5323; x_wconf 88' lang='lat' dir='ltr'><strong><em>meminisse;</em></strong></span> <span class='ocrx_word' id='word_1_453' title='bbox 1198 5265 1254 5313; x_wconf 92' lang='lat' dir='ltr'><strong><em>et</em></strong></span> <span class='ocrx_word' id='word_1_454' title='bbox 1288 5270 1406 5328; x_wconf 67' lang='lat' dir='ltr'><strong><em>quae</em></strong></span> <span class='ocrx_word' id='word_1_455' title='bbox 1446 5255 1597 5323; x_wconf 91' lang='lat' dir='ltr'><strong><em>illos,</em></strong></span> <span class='ocrx_word' id='word_1_456' title='bbox 1624 5254 1815 5326; x_wconf 88' lang='lat' dir='ltr'><strong><em>quibus</em></strong></span> <span class='ocrx_word' id='word_1_457' title='bbox 1859 5253 1976 5310; x_wconf 67' lang='lat' dir='ltr'><strong><em>haec</em></strong></span> 
     </span>
    </p>
   </div>
   <div class='ocr_carea' id='block_1_54' title="bbox 388 5346 1974 5424">
    <p class='ocr_par' dir='ltr' id='par_1_54' title="bbox 388 5346 1974 5424">
     <span class='ocr_line' id='line_1_54' title="bbox 388 5346 1974 5424; baseline -0.006 -15"><span class='ocrx_word' id='word_1_458' title='bbox 388 5351 644 5421; x_wconf 82' lang='lat' dir='ltr'><strong><em>indicant,</em></strong></span> <span class='ocrx_word' id='word_1_459' title='bbox 675 5360 890 5424; x_wconf 84' lang='lat' dir='ltr'><strong><em>oportet</em></strong></span> <span class='ocrx_word' id='word_1_460' title='bbox 929 5352 1135 5408; x_wconf 84' lang='lat' dir='ltr'><strong><em>audire.</em></strong></span> <span class='ocrx_word' id='word_1_461' title='bbox 1165 5351 1394 5406; x_wconf 83' lang='lat' dir='ltr'><strong><em>Possunt</em></strong></span> <span class='ocrx_word' id='word_1_462' title='bbox 1421 5355 1476 5404; x_wconf 89' lang='lat' dir='ltr'><strong><em>et</em></strong></span> <span class='ocrx_word' id='word_1_463' title='bbox 1518 5346 1586 5401; x_wconf 87' lang='lat' dir='ltr'><strong><em>ab</em></strong></span> <span class='ocrx_word' id='word_1_464' title='bbox 1616 5346 1853 5417; x_wconf 77' lang='lat' dir='ltr'><strong><em>Angelis,</em></strong></span> <span class='ocrx_word' id='word_1_465' title='bbox 1885 5346 1974 5417; x_wconf 88' lang='lat' dir='ltr'><strong><em>qui</em></strong></span> 
     </span>
    </p>
   </div>
   <div class='ocr_carea' id='block_1_55' title="bbox 389 5436 1975 5516">
    <p class='ocr_par' dir='ltr' id='par_1_55' title="bbox 389 5436 1975 5516">
     <span class='ocr_line' id='line_1_55' title="bbox 389 5436 1975 5516; baseline -0.009 -10"><span class='ocrx_word' id='word_1_466' title='bbox 389 5444 551 5505; x_wconf 75' lang='lat' dir='ltr'><strong><em>rebus</em></strong></span> <span class='ocrx_word' id='word_1_467' title='bbox 576 5459 697 5516; x_wconf 60' lang='lat' dir='ltr'><strong><em>qua</em></strong></span> <span class='ocrx_word' id='word_1_468' title='bbox 722 5454 953 5516; x_wconf 84' lang='lat' dir='ltr'><strong><em>aguntur</em></strong></span> <span class='ocrx_word' id='word_1_469' title='bbox 988 5443 1094 5512; x_wconf 80' lang='lat' dir='ltr'><strong><em>hic,</em></strong></span> <span class='ocrx_word' id='word_1_470' title='bbox 1127 5449 1324 5514; x_wconf 70' lang='lat' dir='ltr'><strong><em>praesto</em></strong></span> <span class='ocrx_word' id='word_1_471' title='bbox 1351 5447 1469 5496; x_wconf 91' lang='lat' dir='ltr'><strong><em>sunt</em></strong></span> <span class='ocrx_word' id='word_1_472' title='bbox 1494 5479 1509 5505; x_wconf 94' lang='lat'><strong><em>,</em></strong></span> <span class='ocrx_word' id='word_1_473' title='bbox 1551 5437 1736 5493; x_wconf 89' lang='lat' dir='ltr'><strong><em>audire</em></strong></span> <span class='ocrx_word' id='word_1_474' title='bbox 1775 5436 1975 5508; x_wconf 84' lang='lat' dir='ltr'><strong><em>aliquid</em></strong></span> 
     </span>
    </p>
   </div>
   <div class='ocr_carea' id='block_1_56' title="bbox 314 5528 1975 5610">
    <p class='ocr_par' dir='ltr' id='par_1_56' title="bbox 314 5528 1975 5610">
     <span class='ocr_line' id='line_1_56' title="bbox 314 5528 1975 5610; baseline -0.005 -17"><span class='ocrx_word' id='word_1_475' title='bbox 314 5590 332 5610; x_wconf 72' lang='grc'><em>,</em></span> <span class='ocrx_word' id='word_1_476' title='bbox 390 5534 623 5605; x_wconf 68' lang='lat' dir='ltr'><strong><em>mortui,</em></strong></span> <span class='ocrx_word' id='word_1_477' title='bbox 656 5534 803 5608; x_wconf 86' lang='lat' dir='ltr'><strong><em>quod</em></strong></span> <span class='ocrx_word' id='word_1_478' title='bbox 838 5548 1266 5609; x_wconf 84' lang='lat' dir='ltr'><strong><em>unumquemque</em></strong></span> <span class='ocrx_word' id='word_1_479' title='bbox 1306 5534 1515 5589; x_wconf 86' lang='lat' dir='ltr'><strong><em>illorum</em></strong></span> <span class='ocrx_word' id='word_1_480' title='bbox 1557 5528 1741 5585; x_wconf 89' lang='lat' dir='ltr'><strong><em>audire</em></strong></span> <span class='ocrx_word' id='word_1_481' title='bbox 1778 5528 1975 5585; x_wconf 86' lang='lat' dir='ltr'><strong><em>debere</em></strong></span> 
     </span>
    </p>
   </div>
   <div class='ocr_carea' id='block_1_57' title="bbox 455 5669 1365 5734">
    <p class='ocr_par' dir='ltr' id='par_1_57' title="bbox 455 5669 1365 5734">
     <span class='ocr_line' id='line_1_57' title="bbox 455 5669 1365 5734; baseline -0.003 -11"><span class='ocrx_word' id='word_1_482' title='bbox 455 5672 473 5706; x_wconf 78' lang='grc' dir='ltr'>ί</span> <span class='ocrx_word' id='word_1_483' title='bbox 508 5669 614 5723; x_wconf 83' lang='lat' dir='ltr'><strong><em>Sola</em></strong></span> <span class='ocrx_word' id='word_1_484' title='bbox 636 5671 748 5723; x_wconf 80' lang='lat' dir='ltr'><strong><em>fere</em></strong></span> <span class='ocrx_word' id='word_1_485' title='bbox 780 5671 931 5734; x_wconf 82' lang='lat' dir='ltr'><strong><em>editio</em></strong></span> <span class='ocrx_word' id='word_1_486' title='bbox 960 5679 1092 5734; x_wconf 84' lang='lat' dir='ltr'><strong><em>Lov.,</em></strong></span> <span class='ocrx_word' id='word_1_487' title='bbox 1120 5671 1365 5734; x_wconf 69' lang='lat' dir='ltr'><strong><em>inducent.</em></strong></span> 
     </span>
    </p>
   </div>
   <div class='ocr_carea' id='block_1_58' title="bbox 452 5726 1967 5804">
    <p class='ocr_par' dir='ltr' id='par_1_58' title="bbox 452 5726 1967 5804">
     <span class='ocr_line' id='line_1_58' title="bbox 452 5726 1967 5804; baseline -0.007 -20"><span class='ocrx_word' id='word_1_488' title='bbox 452 5735 483 5768; x_wconf 76' lang='grc' dir='ltr'><strong><em>ι</em></strong></span> <span class='ocrx_word' id='word_1_489' title='bbox 515 5735 591 5784; x_wconf 83' lang='lat' dir='ltr'><strong><em>sic</em></strong></span> <span class='ocrx_word' id='word_1_490' title='bbox 622 5735 762 5798; x_wconf 71' lang='lat' dir='ltr'><strong><em>juxta</em></strong></span> <span class='ocrx_word' id='word_1_491' title='bbox 783 5733 1054 5804; x_wconf 45' lang='lat' dir='ltr'><strong><em>Bad.._Am._</em></strong></span> <span class='ocrx_word' id='word_1_492' title='bbox 1079 5726 1159 5783; x_wconf 74' lang='lat' dir='ltr'><strong><em>&#39;Er.</em></strong></span> <span class='ocrx_word' id='word_1_493' title='bbox 1204 5740 1256 5784; x_wconf 87' lang='lat' dir='ltr'><strong><em>et</em></strong></span> <span class='ocrx_word' id='word_1_494' title='bbox 1287 5731 1558 5804; x_wconf 71' lang='lat' dir='ltr'><strong><em>plerosque</em></strong></span> <span class='ocrx_word' id='word_1_495' title='bbox 1604 5726 1967 5795; x_wconf 77' lang='lat' dir='ltr'><strong><em>atauuscriptos.</em></strong></span> 
     </span>
    </p>
   </div>
   <div class='ocr_carea' id='block_1_59' title="bbox 393 5794 1308 5866">
    <p class='ocr_par' dir='ltr' id='par_1_59' title="bbox 393 5794 1308 5866">
     <span class='ocr_line' id='line_1_59' title="bbox 393 5794 1308 5866; baseline 0 0"><span class='ocrx_word' id='word_1_496' title='bbox 801 5794 951 5866; x_wconf 66' lang='grc' dir='ltr'><strong><em>Ψίείιν</em></strong></span> <span class='ocrx_word' id='word_1_497' title='bbox 968 5795 1056 5866; x_wconf 66' lang='lat'><strong><em>99‘!</em></strong></span> <span class='ocrx_word' id='word_1_498' title='bbox 1078 5794 1308 5866; x_wconf 57' lang='grc' dir='ltr'><strong><em>Πρω-Ι</em></strong></span> 
     </span>
    </p>
   </div>
   <div class='ocr_carea' id='block_1_60' title="bbox 458 5854 1156 5920">
    <p class='ocr_par' dir='ltr' id='par_1_60' title="bbox 458 5854 1156 5920">
     <span class='ocr_line' id='line_1_60' title="bbox 458 5854 1156 5920; baseline -0.01 -9"><span class='ocrx_word' id='word_1_499' title='bbox 458 5854 482 5891; x_wconf 84' lang='grc'><em>³</em></span> <span class='ocrx_word' id='word_1_500' title='bbox 511 5854 619 5911; x_wconf 84' lang='lat' dir='ltr'><strong><em>sola</em></strong></span> <span class='ocrx_word' id='word_1_501' title='bbox 640 5856 789 5911; x_wconf 85' lang='lat' dir='ltr'><strong><em>editio</em></strong></span> <span class='ocrx_word' id='word_1_502' title='bbox 808 5854 940 5920; x_wconf 57' lang='grc' dir='ltr'><strong>ιον..</strong></span> <span class='ocrx_word' id='word_1_503' title='bbox 966 5854 1156 5920; x_wconf 78' lang='lat' dir='ltr'><strong><em>inferni.</em></strong></span> 
     </span>
    </p>
   </div>
   <div class='ocr_carea' id='block_1_61' title="bbox 1786 393 2225 458">
    <p class='ocr_par' dir='ltr' id='par_1_61' title="bbox 1786 393 2225 458">
     <span class='ocr_line' id='line_1_61' title="bbox 1786 393 2225 458; baseline 0.014 -6"><span class='ocrx_word' id='word_1_504' title='bbox 1786 393 1986 454; x_wconf 74' lang='lat' dir='ltr'><strong><em>LIBER</em></strong></span> <span class='ocrx_word' id='word_1_505' title='bbox 2025 396 2225 458; x_wconf 63' lang='grc' dir='ltr'><strong><em>ΗΝυᾶ</em></strong></span> 
     </span>
    </p>
   </div>
   <div class='ocr_carea' id='block_1_62' title="bbox 3537 412 3645 477">
    <p class='ocr_par' dir='ltr' id='par_1_62' title="bbox 3537 412 3645 477">
     <span class='ocr_line' id='line_1_62' title="bbox 3537 412 3645 477; baseline 0 0"><span class='ocrx_word' id='word_1_506' title='bbox 3537 412 3645 477; x_wconf 77' lang='lat'><strong><em>806</em></strong></span> 
     </span>
    </p>
   </div>
   <div class='ocr_carea' id='block_1_63' title="bbox 2053 511 3639 595">
    <p class='ocr_par' dir='ltr' id='par_1_63' title="bbox 2053 511 3639 595">
     <span class='ocr_line' id='line_1_63' title="bbox 2053 511 3639 595; baseline 0.014 -26"><span class='ocrx_word' id='word_1_507' title='bbox 2053 511 2257 585; x_wconf 82' lang='lat' dir='ltr'><strong><em>judieat</em></strong></span> <span class='ocrx_word' id='word_1_508' title='bbox 2279 518 2363 573; x_wconf 90' lang='lat' dir='ltr'><strong><em>cui</em></strong></span> <span class='ocrx_word' id='word_1_509' title='bbox 2386 526 2573 576; x_wconf 89' lang='lat' dir='ltr'><strong><em>cuncta</em></strong></span> <span class='ocrx_word' id='word_1_510' title='bbox 2595 521 2831 595; x_wconf 84' lang='lat' dir='ltr'><strong><em>subjecta</em></strong></span> <span class='ocrx_word' id='word_1_511' title='bbox 2859 533 3003 581; x_wconf 89' lang='lat' dir='ltr'><strong><em>sunt.</em></strong></span> <span class='ocrx_word' id='word_1_512' title='bbox 3025 524 3137 583; x_wconf 86' lang='lat' dir='ltr'><strong><em>Nisi</em></strong></span> <span class='ocrx_word' id='word_1_513' title='bbox 3156 525 3300 584; x_wconf 88' lang='lat' dir='ltr'><strong><em>enim</em></strong></span> <span class='ocrx_word' id='word_1_514' title='bbox 3326 539 3506 587; x_wconf 84' lang='lat' dir='ltr'><strong><em>essent</em></strong></span> <span class='ocrx_word' id='word_1_515' title='bbox 3526 531 3639 590; x_wconf 79' lang='lat' dir='ltr'><strong><em>An-</em></strong></span> 
     </span>
    </p>
   </div>
   <div class='ocr_carea' id='block_1_64' title="bbox 2057 610 3641 683">
    <p class='ocr_par' dir='ltr' id='par_1_64' title="bbox 2057 610 3641 683">
     <span class='ocr_line' id='line_1_64' title="bbox 2057 610 3641 683; baseline 0.011 -19"><span class='ocrx_word' id='word_1_516' title='bbox 2057 610 2165 680; x_wconf 89' lang='lat' dir='ltr'><strong><em>geli</em></strong></span> <span class='ocrx_word' id='word_1_517' title='bbox 2194 610 2281 681; x_wconf 90' lang='lat' dir='ltr'><strong><em>qui</em></strong></span> <span class='ocrx_word' id='word_1_518' title='bbox 2325 624 2538 683; x_wconf 85' lang='lat' dir='ltr'><strong><em>possent</em></strong></span> <span class='ocrx_word' id='word_1_519' title='bbox 2581 617 2842 674; x_wconf 79' lang='lat' dir='ltr'><strong><em>interesse</em></strong></span> <span class='ocrx_word' id='word_1_520' title='bbox 2866 628 2919 674; x_wconf 89' lang='lat' dir='ltr'><strong><em>et</em></strong></span> <span class='ocrx_word' id='word_1_521' title='bbox 2948 621 3185 675; x_wconf 90' lang='lat' dir='ltr'><strong><em>vivorum</em></strong></span> <span class='ocrx_word' id='word_1_522' title='bbox 3227 631 3277 677; x_wconf 85' lang='lat' dir='ltr'><strong><em>et</em></strong></span> <span class='ocrx_word' id='word_1_523' title='bbox 3311 630 3641 682; x_wconf 89' lang='lat' dir='ltr'><strong><em>mortuorum</em></strong></span> 
     </span>
    </p>
   </div>
   <div class='ocr_carea' id='block_1_65' title="bbox 2060 699 3642 784">
    <p class='ocr_par' dir='ltr' id='par_1_65' title="bbox 2060 699 3642 784">
     <span class='ocr_line' id='line_1_65' title="bbox 2060 699 3642 784; baseline 0.01 -29"><span class='ocrx_word' id='word_1_524' title='bbox 2060 699 2209 767; x_wconf 86' lang='lat' dir='ltr'><strong><em>locis,</em></strong></span> <span class='ocrx_word' id='word_1_525' title='bbox 2241 716 2347 758; x_wconf 89' lang='lat' dir='ltr'><strong><em>non</em></strong></span> <span class='ocrx_word' id='word_1_526' title='bbox 2373 703 2591 761; x_wconf 78' lang='lat' dir='ltr'><strong><em>dixisset</em></strong></span> <span class='ocrx_word' id='word_1_527' title='bbox 2619 707 2869 764; x_wconf 84' lang='lat' dir='ltr'><strong><em>Dominus</em></strong></span> <span class='ocrx_word' id='word_1_528' title='bbox 2885 708 3042 765; x_wconf 80' lang='lat' dir='ltr'><strong><em>Jesus</em></strong></span> <span class='ocrx_word' id='word_1_529' title='bbox 3067 728 3078 763; x_wconf 93' lang='lat'>:</span> <span class='ocrx_word' id='word_1_530' title='bbox 3103 709 3320 784; x_wconf 86' lang='lat' dir='ltr'><strong><em>Contigit</em></strong></span> <span class='ocrx_word' id='word_1_531' title='bbox 3344 724 3510 769; x_wconf 87' lang='lat' dir='ltr'><strong><em>autem</em></strong></span> <span class='ocrx_word' id='word_1_532' title='bbox 3533 731 3642 771; x_wconf 84' lang='lat' dir='ltr'><strong><em>mo-</em></strong></span> 
     </span>
    </p>
   </div>
   <div class='ocr_carea' id='block_1_66' title="bbox 2057 793 3647 872">
    <p class='ocr_par' dir='ltr' id='par_1_66' title="bbox 2057 793 3647 872">
     <span class='ocr_line' id='line_1_66' title="bbox 2057 793 3647 872; baseline 0.01 -25"><span class='ocrx_word' id='word_1_533' title='bbox 2057 793 2104 847; x_wconf 85' lang='lat' dir='ltr'><strong><em>ri</em></strong></span> <span class='ocrx_word' id='word_1_534' title='bbox 2127 795 2326 866; x_wconf 84' lang='lat' dir='ltr'><strong><em>inopem</em></strong></span> <span class='ocrx_word' id='word_1_535' title='bbox 2348 796 2514 861; x_wconf 85' lang='lat' dir='ltr'><strong><em>illum,</em></strong></span> <span class='ocrx_word' id='word_1_536' title='bbox 2546 806 2592 853; x_wconf 90' lang='lat' dir='ltr'><strong><em>et</em></strong></span> <span class='ocrx_word' id='word_1_537' title='bbox 2621 800 2811 869; x_wconf 78' lang='lat' dir='ltr'><strong><em>auferri</em></strong></span> <span class='ocrx_word' id='word_1_538' title='bbox 2837 800 2897 855; x_wconf 84' lang='lat' dir='ltr'><strong><em>ab</em></strong></span> <span class='ocrx_word' id='word_1_539' title='bbox 2925 801 3130 872; x_wconf 83' lang='lat' dir='ltr'><strong><em>Angelis</em></strong></span> <span class='ocrx_word' id='word_1_540' title='bbox 3154 804 3209 857; x_wconf 85' lang='lat' dir='ltr'><strong><em>in</em></strong></span> <span class='ocrx_word' id='word_1_541' title='bbox 3236 805 3402 859; x_wconf 82' lang='lat' dir='ltr'><strong><em>sinunt</em></strong></span> <span class='ocrx_word' id='word_1_542' title='bbox 3427 805 3647 863; x_wconf 71' lang='lat' dir='ltr'><strong><em>Abralue</em></strong></span> 
     </span>
    </p>
   </div>
   <div class='ocr_carea' id='block_1_67' title="bbox 2063 882 3650 967">
    <p class='ocr_par' dir='ltr' id='par_1_67' title="bbox 2063 882 3650 967">
     <span class='ocr_line' id='line_1_67' title="bbox 2063 882 3650 967; baseline 0.011 -29"><span class='ocrx_word' id='word_1_543' title='bbox 2063 882 2210 956; x_wconf 85' lang='lat' dir='ltr'><strong><em>(Luc.</em></strong></span> <span class='ocrx_word' id='word_1_544' title='bbox 2240 902 2351 954; x_wconf 75' lang='lat' dir='ltr'><strong><em>xw,</em></strong></span> <span class='ocrx_word' id='word_1_545' title='bbox 2377 886 2580 960; x_wconf 83' lang='lat'><strong>22-29).</strong></span> <span class='ocrx_word' id='word_1_546' title='bbox 2609 889 2758 946; x_wconf 82' lang='lat' dir='ltr'><strong><em>Nunc</em></strong></span> <span class='ocrx_word' id='word_1_547' title='bbox 2778 907 2905 963; x_wconf 83' lang='lat' dir='ltr'><strong><em>ergo</em></strong></span> <span class='ocrx_word' id='word_1_548' title='bbox 2934 892 3038 961; x_wconf 87' lang='lat' dir='ltr'><strong><em>hic,</em></strong></span> <span class='ocrx_word' id='word_1_549' title='bbox 3063 908 3203 949; x_wconf 90' lang='lat' dir='ltr'><strong><em>nunc</em></strong></span> <span class='ocrx_word' id='word_1_550' title='bbox 3230 894 3297 950; x_wconf 91' lang='lat' dir='ltr'><strong><em>ibi</em></strong></span> <span class='ocrx_word' id='word_1_551' title='bbox 3320 911 3440 953; x_wconf 86' lang='lat' dir='ltr'><strong><em>esse</em></strong></span> <span class='ocrx_word' id='word_1_552' title='bbox 3459 906 3650 967; x_wconf 81' lang='lat' dir='ltr'><strong><em>potue-</em></strong></span> 
     </span>
    </p>
   </div>
   <div class='ocr_carea' id='block_1_68' title="bbox 2059 972 3641 1053">
    <p class='ocr_par' dir='ltr' id='par_1_68' title="bbox 2059 972 3641 1053">
     <span class='ocr_line' id='line_1_68' title="bbox 2059 972 3641 1053; baseline 0.009 -22"><span class='ocrx_word' id='word_1_553' title='bbox 2059 985 2213 1041; x_wconf 90' lang='lat' dir='ltr'><strong><em>runt,</em></strong></span> <span class='ocrx_word' id='word_1_554' title='bbox 2247 979 2335 1049; x_wconf 90' lang='lat' dir='ltr'><strong><em>qui</em></strong></span> <span class='ocrx_word' id='word_1_555' title='bbox 2376 978 2498 1035; x_wconf 86' lang='lat' dir='ltr'><strong><em>hinc</em></strong></span> <span class='ocrx_word' id='word_1_556' title='bbox 2539 981 2662 1038; x_wconf 90' lang='lat' dir='ltr'><strong><em>illuc</em></strong></span> <span class='ocrx_word' id='word_1_557' title='bbox 2698 999 2854 1053; x_wconf 89' lang='lat' dir='ltr'><strong><em>quem</em></strong></span> <span class='ocrx_word' id='word_1_558' title='bbox 2901 984 3041 1041; x_wconf 89' lang='lat' dir='ltr'><strong><em>Deus</em></strong></span> <span class='ocrx_word' id='word_1_559' title='bbox 3084 986 3250 1043; x_wconf 88' lang='lat' dir='ltr'><strong><em>voluit</em></strong></span> <span class='ocrx_word' id='word_1_560' title='bbox 3277 972 3641 1046; x_wconf 83' lang='lat' dir='ltr'><strong><em>abstulerunt.</em></strong></span> 
     </span>
    </p>
   </div>
   <div class='ocr_carea' id='block_1_69' title="bbox 2059 1069 3646 1153">
    <p class='ocr_par' dir='ltr' id='par_1_69' title="bbox 2059 1069 3646 1153">
     <span class='ocr_line' id='line_1_69' title="bbox 2059 1069 3646 1153; baseline 0.011 -28"><span class='ocrx_word' id='word_1_561' title='bbox 2059 1069 2289 1126; x_wconf 87' lang='lat' dir='ltr'><strong><em>Possunt</em></strong></span> <span class='ocrx_word' id='word_1_562' title='bbox 2337 1072 2495 1127; x_wconf 88' lang='lat' dir='ltr'><strong><em>etiam</em></strong></span> <span class='ocrx_word' id='word_1_563' title='bbox 2540 1074 2757 1145; x_wconf 87' lang='lat' dir='ltr'><strong><em>spiritus</em></strong></span> <span class='ocrx_word' id='word_1_564' title='bbox 2798 1085 3128 1133; x_wconf 86' lang='lat' dir='ltr'><strong><em>mortuorum</em></strong></span> <span class='ocrx_word' id='word_1_565' title='bbox 3177 1080 3349 1153; x_wconf 86' lang='lat' dir='ltr'><strong><em>aliqua</em></strong></span> <span class='ocrx_word' id='word_1_566' title='bbox 3397 1098 3517 1152; x_wconf 71' lang='lat' dir='ltr'><strong><em>qua:</em></strong></span> <span class='ocrx_word' id='word_1_567' title='bbox 3556 1083 3646 1141; x_wconf 84' lang='lat' dir='ltr'><strong><em>hic</em></strong></span> 
     </span>
    </p>
   </div>
   <div class='ocr_carea' id='block_1_70' title="bbox 2058 1167 3642 1244">
    <p class='ocr_par' dir='ltr' id='par_1_70' title="bbox 2058 1167 3642 1244">
     <span class='ocr_line' id='line_1_70' title="bbox 2058 1167 3642 1244; baseline 0.01 -29"><span class='ocrx_word' id='word_1_568' title='bbox 2058 1170 2285 1232; x_wconf 89' lang='lat' dir='ltr'><strong><em>aguntur</em></strong></span> <span class='ocrx_word' id='word_1_569' title='bbox 2314 1179 2433 1234; x_wconf 76' lang='lat' dir='ltr'><strong><em>qua:</em></strong></span> <span class='ocrx_word' id='word_1_570' title='bbox 2460 1167 2819 1221; x_wconf 87' lang='lat' dir='ltr'><strong><em>necessarium</em></strong></span> <span class='ocrx_word' id='word_1_571' title='bbox 2847 1178 2929 1223; x_wconf 86' lang='lat' dir='ltr'><strong><em>est</em></strong></span> <span class='ocrx_word' id='word_1_572' title='bbox 2952 1185 3047 1225; x_wconf 90' lang='lat' dir='ltr'><strong><em>eos</em></strong></span> <span class='ocrx_word' id='word_1_573' title='bbox 3085 1185 3241 1227; x_wconf 91' lang='lat' dir='ltr'><strong><em>nosse</em></strong></span> <span class='ocrx_word' id='word_1_574' title='bbox 3262 1213 3277 1238; x_wconf 91' lang='lat'><strong><em>,</em></strong></span> <span class='ocrx_word' id='word_1_575' title='bbox 3306 1180 3359 1229; x_wconf 87' lang='lat' dir='ltr'><strong><em>et</em></strong></span> <span class='ocrx_word' id='word_1_576' title='bbox 3382 1188 3516 1244; x_wconf 90' lang='lat' dir='ltr'><strong><em>quos</em></strong></span> <span class='ocrx_word' id='word_1_577' title='bbox 3545 1189 3642 1231; x_wconf 91' lang='lat' dir='ltr'><strong><em>ne-</em></strong></span> 
     </span>
    </p>
   </div>
   <div class='ocr_carea' id='block_1_71' title="bbox 2059 1254 3644 1335">
    <p class='ocr_par' dir='ltr' id='par_1_71' title="bbox 2059 1254 3644 1335">
     <span class='ocr_line' id='line_1_71' title="bbox 2059 1254 3644 1335; baseline 0.009 -28"><span class='ocrx_word' id='word_1_578' title='bbox 2059 1254 2348 1309; x_wconf 85' lang='lat' dir='ltr'><strong><em>cessarium</em></strong></span> <span class='ocrx_word' id='word_1_579' title='bbox 2377 1265 2547 1312; x_wconf 86' lang='lat' dir='ltr'><strong><em>estea</em></strong></span> <span class='ocrx_word' id='word_1_580' title='bbox 2596 1259 2793 1313; x_wconf 65' lang='lat' dir='ltr'><strong><em>nosse‘</em></strong></span> <span class='ocrx_word' id='word_1_581' title='bbox 2823 1300 2837 1323; x_wconf 90' lang='lat'><strong><em>,</em></strong></span> <span class='ocrx_word' id='word_1_582' title='bbox 2890 1275 2999 1315; x_wconf 90' lang='lat' dir='ltr'><strong><em>non</em></strong></span> <span class='ocrx_word' id='word_1_583' title='bbox 3046 1261 3216 1318; x_wconf 89' lang='lat' dir='ltr'><strong><em>solum</em></strong></span> <span class='ocrx_word' id='word_1_584' title='bbox 3265 1265 3534 1335; x_wconf 57' lang='lat' dir='ltr'><strong><em>prasterita</em></strong></span> <span class='ocrx_word' id='word_1_585' title='bbox 3565 1266 3644 1323; x_wconf 87' lang='lat' dir='ltr'><strong><em>vel</em></strong></span> 
     </span>
    </p>
   </div>
   <div class='ocr_carea' id='block_1_72' title="bbox 2059 1343 3645 1423">
    <p class='ocr_par' dir='ltr' id='par_1_72' title="bbox 2059 1343 3645 1423">
     <span class='ocr_line' id='line_1_72' title="bbox 2059 1343 3645 1423; baseline 0.011 -25"><span class='ocrx_word' id='word_1_586' title='bbox 2059 1343 2363 1414; x_wconf 61' lang='lat' dir='ltr'><strong><em>praesentia,</em></strong></span> <span class='ocrx_word' id='word_1_587' title='bbox 2405 1362 2590 1402; x_wconf 90' lang='lat' dir='ltr'><strong><em>verum</em></strong></span> <span class='ocrx_word' id='word_1_588' title='bbox 2621 1350 2779 1405; x_wconf 88' lang='lat' dir='ltr'><strong><em>etiam</em></strong></span> <span class='ocrx_word' id='word_1_589' title='bbox 2817 1349 2989 1406; x_wconf 79' lang='lat' dir='ltr'><strong><em>futura</em></strong></span> <span class='ocrx_word' id='word_1_590' title='bbox 3016 1351 3213 1423; x_wconf 90' lang='lat' dir='ltr'><strong><em>Spiritu</em></strong></span> <span class='ocrx_word' id='word_1_591' title='bbox 3248 1354 3339 1412; x_wconf 90' lang='lat' dir='ltr'><strong><em>Dei</em></strong></span> <span class='ocrx_word' id='word_1_592' title='bbox 3371 1357 3645 1415; x_wconf 82' lang='lat' dir='ltr'><strong><em>revelante</em></strong></span> 
     </span>
    </p>
   </div>
   <div class='ocr_carea' id='block_1_73' title="bbox 2060 1439 3644 1519">
    <p class='ocr_par' dir='ltr' id='par_1_73' title="bbox 2060 1439 3644 1519">
     <span class='ocr_line' id='line_1_73' title="bbox 2060 1439 3644 1519; baseline 0.01 -30"><span class='ocrx_word' id='word_1_593' title='bbox 2060 1448 2384 1505; x_wconf 74' lang='lat' dir='ltr'><strong><em>cognoscere</em></strong></span> <span class='ocrx_word' id='word_1_594' title='bbox 2412 1455 2426 1494; x_wconf 90' lang='lat'>:</span> <span class='ocrx_word' id='word_1_595' title='bbox 2455 1439 2593 1494; x_wconf 87' lang='lat' dir='ltr'><strong><em>sicut</em></strong></span> <span class='ocrx_word' id='word_1_596' title='bbox 2617 1456 2722 1496; x_wconf 91' lang='lat' dir='ltr'><strong><em>non</em></strong></span> <span class='ocrx_word' id='word_1_597' title='bbox 2743 1457 2930 1498; x_wconf 89' lang='lat' dir='ltr'><strong><em>omnes</em></strong></span> <span class='ocrx_word' id='word_1_598' title='bbox 2956 1441 3220 1511; x_wconf 83' lang='lat' dir='ltr'><strong><em>homines,</em></strong></span> <span class='ocrx_word' id='word_1_599' title='bbox 3249 1445 3342 1502; x_wconf 88' lang='lat' dir='ltr'><strong><em>sed</em></strong></span> <span class='ocrx_word' id='word_1_600' title='bbox 3362 1446 3644 1519; x_wconf 74' lang='lat' dir='ltr'><strong><em>Propheta:</em></strong></span> 
     </span>
    </p>
   </div>
   <div class='ocr_carea' id='block_1_74' title="bbox 2060 1523 3645 1610">
    <p class='ocr_par' dir='ltr' id='par_1_74' title="bbox 2060 1523 3645 1610">
     <span class='ocr_line' id='line_1_74' title="bbox 2060 1523 3645 1610; baseline 0.012 -30"><span class='ocrx_word' id='word_1_601' title='bbox 2060 1523 2187 1582; x_wconf 91' lang='lat' dir='ltr'><strong><em>dum</em></strong></span> <span class='ocrx_word' id='word_1_602' title='bbox 2226 1527 2311 1584; x_wconf 84' lang='lat' dir='ltr'><strong><em>hic</em></strong></span> <span class='ocrx_word' id='word_1_603' title='bbox 2335 1528 2576 1587; x_wconf 89' lang='lat' dir='ltr'><strong><em>viverent</em></strong></span> <span class='ocrx_word' id='word_1_604' title='bbox 2618 1535 3027 1604; x_wconf 79' lang='lat' dir='ltr'><strong><em>cognoscebant,</em></strong></span> <span class='ocrx_word' id='word_1_605' title='bbox 3062 1552 3161 1593; x_wconf 87' lang='lat' dir='ltr'><strong><em>nec</em></strong></span> <span class='ocrx_word' id='word_1_606' title='bbox 3188 1538 3287 1610; x_wconf 89' lang='lat' dir='ltr'><strong><em>ipsi</em></strong></span> <span class='ocrx_word' id='word_1_607' title='bbox 3317 1540 3518 1610; x_wconf 83' lang='lat' dir='ltr'><strong><em>omnia,</em></strong></span> <span class='ocrx_word' id='word_1_608' title='bbox 3548 1541 3645 1599; x_wconf 82' lang='lat' dir='ltr'><strong><em>sed</em></strong></span> 
     </span>
    </p>
   </div>
   <div class='ocr_carea' id='block_1_75' title="bbox 2061 1618 3643 1703">
    <p class='ocr_par' dir='ltr' id='par_1_75' title="bbox 2061 1618 3643 1703">
     <span class='ocr_line' id='line_1_75' title="bbox 2061 1618 3643 1703; baseline 0.011 -33"><span class='ocrx_word' id='word_1_609' title='bbox 2061 1632 2179 1687; x_wconf 68' lang='lat' dir='ltr'><strong><em>qua:</em></strong></span> <span class='ocrx_word' id='word_1_610' title='bbox 2221 1618 2324 1673; x_wconf 89' lang='lat' dir='ltr'><strong><em>illis</em></strong></span> <span class='ocrx_word' id='word_1_611' title='bbox 2363 1636 2482 1677; x_wconf 88' lang='lat' dir='ltr'><strong><em>esse</em></strong></span> <span class='ocrx_word' id='word_1_612' title='bbox 2523 1622 2806 1680; x_wconf 85' lang='lat' dir='ltr'><strong><em>revelanda</em></strong></span> <span class='ocrx_word' id='word_1_613' title='bbox 2843 1627 2939 1682; x_wconf 90' lang='lat' dir='ltr'><strong><em>Dei</em></strong></span> <span class='ocrx_word' id='word_1_614' title='bbox 2978 1628 3309 1698; x_wconf 84' lang='lat' dir='ltr'><strong><em>providentia</em></strong></span> <span class='ocrx_word' id='word_1_615' title='bbox 3351 1631 3643 1703; x_wconf 76' lang='lat' dir='ltr'><strong><em>judicabat.</em></strong></span> 
     </span>
    </p>
   </div>
   <div class='ocr_carea' id='block_1_76' title="bbox 2060 1705 3753 1794">
    <p class='ocr_par' dir='ltr' id='par_1_76' title="bbox 2060 1705 3753 1794">
     <span class='ocr_line' id='line_1_76' title="bbox 2060 1705 3753 1794; baseline 0.016 -32"><span class='ocrx_word' id='word_1_616' title='bbox 2060 1705 2193 1764; x_wconf 86' lang='lat' dir='ltr'><strong><em>Mitti</em></strong></span> <span class='ocrx_word' id='word_1_617' title='bbox 2220 1724 2432 1781; x_wconf 90' lang='lat' dir='ltr'><strong><em>quoque</em></strong></span> <span class='ocrx_word' id='word_1_618' title='bbox 2457 1710 2523 1767; x_wconf 90' lang='lat' dir='ltr'><strong><em>ad</em></strong></span> <span class='ocrx_word' id='word_1_619' title='bbox 2552 1713 2699 1770; x_wconf 89' lang='lat' dir='ltr'><strong><em>vivos</em></strong></span> <span class='ocrx_word' id='word_1_620' title='bbox 2720 1716 2925 1787; x_wconf 88' lang='lat' dir='ltr'><strong><em>aliquos</em></strong></span> <span class='ocrx_word' id='word_1_621' title='bbox 2946 1733 3012 1774; x_wconf 83' lang='lat' dir='ltr'><strong><em>ex</em></strong></span> <span class='ocrx_word' id='word_1_622' title='bbox 3034 1721 3285 1794; x_wconf 78' lang='lat' dir='ltr'><strong><em>mortuis,</em></strong></span> <span class='ocrx_word' id='word_1_623' title='bbox 3310 1722 3447 1779; x_wconf 85' lang='lat' dir='ltr'><strong><em>sicut</em></strong></span> <span class='ocrx_word' id='word_1_624' title='bbox 3469 1737 3501 1779; x_wconf 89' lang='lat' dir='ltr'><strong><em>e</em></strong></span> <span class='ocrx_word' id='word_1_625' title='bbox 3519 1737 3648 1783; x_wconf 83' lang='lat' dir='ltr'><strong><em>con—</em></strong></span> <span class='ocrx_word' id='word_1_626' title='bbox 3752 1786 3753 1789; x_wconf 44' lang='grc' dir='ltr'><strong>η</strong></span> 
     </span>
    </p>
   </div>
   <div class='ocr_carea' id='block_1_77' title="bbox 2061 1800 3646 1884">
    <p class='ocr_par' dir='ltr' id='par_1_77' title="bbox 2061 1800 3646 1884">
     <span class='ocr_line' id='line_1_77' title="bbox 2061 1800 3646 1884; baseline 0.013 -30"><span class='ocrx_word' id='word_1_627' title='bbox 2061 1800 2225 1857; x_wconf 88' lang='lat' dir='ltr'><strong><em>trario</em></strong></span> <span class='ocrx_word' id='word_1_628' title='bbox 2244 1802 2437 1859; x_wconf 89' lang='lat' dir='ltr'><strong><em>Paulus</em></strong></span> <span class='ocrx_word' id='word_1_629' title='bbox 2462 1821 2528 1861; x_wconf 83' lang='lat' dir='ltr'><strong><em>ex</em></strong></span> <span class='ocrx_word' id='word_1_630' title='bbox 2550 1805 2685 1863; x_wconf 90' lang='lat' dir='ltr'><strong><em>vivis</em></strong></span> <span class='ocrx_word' id='word_1_631' title='bbox 2708 1808 2761 1864; x_wconf 91' lang='lat' dir='ltr'><strong><em>in</em></strong></span> <span class='ocrx_word' id='word_1_632' title='bbox 2792 1810 3096 1879; x_wconf 84' lang='lat' dir='ltr'><strong><em>paradismn</em></strong></span> <span class='ocrx_word' id='word_1_633' title='bbox 3120 1823 3302 1884; x_wconf 88' lang='lat' dir='ltr'><strong><em>raptus</em></strong></span> <span class='ocrx_word' id='word_1_634' title='bbox 3329 1824 3441 1883; x_wconf 86' lang='lat' dir='ltr'><strong><em>est,</em></strong></span> <span class='ocrx_word' id='word_1_635' title='bbox 3467 1815 3646 1873; x_wconf 87' lang='lat' dir='ltr'><strong><em>divina</em></strong></span> 
     </span>
    </p>
   </div>
   <div class='ocr_carea' id='block_1_78' title="bbox 2059 1890 3649 1978">
    <p class='ocr_par' dir='ltr' id='par_1_78' title="bbox 2059 1890 3649 1978">
     <span class='ocr_line' id='line_1_78' title="bbox 2059 1890 3649 1978; baseline 0.01 -28"><span class='ocrx_word' id='word_1_636' title='bbox 2059 1890 2329 1965; x_wconf 88' lang='lat' dir='ltr'><strong><em>Scriptura</em></strong></span> <span class='ocrx_word' id='word_1_637' title='bbox 2361 1907 2582 1954; x_wconf 87' lang='lat' dir='ltr'><strong><em>testatur</em></strong></span> <span class='ocrx_word' id='word_1_638' title='bbox 2613 1899 2680 1973; x_wconf 89' lang='lat' dir='ltr'><strong><em>(ll</em></strong></span> <span class='ocrx_word' id='word_1_639' title='bbox 2720 1900 2837 1957; x_wconf 84' lang='lat' dir='ltr'><strong><em>Cor.</em></strong></span> <span class='ocrx_word' id='word_1_640' title='bbox 2880 1919 2977 1972; x_wconf 83' lang='lat' dir='ltr'><strong><em>xu,</em></strong></span> <span class='ocrx_word' id='word_1_641' title='bbox 3007 1902 3086 1975; x_wconf 86' lang='lat'><strong><em>2).</em></strong></span> <span class='ocrx_word' id='word_1_642' title='bbox 3116 1905 3251 1962; x_wconf 81' lang='lat' dir='ltr'><strong><em>Nam</em></strong></span> <span class='ocrx_word' id='word_1_643' title='bbox 3280 1906 3497 1964; x_wconf 79' lang='lat' dir='ltr'><strong><em>Samuel</em></strong></span> <span class='ocrx_word' id='word_1_644' title='bbox 3527 1923 3649 1978; x_wconf 86' lang='lat' dir='ltr'><strong><em>pro-</em></strong></span> 
     </span>
    </p>
   </div>
   <div class='ocr_carea' id='block_1_79' title="bbox 2059 1984 3651 2071">
    <p class='ocr_par' dir='ltr' id='par_1_79' title="bbox 2059 1984 3651 2071">
     <span class='ocr_line' id='line_1_79' title="bbox 2059 1984 3651 2071; baseline 0.013 -32"><span class='ocrx_word' id='word_1_645' title='bbox 2059 1984 2217 2058; x_wconf 89' lang='lat' dir='ltr'><strong><em>pheta</em></strong></span> <span class='ocrx_word' id='word_1_646' title='bbox 2248 1986 2526 2048; x_wconf 85' lang='lat' dir='ltr'><strong><em>dei&#39;unctus</em></strong></span> <span class='ocrx_word' id='word_1_647' title='bbox 2550 1993 2672 2048; x_wconf 93' lang='lat' dir='ltr'><strong><em>vivo</em></strong></span> <span class='ocrx_word' id='word_1_648' title='bbox 2699 1993 2846 2051; x_wconf 81' lang='lat' dir='ltr'><strong><em>Saiili</em></strong></span> <span class='ocrx_word' id='word_1_649' title='bbox 2876 1996 3037 2052; x_wconf 90' lang='lat' dir='ltr'><strong><em>etiam</em></strong></span> <span class='ocrx_word' id='word_1_650' title='bbox 3066 1998 3180 2069; x_wconf 84' lang='lat' dir='ltr'><strong><em>regi</em></strong></span> <span class='ocrx_word' id='word_1_651' title='bbox 3207 1998 3379 2055; x_wconf 78' lang='lat' dir='ltr'><strong><em>futura</em></strong></span> <span class='ocrx_word' id='word_1_652' title='bbox 3404 2001 3651 2071; x_wconf 66' lang='lat' dir='ltr'><strong><em>prmdixit</em></strong></span> 
     </span>
    </p>
   </div>
   <div class='ocr_carea' id='block_1_80' title="bbox 2066 2075 3649 2164">
    <p class='ocr_par' dir='ltr' id='par_1_80' title="bbox 2066 2075 3649 2164">
     <span class='ocr_line' id='line_1_80' title="bbox 2066 2075 3649 2164; baseline 0.012 -33"><span class='ocrx_word' id='word_1_653' title='bbox 2066 2075 2125 2150; x_wconf 88' lang='grc'><strong><em>(1</em></strong></span> <span class='ocrx_word' id='word_1_654' title='bbox 2153 2077 2279 2151; x_wconf 85' lang='lat' dir='ltr'><strong><em>Reg.</em></strong></span> <span class='ocrx_word' id='word_1_655' title='bbox 2327 2097 2511 2151; x_wconf 86' lang='lat' dir='ltr'><strong><em>xxvnt,</em></strong></span> <span class='ocrx_word' id='word_1_656' title='bbox 2544 2084 2712 2153; x_wconf 75' lang='lat'><strong><em>7-19)</em></strong></span> <span class='ocrx_word' id='word_1_657' title='bbox 2749 2103 2763 2140; x_wconf 89' lang='lat'><strong>:</strong></span> <span class='ocrx_word' id='word_1_658' title='bbox 2795 2087 3035 2157; x_wconf 87' lang='lat' dir='ltr'><strong><em>quamvis</em></strong></span> <span class='ocrx_word' id='word_1_659' title='bbox 3069 2089 3312 2147; x_wconf 85' lang='lat' dir='ltr'><strong><em>nonnulli</em></strong></span> <span class='ocrx_word' id='word_1_660' title='bbox 3339 2107 3450 2150; x_wconf 84' lang='lat' dir='ltr'><strong><em>non</em></strong></span> <span class='ocrx_word' id='word_1_661' title='bbox 3476 2094 3649 2164; x_wconf 79' lang='lat' dir='ltr'><strong><em>ipsum</em></strong></span> 
     </span>
    </p>
   </div>
   <div class='ocr_carea' id='block_1_81' title="bbox 2063 2166 3650 2251">
    <p class='ocr_par' dir='ltr' id='par_1_81' title="bbox 2063 2166 3650 2251">
     <span class='ocr_line' id='line_1_81' title="bbox 2063 2166 3650 2251; baseline 0.013 -28"><span class='ocrx_word' id='word_1_662' title='bbox 2063 2166 2228 2226; x_wconf 82' lang='lat' dir='ltr'><strong><em>fuisse</em></strong></span> <span class='ocrx_word' id='word_1_663' title='bbox 2256 2173 2346 2244; x_wconf 89' lang='lat' dir='ltr'><strong><em>qui</em></strong></span> <span class='ocrx_word' id='word_1_664' title='bbox 2375 2176 2633 2245; x_wconf 90' lang='lat' dir='ltr'><strong><em>potuisset</em></strong></span> <span class='ocrx_word' id='word_1_665' title='bbox 2676 2179 2895 2248; x_wconf 85' lang='lat' dir='ltr'><strong><em>magicis</em></strong></span> <span class='ocrx_word' id='word_1_666' title='bbox 2924 2180 3127 2237; x_wconf 87' lang='lat' dir='ltr'><strong><em>artibus</em></strong></span> <span class='ocrx_word' id='word_1_667' title='bbox 3153 2183 3399 2251; x_wconf 88' lang='lat' dir='ltr'><strong><em>evocari,</em></strong></span> <span class='ocrx_word' id='word_1_668' title='bbox 3425 2184 3522 2243; x_wconf 82' lang='lat' dir='ltr'><strong><em>sed</em></strong></span> <span class='ocrx_word' id='word_1_669' title='bbox 3545 2186 3650 2242; x_wconf 75' lang='lat' dir='ltr'><strong><em>nli-</em></strong></span> 
     </span>
    </p>
   </div>
   <div class='ocr_carea' id='block_1_82' title="bbox 2061 2266 3651 2347">
    <p class='ocr_par' dir='ltr' id='par_1_82' title="bbox 2061 2266 3651 2347">
     <span class='ocr_line' id='line_1_82' title="bbox 2061 2266 3651 2347; baseline 0.011 -31"><span class='ocrx_word' id='word_1_670' title='bbox 2061 2279 2219 2335; x_wconf 88' lang='lat' dir='ltr'><strong><em>quem</em></strong></span> <span class='ocrx_word' id='word_1_671' title='bbox 2250 2266 2492 2337; x_wconf 90' lang='lat' dir='ltr'><strong><em>spiritum</em></strong></span> <span class='ocrx_word' id='word_1_672' title='bbox 2522 2279 2625 2324; x_wconf 90' lang='lat' dir='ltr'><strong><em>tam</em></strong></span> <span class='ocrx_word' id='word_1_673' title='bbox 2653 2271 2806 2326; x_wconf 90' lang='lat' dir='ltr'><strong><em>malis</em></strong></span> <span class='ocrx_word' id='word_1_674' title='bbox 2832 2272 3084 2342; x_wconf 89' lang='lat' dir='ltr'><strong><em>operibus</em></strong></span> <span class='ocrx_word' id='word_1_675' title='bbox 3104 2284 3485 2347; x_wconf 84' lang='lat' dir='ltr'><strong><em>congruentem</em></strong></span> <span class='ocrx_word' id='word_1_676' title='bbox 3507 2277 3651 2334; x_wconf 86' lang='lat' dir='ltr'><strong><em>illius</em></strong></span> 
     </span>
    </p>
   </div>
   <div class='ocr_carea' id='block_1_83' title="bbox 2060 2353 3651 2434">
    <p class='ocr_par' dir='ltr' id='par_1_83' title="bbox 2060 2353 3651 2434">
     <span class='ocr_line' id='line_1_83' title="bbox 2060 2353 3651 2434; baseline 0.013 -29"><span class='ocrx_word' id='word_1_677' title='bbox 2060 2353 2368 2410; x_wconf 79' lang='lat' dir='ltr'><strong><em>existiment</em></strong></span> <span class='ocrx_word' id='word_1_678' title='bbox 2386 2355 2789 2415; x_wconf 88' lang='lat' dir='ltr'><strong><em>similitudinem</em></strong></span> <span class='ocrx_word' id='word_1_679' title='bbox 2812 2360 3070 2432; x_wconf 82' lang='lat' dir='ltr'><strong><em>ﬁgurasse</em></strong></span> <span class='ocrx_word' id='word_1_680' title='bbox 3096 2362 3176 2434; x_wconf 82' lang='grc' dir='ltr'><strong><em>(α)</em></strong></span> <span class='ocrx_word' id='word_1_681' title='bbox 3206 2382 3221 2418; x_wconf 90' lang='lat'><strong>:</strong></span> <span class='ocrx_word' id='word_1_682' title='bbox 3244 2380 3365 2420; x_wconf 88' lang='lat' dir='ltr'><strong><em>cum</em></strong></span> <span class='ocrx_word' id='word_1_683' title='bbox 3392 2366 3531 2422; x_wconf 79' lang='lat' dir='ltr'><strong><em>liber</em></strong></span> <span class='ocrx_word' id='word_1_684' title='bbox 3548 2366 3651 2424; x_wconf 81' lang='lat' dir='ltr'><strong><em>Eo-</em></strong></span> 
     </span>
    </p>
   </div>
   <div class='ocr_carea' id='block_1_84' title="bbox 2062 2440 3651 2523">
    <p class='ocr_par' dir='ltr' id='par_1_84' title="bbox 2062 2440 3651 2523">
     <span class='ocr_line' id='line_1_84' title="bbox 2062 2440 3651 2523; baseline 0.013 -28"><span class='ocrx_word' id='word_1_685' title='bbox 2062 2440 2410 2511; x_wconf 88' lang='lat' dir='ltr'><strong><em>clesiasticus,</em></strong></span> <span class='ocrx_word' id='word_1_686' title='bbox 2438 2462 2596 2517; x_wconf 90' lang='lat' dir='ltr'><strong><em>quem</em></strong></span> <span class='ocrx_word' id='word_1_687' title='bbox 2626 2447 2778 2504; x_wconf 83' lang='lat' dir='ltr'><strong><em>Jesus</em></strong></span> <span class='ocrx_word' id='word_1_688' title='bbox 2803 2449 2941 2506; x_wconf 84' lang='lat' dir='ltr'><strong><em>ﬁlius</em></strong></span> <span class='ocrx_word' id='word_1_689' title='bbox 2967 2450 3155 2507; x_wconf 87' lang='lat' dir='ltr'><strong><em>Siracb</em></strong></span> <span class='ocrx_word' id='word_1_690' title='bbox 3178 2453 3458 2523; x_wconf 88' lang='lat' dir='ltr'><strong><em>scripsisse</em></strong></span> <span class='ocrx_word' id='word_1_691' title='bbox 3485 2455 3651 2513; x_wconf 81' lang='lat' dir='ltr'><strong><em>tradi-</em></strong></span> 
     </span>
    </p>
   </div>
   <div class='ocr_carea' id='block_1_85' title="bbox 2063 2539 3649 2611">
    <p class='ocr_par' dir='ltr' id='par_1_85' title="bbox 2063 2539 3649 2611">
     <span class='ocr_line' id='line_1_85' title="bbox 2063 2539 3649 2611; baseline 0.01 -23"><span class='ocrx_word' id='word_1_692' title='bbox 2063 2540 2166 2601; x_wconf 90' lang='lat' dir='ltr'><strong><em>tur,</em></strong></span> <span class='ocrx_word' id='word_1_693' title='bbox 2195 2544 2251 2591; x_wconf 91' lang='lat' dir='ltr'><strong><em>et</em></strong></span> <span class='ocrx_word' id='word_1_694' title='bbox 2283 2546 2500 2609; x_wconf 87' lang='lat' dir='ltr'><strong><em>propter</em></strong></span> <span class='ocrx_word' id='word_1_695' title='bbox 2527 2539 2722 2611; x_wconf 86' lang='lat' dir='ltr'><strong><em>eloquii</em></strong></span> <span class='ocrx_word' id='word_1_696' title='bbox 2761 2542 3070 2598; x_wconf 89' lang='lat' dir='ltr'><strong><em>nonnullam</em></strong></span> <span class='ocrx_word' id='word_1_697' title='bbox 3108 2542 3513 2601; x_wconf 80' lang='lat' dir='ltr'><strong><em>similitudinem</em></strong></span> <span class='ocrx_word' id='word_1_698' title='bbox 3545 2545 3649 2604; x_wconf 80' lang='lat' dir='ltr'><strong><em>Sa-</em></strong></span> 
     </span>
    </p>
   </div>
   <div class='ocr_carea' id='block_1_86' title="bbox 2063 2623 3643 2711">
    <p class='ocr_par' dir='ltr' id='par_1_86' title="bbox 2063 2623 3643 2711">
     <span class='ocr_line' id='line_1_86' title="bbox 2063 2623 3643 2711; baseline 0.01 -31"><span class='ocrx_word' id='word_1_699' title='bbox 2063 2623 2291 2683; x_wconf 90' lang='lat' dir='ltr'><strong><em>lomonis</em></strong></span> <span class='ocrx_word' id='word_1_700' title='bbox 2319 2631 2690 2711; x_wconf 85' lang='lat' dir='ltr'><strong><em>pronuntiatur</em></strong></span> <span class='ocrx_word' id='word_1_701' title='bbox 2721 2631 2815 2704; x_wconf 88' lang='lat' dir='ltr'><strong><em>(b),</em></strong></span> <span class='ocrx_word' id='word_1_702' title='bbox 2837 2636 3107 2692; x_wconf 85' lang='lat' dir='ltr'><strong><em>contineat</em></strong></span> <span class='ocrx_word' id='word_1_703' title='bbox 3135 2637 3190 2691; x_wconf 90' lang='lat' dir='ltr'><strong><em>in</em></strong></span> <span class='ocrx_word' id='word_1_704' title='bbox 3219 2637 3375 2693; x_wconf 87' lang='lat' dir='ltr'><strong><em>laude</em></strong></span> <span class='ocrx_word' id='word_1_705' title='bbox 3406 2648 3643 2710; x_wconf 79' lang='lat' dir='ltr'><strong><em>patrum,</em></strong></span> 
     </span>
    </p>
   </div>
   <div class='ocr_carea' id='block_1_87' title="bbox 2063 2719 3647 2802">
    <p class='ocr_par' dir='ltr' id='par_1_87' title="bbox 2063 2719 3647 2802">
     <span class='ocr_line' id='line_1_87' title="bbox 2063 2719 3647 2802; baseline 0.008 -27"><span class='ocrx_word' id='word_1_706' title='bbox 2063 2719 2202 2790; x_wconf 87' lang='lat' dir='ltr'><strong><em>quod</em></strong></span> <span class='ocrx_word' id='word_1_707' title='bbox 2250 2720 2461 2778; x_wconf 82' lang='lat' dir='ltr'><strong><em>Samuel</em></strong></span> <span class='ocrx_word' id='word_1_708' title='bbox 2501 2725 2660 2780; x_wconf 88' lang='lat' dir='ltr'><strong><em>etiam</em></strong></span> <span class='ocrx_word' id='word_1_709' title='bbox 2713 2736 2955 2783; x_wconf 87' lang='lat' dir='ltr'><strong><em>mortuus</em></strong></span> <span class='ocrx_word' id='word_1_710' title='bbox 2996 2729 3398 2801; x_wconf 85' lang='lat' dir='ltr'><strong><em>prophetaverit</em></strong></span> <span class='ocrx_word' id='word_1_711' title='bbox 3442 2730 3647 2802; x_wconf 66' lang='lat' dir='ltr'><strong><em>(Ereti.</em></strong></span> 
     </span>
    </p>
   </div>
   <div class='ocr_carea' id='block_1_88' title="bbox 2064 2812 3652 2895">
    <p class='ocr_par' dir='ltr' id='par_1_88' title="bbox 2064 2812 3652 2895">
     <span class='ocr_line' id='line_1_88' title="bbox 2064 2812 3652 2895; baseline 0.009 -29"><span class='ocrx_word' id='word_1_712' title='bbox 2064 2828 2211 2877; x_wconf 73' lang='lat' dir='ltr'><strong><em>XLVI,</em></strong></span> <span class='ocrx_word' id='word_1_713' title='bbox 2242 2812 2352 2885; x_wconf 73' lang='lat'><strong><em>25).</em></strong></span> <span class='ocrx_word' id='word_1_714' title='bbox 2385 2812 2490 2870; x_wconf 90' lang='lat' dir='ltr'><strong><em>Sed</em></strong></span> <span class='ocrx_word' id='word_1_715' title='bbox 2536 2814 2579 2871; x_wconf 90' lang='lat' dir='ltr'><strong><em>si</em></strong></span> <span class='ocrx_word' id='word_1_716' title='bbox 2608 2815 2733 2873; x_wconf 88' lang='lat' dir='ltr'><strong><em>huic</em></strong></span> <span class='ocrx_word' id='word_1_717' title='bbox 2774 2817 2910 2874; x_wconf 92' lang='lat' dir='ltr'><strong><em>libro</em></strong></span> <span class='ocrx_word' id='word_1_718' title='bbox 2938 2834 3001 2875; x_wconf 84' lang='lat' dir='ltr'><strong><em>ex</em></strong></span> <span class='ocrx_word' id='word_1_719' title='bbox 3052 2819 3398 2877; x_wconf 63' lang='lat' dir='ltr'><strong><em>Hebraeorum</em></strong></span> <span class='ocrx_word' id='word_1_720' title='bbox 3424 2821 3652 2895; x_wconf 78' lang='lat' dir='ltr'><strong><em>(quiain</em></strong></span> 
     </span>
    </p>
   </div>
   <div class='ocr_carea' id='block_1_89' title="bbox 2065 2905 3654 2986">
    <p class='ocr_par' dir='ltr' id='par_1_89' title="bbox 2065 2905 3654 2986">
     <span class='ocr_line' id='line_1_89' title="bbox 2065 2905 3654 2986; baseline 0.009 -29"><span class='ocrx_word' id='word_1_721' title='bbox 2065 2917 2249 2959; x_wconf 89' lang='lat' dir='ltr'><strong><em>eorum</em></strong></span> <span class='ocrx_word' id='word_1_722' title='bbox 2277 2920 2384 2960; x_wconf 89' lang='lat' dir='ltr'><strong><em>non</em></strong></span> <span class='ocrx_word' id='word_1_723' title='bbox 2411 2905 2514 2978; x_wconf 89' lang='lat' dir='ltr'><strong><em>est)</em></strong></span> <span class='ocrx_word' id='word_1_724' title='bbox 2541 2922 2746 2965; x_wconf 88' lang='lat' dir='ltr'><strong><em>canone</em></strong></span> <span class='ocrx_word' id='word_1_725' title='bbox 2784 2909 3199 2978; x_wconf 86' lang='lat' dir='ltr'><strong><em>contradicitur;</em></strong></span> <span class='ocrx_word' id='word_1_726' title='bbox 3227 2911 3355 2985; x_wconf 86' lang='lat' dir='ltr'><strong><em>quid</em></strong></span> <span class='ocrx_word' id='word_1_727' title='bbox 3381 2911 3449 2969; x_wconf 86' lang='lat' dir='ltr'><strong><em>de</em></strong></span> <span class='ocrx_word' id='word_1_728' title='bbox 3473 2913 3654 2986; x_wconf 73' lang='lat' dir='ltr'><strong><em>Moyse</em></strong></span> 
     </span>
    </p>
   </div>
   <div class='ocr_carea' id='block_1_90' title="bbox 2064 2993 3654 3071">
    <p class='ocr_par' dir='ltr' id='par_1_90' title="bbox 2064 2993 3654 3071">
     <span class='ocr_line' id='line_1_90' title="bbox 2064 2993 3654 3071; baseline 0.008 -20"><span class='ocrx_word' id='word_1_729' title='bbox 2064 2993 2257 3052; x_wconf 89' lang='lat' dir='ltr'><strong><em>dicturi</em></strong></span> <span class='ocrx_word' id='word_1_730' title='bbox 2284 3013 2490 3066; x_wconf 90' lang='lat' dir='ltr'><strong><em>sumus,</em></strong></span> <span class='ocrx_word' id='word_1_731' title='bbox 2519 3000 2607 3071; x_wconf 88' lang='lat' dir='ltr'><strong><em>qui</em></strong></span> <span class='ocrx_word' id='word_1_732' title='bbox 2634 3010 2781 3058; x_wconf 91' lang='lat' dir='ltr'><strong><em>certe</em></strong></span> <span class='ocrx_word' id='word_1_733' title='bbox 2806 3011 2861 3058; x_wconf 87' lang='lat' dir='ltr'><strong><em>et</em></strong></span> <span class='ocrx_word' id='word_1_734' title='bbox 2884 3002 2937 3058; x_wconf 92' lang='lat' dir='ltr'><strong><em>in</em></strong></span> <span class='ocrx_word' id='word_1_735' title='bbox 2968 3003 3381 3061; x_wconf 87' lang='lat' dir='ltr'><strong><em>Deuteronomio</em></strong></span> <span class='ocrx_word' id='word_1_736' title='bbox 3408 3013 3654 3063; x_wconf 85' lang='lat' dir='ltr'><strong><em>mortuus</em></strong></span> 
     </span>
    </p>
   </div>
   <div class='ocr_carea' id='block_1_91' title="bbox 2067 3085 3656 3167">
    <p class='ocr_par' dir='ltr' id='par_1_91' title="bbox 2067 3085 3656 3167">
     <span class='ocr_line' id='line_1_91' title="bbox 2067 3085 3656 3167; baseline 0.008 -26"><span class='ocrx_word' id='word_1_737' title='bbox 2067 3085 2241 3159; x_wconf 83' lang='lat' dir='ltr'><strong><em>(Deut.</em></strong></span> <span class='ocrx_word' id='word_1_738' title='bbox 2278 3104 2472 3156; x_wconf 82' lang='lat' dir='ltr'><strong><em>xxxiv,</em></strong></span> <span class='ocrx_word' id='word_1_739' title='bbox 2493 3088 2573 3161; x_wconf 81' lang='lat'><strong><em>5),</em></strong></span> <span class='ocrx_word' id='word_1_740' title='bbox 2597 3100 2652 3147; x_wconf 89' lang='lat' dir='ltr'><strong><em>et</em></strong></span> <span class='ocrx_word' id='word_1_741' title='bbox 2681 3092 2733 3147; x_wconf 92' lang='lat' dir='ltr'><strong><em>in</em></strong></span> <span class='ocrx_word' id='word_1_742' title='bbox 2763 3092 3052 3165; x_wconf 88' lang='lat' dir='ltr'><strong><em>Evangelio</em></strong></span> <span class='ocrx_word' id='word_1_743' title='bbox 3077 3108 3199 3150; x_wconf 87' lang='lat' dir='ltr'><strong><em>cum</em></strong></span> <span class='ocrx_word' id='word_1_744' title='bbox 3226 3094 3371 3161; x_wconf 86' lang='lat' dir='ltr'><strong><em>Elia,</em></strong></span> <span class='ocrx_word' id='word_1_745' title='bbox 3398 3096 3493 3167; x_wconf 83' lang='lat' dir='ltr'><strong><em>qui</em></strong></span> <span class='ocrx_word' id='word_1_746' title='bbox 3511 3110 3656 3154; x_wconf 87' lang='lat' dir='ltr'><strong><em>mor-</em></strong></span> 
     </span>
    </p>
   </div>
   <div class='ocr_carea' id='block_1_92' title="bbox 2067 3181 3650 3258">
    <p class='ocr_par' dir='ltr' id='par_1_92' title="bbox 2067 3181 3650 3258">
     <span class='ocr_line' id='line_1_92' title="bbox 2067 3181 3650 3258; baseline 0.007 -27"><span class='ocrx_word' id='word_1_747' title='bbox 2067 3187 2188 3234; x_wconf 91' lang='lat' dir='ltr'><strong><em>tuus</em></strong></span> <span class='ocrx_word' id='word_1_748' title='bbox 2214 3194 2318 3235; x_wconf 89' lang='lat' dir='ltr'><strong><em>non</em></strong></span> <span class='ocrx_word' id='word_1_749' title='bbox 2365 3188 2480 3248; x_wconf 91' lang='lat' dir='ltr'><strong><em>est,</em></strong></span> <span class='ocrx_word' id='word_1_750' title='bbox 2513 3181 2706 3253; x_wconf 85' lang='lat' dir='ltr'><strong><em>legitur</em></strong></span> <span class='ocrx_word' id='word_1_751' title='bbox 2740 3184 3050 3255; x_wconf 87' lang='lat' dir='ltr'><strong><em>apparuisse</em></strong></span> <span class='ocrx_word' id='word_1_752' title='bbox 3089 3184 3390 3242; x_wconf 87' lang='lat' dir='ltr'><strong><em>viventibus</em></strong></span> <span class='ocrx_word' id='word_1_753' title='bbox 3417 3185 3438 3258; x_wconf 90' lang='lat'>(</span> <span class='ocrx_word' id='word_1_754' title='bbox 3461 3184 3650 3245; x_wconf 70' lang='lat' dir='ltr'><strong><em>Matth.</em></strong></span> 
     </span>
    </p>
   </div>
   <div class='ocr_carea' id='block_1_93' title="bbox 2064 3272 2334 3344">
    <p class='ocr_par' dir='ltr' id='par_1_93' title="bbox 2064 3272 2334 3344">
     <span class='ocr_line' id='line_1_93' title="bbox 2064 3272 2334 3344; baseline 0.004 -18"><span class='ocrx_word' id='word_1_755' title='bbox 2064 3287 2179 3327; x_wconf 85' lang='lat' dir='ltr'><strong><em>xvn</em></strong></span> <span class='ocrx_word' id='word_1_756' title='bbox 2194 3313 2207 3335; x_wconf 91' lang='lat'><strong><em>,</em></strong></span> <span class='ocrx_word' id='word_1_757' title='bbox 2237 3272 2334 3344; x_wconf 80' lang='lat'><strong><em>5)?</em></strong></span> 
     </span>
    </p>
   </div>
   <div class='ocr_carea' id='block_1_94' title="bbox 2137 3360 3654 3440">
    <p class='ocr_par' dir='ltr' id='par_1_94' title="bbox 2137 3360 3654 3440">
     <span class='ocr_line' id='line_1_94' title="bbox 2137 3360 3654 3440; baseline 0.007 -22"><span class='ocrx_word' id='word_1_758' title='bbox 2137 3360 2362 3420; x_wconf 84' lang='lat' dir='ltr'><strong><em>CAPUT</em></strong></span> <span class='ocrx_word' id='word_1_759' title='bbox 2400 3363 2538 3419; x_wconf 79' lang='lat' dir='ltr'><strong><em>XVI.</em></strong></span> <span class='ocrx_word' id='word_1_760' title='bbox 2566 3394 2639 3407; x_wconf 89' lang='lat'><strong>—</strong></span> <span class='ocrx_word' id='word_1_761' title='bbox 2663 3364 2746 3423; x_wconf 77' lang='lat' dir='ltr'><strong><em>i9.</em></strong></span> <span class='ocrx_word' id='word_1_762' title='bbox 2781 3366 3036 3440; x_wconf 73' lang='lat' dir='ltr'><strong><em>Martyres</em></strong></span> <span class='ocrx_word' id='word_1_763' title='bbox 3069 3368 3244 3425; x_wconf 84' lang='lat' dir='ltr'><strong><em>adesse</em></strong></span> <span class='ocrx_word' id='word_1_764' title='bbox 3268 3370 3531 3427; x_wconf 74' lang='lat' dir='ltr'><strong><em>nonnullis</em></strong></span> <span class='ocrx_word' id='word_1_765' title='bbox 3554 3371 3654 3429; x_wconf 75' lang='lat' dir='ltr'><strong><em>ad-</em></strong></span> 
     </span>
    </p>
   </div>
   <div class='ocr_carea' id='block_1_95' title="bbox 2060 3454 3657 3539">
    <p class='ocr_par' dir='ltr' id='par_1_95' title="bbox 2060 3454 3657 3539">
     <span class='ocr_line' id='line_1_95' title="bbox 2060 3454 3657 3539; baseline 0.008 -30"><span class='ocrx_word' id='word_1_766' title='bbox 2060 3454 2323 3526; x_wconf 84' lang='lat' dir='ltr'><strong><em>juvandis.</em></strong></span> <span class='ocrx_word' id='word_1_767' title='bbox 2354 3456 2612 3539; x_wconf 78' lang='lat' dir='ltr'><strong><em>Quomodo</em></strong></span> <span class='ocrx_word' id='word_1_768' title='bbox 2640 3468 2885 3531; x_wconf 71' lang='lat' dir='ltr'><strong><em>martyres</em></strong></span> <span class='ocrx_word' id='word_1_769' title='bbox 2912 3459 3079 3516; x_wconf 84' lang='lat' dir='ltr'><strong><em>adsint</em></strong></span> <span class='ocrx_word' id='word_1_770' title='bbox 3107 3460 3533 3531; x_wconf 76' lang='lat' dir='ltr'><strong><em>periclitantibus,</em></strong></span> <span class='ocrx_word' id='word_1_771' title='bbox 3560 3478 3657 3520; x_wconf 76' lang='lat' dir='ltr'><strong><em>ns-</em></strong></span> 
     </span>
    </p>
   </div>
   <div class='ocr_carea' id='block_1_96' title="bbox 2068 3548 3659 3625">
    <p class='ocr_par' dir='ltr' id='par_1_96' title="bbox 2068 3548 3659 3625">
     <span class='ocr_line' id='line_1_96' title="bbox 2068 3548 3659 3625; baseline 0.006 -24"><span class='ocrx_word' id='word_1_772' title='bbox 2068 3555 2152 3618; x_wconf 89' lang='lat' dir='ltr'><strong><em>gat</em></strong></span> <span class='ocrx_word' id='word_1_773' title='bbox 2171 3563 2225 3602; x_wconf 88' lang='lat' dir='ltr'><strong><em>se</em></strong></span> <span class='ocrx_word' id='word_1_774' title='bbox 2249 3564 2395 3619; x_wconf 82' lang='lat' dir='ltr'><strong><em>posse</em></strong></span> <span class='ocrx_word' id='word_1_775' title='bbox 2413 3548 2641 3619; x_wconf 81' lang='lat' dir='ltr'><strong><em>deﬁnire.</em></strong></span> <span class='ocrx_word' id='word_1_776' title='bbox 2667 3550 2803 3607; x_wconf 83' lang='lat' dir='ltr'><strong><em>Hinc</em></strong></span> <span class='ocrx_word' id='word_1_777' title='bbox 2825 3560 2877 3606; x_wconf 88' lang='lat' dir='ltr'><strong><em>et</em></strong></span> <span class='ocrx_word' id='word_1_778' title='bbox 2899 3551 2986 3607; x_wconf 87' lang='lat' dir='ltr'><strong><em>illa</em></strong></span> <span class='ocrx_word' id='word_1_779' title='bbox 3012 3551 3233 3609; x_wconf 84' lang='lat' dir='ltr'><strong><em>solvitur</em></strong></span> <span class='ocrx_word' id='word_1_780' title='bbox 3255 3553 3499 3624; x_wconf 64' lang='lat' dir='ltr'><strong><em>quastio,</em></strong></span> <span class='ocrx_word' id='word_1_781' title='bbox 3518 3569 3659 3625; x_wconf 75' lang='lat' dir='ltr'><strong><em>quo-</em></strong></span> 
     </span>
    </p>
   </div>
   <div class='ocr_carea' id='block_1_97' title="bbox 2070 3637 3653 3713">
    <p class='ocr_par' dir='ltr' id='par_1_97' title="bbox 2070 3637 3653 3713">
     <span class='ocr_line' id='line_1_97' title="bbox 2070 3637 3653 3713; baseline 0.006 -20"><span class='ocrx_word' id='word_1_782' title='bbox 2070 3637 2230 3693; x_wconf 90' lang='lat' dir='ltr'><strong><em>modo</em></strong></span> <span class='ocrx_word' id='word_1_783' title='bbox 2258 3648 2520 3711; x_wconf 78' lang='lat' dir='ltr'><strong><em>martyres</em></strong></span> <span class='ocrx_word' id='word_1_784' title='bbox 2546 3641 2674 3710; x_wconf 88' lang='lat' dir='ltr'><strong><em>ipsis</em></strong></span> <span class='ocrx_word' id='word_1_785' title='bbox 2700 3642 2973 3698; x_wconf 79' lang='lat' dir='ltr'><strong><em>beneﬁciis</em></strong></span> <span class='ocrx_word' id='word_1_786' title='bbox 2995 3658 3115 3713; x_wconf 64' lang='lat' dir='ltr'><strong><em>quae</em></strong></span> <span class='ocrx_word' id='word_1_787' title='bbox 3135 3642 3330 3700; x_wconf 87' lang='lat' dir='ltr'><strong><em>dantur</em></strong></span> <span class='ocrx_word' id='word_1_788' title='bbox 3356 3645 3653 3713; x_wconf 74' lang='lat' dir='ltr'><strong><em>orantibus,</em></strong></span> 
     </span>
    </p>
   </div>
   <div class='ocr_carea' id='block_1_98' title="bbox 2071 3728 3656 3800">
    <p class='ocr_par' dir='ltr' id='par_1_98' title="bbox 2071 3728 3656 3800">
     <span class='ocr_line' id='line_1_98' title="bbox 2071 3728 3656 3800; baseline 0.006 -17"><span class='ocrx_word' id='word_1_789' title='bbox 2071 3728 2307 3785; x_wconf 89' lang='lat' dir='ltr'><strong><em>indicant</em></strong></span> <span class='ocrx_word' id='word_1_790' title='bbox 2334 3746 2394 3786; x_wconf 89' lang='lat' dir='ltr'><strong><em>se</em></strong></span> <span class='ocrx_word' id='word_1_791' title='bbox 2419 3732 2676 3787; x_wconf 89' lang='lat' dir='ltr'><strong><em>interesse</em></strong></span> <span class='ocrx_word' id='word_1_792' title='bbox 2703 3732 2861 3788; x_wconf 89' lang='lat' dir='ltr'><strong><em>rebus</em></strong></span> <span class='ocrx_word' id='word_1_793' title='bbox 2883 3733 3155 3800; x_wconf 85' lang='lat' dir='ltr'><strong><em>humanis,</em></strong></span> <span class='ocrx_word' id='word_1_794' title='bbox 3181 3735 3225 3789; x_wconf 85' lang='lat' dir='ltr'><strong><em>si</em></strong></span> <span class='ocrx_word' id='word_1_795' title='bbox 3245 3735 3489 3792; x_wconf 87' lang='lat' dir='ltr'><strong><em>nesciunt</em></strong></span> <span class='ocrx_word' id='word_1_796' title='bbox 3508 3751 3656 3792; x_wconf 74' lang='lat' dir='ltr'><strong><em>nios-</em></strong></span> 
     </span>
    </p>
   </div>
   <div class='ocr_carea' id='block_1_99' title="bbox 2073 3820 3658 3891">
    <p class='ocr_par' dir='ltr' id='par_1_99' title="bbox 2073 3820 3658 3891">
     <span class='ocr_line' id='line_1_99' title="bbox 2073 3820 3658 3891; baseline 0.006 -17"><span class='ocrx_word' id='word_1_797' title='bbox 2073 3821 2145 3874; x_wconf 90' lang='lat' dir='ltr'><strong><em>tui</em></strong></span> <span class='ocrx_word' id='word_1_798' title='bbox 2172 3820 2298 3891; x_wconf 91' lang='lat' dir='ltr'><strong><em>quid</em></strong></span> <span class='ocrx_word' id='word_1_799' title='bbox 2324 3829 2482 3891; x_wconf 88' lang='lat' dir='ltr'><strong><em>agant</em></strong></span> <span class='ocrx_word' id='word_1_800' title='bbox 2506 3822 2634 3876; x_wconf 89' lang='lat' dir='ltr'><strong><em>vivi.</em></strong></span> <span class='ocrx_word' id='word_1_801' title='bbox 2660 3821 2775 3877; x_wconf 86' lang='lat' dir='ltr'><strong><em>Non</em></strong></span> <span class='ocrx_word' id='word_1_802' title='bbox 2800 3822 2945 3878; x_wconf 89' lang='lat' dir='ltr'><strong><em>enim</em></strong></span> <span class='ocrx_word' id='word_1_803' title='bbox 2967 3823 3097 3878; x_wconf 83' lang='lat' dir='ltr'><strong><em>solis</em></strong></span> <span class='ocrx_word' id='word_1_804' title='bbox 3118 3823 3499 3880; x_wconf 75' lang='lat' dir='ltr'><strong><em>beneﬁciorum</em></strong></span> <span class='ocrx_word' id='word_1_805' title='bbox 3526 3824 3658 3883; x_wconf 60' lang='lat' dir='ltr'><strong><em>ede-</em></strong></span> 
     </span>
    </p>
   </div>
   <div class='ocr_carea' id='block_1_100' title="bbox 2072 3900 3652 3984">
    <p class='ocr_par' dir='ltr' id='par_1_100' title="bbox 2072 3900 3652 3984">
     <span class='ocr_line' id='line_1_100' title="bbox 2072 3900 3652 3984; baseline 0.004 -18"><span class='ocrx_word' id='word_1_806' title='bbox 2072 3911 2267 3976; x_wconf 88' lang='lat' dir='ltr'><strong><em>ctibus,</em></strong></span> <span class='ocrx_word' id='word_1_807' title='bbox 2304 3926 2487 3965; x_wconf 88' lang='lat' dir='ltr'><strong><em>verum</em></strong></span> <span class='ocrx_word' id='word_1_808' title='bbox 2516 3912 2672 3967; x_wconf 90' lang='lat' dir='ltr'><strong><em>etiam</em></strong></span> <span class='ocrx_word' id='word_1_809' title='bbox 2705 3910 2837 3982; x_wconf 89' lang='lat' dir='ltr'><strong><em>ipsis</em></strong></span> <span class='ocrx_word' id='word_1_810' title='bbox 2872 3912 3146 3968; x_wconf 84' lang='lat' dir='ltr'><strong><em>hominum</em></strong></span> <span class='ocrx_word' id='word_1_811' title='bbox 3187 3913 3495 3984; x_wconf 81' lang='lat' dir='ltr'><strong><em>aSpeetibus</em></strong></span> <span class='ocrx_word' id='word_1_812' title='bbox 3520 3900 3652 3972; x_wconf 69' lang='lat' dir='ltr'><strong><em>eost-</em></strong></span> 
     </span>
    </p>
   </div>
   <div class='ocr_carea' id='block_1_101' title="bbox 2072 4000 3657 4078">
    <p class='ocr_par' dir='ltr' id='par_1_101' title="bbox 2072 4000 3657 4078">
     <span class='ocr_line' id='line_1_101' title="bbox 2072 4000 3657 4078; baseline 0.005 -23"><span class='ocrx_word' id='word_1_813' title='bbox 2072 4000 2331 4058; x_wconf 83' lang='lat' dir='ltr'><strong><em>t‘essorem</em></strong></span> <span class='ocrx_word' id='word_1_814' title='bbox 2373 4003 2681 4073; x_wconf 87' lang='lat' dir='ltr'><strong><em>apparuisse</em></strong></span> <span class='ocrx_word' id='word_1_815' title='bbox 2708 4001 2940 4058; x_wconf 85' lang='lat' dir='ltr'><strong><em>Felicem</em></strong></span> <span class='ocrx_word' id='word_1_816' title='bbox 2956 4043 2973 4069; x_wconf 97' lang='lat'><strong><em>,</em></strong></span> <span class='ocrx_word' id='word_1_817' title='bbox 2995 4004 3148 4074; x_wconf 80' lang='lat' dir='ltr'><strong><em>cujus</em></strong></span> <span class='ocrx_word' id='word_1_818' title='bbox 3172 4004 3543 4075; x_wconf 86' lang='lat' dir='ltr'><strong><em>inquilinatum</em></strong></span> <span class='ocrx_word' id='word_1_819' title='bbox 3566 4006 3657 4078; x_wconf 85' lang='lat' dir='ltr'><strong><em>pie</em></strong></span> 
     </span>
    </p>
   </div>
   <div class='ocr_carea' id='block_1_102' title="bbox 2072 4090 3660 4165">
    <p class='ocr_par' dir='ltr' id='par_1_102' title="bbox 2072 4090 3660 4165">
     <span class='ocr_line' id='line_1_102' title="bbox 2072 4090 3660 4165; baseline 0.004 -17"><span class='ocrx_word' id='word_1_820' title='bbox 2072 4090 2307 4163; x_wconf 80' lang='lat' dir='ltr'><strong><em>diligis&#39;,</em></strong></span> <span class='ocrx_word' id='word_1_821' title='bbox 2353 4106 2472 4147; x_wconf 91' lang='lat' dir='ltr'><strong><em>cum</em></strong></span> <span class='ocrx_word' id='word_1_822' title='bbox 2505 4107 2535 4146; x_wconf 88' lang='lat' dir='ltr'><strong><em>a</em></strong></span> <span class='ocrx_word' id='word_1_823' title='bbox 2568 4092 2818 4148; x_wconf 76' lang='lat' dir='ltr'><strong><em>Barbarie</em></strong></span> <span class='ocrx_word' id='word_1_824' title='bbox 2849 4092 2981 4148; x_wconf 85' lang='lat' dir='ltr'><strong><em>Nola</em></strong></span> <span class='ocrx_word' id='word_1_825' title='bbox 3009 4104 3427 4165; x_wconf 83' lang='lat' dir='ltr'><strong><em>oppugnaretur,</em></strong></span> <span class='ocrx_word' id='word_1_826' title='bbox 3452 4096 3660 4154; x_wconf 84' lang='lat' dir='ltr'><strong><em>audivi-</em></strong></span> 
     </span>
    </p>
   </div>
   <div class='ocr_carea' id='block_1_103' title="bbox 2074 4184 3656 4251">
    <p class='ocr_par' dir='ltr' id='par_1_103' title="bbox 2074 4184 3656 4251">
     <span class='ocr_line' id='line_1_103' title="bbox 2074 4184 3656 4251; baseline 0.004 -11"><span class='ocrx_word' id='word_1_827' title='bbox 2074 4200 2212 4251; x_wconf 90' lang='lat' dir='ltr'><strong><em>mus,</em></strong></span> <span class='ocrx_word' id='word_1_828' title='bbox 2236 4198 2340 4240; x_wconf 88' lang='lat' dir='ltr'><strong><em>non</em></strong></span> <span class='ocrx_word' id='word_1_829' title='bbox 2379 4184 2595 4241; x_wconf 87' lang='lat' dir='ltr'><strong><em>incertis</em></strong></span> <span class='ocrx_word' id='word_1_830' title='bbox 2621 4186 2945 4251; x_wconf 88' lang='lat' dir='ltr'><strong><em>rumoribus,</em></strong></span> <span class='ocrx_word' id='word_1_831' title='bbox 2967 4186 3063 4243; x_wconf 87' lang='lat' dir='ltr'><strong><em>sed</em></strong></span> <span class='ocrx_word' id='word_1_832' title='bbox 3092 4188 3319 4244; x_wconf 85' lang='lat' dir='ltr'><strong><em>testibus</em></strong></span> <span class='ocrx_word' id='word_1_833' title='bbox 3341 4189 3524 4246; x_wconf 86' lang='lat' dir='ltr'><strong><em>certis.</em></strong></span> <span class='ocrx_word' id='word_1_834' title='bbox 3557 4189 3656 4247; x_wconf 80' lang='lat' dir='ltr'><strong><em>Ve-</em></strong></span> 
     </span>
    </p>
   </div>
   <div class='ocr_carea' id='block_1_104' title="bbox 2074 4275 3658 4351">
    <p class='ocr_par' dir='ltr' id='par_1_104' title="bbox 2074 4275 3658 4351">
     <span class='ocr_line' id='line_1_104' title="bbox 2074 4275 3658 4351; baseline 0.003 -18"><span class='ocrx_word' id='word_1_835' title='bbox 2074 4293 2191 4333; x_wconf 87' lang='lat' dir='ltr'><strong><em>rum</em></strong></span> <span class='ocrx_word' id='word_1_836' title='bbox 2221 4277 2317 4333; x_wconf 88' lang='lat' dir='ltr'><strong><em>ista</em></strong></span> <span class='ocrx_word' id='word_1_837' title='bbox 2338 4275 2591 4333; x_wconf 87' lang='lat' dir='ltr'><strong><em>divinitus</em></strong></span> <span class='ocrx_word' id='word_1_838' title='bbox 2621 4277 2959 4345; x_wconf 85' lang='lat' dir='ltr'><strong><em>exhibentur,</em></strong></span> <span class='ocrx_word' id='word_1_839' title='bbox 2990 4278 3147 4350; x_wconf 86' lang='lat' dir='ltr'><strong><em>longe</em></strong></span> <span class='ocrx_word' id='word_1_840' title='bbox 3168 4280 3323 4336; x_wconf 85' lang='lat' dir='ltr'><strong><em>aliter</em></strong></span> <span class='ocrx_word' id='word_1_841' title='bbox 3345 4294 3509 4351; x_wconf 78' lang='lat' dir='ltr'><strong><em>quam</em></strong></span> <span class='ocrx_word' id='word_1_842' title='bbox 3535 4295 3658 4338; x_wconf 84' lang='lat' dir='ltr'><strong><em>sese</em></strong></span> 
     </span>
    </p>
   </div>
   <div class='ocr_carea' id='block_1_105' title="bbox 2074 4368 3660 4441">
    <p class='ocr_par' dir='ltr' id='par_1_105' title="bbox 2074 4368 3660 4441">
     <span class='ocr_line' id='line_1_105' title="bbox 2074 4368 3660 4441; baseline 0.003 -18"><span class='ocrx_word' id='word_1_843' title='bbox 2074 4368 2235 4425; x_wconf 85' lang='lat' dir='ltr'><strong><em>habet</em></strong></span> <span class='ocrx_word' id='word_1_844' title='bbox 2271 4369 2499 4425; x_wconf 89' lang='lat' dir='ltr'><strong><em>usitatus</em></strong></span> <span class='ocrx_word' id='word_1_845' title='bbox 2541 4369 2674 4425; x_wconf 88' lang='lat' dir='ltr'><strong><em>ordo</em></strong></span> <span class='ocrx_word' id='word_1_846' title='bbox 2708 4369 2928 4440; x_wconf 86' lang='lat' dir='ltr'><strong><em>singulis</em></strong></span> <span class='ocrx_word' id='word_1_847' title='bbox 2971 4378 3335 4429; x_wconf 85' lang='lat' dir='ltr'><strong><em>creaturarum</em></strong></span> <span class='ocrx_word' id='word_1_848' title='bbox 3375 4371 3660 4441; x_wconf 80' lang='lat' dir='ltr'><strong><em>generibus</em></strong></span> 
     </span>
    </p>
   </div>
   <div class='ocr_carea' id='block_1_106' title="bbox 2074 4462 3656 4533">
    <p class='ocr_par' dir='ltr' id='par_1_106' title="bbox 2074 4462 3656 4533">
     <span class='ocr_line' id='line_1_106' title="bbox 2074 4462 3656 4533; baseline 0.001 -16"><span class='ocrx_word' id='word_1_849' title='bbox 2074 4463 2376 4519; x_wconf 79' lang='lat' dir='ltr'><strong><em>attributus.</em></strong></span> <span class='ocrx_word' id='word_1_850' title='bbox 2405 4462 2517 4518; x_wconf 84' lang='lat' dir='ltr'><strong><em>Non</em></strong></span> <span class='ocrx_word' id='word_1_851' title='bbox 2543 4463 2685 4518; x_wconf 89' lang='lat' dir='ltr'><strong><em>enim</em></strong></span> <span class='ocrx_word' id='word_1_852' title='bbox 2711 4463 2834 4531; x_wconf 87' lang='lat' dir='ltr'><strong><em>quia</em></strong></span> <span class='ocrx_word' id='word_1_853' title='bbox 2862 4463 2914 4516; x_wconf 86' lang='lat' dir='ltr'><strong>in</strong></span> <span class='ocrx_word' id='word_1_854' title='bbox 2942 4462 3125 4517; x_wconf 83' lang='lat' dir='ltr'><strong><em>vinum</em></strong></span> <span class='ocrx_word' id='word_1_855' title='bbox 3146 4478 3304 4533; x_wconf 86' lang='lat' dir='ltr'><strong><em>aqua,</em></strong></span> <span class='ocrx_word' id='word_1_856' title='bbox 3333 4476 3454 4518; x_wconf 82' lang='lat' dir='ltr'><strong><em>eum</em></strong></span> <span class='ocrx_word' id='word_1_857' title='bbox 3484 4464 3656 4518; x_wconf 83' lang='lat' dir='ltr'><strong><em>voluit</em></strong></span> 
     </span>
    </p>
   </div>
   <div class='ocr_carea' id='block_1_107' title="bbox 2076 4550 3658 4627">
    <p class='ocr_par' dir='ltr' id='par_1_107' title="bbox 2076 4550 3658 4627">
     <span class='ocr_line' id='line_1_107' title="bbox 2076 4550 3658 4627; baseline 0.001 -18"><span class='ocrx_word' id='word_1_858' title='bbox 2076 4554 2354 4623; x_wconf 90' lang='lat' dir='ltr'><strong><em>Dominus,</em></strong></span> <span class='ocrx_word' id='word_1_859' title='bbox 2377 4564 2595 4627; x_wconf 87' lang='lat' dir='ltr'><strong><em>repente</em></strong></span> <span class='ocrx_word' id='word_1_860' title='bbox 2619 4569 2875 4610; x_wconf 87' lang='lat' dir='ltr'><strong><em>conversa</em></strong></span> <span class='ocrx_word' id='word_1_861' title='bbox 2903 4563 2985 4608; x_wconf 86' lang='lat' dir='ltr'><strong><em>est</em></strong></span> <span class='ocrx_word' id='word_1_862' title='bbox 3005 4552 3185 4624; x_wconf 75' lang='lat' dir='ltr'><strong><em>(lacn.</em></strong></span> <span class='ocrx_word' id='word_1_863' title='bbox 3213 4569 3273 4617; x_wconf 84' lang='grc' dir='ltr'>ιι,</span> <span class='ocrx_word' id='word_1_864' title='bbox 3298 4550 3378 4622; x_wconf 83' lang='grc'><strong><em>9),</em></strong></span> <span class='ocrx_word' id='word_1_865' title='bbox 3409 4552 3529 4608; x_wconf 89' lang='lat' dir='ltr'><strong><em>ideo</em></strong></span> <span class='ocrx_word' id='word_1_866' title='bbox 3550 4568 3658 4611; x_wconf 87' lang='lat' dir='ltr'><strong><em>non</em></strong></span> 
     </span>
    </p>
   </div>
   <div class='ocr_carea' id='block_1_108' title="bbox 2076 4643 3662 4717">
    <p class='ocr_par' dir='ltr' id='par_1_108' title="bbox 2076 4643 3662 4717">
     <span class='ocr_line' id='line_1_108' title="bbox 2076 4643 3662 4717; baseline -0.001 -15"><span class='ocrx_word' id='word_1_867' title='bbox 2076 4646 2333 4703; x_wconf 86' lang='lat' dir='ltr'><strong><em>debemus</em></strong></span> <span class='ocrx_word' id='word_1_868' title='bbox 2357 4687 2373 4711; x_wconf 92' lang='lat'><strong><em>,</em></strong></span> <span class='ocrx_word' id='word_1_869' title='bbox 2403 4645 2533 4717; x_wconf 87' lang='lat' dir='ltr'><strong><em>quid</em></strong></span> <span class='ocrx_word' id='word_1_870' title='bbox 2562 4660 2697 4715; x_wconf 84' lang='lat' dir='ltr'><strong><em>aqua</em></strong></span> <span class='ocrx_word' id='word_1_871' title='bbox 2735 4645 2908 4698; x_wconf 88' lang='lat' dir='ltr'><strong><em>valeat</em></strong></span> <span class='ocrx_word' id='word_1_872' title='bbox 2948 4643 2999 4696; x_wconf 90' lang='lat' dir='ltr'><strong><em>in</em></strong></span> <span class='ocrx_word' id='word_1_873' title='bbox 3030 4643 3417 4698; x_wconf 82' lang='lat' dir='ltr'><strong><em>elementorum</em></strong></span> <span class='ocrx_word' id='word_1_874' title='bbox 3469 4643 3662 4700; x_wconf 74' lang='lat' dir='ltr'><strong><em>ordine</em></strong></span> 
     </span>
    </p>
   </div>
   <div class='ocr_carea' id='block_1_109' title="bbox 2076 4728 3660 4808">
    <p class='ocr_par' dir='ltr' id='par_1_109' title="bbox 2076 4728 3660 4808">
     <span class='ocr_line' id='line_1_109' title="bbox 2076 4728 3660 4808; baseline -0.003 -14"><span class='ocrx_word' id='word_1_875' title='bbox 2076 4737 2312 4808; x_wconf 87' lang='lat' dir='ltr'><strong><em>proprio,</em></strong></span> <span class='ocrx_word' id='word_1_876' title='bbox 2339 4736 2406 4790; x_wconf 89' lang='lat' dir='ltr'><strong><em>ab</em></strong></span> <span class='ocrx_word' id='word_1_877' title='bbox 2429 4728 2593 4791; x_wconf 81' lang='lat' dir='ltr'><strong><em>istius</em></strong></span> <span class='ocrx_word' id='word_1_878' title='bbox 2609 4735 2773 4790; x_wconf 86' lang='lat' dir='ltr'><strong><em>divini</em></strong></span> <span class='ocrx_word' id='word_1_879' title='bbox 2801 4733 2979 4804; x_wconf 87' lang='lat' dir='ltr'><strong><em>operis</em></strong></span> <span class='ocrx_word' id='word_1_880' title='bbox 3000 4733 3219 4789; x_wconf 86' lang='lat' dir='ltr'><strong><em>raritate</em></strong></span> <span class='ocrx_word' id='word_1_881' title='bbox 3241 4734 3327 4788; x_wconf 88' lang='lat' dir='ltr'><strong><em>vel</em></strong></span> <span class='ocrx_word' id='word_1_882' title='bbox 3350 4734 3527 4802; x_wconf 83' lang='lat' dir='ltr'><strong><em>potius</em></strong></span> <span class='ocrx_word' id='word_1_883' title='bbox 3547 4735 3660 4790; x_wconf 79' lang='lat' dir='ltr'><strong><em>sin-</em></strong></span> 
     </span>
    </p>
   </div>
   <div class='ocr_carea' id='block_1_110' title="bbox 2076 4824 3659 4898">
    <p class='ocr_par' dir='ltr' id='par_1_110' title="bbox 2076 4824 3659 4898">
     <span class='ocr_line' id='line_1_110' title="bbox 2076 4824 3659 4898; baseline -0.001 -17"><span class='ocrx_word' id='word_1_884' title='bbox 2076 4827 2355 4898; x_wconf 87' lang='lat' dir='ltr'><strong><em>gularitate</em></strong></span> <span class='ocrx_word' id='word_1_885' title='bbox 2382 4825 2690 4881; x_wconf 86' lang='lat' dir='ltr'><strong><em>discernere</em></strong></span> <span class='ocrx_word' id='word_1_886' title='bbox 2720 4843 2735 4879; x_wconf 90' lang='lat'><strong>:</strong></span> <span class='ocrx_word' id='word_1_887' title='bbox 2765 4839 2864 4879; x_wconf 86' lang='lat' dir='ltr'><strong><em>nec</em></strong></span> <span class='ocrx_word' id='word_1_888' title='bbox 2903 4824 3154 4894; x_wconf 84' lang='lat' dir='ltr'><strong><em>quoniam</em></strong></span> <span class='ocrx_word' id='word_1_889' title='bbox 3199 4824 3433 4879; x_wconf 76' lang='lat' dir='ltr'><strong><em>Lazarus</em></strong></span> <span class='ocrx_word' id='word_1_890' title='bbox 3474 4836 3659 4880; x_wconf 82' lang='lat' dir='ltr'><strong><em>resur-</em></strong></span> 
     </span>
    </p>
   </div>
   <div class='ocr_carea' id='block_1_111' title="bbox 2077 4915 3662 4991">
    <p class='ocr_par' dir='ltr' id='par_1_111' title="bbox 2077 4915 3662 4991">
     <span class='ocr_line' id='line_1_111' title="bbox 2077 4915 3662 4991; baseline -0.002 -16"><span class='ocrx_word' id='word_1_891' title='bbox 2077 4920 2215 4975; x_wconf 75' lang='lat' dir='ltr'><strong><em>rexit</em></strong></span> <span class='ocrx_word' id='word_1_892' title='bbox 2254 4917 2378 4991; x_wconf 81' lang='lat' dir='ltr'><strong><em>(Id.</em></strong></span> <span class='ocrx_word' id='word_1_893' title='bbox 2425 4934 2500 4985; x_wconf 79' lang='lat' dir='ltr'><strong><em>xi,</em></strong></span> <span class='ocrx_word' id='word_1_894' title='bbox 2529 4918 2601 4973; x_wconf 70' lang='grc' dir='ltr'><strong><em>Μ</em></strong></span> <span class='ocrx_word' id='word_1_895' title='bbox 2622 4916 2664 4987; x_wconf 85' lang='grc'><strong>).</strong></span> <span class='ocrx_word' id='word_1_896' title='bbox 2696 4916 2815 4973; x_wconf 82' lang='lat' dir='ltr'><strong><em>ideo</em></strong></span> <span class='ocrx_word' id='word_1_897' title='bbox 2843 4924 3085 4972; x_wconf 86' lang='lat' dir='ltr'><strong><em>mortuus</em></strong></span> <span class='ocrx_word' id='word_1_898' title='bbox 3111 4916 3288 4972; x_wconf 88' lang='lat' dir='ltr'><strong><em>omnis</em></strong></span> <span class='ocrx_word' id='word_1_899' title='bbox 3312 4915 3527 4984; x_wconf 85' lang='lat' dir='ltr'><strong><em>quando</em></strong></span> <span class='ocrx_word' id='word_1_900' title='bbox 3546 4916 3662 4972; x_wconf 73' lang='lat' dir='ltr'><strong><em>vult</em></strong></span> 
     </span>
    </p>
   </div>
   <div class='ocr_carea' id='block_1_112' title="bbox 2078 5007 3661 5082">
    <p class='ocr_par' dir='ltr' id='par_1_112' title="bbox 2078 5007 3661 5082">
     <span class='ocr_line' id='line_1_112' title="bbox 2078 5007 3661 5082; baseline -0.003 -16"><span class='ocrx_word' id='word_1_901' title='bbox 2078 5012 2245 5082; x_wconf 88' lang='lat' dir='ltr'><strong><em>surgit</em></strong></span> <span class='ocrx_word' id='word_1_902' title='bbox 2263 5053 2276 5074; x_wconf 88' lang='lat'><strong><em>,</em></strong></span> <span class='ocrx_word' id='word_1_903' title='bbox 2304 5019 2397 5064; x_wconf 91' lang='lat' dir='ltr'><strong><em>aut</em></strong></span> <span class='ocrx_word' id='word_1_904' title='bbox 2421 5024 2486 5065; x_wconf 89' lang='lat' dir='ltr'><strong><em>eo</em></strong></span> <span class='ocrx_word' id='word_1_905' title='bbox 2521 5009 2681 5063; x_wconf 92' lang='lat' dir='ltr'><strong><em>modo</em></strong></span> <span class='ocrx_word' id='word_1_906' title='bbox 2725 5008 2985 5063; x_wconf 85' lang='lat' dir='ltr'><strong><em>exanimis</em></strong></span> <span class='ocrx_word' id='word_1_907' title='bbox 3013 5022 3042 5060; x_wconf 86' lang='lat' dir='ltr'><strong><em>a</em></strong></span> <span class='ocrx_word' id='word_1_908' title='bbox 3072 5007 3303 5069; x_wconf 84' lang='lat' dir='ltr'><strong><em>vivente,</em></strong></span> <span class='ocrx_word' id='word_1_909' title='bbox 3331 5007 3603 5076; x_wconf 88' lang='lat' dir='ltr'><strong><em>quomodo</em></strong></span> <span class='ocrx_word' id='word_1_910' title='bbox 3629 5022 3661 5062; x_wconf 84' lang='lat' dir='ltr'><strong><em>a</em></strong></span> 
     </span>
    </p>
   </div>
   <div class='ocr_carea' id='block_1_113' title="bbox 2077 5098 3663 5173">
    <p class='ocr_par' dir='ltr' id='par_1_113' title="bbox 2077 5098 3663 5173">
     <span class='ocr_line' id='line_1_113' title="bbox 2077 5098 3663 5173; baseline -0.003 -16"><span class='ocrx_word' id='word_1_911' title='bbox 2077 5103 2328 5173; x_wconf 82' lang='lat' dir='ltr'><strong><em>vigilante</em></strong></span> <span class='ocrx_word' id='word_1_912' title='bbox 2346 5102 2618 5157; x_wconf 88' lang='lat' dir='ltr'><strong><em>dormiens</em></strong></span> <span class='ocrx_word' id='word_1_913' title='bbox 2641 5102 2921 5156; x_wconf 86' lang='lat' dir='ltr'><strong><em>excitatur.</em></strong></span> <span class='ocrx_word' id='word_1_914' title='bbox 2948 5098 3053 5155; x_wconf 76' lang='lat' dir='ltr'><strong><em>Alii</em></strong></span> <span class='ocrx_word' id='word_1_915' title='bbox 3073 5107 3199 5155; x_wconf 85' lang='lat' dir='ltr'><strong><em>sunt</em></strong></span> <span class='ocrx_word' id='word_1_916' title='bbox 3217 5099 3567 5155; x_wconf 83' lang='lat' dir='ltr'><strong><em>humanarum</em></strong></span> <span class='ocrx_word' id='word_1_917' title='bbox 3599 5099 3663 5153; x_wconf 83' lang='lat' dir='ltr'><strong><em>li-</em></strong></span> 
     </span>
    </p>
   </div>
   <div class='ocr_carea' id='block_1_114' title="bbox 2078 5189 3663 5262">
    <p class='ocr_par' dir='ltr' id='par_1_114' title="bbox 2078 5189 3663 5262">
     <span class='ocr_line' id='line_1_114' title="bbox 2078 5189 3663 5262; baseline -0.004 -9"><span class='ocrx_word' id='word_1_918' title='bbox 2078 5194 2236 5253; x_wconf 85' lang='lat' dir='ltr'><strong><em>mites</em></strong></span> <span class='ocrx_word' id='word_1_919' title='bbox 2256 5208 2456 5259; x_wconf 89' lang='lat' dir='ltr'><strong><em>rerum,</em></strong></span> <span class='ocrx_word' id='word_1_920' title='bbox 2480 5190 2897 5248; x_wconf 80' lang='lat' dir='ltr'><strong><em>aliadivinarum</em></strong></span> <span class='ocrx_word' id='word_1_921' title='bbox 2916 5190 3066 5262; x_wconf 87' lang='lat' dir='ltr'><strong><em>signa</em></strong></span> <span class='ocrx_word' id='word_1_922' title='bbox 3091 5190 3383 5256; x_wconf 82' lang='lat' dir='ltr'><strong><em>virtutum;</em></strong></span> <span class='ocrx_word' id='word_1_923' title='bbox 3408 5189 3515 5245; x_wconf 81' lang='lat' dir='ltr'><strong><em>alia</em></strong></span> <span class='ocrx_word' id='word_1_924' title='bbox 3537 5198 3663 5246; x_wconf 87' lang='lat' dir='ltr'><strong><em>sunt</em></strong></span> 
     </span>
    </p>
   </div>
   <div class='ocr_carea' id='block_1_115' title="bbox 2143 5408 3659 5477">
    <p class='ocr_par' dir='ltr' id='par_1_115' title="bbox 2143 5408 3659 5477">
     <span class='ocr_line' id='line_1_115' title="bbox 2143 5408 3659 5477; baseline -0.001 -12"><span class='ocrx_word' id='word_1_925' title='bbox 2143 5417 2161 5448; x_wconf 70' lang='grc' dir='ltr'><strong><em>ι</em></strong></span> <span class='ocrx_word' id='word_1_926' title='bbox 2195 5417 2266 5465; x_wconf 85' lang='lat' dir='ltr'><strong><em>ste</em></strong></span> <span class='ocrx_word' id='word_1_927' title='bbox 2279 5414 2640 5477; x_wconf 63' lang='lat' dir='ltr'><strong><em>prastantiores</em></strong></span> <span class='ocrx_word' id='word_1_928' title='bbox 2660 5419 2767 5464; x_wconf 69' lang='lat' dir='ltr'><strong><em>uss.</em></strong></span> <span class='ocrx_word' id='word_1_929' title='bbox 2790 5416 2850 5465; x_wconf 78' lang='lat' dir='ltr'><strong><em>At</em></strong></span> <span class='ocrx_word' id='word_1_930' title='bbox 2870 5410 3007 5474; x_wconf 87' lang='lat' dir='ltr'><strong><em>editi,</em></strong></span> <span class='ocrx_word' id='word_1_931' title='bbox 3030 5417 3078 5464; x_wconf 93' lang='lat' dir='ltr'><strong><em>et</em></strong></span> <span class='ocrx_word' id='word_1_932' title='bbox 3098 5424 3211 5477; x_wconf 71' lang='lat' dir='ltr'><strong><em>gate</em></strong></span> <span class='ocrx_word' id='word_1_933' title='bbox 3228 5408 3553 5464; x_wconf 76' lang='lat' dir='ltr'><strong><em>necessarium</em></strong></span> <span class='ocrx_word' id='word_1_934' title='bbox 3566 5424 3659 5464; x_wconf 88' lang='lat' dir='ltr'><strong><em>non</em></strong></span> 
     </span>
    </p>
   </div>
   <div class='ocr_carea' id='block_1_116' title="bbox 2077 5482 2524 5531">
    <p class='ocr_par' dir='ltr' id='par_1_116' title="bbox 2077 5482 2524 5531">
     <span class='ocr_line' id='line_1_116' title="bbox 2077 5482 2524 5531; baseline -0.013 0"><span class='ocrx_word' id='word_1_935' title='bbox 2077 5482 2524 5531; x_wconf 79' lang='lat' dir='ltr'><strong><em>esteosnonnosse.</em></strong></span> 
     </span>
    </p>
   </div>
   <div class='ocr_carea' id='block_1_117' title="bbox 2121 5538 2392 5611">
    <p class='ocr_par' dir='ltr' id='par_1_117' title="bbox 2121 5538 2392 5611">
     <span class='ocr_line' id='line_1_117' title="bbox 2121 5538 2392 5611; baseline 0 0"><span class='ocrx_word' id='word_1_936' title='bbox 2121 5538 2164 5611; x_wconf 85' lang='lat'><strong><em>..&#39;</em></strong></span> <span class='ocrx_word' id='word_1_937' title='bbox 2195 5544 2392 5611; x_wconf 59' lang='grc' dir='ltr'><strong><em>ιρν-θα</em></strong></span> 
     </span>
    </p>
   </div>
   <div class='ocr_carea' id='block_1_118' title="bbox 2079 5597 2316 5651">
    <p class='ocr_par' dir='ltr' id='par_1_118' title="bbox 2079 5597 2316 5651">
     <span class='ocr_line' id='line_1_118' title="bbox 2079 5597 2316 5651; baseline -0.004 0"><span class='ocrx_word' id='word_1_938' title='bbox 2079 5597 2316 5651; x_wconf 81' lang='lat' dir='ltr'><strong><em>dilectis:</em></strong></span> 
     </span>
    </p>
   </div>
   <div class='ocr_carea' id='block_1_119' title="bbox 2078 5663 3513 5788">
    <p class='ocr_par' dir='ltr' id='par_1_119' title="bbox 2078 5663 3513 5788">
     <span class='ocr_line' id='line_1_119' title="bbox 2078 5663 2378 5724; baseline -0.013 -11"><span class='ocrx_word' id='word_1_939' title='bbox 2078 5663 2248 5724; x_wconf 86' lang='lat' dir='ltr'><strong><em>risque</em></strong></span> <span class='ocrx_word' id='word_1_940' title='bbox 2270 5668 2378 5712; x_wconf 78' lang='lat' dir='ltr'><strong><em>Mss.</em></strong></span> 
     </span>
     <span class='ocr_line' id='line_1_120' title="bbox 2144 5720 3513 5788; baseline 0.001 -18"><span class='ocrx_word' id='word_1_941' title='bbox 2144 5722 2214 5788; x_wconf 78' lang='grc' dir='ltr'><strong><em>(ᾳ)</em></strong></span> <span class='ocrx_word' id='word_1_942' title='bbox 2248 5722 2350 5771; x_wconf 87' lang='lat' dir='ltr'><strong><em>vid.</em></strong></span> <span class='ocrx_word' id='word_1_943' title='bbox 2385 5734 2555 5786; x_wconf 88' lang='lat' dir='ltr'><strong><em>supra,</em></strong></span> <span class='ocrx_word' id='word_1_944' title='bbox 2581 5721 2668 5773; x_wconf 90' lang='lat' dir='ltr'><strong><em>lib.</em></strong></span> <span class='ocrx_word' id='word_1_945' title='bbox 2686 5722 2733 5788; x_wconf 80' lang='lat'><strong>_2</strong></span> <span class='ocrx_word' id='word_1_946' title='bbox 2761 5722 2821 5774; x_wconf 86' lang='lat' dir='ltr'><strong><em>ad</em></strong></span> <span class='ocrx_word' id='word_1_947' title='bbox 2852 5721 3429 5788; x_wconf 54' lang='lat' dir='ltr'><strong><em>Simpliciantun,_quast</em></strong></span> <span class='ocrx_word' id='word_1_948' title='bbox 3463 5720 3513 5788; x_wconf 68' lang='grc'><strong>4.</strong></span> 
     </span>
    </p>
   </div>
   <div class='ocr_carea' id='block_1_120' title="bbox 2166 5778 3662 5897">
    <p class='ocr_par' dir='ltr' id='par_1_120' title="bbox 2166 5778 3662 5897">
     <span class='ocr_line' id='line_1_121' title="bbox 2166 5778 3662 5897; baseline 0.001 -66"><span class='ocrx_word' id='word_1_949' title='bbox 2166 5778 2275 5895; x_wconf 54' lang='lat' dir='ltr'><strong><em>insit</em></strong></span> <span class='ocrx_word' id='word_1_950' title='bbox 2287 5778 2500 5897; x_wconf 47' lang='lat' dir='ltr'><strong><em>segnes.</em></strong></span> <span class='ocrx_word' id='word_1_951' title='bbox 2525 5778 2630 5852; x_wconf 77' lang='lat' dir='ltr'><strong><em>esp.</em></strong></span> <span class='ocrx_word' id='word_1_952' title='bbox 2670 5786 2719 5848; x_wconf 70' lang='grc' dir='ltr'>ις</span> <span class='ocrx_word' id='word_1_953' title='bbox 2768 5788 2820 5837; x_wconf 91' lang='lat' dir='ltr'><strong><em>et</em></strong></span> <span class='ocrx_word' id='word_1_954' title='bbox 2853 5784 2922 5837; x_wconf 88' lang='lat' dir='ltr'><strong><em>de</em></strong></span> <span class='ocrx_word' id='word_1_955' title='bbox 2951 5778 3170 5837; x_wconf 76' lang='lat' dir='ltr'><strong><em>Doctrina</em></strong></span> <span class='ocrx_word' id='word_1_956' title='bbox 3202 5778 3480 5851; x_wconf 59' lang='lat' dir='ltr'><strong><em>meum,</em></strong></span> <span class='ocrx_word' id='word_1_957' title='bbox 3504 5780 3590 5841; x_wconf 77' lang='lat' dir='ltr'><strong><em>lib.</em></strong></span> <span class='ocrx_word' id='word_1_958' title='bbox 3611 5778 3662 5847; x_wconf 70' lang='lat'><strong><em>2,</em></strong></span> 
     </span>
    </p>
   </div>
   <div class='ocr_carea' id='block_1_121' title="bbox 2083 5857 2438 5910">
    <p class='ocr_par' dir='ltr' id='par_1_121' title="bbox 2083 5857 2438 5910">
     <span class='ocr_line' id='line_1_122' title="bbox 2083 5857 2438 5910; baseline 0.006 -13"><span class='ocrx_word' id='word_1_959' title='bbox 2083 5857 2189 5910; x_wconf 87' lang='lat' dir='ltr'><strong><em>cap.</em></strong></span> <span class='ocrx_word' id='word_1_960' title='bbox 2214 5857 2263 5909; x_wconf 76' lang='grc' dir='ltr'><strong><em>δ,</em></strong></span> <span class='ocrx_word' id='word_1_961' title='bbox 2287 5859 2337 5896; x_wconf 82' lang='grc' dir='ltr'>ιι.</span> <span class='ocrx_word' id='word_1_962' title='bbox 2361 5857 2438 5899; x_wconf 73' lang='lat' dir='ltr'><strong><em>to.</em></strong></span> 
     </span>
    </p>
   </div>
   <div class='ocr_carea' id='block_1_122' title="bbox 2554 5528 3662 5607">
    <p class='ocr_par' dir='ltr' id='par_1_122' title="bbox 2554 5528 3662 5607">
     <span class='ocr_line' id='line_1_123' title="bbox 2554 5528 3662 5607; baseline -0.001 -19"><span class='ocrx_word' id='word_1_963' title='bbox 2554 5535 2641 5589; x_wconf 84' lang='lat' dir='ltr'><strong><em>isse</em></strong></span> <span class='ocrx_word' id='word_1_964' title='bbox 2662 5534 2851 5607; x_wconf 65' lang='lat' dir='ltr'><strong><em>felicem</em></strong></span> <span class='ocrx_word' id='word_1_965' title='bbox 2885 5528 3063 5607; x_wconf 62' lang='lat' dir='ltr'><strong><em>civibus</em></strong></span> <span class='ocrx_word' id='word_1_966' title='bbox 3085 5535 3160 5588; x_wconf 84' lang='lat' dir='ltr'><strong><em>uel</em></strong></span> <span class='ocrx_word' id='word_1_967' title='bbox 3180 5534 3427 5607; x_wconf 48' lang='lat' dir='ltr'><strong><em>imlyys</em></strong></span> <span class='ocrx_word' id='word_1_968' title='bbox 3457 5534 3534 5607; x_wconf 76' lang='lat' dir='ltr'><strong><em>pie</em></strong></span> <span class='ocrx_word' id='word_1_969' title='bbox 3557 5548 3662 5607; x_wconf 83' lang='lat' dir='ltr'><strong><em>a_se</em></strong></span> 
     </span>
    </p>
   </div>
   <div class='ocr_carea' id='block_1_123' title="bbox 2538 5595 3663 5660">
    <p class='ocr_par' dir='ltr' id='par_1_123' title="bbox 2538 5595 3663 5660">
     <span class='ocr_line' id='line_1_124' title="bbox 2538 5595 3663 5660; baseline -0.002 -10"><span class='ocrx_word' id='word_1_970' title='bbox 2538 5595 2673 5651; x_wconf 70' lang='lat' dir='ltr'><strong><em>bene</em></strong></span> <span class='ocrx_word' id='word_1_971' title='bbox 2693 5606 2747 5651; x_wconf 91' lang='lat' dir='ltr'><strong><em>et</em></strong></span> <span class='ocrx_word' id='word_1_972' title='bbox 2764 5599 3119 5651; x_wconf 83' lang='lat' dir='ltr'><strong><em>reluctantibus</em></strong></span> <span class='ocrx_word' id='word_1_973' title='bbox 3149 5595 3294 5651; x_wconf 77' lang='lat' dir='ltr'><strong><em>editis</em></strong></span> <span class='ocrx_word' id='word_1_974' title='bbox 3313 5596 3421 5649; x_wconf 77' lang='lat' dir='ltr'><strong><em>aliis</em></strong></span> <span class='ocrx_word' id='word_1_975' title='bbox 3458 5595 3515 5648; x_wconf 73' lang='lat' dir='ltr'><strong><em>&#39;et</em></strong></span> <span class='ocrx_word' id='word_1_976' title='bbox 3556 5595 3663 5660; x_wconf 82' lang='lat' dir='ltr'><strong><em>ple-</em></strong></span> 
     </span>
    </p>
   </div>
  </div>
