4140 6216
446 358 551 416 607

451 485 570 542 quze
609 466 936 533 naturaliter,
965 464 1067 518 alia
1092 476 1209 533 quin
1234 456 1545 515 mirabiliter
1569 453 1706 512 ﬁunt
1740 468 1756 505 :
1785 448 2030 523 quamvis

453 569 506 616 et
532 568 734 615 naturre
761 559 899 611 Deus
924 554 1063 609 adsit
1094 561 1153 607 ut
1178 551 1278 618 sit,
1309 557 1364 604 et
1399 547 1670 602 miraculis
1710 553 1899 600 natura
1923 556 2030 596 non

455 652 609 707 desit.
640 649 756 704 Non
798 648 954 718 igitur
982 644 1100 699 ideo
1135 641 1423 713 putandum
1464 646 1546 693 est
1589 638 1828 691 vivorum
1871 632 2033 687 rebus

455 741 714 813 quoslibet
750 740 1008 792 interesse
1034 748 1190 805 posse
1214 731 1516 794 defunctos,
1541 727 1792 798 quoniam
1818 723 2032 795 quibus-

455 832 575 887 dam
616 827 866 885 sanandis
905 826 993 881 vel
1034 822 1343 895 adjuvandis
1381 829 1643 891 martyres
1677 816 1909 873 adsunt:
1940 813 2036 868 sed

455 921 575 977 ideo
601 921 781 992 potius
809 917 1204 988 intelligendum
1250 923 1333 970 est
1372 912 1512 983 quod
1548 926 1645 981 per
1672 908 1905 964 divinam
1939 921 2038 977 po-

457 1008 676 1065 tentiam
702 1016 965 1079 martyres
1001 1007 1241 1060 vivorum
1286 1003 1444 1061 rebus
1471 1002 1756 1065 intersunt,
1784 996 2037 1068 quoniam

458 1099 694 1155 defuncti
725 1115 822 1170 per
848 1108 1091 1153 naturam
1117 1096 1386 1168 propriam
1412 1093 1654 1149 vivorum
1680 1090 1839 1147 rebus
1870 1090 2037 1144 inter-

462 1204 581 1246 esse
606 1205 711 1244 non
736 1199 978 1263 ppssunt.

529 1279 619 1334 20.
660 1279 971 1350 Quanquam
993 1278 1091 1332 ista
1113 1276 1335 1347 qurestio
1356 1276 1497 1329 vires
1522 1271 1883 1341 intelligentia:
1906 1284 2042 1324 meae

460 1368 657 1435 vincit,
693 1368 1135 1438 quemadmodum
1163 1366 1487 1436 opitulentur
1525 1373 1789 1434 martyres
1818 1361 1884 1415 iis
1908 1375 2042 1431 quos

460 1474 556 1529 per
584 1473 678 1514 eos
708 1465 912 1513 certum
940 1468 1019 1512 est
1047 1457 1315 1527 adjuvari;
1350 1466 1527 1509 utrum
1558 1454 1657 1523 ipsi
1690 1468 1785 1523 per
1814 1465 1874 1506 se
1899 1451 2044 1519 ipsos

459 1548 636 1603 adsint
664 1563 769 1602 uno
797 1557 1036 1618 tempore
1063 1555 1170 1601 tam
1199 1546 1425 1601 diversis
1446 1544 1606 1609 locis,
1639 1552 1692 1597 et
1736 1551 1879 1596 tanta
1907 1542 2046 1595 inter

462 1655 522 1696 se
548 1640 935 1710 longinquitate
952 1639 1217 1705 discretis,
1245 1638 1357 1692 sive
1376 1637 1463 1691 ubi
1485 1644 1610 1691 sunt
1633 1650 1817 1690 eorum
1846 1648 2048 1688 memo-

462 1732 558 1785 ria:
581 1772 596 1797 ,
641 1731 755 1785 sive
782 1740 978 1801 prmter
1022 1746 1144 1785 suas
1181 1730 1467 1784 memorias
1504 1728 1823 1797 ubicumque
1860 1724 2048 1780 adesse

474 1822 815 1876 sentiuntur:
846 1836 911 1874 an
944 1820 1072 1890 ipsis
1098 1821 1150 1874 in
1180 1820 1296 1874 loco
1326 1819 1437 1873 suis
1480 1819 1687 1872 meritis
1721 1830 1957 1887 congruo
1982 1815 2048 1869 ab

465 1911 611 1965 omni
637 1911 940 1965 mortalium
966 1910 1371 1965 conversatione
1400 1908 1638 1973 remotis,
1667 1915 1723 1962 et
1753 1917 1926 1961 tamen
1957 1920 2051 1975 ge-

465 2001 720 2056 neraliter
744 1999 1020 2055 orantibus
1048 2016 1145 2070 pro
1175 1999 1474 2070 indigentiis
1500 1999 1890 2069 supplicantum
1919 1997 2050 2066 (sic-

467 2101 529 2147 ut
557 2108 658 2148 nos
685 2074 903 2148 oramus
932 2107 1027 2162 pro
1065 2093 1287 2147 mortuis
1307 2134 1322 2157 ,
1353 2091 1544 2162 quibus
1570 2092 1750 2161 utique
1776 2105 1880 2144 non
1911 2104 2051 2159 prm-

468 2192 767 2250 sentamur,
803 2200 900 2240 nec
929 2185 1018 2240 ubi
1058 2184 1165 2239 sint
1189 2185 1274 2239 vel
1301 2185 1426 2255 quid
1457 2193 1613 2254 agant
1639 2183 1880 2252 scimus),
1912 2182 2053 2237 Deus

434 2276 812 2345 -omnipotens
837 2277 928 2345 qui
965 2282 1050 2331 est
1090 2275 1287 2346 ubique
1329 2291 1595 2347 prmsens,
1628 2291 1729 2330 nec
1768 2283 2053 2329 concretus

470 2365 647 2431 nobis,
699 2381 799 2421 nec
844 2377 1084 2421 remotus
1128 2382 1157 2419 a
1204 2366 1389 2430 nobis,
1422 2366 1716 2422 exaudiens
1758 2375 2053 2436 martyrum

469 2471 691 2527 preces,
722 2473 817 2527 per
852 2458 1089 2529 angelica
1125 2458 1418 2512 ministeria
1460 2473 1838 2529 usquequaque
1866 2457 2056 2513 diffusa

469 2548 705 2619 praebeat
729 2549 1033 2604 hominibus
1062 2550 1160 2603 ista
1192 2549 1376 2603 solatia
1398 2589 1413 2613 ,
1443 2549 1634 2619 quibus
1664 2550 1715 2603 in
1746 2548 1904 2618 hujus
1932 2548 2055 2603 vitat

471 2642 685 2697 miseria
727 2641 929 2712 judicat
976 2657 1097 2697 esse
1143 2641 1466 2710 prmbenda;
1502 2651 1555 2695 et
1600 2656 1817 2695 suorum
1867 2640 2056 2695 merita

472 2742 764 2806 martyrum
799 2734 890 2789 ubi
914 2735 1045 2801 vult,
1070 2733 1281 2803 quando
1305 2734 1435 2801 vult,
1470 2733 1741 2803 quomodo
1766 2731 1910 2797 vult,
1938 2746 2056 2785 ma-

473 2828 723 2905 ximeque
764 2843 862 2899 per
903 2842 1087 2882 eorum
1134 2827 1437 2891 memorias,
1468 2825 1715 2895 quoniam
1769 2823 1871 2878 hoc
1914 2822 2060 2878 novit

473 2919 729 2989 expedire
756 2919 910 2973 nobis
930 2918 996 2973 ad
1027 2916 1392 2973 aedificandam
1417 2916 1574 2971 fidem
1595 2914 1814 2981 Christi,
1842 2930 1937 2986 pro
1966 2929 2059 2971 cu-

470 3011 559 3081 jus
596 3011 675 3066 illi
709 3011 1047 3067 confessione
1076 3018 1202 3064 sunt
1234 3009 1396 3079 passi,
1432 3007 1658 3063 mirabili
1680 3016 1840 3078 atque
1871 3007 2060 3062 inetia-

475 3104 567 3160 bili
599 3112 865 3175 potestate
893 3118 954 3159 ac
982 3103 1219 3159 bonitate
1244 3100 1604 3157 commendet.
1630 3100 1737 3155 Res
1766 3100 1878 3154 lucc
1903 3099 2062 3154 altior

477 3204 740 3267 estquam
767 3205 880 3251 uta
923 3211 1010 3252 me
1036 3195 1203 3266 possit
1231 3194 1456 3263 attingi,
1487 3202 1538 3248 ct
1566 3193 1864 3249 abstrusior
1900 3207 2058 3263 quam

477 3294 539 3342 ut
558 3303 587 3341 a
620 3302 707 3341 me
741 3287 915 3341 valeat
938 3286 1259 3355 perscrutari
1285 3303 1298 3339 :
1328 3293 1383 3339 et
1408 3284 1528 3339 ideo
1555 3284 1678 3353 quid
1712 3283 1900 3338 horum
1931 3283 2064 3338 duo-

477 3391 596 3431 rum
625 3376 809 3441 sit,~an
835 3389 963 3429 vero
987 3374 1231 3428 fortassis
1265 3382 1549 3443 utrumque
1575 3374 1660 3439 sit,
1693 3381 1752 3435 ut
1779 3372 2062 3441 aliquando

483 3468 583 3521 ista
610 3466 739 3519 fiant
763 3479 857 3533 per
880 3466 1046 3532 ipsam
1074 3463 1410 3532 praesentiam
1435 3471 1748 3533 martyrum,
1780 3463 2063 3532 aliquando

485 3569 591 3621 per
623 3553 853 3623 Angelos
893 3553 1243 3622 suscipientes
1272 3567 1553 3622 personam
1586 3560 1896 3622 martyrum,
1928 3552 2063 3608 deli-

481 3644 597 3701 nire
621 3661 725 3700 non
756 3644 965 3709 audeo;
998 3644 1208 3699 mallem
1233 3658 1262 3697 a
1286 3643 1579 3699 scientibus
1605 3643 1702 3697 ista
1729 3643 2062 3714 perquirere.

481 3736 665 3807 Neque
693 3736 833 3792 enim
861 3750 1018 3791 nemo
1046 3734 1232 3805 estqui
1260 3734 1374 3789 hcce
1395 3734 1545 3798 sciat,
1570 3745 1676 3788 non
1694 3735 1781 3804 qui
1805 3734 1904 3788 sibi
1929 3734 2065 3791 scire

480 3826 786 3884 videatur‘et
802 3827 1003 3882 nesciat
1018 3844 1031 3879 :
1047 3826 1184 3881 dona
1206 3825 1348 3881 enim
1363 3825 1457 3880 Dei
1480 3833 1621 3888 sunt,
1643 3825 1724 3878 his
1745 3825 1866 3889 alia,
1891 3832 1945 3878 et
1963 3825 2065 3881 illis

483 3921 583 3973 alia
603 3919 896 3989 largientis,
920 3918 1212 3973 secundum
1239 3916 1573 3986 Apostolum,
1600 3916 1687 3985 qui
1714 3916 1840 3969 dicit
1861 3916 2067 3970 unicui-

482 4024 588 4078 que
614 4009 727 4063 dari
758 4008 1235 4064 manifestationem
1265 4006 1495 4077 Spiritus
1521 4005 1586 4058 ad
1614 4006 1892 4060 utilitatem
1923 4024 1935 4058 :
1964 4006 2068 4060 Alii

482 4100 718 4171 quidem,
755 4100 963 4167 inquit,
996 4099 1150 4152 datur
1177 4115 1264 4169 per
1290 4097 1537 4167 Spiritum
1579 4114 1741 4151 sermo
1769 4098 2066 4169 sapientitc;

484 4190 573 4243 alii
596 4204 759 4243 sermo
783 4189 1003 4241 scientia:
1029 4189 1304 4241 secundum
1338 4188 1566 4241 eumdem
1594 4187 1841 4256 Spiritum
1864 4207 1882 4254 ;
1922 4190 2067 4243 alteri

485 4287 651 4331 autem
676 4276 803 4345 ﬁdes
822 4277 873 4330 in
893 4277 1066 4330 eodem
1092 4277 1328 4347 Spiritu;
1351 4278 1497 4330 alteri
1523 4277 1727 4331 donatio
1752 4280 2068 4334 curationum

483 4369 536 4422 in
566 4383 666 4421 uno
695 4366 929 4439 Spiritu;
956 4367 1042 4420 alii
1071 4368 1383 4437 Operationes
1421 4368 1695 4433 virtutum;
1731 4367 1820 4421 alii
1849 4370 2068 4438 prophe-

486 4460 598 4524 tia;
627 4460 718 4513 alii
742 4459 1038 4529 dijarlicatio
1067 4459 1365 4529 spirituum;
1409 4459 1499 4513 alii
1532 4475 1714 4530 genera
1745 4459 2067 4530 linguarum;

483 4551 573 4606 alii
597 4550 940 4622 interpretati‘o
964 4566 1268 4605 sermonum.
1302 4549 1487 4604 Omnia
1514 4558 1682 4603 autem
1707 4549 1811 4604 Ιιωσ
1832 4560 2070 4619 aperatur

485 4658 617 4696 unus
658 4650 806 4712 atque
844 4640 975 4695 idem
1007 4640 1265 4710 Spiritus,
1296 4641 1521 4695 dividens
1560 4642 1768 4712 propria
1804 4642 2071 4713 unicuique

485 4742 634 4803 prout
660 4732 764 4786 uult
789 4729 830 4804 (Ι
856 4731 973 4787 Cor.
1007 4746 1104 4795 xu,
1138 4731 1301 4800 7-H).
1331 4731 1531 4786 Horum
1558 4732 1792 4786 omnium
1820 4732 2070 4802 spiritua-

486 4822 611 4877 lium
643 4822 902 4877 donorum
924 4863 938 4889 ,
971 4837 1090 4892 qum
1128 4822 1570 4877 commemoravit
1599 4822 1885 4892 Apostolus
1905 4865 1920 4890 ,
1949 4825 2067 4879 cui—

485 4928 713 4983 cumque
737 4913 857 4967 data
886 4923 968 4968 est
992 4912 1298 4984 dijudicatio
1340 4913 1653 4984 spirituum,
1691 4914 1805 4984 ipse
1844 4915 1945 4970 scit
1970 4916 2068 4972 ista

487 5007 625 5062 sicut
645 5007 858 5062 scienda
890 5016 1033 5061 sunt.

558 5100 783 5156 CAPUT
820 5100 983 5155 XVII.
1015 5131 1085 5141 --
1109 5099 1198 5156 21.
1235 5099 1311 5154 De
1349 5098 1551 5155 Joanne
1591 5100 1856 5154 monacho.
1885 5099 2066 5156 Talem

488 5192 650 5249 fuisse
696 5192 1017 5248 credendum
1069 5201 1152 5247 est
1204 5192 1349 5246 illum
1398 5192 1655 5248 Joannem
1710 5192 2064 5258 monachum,

488 5298 646 5353 quem
671 5282 739 5338 de
763 5282 885 5337 belli
915 5282 1083 5336 civilis
1107 5290 1299 5337 eventu
1326 5285 1496 5352 major
1520 5282 1852 5339 Theodosius
1876 5299 2069 5339 consu-

489 5374 607 5430 luit.
636 5376 965 5446 imperator:
1000 5374 1226 5430 habebat
1263 5375 1457 5446 quippe
1504 5378 1663 5432 etiam
1711 5376 2063 5447 prophetiam.

487 5464 671 5536 Neque
703 5466 844 5521 enim
883 5467 1115 5539 singulos
1142 5467 1346 5538 singula
1377 5482 1655 5524 munerum
1694 5469 1939 5536 istorum,
1971 5469 2066 5524 sed

490 5557 648 5616 etiam
677 5563 827 5628 plura
852 5572 1013 5615 unum
1038 5557 1235 5619 habere
1263 5573 1421 5632 posse
1445 5574 1550 5615 non
1580 5561 1807 5631 ambigo.
1838 5562 2067 5617 Joannes

491 5662 620 5721 ergo
654 5650 770 5715 iste,
798 5651 1021 5729 quadam
1060 5653 1279 5713 muliere
1305 5654 1699 5726 religiosissima
1735 5655 2069 5727 impatienter

492 5754 616 5804 eum
641 5741 820 5804 videre
847 5745 1112 5818 cupiente,
1139 5755 1295 5819 atque
1316 5754 1373 5806 ut
1401 5745 1503 5804 hoc
1525 5746 1832 5819 impetraret
1851 5762 1944 5818 per
1964 5761 2068 5804 ma-

978 350 1066 407 DE
1103 345 1288 406 CURA
1327 341 1459 399 PRO
1495 335 1796 397 MORTUIS
1832 332 2180 400 GERENDA,
2221 332 2280 387 S.
2322 328 2687 387 AUGUSTINI
2743 328 2946 385 LIBER
2984 326 3184 386 UNUS.

2137 444 2296 500 ritum
2339 457 2491 499 suum
2536 442 2876 497 vehementer
2924 442 3184 507 instante,
3226 457 3348 499 cum
3392 441 3486 500 ille
3523 444 3730 513 nollet,

2138 534 2390 603 quoniam
2436 532 2485 587 id
2522 548 2788 603 nunquam
2817 533 3132 602 permiserat
3164 532 3416 588 feminis:
3444 534 3609 601 Vade,
3640 535 3733 590 in-

2141 625 2277 693 quit,
2305 623 2390 679 dic
2412 624 2564 678 uxori
2595 631 2719 687 tuac,
2749 613 2949 677 videbit
2974 638 3060 677 me
3086 631 3242 679 nocte
3270 624 3533 695 proxima,
3555 625 3650 681 sed
3674 625 3731 684 in

2142 714 2365 769 somnis.
2393 712 2461 767 Et
2490 712 2684 767 factum
2722 721 2804 767 est
2832 730 2844 766 :
2872 713 3183 783 monuitque
3212 714 3355 768 illam
3380 714 3635 785 quidquid
3665 716 3733 770 fi-

2143 804 2322 860 delem
2345 805 2679 876 coniugatam
2712 806 2914 860 moneri
2940 805 3239 875 oportebat.
3262 806 3392 874 Quae
3420 822 3540 862 cum
3565 807 3734 877 evigi-

2143 898 2324 963 lasset,
2353 899 2511 953 talem
2540 914 2597 951 se
2626 898 2820 953 vidisse
2846 897 3115 955 hominem
3139 900 3229 954 Dei
3249 900 3362 955 viro
3380 914 3499 964 suo,
3518 900 3733 970 qualem

2145 985 2235 1040 ille
2271 1001 2392 1042 eum
2430 995 2675 1054 noverat,
2702 995 2757 1041 et
2785 987 2909 1057 quid
2938 986 3009 1042 ab
3049 988 3141 1042 illo
3176 987 3422 1054 audierit,
3454 988 3731 1045 indicavit.

2146 1075 2246 1143 Qui
2279 1077 2381 1131 hoc
2420 1078 2488 1132 ab
2528 1078 2607 1133 eis
2642 1079 2921 1147 comperit,
2963 1079 3147 1133 retulit
3185 1080 3335 1143 mihi,
3367 1080 3451 1134 vir
3475 1081 3652 1150 gravis
3679 1089 3738 1135 et
3810 1077 3817 1081 ’

2146 1168 2361 1232 nobilis,
2401 1177 2453 1223 ct
2496 1169 2838 1239 dignissimus
2877 1169 3044 1224 credi.
3083 1170 3189 1226 Sed
3226 1170 3271 1224 si
3307 1170 3456 1224 illum
3491 1180 3735 1227 sanctum

2148 1259 2465 1312 monachum
2509 1260 2622 1329 ipse
2662 1259 2935 1325 vidissem,
2964 1260 3108 1329 quia,
3142 1260 3279 1314 sicut
3307 1260 3497 1327 fertur,
3530 1264 3735 1332 patien-

2150 1350 2351 1405 tissime
2390 1350 2811 1420 interrogabatur
2838 1359 2893 1405 ct
2933 1351 3323 1420 sapientissime
3354 1353 3728 1421 reSpoudebat,

2148 1439 2457 1508 quaesissem
2489 1439 2556 1493 ab
2584 1454 2650 1494 eo
2673 1439 2811 1509 quod
2833 1439 2900 1493 ad
2929 1439 3084 1493 istam
3112 1441 3340 1509 pertinet
3362 1443 3731 1511 quaestionem,

2151 1537 2325 1583 utrum
2355 1531 2467 1601 ipse
2492 1530 2557 1583 ad
2590 1531 2734 1585 illam
2764 1531 3013 1586 feminam
3048 1533 3283 1588 venisset
3323 1534 3375 1587 in
3409 1535 3644 1600 somnis,
3682 1535 3737 1589 id

2151 1629 2252 1685 est,
2278 1620 2496 1690 spiritus
2517 1620 2633 1689 ejus
2658 1622 2710 1675 in
2730 1621 2906 1692 effigie
2923 1624 3161 1692 corporis
3182 1624 3289 1690 sui,
3312 1624 3451 1679 sicut
3474 1639 3571 1680 nos
3592 1626 3737 1694 ipsos

2153 1709 2207 1763 in
2246 1710 2420 1781 effigie
2452 1712 2694 1780 corporis
2736 1714 2903 1767 nostri
2944 1714 3304 1779 somniamus;
3331 1731 3398 1769 an
3440 1716 3555 1785 ipso
3594 1717 3739 1772 aliud

2153 1810 2361 1870 agente,
2404 1802 2509 1870 vel,
2543 1803 2587 1856 si
2630 1802 2948 1871 dormiebat,
2976 1803 3118 1860 aliud
3156 1807 3476 1874 somniante,
3502 1807 3615 1862 sive
3644 1824 3741 1878 per

2155 1892 2436 1962 angelum,
2477 1891 2594 1946 sive
2637 1908 2977 1964 quocumque
3024 1894 3128 1949 alio
3177 1895 3336 1951 modo
3390 1897 3444 1951 in
3495 1898 3740 1954 mulieris

2157 1983 2368 2037 somnio
2401 1982 2517 2037 talis
2546 1982 2681 2037 facta
2708 1983 2961 2051 sitvisio;
2983 1993 3142 2055 atque
3170 1984 3223 2041 id
3251 1985 3507 2054 futurum,
3541 1996 3596 2042 ut
3623 1987 3743 2058 ipse

2157 2075 2511 2144 promitteret,
2542 2076 2837 2145 prophetia:
2861 2075 3061 2146 Spiritu
3094 2078 3362 2135 revelante
3389 2081 3739 2150 praesciverit.

2158 2163 2213 2218 Si
2244 2164 2384 2218 enim
2417 2165 2529 2234 ipse
2561 2164 2798 2220 interfuit
2828 2167 3133 2232 somnianti,
3164 2168 3391 2224 tnirabili
3430 2171 3598 2241 gratia
3636 2171 3745 2226 uti-

2157 2269 2260 2324 que
2297 2255 2348 2309 id
2393 2257 2586 2326 potuit,
2626 2272 2731 2312 non
2759 2267 2982 2323 natura;
3014 2268 3069 2314 et
3097 2260 3189 2315 Dei
3218 2276 3457 2328 munere,
3481 2277 3587 2320 non
3617 2278 3745 2333 pro-

2160 2347 2272 2417 pria
2313 2348 2578 2405 facultate.
2615 2349 2671 2405 Si
2699 2360 2876 2407 autem
2915 2351 3032 2420 ipso
3060 2352 3203 2407 aliud
3232 2363 3444 2424 agente,
3475 2355 3590 2411 sive
3613 2354 3746 2412 dor-

2161 2441 2358 2496 miente
2398 2450 2452 2496 et
2490 2443 2618 2497 visis
2658 2445 2778 2499 aliis
2820 2454 3099 2517 occupato,
3136 2462 3259 2502 eum
3287 2448 3481 2504 mulier
3518 2448 3652 2504 vidit
3689 2450 3747 2506 in

2162 2534 2400 2598 somnis;
2433 2535 2668 2604 profecto
2702 2538 2808 2593 tale
2840 2538 3039 2608 aliquid
3080 2538 3277 2594 factum
3305 2548 3408 2606 est,
3434 2541 3590 2611 quale
3616 2540 3749 2597 illud

2163 2633 2247 2678 est
2275 2624 2415 2694 quod
2444 2624 2498 2679 in
2526 2627 2748 2682 Actibus
2771 2629 3148 2699 Apostolorum
3179 2630 3423 2700 legimus,
3453 2631 3543 2687 ubi
3563 2631 3748 2687 Domi-

2162 2730 2263 2770 nus
2284 2714 2438 2770 Jesus
2460 2717 2692 2787 loquitur
2707 2720 2925 2775 Ananiae
2946 2720 3013 2776 de
3033 2722 3217 2787 Saulo,
3239 2722 3515 2778 et‘indicat
3534 2723 3584 2779 ei
3605 2723 3749 2794 quod

2163 2805 2351 2861 Saulus
2377 2808 2506 2863 vidit
2530 2810 2597 2865 ad
2622 2824 2681 2864 se
2702 2812 3000 2867 venientem
3027 2813 3309 2881 Ananiam,
3332 2828 3455 2869 cum
3482 2813 3584 2869 hoc
3602 2815 3748 2870 Ana-

2164 2898 2278 2952 nias
2308 2899 2419 2968 ipse
2450 2901 2677 2956 nesciret
2706 2902 2858 2973 (Act.
2889 2918 2963 2971 tx,
2990 2903 3154 2960 10-15
3177 2905 3218 2976 ).
3246 2904 3532 2973 Quodlibet
3558 2905 3750 2961 borum

2164 2988 2292 3041 mihi
2321 2991 2669 3060 responderet
2701 2992 2791 3047 ille
2812 2992 2973 3049 homo
3010 2994 3126 3062 Dei,
3152 3004 3208 3050 et
3235 2995 3303 3050 de
3331 2996 3653 3066 martyribus
3682 2996 3750 3052 ab

2166 3078 2257 3133 illo
2297 3094 2570 3150 pergerem
2612 3098 2871 3151 quaerere,
2901 3092 3075 3137 utrum
3106 3084 3207 3155 ipsi
3234 3083 3412 3140 adsint
3441 3088 3492 3140 in
3523 3084 3744 3152 somnis,

2166 3171 2251 3224 vel
2276 3187 2612 3242 quocumque
2641 3174 2746 3228 alio
2766 3173 2925 3230 modo
2943 3174 3240 3249 videntibus
3261 3191 3355 3232 eos
3380 3177 3435 3231 in
3458 3193 3559 3247 qua
3584 3177 3751 3248 ﬁgura

2166 3263 2464 3328 voluerint;
2492 3272 2544 3319 et
2575 3266 2805 3320 maxime
2833 3266 3045 3336 quando
3071 3266 3138 3321 ab
3166 3267 3246 3323 eis
3274 3282 3333 3324 se
3364 3269 3597 3339 torqueri
3636 3268 3751 3324 dte-

2168 3368 2356 3409 mones
2384 3355 2436 3407 in
2464 3354 2767 3411 hominibus
2788 3358 3129 3422 confitentur,
3154 3368 3208 3412 et
3227 3368 3413 3430 rogant
3441 3374 3536 3414 eos
3557 3369 3613 3413 ut
3632 3373 3752 3429 par-

2168 3453 2291 3500 cant
2329 3446 2432 3500 sibi
2456 3464 2469 3500 :
2497 3460 2565 3501 an
2607 3448 2706 3517 ista
2749 3448 2875 3503 fiant
2903 3450 2999 3505 Dei
3028 3461 3156 3505 nutu
3185 3467 3279 3521 per
3307 3452 3572 3522 angelicas
3600 3463 3753 3521 pote-

2170 3545 2353 3605 states,
2397 3538 2449 3591 in
2493 3537 2751 3601 honorem
2790 3541 3413 3612 commendationemque
3449 3551 3755 3597 sanctorum

2168 3627 2234 3683 ad
2267 3629 2551 3685 utilitatem
2579 3630 2873 3698 hominum,
2898 3626 3003 3687 illis
3028 3634 3083 3689 in
3112 3649 3319 3689 summa
3344 3635 3522 3704 quiete
3545 3635 3751 3705 positis,

2170 3731 2224 3776 et
2262 3722 2329 3777 ad
2369 3721 2475 3777 alia
2517 3724 2674 3793 longe
2713 3725 2934 3781 meliora
2962 3727 3073 3781 visa
3102 3726 3413 3782 vacantibus
3452 3743 3692 3791 seorsum
3723 3743 3755 3781 a

2170 3815 2345 3881 nobis,
2383 3817 2764 3888 orantibusque
2806 3833 2905 3888 pro
2944 3818 3117 3874 nobis.
3146 3818 3277 3873 Nam
3306 3818 3586 3874 Mediolani
3615 3818 3755 3888 apud

2172 3917 2387 3965 sanctos
2419 3910 2721 3965 Protasium
2760 3921 2814 3966 et
2850 3911 3162 3968 Gervasium
3191 3922 3471 3984 martyres,
3501 3928 3756 3983 expresso

2174 4001 2411 4068 nomine,
2440 4002 2577 4057 sicut
2604 4002 2977 4058 defunctorum
3017 4018 3152 4074 quos
3184 4004 3372 4060 eodem
3415 4003 3572 4058 modo
3609 4019 3755 4059 eom-

2171 4093 2561 4163 memorabant,
2590 4094 2767 4151 adhuc
2794 4097 2973 4151 vivum
3003 4096 3276 4153 daemones
3300 4097 3605 4167 episcopum
3627 4111 3751 4151 con-

2172 4181 2456 4239 fitebantur
2490 4186 2851 4253 Ambrosium,
2880 4195 3042 4258 atque
3069 4197 3131 4243 ut
3172 4187 3274 4243 sibi
3313 4197 3555 4258 parceret
3595 4188 3753 4242 obsc-

2172 4272 2411 4339 crabaut,
2462 4274 2554 4330 illo
2601 4276 2742 4331 aliud
2784 4286 2998 4348 agente,
3026 4286 3187 4349 atque
3213 4278 3315 4332 hoc
3350 4294 3470 4334 cum
3510 4287 3755 4348 ageretur

2173 4366 2390 4421 omnino
2450 4369 2743 4424 nesciente.
2802 4370 2884 4423 An
2934 4385 3064 4425 vero
3119 4369 3402 4439 aliquando
3446 4385 3539 4438 per
3585 4370 3755 4439 ipsam

2174 4457 2510 4526 prmsentiam
2540 4469 2833 4530 martyrum
2858 4459 3006 4526 fiunt,
3034 4460 3132 4515 ista
3157 4458 3440 4528 aliquando
3468 4474 3562 4527 per
3580 4461 3757 4529 Ange-

2175 4546 2380 4611 lorum;
2413 4556 2468 4601 et
2505 4556 2681 4604 utrum
2713 4551 2934 4619 possint,
2962 4550 3043 4604 vel
3079 4548 3269 4618 quibus
3298 4548 3463 4618 signis
3490 4550 3694 4618 possint
3722 4565 3753 4604 a

2174 4640 2328 4694 nobis
2357 4639 2462 4695 duo
2504 4642 2603 4697 ista
2636 4642 2899 4707 discerni;
2928 4656 2994 4695 an
3021 4655 3081 4695 ea
3121 4640 3323 4695 sentire
3359 4656 3422 4696 ac
3462 4641 3756 4712 dijudicarc

2176 4748 2282 4787 non
2308 4732 2496 4798 valeat,
2529 4735 2630 4788 nisi
2656 4736 2744 4805 qui
2776 4735 2933 4790 habet
2960 4732 3088 4788 illud
3115 4732 3315 4788 donum
3342 4748 3439 4803 per
3465 4734 3560 4791 Dei
3582 4733 3753 4805 Spiri-

2176 4832 2285 4879 tum
2314 4825 2637 4882 dividentem
2667 4829 2879 4899 pr0pria
2908 4827 3192 4897 unicuique
3218 4837 3375 4897 prout
3401 4828 3512 4884 vult
3538 4846 3551 4882 :
3583 4828 3753 4892 disse-

2174 4924 2317 4971 reret
2339 4916 2489 4983 mihi,
2513 4926 2573 4973 ut
2590 4919 2841 4985 arbitror,
2871 4920 2983 4991 ipse
3007 4918 3237 4976 Joannes
3262 4919 3380 4975 haec
3398 4920 3594 4987 omnia,
3616 4920 3754 4975 sicut

2173 5008 2398 5075 vellem;
2432 5017 2489 5063 ut
2512 5019 2602 5066 aut
2630 5026 2695 5066 eo
2720 5010 2947 5067 docente
2980 5011 3263 5077 discerem,
3291 5020 3346 5067 et
3367 5027 3430 5067 ea
3458 5027 3576 5083 quae
3605 5010 3755 5067 audi-

2174 5115 2288 5157 rem
2319 5116 2445 5158 vera
2481 5110 2536 5158 et
2562 5111 2708 5159 certa
2737 5118 2857 5160 esse
2884 5119 3299 5174 cognoscerem;
3327 5113 3421 5159 aut
3446 5118 3543 5175 ego
3569 5103 3756 5158 crede-

2173 5209 2287 5249 rem
2321 5211 2440 5266 quae
2475 5197 2736 5251 nescirem
2756 5237 2770 5261 ,
2804 5196 2896 5252 illo
2922 5196 3134 5252 dicente
3162 5211 3280 5267 qua:
3309 5197 3487 5251 sciret.
3517 5194 3669 5263 Quod
3707 5194 3754 5250 si

2173 5286 2305 5340 mihi
2332 5286 2552 5341 forsitan
2577 5287 2641 5341 de
2662 5296 2845 5343 sancta
2867 5287 3137 5358 Scriptura
3168 5286 3516 5356 responderet
3533 5301 3595 5340 ac
3613 5286 3757 5342 dice-

2174 5388 2277 5448 ret,
2302 5380 2497 5436 Altiora
2522 5392 2570 5435 te
2594 5397 2657 5435 ne
2683 5382 2963 5453 quasieris,
2993 5390 3041 5434 et
3070 5381 3282 5452 fortiora
3322 5387 3370 5433 te
3407 5396 3470 5434 ne
3504 5388 3757 5434 scrutatus

2174 5473 2367 5544 fueris;
2393 5474 2482 5528 sed
2504 5489 2616 5544 qua:
2645 5473 2885 5542 priet-epit
2914 5472 3002 5529 tibi
3030 5469 3299 5536 Dominus,
3323 5469 3415 5526 illa
3441 5468 3604 5540 cogita
3627 5485 3759 5526 sem-

2175 5580 2261 5634 per
2292 5562 2311 5637 (
2344 5563 2501 5621 Eccli.
2534 5581 2608 5629 nt,
2637 5563 2781 5632 22);
2824 5563 2875 5617 id
2919 5564 3078 5619 etiam
3122 5570 3393 5638 gratanter
3435 5560 3754 5633 acciperem.

2173 5656 2290 5715 Non
2322 5657 2462 5716 enim
2492 5672 2684 5732 parvus
2711 5665 2794 5713 est
2820 5656 3042 5722 fructus,
3069 5656 3113 5712 si
3144 5655 3319 5728 aliqua
3348 5653 3575 5711 obscura
3598 5660 3653 5711 et
3676 5652 3760 5707 in-

2180 5756 2344 5821 certa,
2374 5765 2493 5822 quae
2521 5746 2975 5821 comprehendere
3005 5761 3112 5805 non
3136 5746 3394 5818 valemus,
3416 5745 3619 5803 clarum
3647 5742 3756 5802 sal-
