4140 6216
541 253 3792 330 ψ

1131 397 1276 513 S.
1347 388 2104 511 AUBELII
2175 381 3167 501 AUGUSTINI

1702 577 2214 646 HlPPONENSIS
2254 575 2604 640 EPISCOPI

744 757 1205 982 DE
1442 743 3569 971 PATIENTIA

1546 1087 2024 1202 LIBER
2115 1082 2524 1193 U'NU‘S
2591 1084 2715 1193 (α).

1810 1287 2496 1329 -αοοομ

583 1405 814 1468 Principio
832 1402 1083 1476 distinguit
1105 1399 1394 1462 Augustinus
1416 1398 1698 1469 patientiam
1714 1407 1882 1467 veram
1904 1407 1932 1443 a
1950 1393 2084 1442 falsa.
2116 1399 2339 1443 Hortatur
2359 1392 2539 1442 deinde
2563 1391 2621 1440 ad
2646 1403 2754 1440 eam
2782 1396 3157 1506 Ἑῗςγρηβδικ
3185 1402 3277 1461 per
3296 1401 3443 1452 quam
3479 1403 3566 1452 pro
3597 1397 3785 1462 eterna

583 1481 616 1506 an
659 1475 708 1506 91
733 1481 793 1506 ρν
821 1474 903 1506 ne:
934 1476 1098 1506 anmre
1121 1461 1244 1506 mala
1266 1459 1579 1506 sufferuntur.
1604 1465 1884 1506 patientiam
1905 1453 2309 1506 amolectemlam.
2344 1462 2492 1506 Docet
2532 1462 2776 1506 postremo
2960 1459 3208 1506 patientiae
3231 1459 3476 1506 Virtutem.
3501 1466 3600 1502 non
3638 1451 3784 1504 liberi

522 1453 803 1521 uasta
820 1453 1098 1516 Dei’an‘iore
1121 1453 1244 1512 mila
1266 1453 1579 1517 sull‘eruntur,
1604 1458 1884 1521 patientiam
1905 1453 2309 1521 amplectetuam.
2344 1462 2492 1506 Docet
2532 1462 2776 1516 postremo

522 1517 705 1580 arbitrii
727 1517 923 1587 viribus,
950 1524 1036 1575 sed
1059 1525 1233 1574 divinae
1256 1523 1426 1585 gratiae
1447 1517 1682 1584 adjutorio
1705 1517 2011 1568 tribuendam
2036 1528 2167 1566 esse.

595 1656 818 1714 CAPUT
839 1652 1117 1710 PRIMUM.
1134 1652 1274 1706 --i.
1307 1649 1562 1704 Patientia
1589 1647 1685 1702 Dei
1708 1647 1886 1717 qualis.
1916 1645 2094 1700 Virtus

524 1750 686 1807 animi
704 1763 824 1819 quae
849 1746 1105 1802 Patientia
1131 1744 1341 1808 dicitur,
1371 1751 1477 1797 tam
1506 1755 1752 1812 magnum
1775 1738 1871 1794 Dei
1897 1739 2094 1794 donum

519 1850 626 1910 est,
650 1849 708 1896 ut
733 1840 890 1895 etiam
911 1837 1074 1908 ipsius
1093 1836 1181 1906 qui
1210 1834 1362 1889 nobis
1381 1848 1499 1888 eam
1525 1832 1768 1902 largitur,
1792 1845 1893 1900 qua
1925 1828 2095 1884 malos

525 1941 582 1986 ut
617 1931 950 2000 corrigantur
991 1934 1301 1995 exspectat,
1345 1923 1596 1994 patientia
1636 1920 1971 1991 praedicetur.
2019 1919 2096 1974 ita

520 2021 766 2092 quamvis
787 2020 924 2076 Deus
951 2016 1081 2073 nihil
1103 2016 1210 2086 pati
1238 2013 1405 2085 possit
1436 2017 1476 2080 ¹,
1506 2012 1756 2083 patientia
1787 2025 1912 2067 vero
1941 2025 1970 2064 a
2000 2024 2094 2080 pa-

526 2110 705 2166 tiendo
731 2122 926 2165 nomen
951 2105 1237 2175 acceperit,
1265 2104 1550 2174 patientem
1581 2111 1757 2157 tamen
1790 2101 1958 2156 Deum
1987 2113 2095 2156 non

524 2202 684 2259 modo
735 2200 960 2256 ﬁdeliter
1007 2197 1309 2262 credimus,
1374 2210 1559 2252 verum
1607 2194 1769 2250 etiam
1815 2192 2100 2249 salubriter

523 2293 855 2350 conﬁtemur.
889 2290 992 2346 Sed
1025 2289 1118 2344 Dei
1159 2287 1411 2358 patientia
1456 2285 1626 2356 qualis
1653 2294 1709 2340 et
1751 2293 1944 2355 quanta
1986 2283 2094 2352 sit,

521 2399 682 2455 quem
710 2382 840 2437 nihil
879 2380 1163 2452 patientem
1184 2420 1200 2446 ,
1233 2393 1332 2435 nec
1357 2387 1532 2434 tamen
1564 2376 1922 2446 impatientem
1945 2417 1960 2440 ,
1992 2374 2098 2430 imo

523 2475 681 2532 etiam
711 2473 1148 2544 patientissimum
1185 2471 1445 2536 dicimus,
1471 2470 1648 2527 verbis
1673 2469 1938 2540 explicare
1979 2467 2098 2539 quis

525 2566 728 2635 possit?
755 2563 1036 2618 lneﬂ'abilis
1063 2571 1144 2616 est
1181 2575 1306 2630 ergo
1330 2561 1415 2614 illa
1447 2560 1694 2629 patientia
1725 2561 1768 2624 ³,
1798 2560 1932 2614 sicut
1954 2559 2098 2613 zelus

525 2657 674 2727 ejus,
704 2655 840 2710 sicut
869 2655 944 2708 ira
973 2653 1087 2724 ejus
1106 2691 1122 2720 ,
1145 2659 1198 2707 et
1221 2651 1264 2706 si
1293 2650 1417 2721 quid
1443 2649 1742 2720 hujusmodi
1763 2659 1863 2703 est.
1896 2648 2026 2702 Nam
2054 2648 2096 2702 si

526 2755 774 2814 tanquam
803 2753 982 2797 nostra
1010 2743 1108 2796 ista
1129 2742 1446 2812 cogitemus,
1483 2741 1533 2794 in
1566 2740 1657 2793 illo
1681 2739 1820 2794 nulla
1844 2748 1986 2794 sunt.
2010 2738 2100 2792 Ni-

527 2835 598 2889 Iiil
628 2834 770 2889 enim
813 2834 1001 2888 horum
1047 2846 1144 2884 nos
1186 2832 1302 2885 sine
1345 2829 1586 2885 molestia
1630 2828 1927 2886 sentimus:
1963 2827 2102 2888 absit

525 2933 702 2980 autem
751 2933 806 2979 ut
848 2921 1225 2994 impassibilem
1269 2921 1360 2975 Dei
1411 2929 1652 2974 naturam
1697 2920 1899 2989 perpeti
1941 2919 2098 2973 ullam

526 3017 820 3072 molestiam
848 3015 1192 3085 suspicemur.
1221 3012 1368 3068 Sicut
1411 3022 1587 3067 autem
1615 3012 1754 3066 zelat
1782 3011 1896 3066 sine
1921 3010 2100 3081 aliquo

525 3108 691 3164 livore
711 3149 724 3172 ,
753 3106 998 3161 irascitur
1017 3105 1132 3159 sine
1157 3102 1327 3173 aliqua
1356 3103 1752 3173 perturbatione
1770 3141 1786 3170 ,
1817 3101 2101 3157 miseretur

527 3202 643 3258 sine
683 3199 858 3270 aliquo
883 3198 1098 3263 dolore,
1131 3197 1352 3266 paenitet
1396 3210 1518 3252 eum
1567 3195 1682 3250 sine
1727 3195 1948 3265 alicujus
1990 3207 2102 3248 suae

526 3291 800 3364 pravitatis
825 3288 1156 3346 correctione
1187 3305 1199 3340 :
1234 3289 1304 3342 ita
1328 3296 1409 3342 est
1447 3287 1652 3357 patiens
1694 3285 1809 3340 sine
1835 3284 1936 3339 ulla
1975 3299 2100 3355 pas-

525 3385 697 3438 sione.
730 3380 877 3434 Nune
903 3380 1080 3446 itaque
1109 3377 1334 3431 humana
1382 3378 1660 3446 patientia,
1707 3392 1864 3446 quam
1911 3391 2101 3445 capere

527 3484 807 3542 possumus
825 3509 841 3537 ,
872 3475 927 3521 et
956 3467 1151 3522 habere
1177 3466 1432 3521 debemus
1452 3507 1465 3529 ,
1489 3467 1780 3536 cnjusmodi
1807 3468 1910 3532 sit,
1937 3482 2103 3538 quan-

527 3568 640 3615 tum
683 3559 936 3614 Dominus
978 3557 1192 3622 tribuit,
1236 3565 1290 3611 et
1328 3565 1586 3627 quantum
1631 3557 1825 3626 patitur
1872 3557 2102 3614 brevitas

529 3649 802 3721 praesentis
826 3647 1085 3703 sermonis
1105 3645 1400 3716 expediam.

597 3739 820 3796 CAPUT
860 3738 921 3794 ll.
947 3768 1019 3780 —
1041 3737 1094 3791 2.
1127 3735 1380 3792 Patientia
1419 3747 1552 3792 recta
1592 3752 1821 3808 quianam
1857 3748 1906 3792 et
1951 3756 2100 3809 quam

531 3834 690 3889 utilis.
733 3831 993 3888 Patientia
1022 3829 1278 3897 hominis,
1311 3845 1426 3899 qua:
1458 3838 1600 3885 recta
1631 3837 1713 3884 est
1737 3839 1893 3902 atque
1917 3829 2100 3885 lauda-

530 3926 654 3982 bilis
698 3935 751 3981 ct
788 3923 1045 3980 vocabulo
1073 3921 1226 3993 digna
1257 3922 1466 3977 virtutis
1487 3965 1500 3987 ,
1548 3937 1612 3979 ea
1661 3921 1965 3992 perhibetur
1998 3940 2101 3994 qua

532 4033 683 4088 mque
707 4017 884 4070 animo
910 4016 1046 4069 mala
1074 4016 1390 4080 toleramus,
1423 4030 1490 4070 ne
1531 4015 1708 4069 animo
1748 4016 1928 4087 iniquo
1965 4018 2100 4073 bona

533 4110 840 4165 deseramus
863 4107 903 4173 ³,
934 4121 1028 4176 per
1057 4121 1174 4175 quae
1201 4105 1266 4158 ad
1297 4105 1512 4160 meliora
1537 4107 1926 4177 perveniamus.
1953 4108 2100 4176 Qua-

533 4206 747 4269 propter
770 4196 1103 4266 impatientes
1129 4195 1255 4250 dum
1286 4196 1421 4249 mala
1455 4197 1558 4264 pati
1600 4197 1816 4264 nolunt,
1850 4214 1954 4253 non
1982 4198 2099 4254 effi-

529 4291 676 4344 ciunt
705 4298 760 4342 ut
787 4303 816 4341 a
844 4287 997 4340 malis
1025 4295 1292 4351 eruantur,
1327 4285 1420 4339 sed
1463 4295 1520 4338 ut
1560 4288 1694 4341 mala
1721 4289 1959 4357 graviora
2003 4305 2099 4359 pa-

532 4380 746 4433 tiantur.
775 4375 1049 4432 Patientes
1072 4383 1244 4430 autem
1281 4375 1366 4445 qui
1410 4376 1543 4429 mala
1587 4378 1788 4432 malunt
1816 4393 1920 4434 non
1950 4395 2098 4435 eom-

534 4468 792 4526 mittendo
832 4467 1001 4534 ferre,
1051 4481 1206 4536 quam
1251 4482 1354 4520 non
1398 4466 1618 4522 ferendo
1660 4469 2020 4538 committere,
2047 4481 2101 4528 et

531 4562 722 4619 leviora
773 4559 968 4614 faciunt
1018 4572 1137 4628 quae
1167 4555 1189 4588 δ
1227 4571 1321 4626 per
1357 4556 1661 4627 patientiam
1711 4559 2002 4628 patiuntur,
2045 4572 2100 4618 et

530 4654 708 4727 pejora
738 4650 968 4708 evadunt
1011 4648 1200 4720 quibus
1242 4663 1338 4720 per
1376 4649 1751 4718 impatientiam
1790 4665 2096 4722 mergeren-

2960 1451 3208 1516 patientite
3231 1451 3600 1512 virtutumnon
3638 1451 3784 1504 liberi

2205 1652 2294 1700 tur
2323 1645 2364 1696 ⁸.
2397 1644 2542 1699 Bona
2568 1659 2694 1699 vero
2716 1653 2913 1700 natet-na
2943 1652 2998 1700 et
3025 1659 3212 1714 magna
3239 1659 3344 1699 non
3374 1642 3634 1715 perdunt,
3661 1641 3788 1697 dum

2203 1735 2357 1790 malis
2395 1736 2777 1806 temporalibus
2823 1736 3178 1805 brevibusque
3220 1750 3328 1790 non
3363 1735 3563 1790 cedunt
3606 1751 3621 1788 :
3657 1747 3791 1803 quo-

2202 1829 2346 1883 niam
2378 1845 2479 1883 non
2507 1838 2626 1883 sunt
2651 1829 2914 1900 condigna:
2941 1829 3196 1898 passiones
3224 1828 3378 1898 hujus
3399 1825 3663 1896 imparis,
3686 1825 3787 1880 sie-

2203 1927 2262 1973 ut
2299 1919 2582 1988 Apostolus
2630 1919 2758 1975 dicit
2779 1961 2794 1983 ,
2823 1921 2894 1973 ad
2922 1924 3151 1991 futuram
3177 1919 3392 1990 gloriam
3415 1933 3529 1988 qua:
3554 1915 3795 1971 reuelabi-

2203 2018 2286 2063 ων
2311 2011 2363 2062 in
2392 2011 2532 2064 nobis
2569 2008 2743 2082 (Rom.
2771 2025 2893 2075 vui,
2927 2008 3040 2079 18).
3069 2009 3138 2064 Ει
3163 2010 3355 2065 iterum
3395 2008 3473 2062 ait
3499 2026 3514 2061 :
3545 2006 3696 2072 Quod
3721 2015 3794 2061 est

2201 2100 2480 2170 temporale
2507 2110 2555 2154 et
2583 2101 2688 2155 leue
2715 2100 3051 2155 tribulationis
3073 2109 3261 2155 nostra;
3283 2141 3298 2166 ,
3345 2100 3401 2153 in
3441 2097 3792 2152 incredibilem

2204 2192 2414 2246 modum
2431 2202 2678 2247 internum
2698 2194 2876 2266 gloria
2894 2193 3091 2265 pondus
3109 2203 3346 2265 cperam
3367 2192 3508 2247 nobis
3535 2194 3554 2224 ²
3581 2189 3654 2262 (ιι
3671 2189 3791 2245 Cor.

2205 2297 2286 2348 tv,
2319 2283 2431 2349 i7).

2273 2371 2499 2428 CAPUT
2543 2371 2629 2426 Ill.
2656 2403 2730 2416 —-
2755 2372 2808 2428 5.
2841 2371 3095 2428 Patientia
3116 2373 3404 2444 iniquorum
3443 2381 3656 2443 nulla.
3704 2370 3792 2426 ln-

2207 2472 2449 2521 tueamur
2470 2478 2596 2535 ergo
2615 2506 2632 2531 ,
2658 2464 2975 2532 charissimi,
3008 2473 3203 2534 quanta
3235 2465 3288 2519 in
3316 2463 3585 2519 laboribus
3611 2470 3668 2519 et
3691 2461 3794 2518 da-

2204 2557 2403 2613 loribus
2429 2556 2672 2611 homines
2693 2556 2821 2612 dura
2853 2557 3186 2626 sustineant,
3228 2571 3324 2628 pro
3361 2556 3523 2612 rebus
3559 2571 3690 2626 quas
3709 2555 3794 2610 vi-

2207 2653 2339 2706 tiose
2361 2651 2585 2722 diligunt
2605 2693 2619 2718 ,
2652 2659 2706 2706 et
2739 2660 2936 2722 quanto
2960 2665 3020 2706 se
3043 2650 3126 2705 his
3151 2649 3418 2706 feliciores
3445 2649 3557 2704 ﬁeri
3585 2657 3791 2720 putant,

2205 2750 2353 2797 tanto
2384 2743 2647 2798 infelicius
2676 2743 3078 2814 concupiscunt.
3124 2742 3329 2810 Quanta
3362 2757 3459 2813 pro
3484 2740 3630 2797 falsis
3654 2741 3794 2796 divi-

2205 2833 2292 2890 tiis
2315 2842 2530 2904 ,quanta
2560 2848 2658 2905 pro
2685 2834 2836 2890 vanis
2859 2833 3167 2901 honoribm,
3187 2843 3381 2904 quanta
3414 2848 3508 2902 pro
3535 2831 3754 2887 ludicris
3771 2832 3793 2865 ³

2205 2924 2574 2980 adeotionibus
2619 2925 3063 2995 periculosissima
3092 2933 3146 2980 et
3171 2923 3542 2980 molestissima
3588 2923 3795 2994 patien-

2206 3015 2410 3070 tissime
2447 3015 2776 3070 tolerantur!
2809 3015 3088 3081 Pecunite,
3135 3015 3319 3086 gloria:
3339 3055 3354 3082 ,
3387 3014 3612 3069 lascivia:
3638 3015 3786 3085 cupi-

2205 3104 2306 3160 dos
2345 3105 2588 3161 videmus
2608 3147 2623 3171 ,
2665 3114 2723 3161 ut
2747 3105 2815 3161 ad
2841 3104 3146 3160 desiderata
3177 3105 3516 3176 perveniant,
3553 3103 3792 3176 adeptis-

2205 3208 2310 3265 que
2351 3208 2455 3248 non
2486 3204 2730 3260 careant,
2759 3194 2928 3263 soles,
2957 3194 3158 3252 imbres
3176 3237 3192 3262 ,
3220 3195 3433 3266 glacies,
3463 3194 3655 3250 ﬂuctus
3678 3235 3694 3262 ,
3737 3204 3794 3252 et

2209 3285 2683 3357 procellosissimas
2713 3294 3056 3356 tempestates
3075 3327 3090 3354 ,
3130 3301 3317 3357 aspera
3347 3294 3401 3342 et
3430 3287 3630 3342 incerta
3672 3287 3792 3344 bel-

2207 3378 2380 3432 lorum
2405 3419 2421 3445 ,
2449 3379 2759 3434 immanium
2801 3379 3073 3450 plagarum
3104 3379 3271 3446 ictus,
3314 3388 3368 3436 et
3408 3380 3623 3436 vulnera
3663 3379 3794 3437 hor.

2205 3471 2369 3526 renda
2390 3513 2406 3540 ,
2436 3487 2541 3526 non
2571 3471 2864 3527 iuevitabili
2896 3472 3238 3536 necessitate,
3278 3472 3370 3528 sed
3405 3472 3652 3543 culpabili
3693 3488 3794 3527 vo-

2211 3562 2414 3618 luntate
2480 3561 2740 3631 perferre.
2789 3561 2986 3619 Verum
3033 3563 3116 3619 hae
3161 3563 3318 3620 licitae
3362 3563 3590 3636 quodam
3636 3564 3794 3621 modo

2205 3655 2454 3711 videntur
2485 3657 2725 3711 insaniae.

2279 3747 2504 3804 CAPUT
2531 3746 2622 3802 IV.
2649 3779 2722 3790 —
2743 3747 2870 3803 Hec
2892 3764 2924 3802 α
2947 3749 3089 3803 uanis
3111 3748 3372 3802 lmtdatur.
3399 3748 3639 3820 Namque
3663 3763 3792 3804 avu-

2206 3838 2360 3905 ritia,
2413 3838 2672 3904 ambitio,
2726 3839 2961 3906 luxuria,
3005 3847 3059 3894 et
3087 3840 3354 3893 variorum
3399 3839 3792 3895 oblectamenta

2206 3929 2472 3995 ludorum,
2495 3929 2596 3986 nisi
2631 3939 2844 3999 propter
2865 3930 2953 3984 illa
2983 3929 3187 3984 facinus
3224 3929 3432 4000 aliquod
3456 3930 3789 4000 admittatur,

2207 4020 2320 4076 sive
2349 4019 2603 4090 ﬂagitium
2646 4019 2788 4090 quod
2816 4020 3018 4090 legibus
3057 4020 3363 4090 prohibetur
3386 4020 3662 4086 humanis,
3695 4038 3795 4093 pu-

2207 4120 2386 4166 tantur
2414 4110 2482 4166 ad
2513 4111 2865 4166 innocentiam
2891 4112 3160 4182 pertinere
3193 4130 3204 4166 :
3234 4113 3340 4166 imo
3368 4112 3527 4166 etiam
3558 4111 3647 4182 qui
3672 4114 3791 4169 sine

2205 4201 2390 4256 fraude
2414 4203 2751 4274 cujusquam,
2774 4211 2866 4257 aut
2894 4217 2989 4272 pro
3020 4203 3260 4259 habenda
3297 4204 3379 4259 vel
3420 4204 3660 4274 augenda
3691 4221 3789 4274 pc-

2204 4295 2360 4348 cunia
2379 4335 2398 4360 ,
2425 4304 2515 4348 aut
2540 4309 2636 4363 pro
2657 4293 3010 4364 adipiscendis
3033 4295 3119 4349 vel
3148 4295 3440 4350 retinendis
3470 4296 3787 4365 honoribus,

2205 4393 2296 4439 aut
2330 4384 2381 4437 in
2411 4398 2581 4452 agone
2616 4383 2870 4440 certando
2913 4398 3006 4438 seu
3038 4385 3314 4449 venando,
3346 4401 3438 4440 seu
3467 4386 3790 4442 tlteatricum

2205 4475 2402 4546 aliquid
2434 4476 2783 4545 plausibiliter
2811 4475 3110 4532 exhibendo
3139 4489 3356 4546 magnos
3390 4474 3600 4532 labores
3631 4477 3792 4532 dolo-

2204 4582 2395 4636 resque
2429 4567 2738 4635 pertulerit,
2771 4581 2952 4638 parum
2987 4574 3068 4621 est
3109 4565 3250 4634 quod
3287 4565 3528 4634 populari
3559 4567 3793 4626 vanitate

2208 4659 2370 4712 nullis
2397 4659 2898 4728 reprehensionibus
2921 4658 3218 4725 cohibetur,
3250 4656 3345 4712 sed
3377 4659 3594 4729 insuper
3622 4663 3792 4718 extol-

1705 4779 1989 4823 ADIONITIO
2019 4784 2097 4823 PP.
2138 4786 2611 4828 BENEDICTINORUI.

587 4859 724 4908 Liber
743 4856 1059 4925 de_Patientia
1082 4856 1355 4925 recensitus
1379 4857 1524 4925 estin
1557 4861 1663 4925 Mss.
1686 4855 1936 4925 Gallicanis
1956 4860 2256 4925 quindecim;
2302 4861 2576 4925 Colbertino
2593 4900 2609 4924 ,
2627 4863 2898 4922 Sorbonieo,
2922 4863 3176 4925 Victorino,
3202 4872 3233 4913 Α

525 4934 632 4973 rum
665 4920 859 4982 majoris
895 4924 1163 4982 conventus
1202 4919 1512 4982 I‘arisiensis,
1555 4919 1885 4982 Cisterciensi,
1932 4927 1961 4982 Β

3559 4867 3793 4918 Eremlta'

1967 4923 2343 4991 egio-nmritensi
2364 4959 2379 4984 ,
2413 4923 2724 4991 Floriaeensi,
2768 4923 3471 4991 \Aindocinensiﬁ’ratéllensi,
3492 4927 3792 4991 Michaelino.

523 4979 1217 5057 audoenetisi_,‘tiivioqeitsi_
1230 4980 1902 5057 benigni,»and-ogavenysi
1922 4979 2092 5057 alpini,
2117 4987 2315 5057 ’διεξιφίιεί
2339 4979 2382 5032 δ’.
2405 4985 2629 5057 arnnlphi
2654 5019 2669 5045 ,
2697 4979 2749 5034 et
2979 4979 3185 5057 abbatite
3219 4987 3404 5057 Casalis
3431 4979 3702 5050 tienedicti;
3744 4991 3796 5040 in

527 5044 742 5113 Romanis
760 5039 965 5113 quatuor
987 5039 1292 5088 bibliothecae
1314 5039 1563 5112 Vaticanaf,
1587 5039 1895 5113 cuin-quibus
1920 5044 2063 5113 etiam
2081 5039 2282 5096 collatae
2319 5053 2432 5096 sunt
2454 5039 2695 5097 lectiones
2716 5047 2959 5097 variantes
2981 5046 3280 5110 Belgicorum
3297 5054 3500 5112 quatuor
3537 5055 3644 5100 Mss.
3668 5039 3796 5113 quos

526 5104 750 5154 viderunt
770 5103 1106 5160 Lovauienses,
1135 5115 1322 5150 necnon
1347 5103 1582 5163 primariae
1602 5103 1841 5150 editiones
1863 5108 1934 5151 Er.
1962 5112 2012 5153 ct
2034 5111 2141 5155 Lov.

590 5205 1100 5286 Comparavimus
1119 5211 1416 5283 praeterea
1443 5223 1542 5264 eas
1573 5223 1775 5265 omnes
1801 5204 2098 5267 editiones
2133 5207 2320 5270 initio
2347 5211 2520 5270 Retr.
2551 5217 2606 5269 et
2627 5206 2914 5270 Confess.
2953 5215 3002 5269 ε.
3033 5211 3093 5285 1,
3119 5220 3508 5274 memoratas.
3593 5213 3685 5276 Μ.

587 5350 605 5382 ι
641 5344 896 5405 Duodecim
911 5350 1042 5402 Mss,
1059 5340 1180 5394 nihil
1201 5342 1317 5393 mali
1339 5342 1438 5405 pati

587 5410 609 5442 ³
642 5408 726 5458 Hic
745 5404 969 5457 undecim
990 5412 1097 5455 Mss.
1121 5404 1320 5464 addunt,
1339 5403 1437 5454 non
1458 5412 1616 5456 tanien
1637 5403 1787 5456 nulla.

587 5470 610 5501 ³
640 5475 751 5519 ων.
775 5479 884 5531 cum
900 5471 1198 5531 uno_tantum
1223 5474 1323 5527 Μελ,
1347 5479 1432 5516 nec
1457 5465 1614 5518 annuo
1639 5465 1801 5531 iniquo
1822 5467 1943 5521 bona
1965 5468 2094 5522 desi-

529 5528 755 5583 deramus
777 5540 794 5578 :
819 5528 978 5578 minus
996 5528 1145 5577 bene.

579 5589 610 5624 ὖ
641 5596 770 5652 1.07.,
808 5599 950 5654 quam
974 5599 1097 5650 quia.
1123 5589 1296 5649 Abest,
1319 5599 1461 5653 quam
1477 5623 1492 5649 ,
1524 5591 1586 5640 ab
1609 5591 1753 5642 editis
1772 5589 1879 5642 aliis
1919 5599 1971 5644 et
1990 5597 2098 5643 uss.

587 5669 667 5737 (ι)
683 5670 893 5736 scriptus
908 5669 1033 5723 forte
1055 5674 1171 5722 ante
1191 5681 1372 5722 annum
1386 5669 1496 5722 418.

2268 5349 2285 5423 Ξ
2320 5355 2561 5423 Ρεξφμξεη
2593 5349 2808 5423 φάτω.
2832 5361 2943 5423 quia
2963 5364 3053 5423 ρρν
3070 5351 3419 5417 impatientiam
3438 5362 3760 5410 ηιενενεηασ.

2266 5410 2532 5519 in
2571 5410 2720 5462 nobis.
2760 5410 3071 5475 Abest,'iu,
3109 5410 3301 5477 altas,
3337 5424 3797 5482 ctam-tem

2203 5477 2428 5532 Apostoli.

2271 5530 2291 5563 ³
2327 5532 2529 5584 Vaticani
2551 5531 2648 5584 duo
2662 5535 2793 5598 Has,
2819 5529 3038 5590 lubricis.
