4140 6216
454 208 567 277 ωδ

459 327 588 389 Ιὶιω·
615 326 864 384 laudibus
890 343 904 381 :
928 324 1179 393 Quoniam
1208 324 1469 388 laudatur,
1500 324 1637 378 sicut
1663 323 1916 393 scriptum
1937 327 2037 386 est,

460 429 695 495 peccator
730 419 784 474 in
822 417 1083 475 desideriis
1126 418 1310 473 anima
1350 414 1665 483 suatl’sal.
1714 432 1787 484 ix,
1828 413 1910 485 ‘6).
1952 412 2047 471 Vis

462 515 605 572 enim
626 512 1013 569 desideriorum
1039 512 1161 569 facit
1187 512 1520 566 tolerantiam
1551 509 1787 564 laborum
1820 516 1874 563 et
1900 507 2048 563 dolo-

460 620 581 661 rum
612 621 625 658 :
656 613 711 661 et
739 618 896 659 nemo
926 604 1024 657 nisi
1053 617 1149 673 pro
1177 617 1242 658 eo
1266 600 1405 671 quod
1434 599 1683 666 delectat,
1718 608 1909 671 sponte
1930 610 2047 653 sus-

467 694 599 768 cipit
627 695 770 749 ferre
816 693 957 766 quod
986 694 1207 749 cruciat.
1240 692 1345 747 Sed
1374 692 1509 759 ista,
1532 700 1589 746 ut
1614 690 1723 747 dixi
1744 733 1758 757 ,
1788 689 2046 762 cupidita-
2088 732 2093 736 .

462 796 574 854 tes,
611 796 830 861 prapter
857 800 989 859 quas
1015 784 1302 857 esplendas
1330 785 1419 857 qui
1451 783 1529 839 eis
1569 783 1795 854 flagrant
1818 824 1833 850 ,
1881 782 2046 837 multa

459 877 591 935 dura
615 887 671 933 et
697 877 885 933 acerba
928 876 1313 948 patientissime
1352 876 1649 943 sustinent,
1681 875 1841 930 licita
1864 872 2047 929 existi-

459 975 674 1026 mantur
708 968 1018 1040 legibusque
1044 983 1334 1024 concessa.

531 1060 758 1118 CAPUT
778 1060 840 1117 γ.
852 1091 926 1101 —
940 1061 993 1116 4.
1015 1058 1261 1115 Immanis
1278 1060 1544 1115 tolerantia
1562 1058 1791 1114 Catilina:
1808 1074 1866 1113 ac
1883 1058 2045 1114 latro-

457 1171 600 1209 num.
620 1154 755 1224 Quid
784 1154 923 1224 quod
940 1154 1098 1210 etiam
1122 1168 1217 1227 pro
1241 1153 1439 1226 apertis
1468 1153 1777 1220 sceleribus,
1796 1168 1902 1207 non
1917 1159 2044 1207 utea

456 1245 701 1316 puniant,
722 1243 818 1301 sed
840 1251 897 1299 ut
917 1253 1244 1317 perpetrent,
1276 1244 1438 1299 multa
1467 1241 1709 1299 homines
1732 1242 2044 1315 gravissima

457 1334 767 1406 perferunt?
786 1335 975 1392 Nonne
992 1334 1058 1391 de
1077 1334 1304 1407 quodam
1326 1334 1656 1390 nobilissimo
1679 1334 1859 1407 patria
1879 1334 2047 1405 parri-

456 1425 571 1481 cida
599 1426 929 1481 saecularium
955 1424 1253 1481 litterarum
1280 1424 1568 1497 loquuntur
1601 1435 1870 1489 auctores,
1903 1423 2044 1494 quod

456 1515 674 1584 famem,
694 1517 855 1583 sitim,
876 1516 1042 1591 frigus
1060 1515 1199 1573 ferre
1224 1524 1457 1588 poterat,
1488 1516 1707 1587 ejusque
1724 1526 2043 1587 eratcorpus

454 1607 660 1676 patiens
675 1606 899 1673 inedia,
934 1607 1150 1679 algoris,
1170 1607 1360 1678 vigilia:
1379 1649 1394 1674 ,
1425 1622 1581 1677 supra
1611 1623 1766 1678 quam
1797 1607 2040 1679 cuiquam

452 1697 708 1754 credibile
732 1706 813 1754 est
843 1696 1106 1771 (Sallust.,
1138 1697 1286 1753 Catil.
1318 1715 1431 1771 cap.
1455 1698 1551 1770 5)?
1575 1697 1709 1767 Quid
1732 1698 1798 1753 de
1824 1697 2043 1752 latroai-

458 1786 560 1843 bus
585 1787 780 1855 dicam,
807 1803 1034 1859 quorum
1075 1804 1261 1844 omnes
1288 1790 1303 1820 ί
1335 1804 1455 1844 cum
1487 1789 1802 1845 insidiantur
1830 1788 2042 1844 viatori-

448 1879 572 1947 bus,
590 1890 776 1936 noctes
793 1882 1161 1952 perpetiuntur
1177 1881 1469 1948 insomnes,
1495 1890 1653 1953 atque
1679 1891 1735 1937 ut
1765 1892 2040 1937 transeun-

457 1979 541 2028 tes
557 1972 825 2046 excipiant
854 1972 1185 2037 innocentes,
1201 1972 1299 2026 sub
1333 1972 1567 2043 qualibet
1599 1973 1718 2027 cali
1756 1972 2042 2045 asperitate

453 2071 745 2119 nocentem
771 2063 1008 2119 animum
1037 2077 1335 2133 corpusque
1363 2061 1635 2134 deligunt?
1663 2062 1885 2133 Quidam
1912 2080 2040 2121 vero

450 2167 643 2210 eorum
675 2153 899 2211 invicem
928 2161 1176 2224 torquere
1205 2151 1573 2224 perhibentur,
1607 2153 1676 2207 ita
1705 2163 1760 2207 ut
1787 2155 2044 2210 exercita-

452 2245 528 2301 tio
556 2254 741 2302 contra
775 2260 959 2318 ptenas
996 2245 1124 2301 nihil
1150 2245 1308 2301 distet
1331 2262 1359 2300 a
1390 2245 1581 2317 panis.
1611 2244 1729 2300 Non
1754 2246 1894 2300 enim
1928 2256 2042 2301 tan-

453 2346 564 2394 tum
601 2338 842 2394 fortassis
880 2337 1255 2393 excruciantur
1278 2352 1308 2391 a
1343 2335 1523 2408 judice
1570 2344 1629 2390 ut
1674 2350 1704 2390 a
1739 2335 2040 2393 dolentibus

451 2428 648 2485 veritas
677 2429 993 2502 inquiratur,
1036 2435 1291 2500 quantum
1319 2443 1347 2480 a
1375 2427 1484 2482 suis
1511 2427 1672 2482 sociis
1700 2437 1755 2481 ut
1780 2442 1809 2481 a
1841 2428 2042 2499 patien-

451 2521 594 2579 tibus
637 2536 745 2576 non
791 2521 1042 2591 prodatur
1069 2522 1111 2573 ⁸.
1151 2519 1220 2576 Et
1249 2528 1424 2575 tamen
1464 2518 1517 2573 in
1558 2518 1641 2573 his
1669 2519 1914 2574 omnibus
1942 2519 2041 2575 mi-

459 2612 624 2670 randa
650 2621 732 2669 est
756 2613 935 2685 potius
960 2628 1118 2684 quam
1149 2611 1411 2669 laudanda
1449 2611 1699 2683 patientia
1746 2630 1759 2666 :
1804 2611 1911 2666 imo
1940 2626 2040 2668 nec

457 2703 700 2762 miranda
726 2719 825 2761 nec
852 2704 1111 2762 laudanda
1136 2746 1151 2773 ,
1199 2721 1317 2779 qua
1346 2704 1488 2759 nulla
1527 2713 1647 2771 est;
1679 2702 1772 2760 sed
1800 2703 2037 2760 miranda

451 2796 666 2864 duritia,
698 2797 940 2870 neganda
971 2798 1221 2870 patientia
1252 2815 1265 2852 :
1295 2796 1425 2852 nihil
1452 2808 1628 2853 autem
1658 2797 1764 2853 illic
1785 2797 1905 2869 jure
1926 2797 2041 2853 lau-

451 2888 684 2947 dandum
703 2932 719 2958 ,
751 2890 882 2946 nihil
911 2891 1110 2946 utiliter
1135 2889 1447 2947 imitandum
1477 2890 1536 2958 ’ς
1568 2900 1817 2962 tantoque
1842 2891 2038 2949 rectius

450 2983 653 3061 majore
680 2981 944 3055 supplicio
965 2980 1186 3055 dignum
1205 2980 1528 3052 judicaveris
1552 2982 1809 3050 animum,
1837 2992 2038 3054 quanto

450 3072 622 3144 magis
662 3072 804 3128 vitiis
847 3070 1027 3127 subdit
1072 3072 1423 3129 instrumenta
1460 3073 1733 3128 virtutum.
1777 3072 2037 3130 Patientia

452 3176 632 3221 eomes
670 3171 755 3220 est
795 3164 1104 3237 sapientia,
1150 3181 1256 3222 non
1297 3163 1495 3220 famula
1542 3166 2033 3237 concupiscentia:

447 3254 702 3327 patientia
752 3257 921 3314 amica
968 3264 1049 3314 est
1092 3255 1247 3315 bona
1276 3257 1619 3315 conscientia
1642 3298 1660 3328 ,
1688 3272 1793 3313 non
1824 3257 2035 3314 inimica

449 3344 785 3405 innocentia.

519 3441 744 3499 CAPUT
770 3441 860 3499 Vl.
890 3471 963 3484 —
987 3444 1041 3500 5.
1073 3442 1382 3499 Patientiam
1405 3460 1573 3499 veram
1610 3460 1642 3498 a
1691 3444 1824 3518 falsa
1851 3443 2034 3500 distin—

448 3533 557 3607 guit
581 3550 736 3589 causa
760 3534 1003 3607 patiendi.
1034 3533 1169 3589 Cum
1197 3549 1325 3606 ergo
1354 3534 1549 3591 videris
1579 3551 1898 3608 quemquam
1938 3552 2035 3609 pa-

448 3626 646 3681 tienter
669 3623 865 3697 aliquid
894 3625 1024 3696 pati,
1052 3625 1159 3681 noli
1188 3627 1440 3684 continuo
1466 3626 1683 3684 laudare
1705 3628 2032 3700 patientiam,

446 3729 611 3786 quam
658 3728 765 3770 non
795 3714 1027 3771 ostendit
1060 3716 1160 3773 nisi
1206 3732 1366 3774 causa
1408 3718 1664 3790 patiendi.
1693 3718 1915 3788 Quando
1944 3719 2033 3775 illa

448 3805 589 3864 bona
614 3814 716 3873 est,
746 3813 871 3863 tunc
898 3808 996 3863 ista
1025 3824 1150 3865 vera
1189 3818 1272 3866 est
1304 3826 1318 3863 :
1346 3810 1559 3882 quando
1585 3811 1673 3866 illa
1704 3827 1809 3866 non
1840 3810 2034 3883 pollui-

448 3906 537 3956 tur
562 3899 851 3972 cupiditate
870 3943 885 3971 ,
915 3909 1039 3961 tunc
1068 3917 1098 3957 a
1127 3902 1357 3961 falsitate
1384 3903 1484 3959 ista
1515 3902 1872 3974 distinguitur.
1895 3902 2032 3959 Cum

447 4005 579 4049 vero
614 3991 702 4048 illa
736 3999 948 4050 tenetur
972 3993 1028 4049 in
1067 3993 1323 4062 crimine,
1356 4003 1483 4050 tunc
1508 3993 1667 4065 hujus
1692 3994 1914 4050 multum
1944 4010 2033 4050 er-

447 4091 597 4139 ratur
638 4083 692 4140 in
740 4084 977 4142 nomine.
1006 4085 1121 4141 Non
1148 4086 1294 4141 enim
1335 4085 1473 4141 sicut
1498 4100 1686 4143 omnes
1730 4086 1819 4158 qui
1862 4086 2037 4142 sciunt

448 4183 572 4231 sunt
616 4176 902 4249 participes
945 4177 1212 4243 scientia,
1254 4177 1344 4247 ita
1394 4191 1581 4233 omnes
1628 4176 1719 4249 qui
1768 4177 2036 4248 patiuntur

449 4275 575 4323 sunt
617 4266 903 4340 participes
949 4266 1220 4338 patientia
1265 4284 1279 4320 :
1325 4265 1420 4323 sed
1458 4267 1551 4338 qui
1594 4267 1841 4341 passione
1889 4277 2036 4324 recte

451 4367 695 4428 utuntur,
727 4358 780 4414 hi
806 4358 1076 4432 patientia
1099 4357 1324 4416 veritate
1353 4356 1656 4426 laudantur,
1680 4357 1735 4415 hi
1764 4358 2035 4430 patientia

447 4465 670 4508 munere
694 4459 1039 4506 coronantur.

519 4541 747 4599 CAPUT
770 4541 880 4598 VII.
901 4572 974 4583 —
993 4541 1046 4600 6.
1077 4540 1184 4597 Pro
1206 4552 1407 4598 (eterna.
1421 4542 1582 4598 salute
1607 4552 1799 4614 quanta
1824 4541 2036 4612 stt/ferre

450 4633 629 4690 debent
658 4634 760 4706 pii,
800 4634 843 4690 si
874 4644 1014 4690 tanta
1040 4650 1134 4709 pro
1171 4634 1437 4706 temporali
1466 4635 1566 4688 vita
1599 4634 1863 4708 patiuntur
1887 4634 2031 4689 mali.

450 4724 574 4780 Non
608 4725 792 4781 animae
816 4734 1011 4780 tantum
1031 4768 1046 4795 ,
1079 4725 1166 4782 sed
1190 4726 1289 4798 ipsi
1308 4742 1503 4797 quoque
1528 4726 1729 4797 corpori
1755 4725 2035 4780 consulitur

449 4820 657 4896 ferendo
680 4827 889 4877 mortem
917 4828 964 4875 et
989 4819 1207 4875 dolores.
1234 4817 1611 4875 Verumtamen
1637 4834 1756 4875 cum
1784 4832 1883 4890 pro
1911 4817 2034 4873 libi-

451 4913 683 4980 dinibus,
729 4911 814 4968 vel
856 4911 1018 4967 etiam
1056 4910 1366 4977 sceleribus,
1397 4925 1518 4966 cum
1545 4910 1775 4982 denique
1805 4925 1901 4980 pro
1931 4910 2032 4965 ista

452 5007 733 5080 temporali
761 5005 865 5064 vita
893 5018 957 5061 ac
985 5002 1153 5061 salute
1181 5003 1345 5058 multa
1373 5002 1618 5058 homines
1643 5001 1909 5058 horrenda
1936 5000 2035 5056 mi-

451 5100 697 5165 rabiliter
725 5096 985 5157 sufferunt
1005 5110 1021 5163 ;
1045 5092 1176 5151 satis
1205 5108 1305 5148 nos
1328 5092 1613 5149 admonent
1644 5101 1838 5164 quanta
1867 5090 2033 5147 suile-

453 5192 620 5252 renda
645 5192 751 5249 sint
776 5205 875 5264 pro
899 5188 1006 5245 vita
1034 5186 1172 5244 bona
1192 5226 1206 5253 ,
1232 5194 1291 5243 ut
1318 5185 1478 5241 etiam
1506 5192 1689 5255 postea
1721 5183 1888 5255 possit
1914 5197 2036 5239 esse

454 5294 680 5351 aterna,
710 5290 765 5340 et
800 5281 917 5339 sine
946 5278 1056 5336 ullo
1083 5276 1338 5349 temporis
1375 5275 1623 5340 termino,
1654 5275 1771 5331 sine
1794 5273 2036 5330 utilitatis

452 5380 612 5441 ullius
635 5376 954 5439 detrimento
978 5388 1102 5433 vera
1121 5370 1373 5433 felicitate
1397 5385 1603 5429 secura.
1634 5367 1889 5425 Dominus
1918 5368 2031 5438 ait,

518 5544 1356 5613 inestantumttssqquiomnes.

515 5609 1265 5735 ἶῗι³ἓη¹¹ιέἳίξ¹ὶῗκ⁰ἷ¹ἷ⁸¹ιαιάαωωη’
1028 5608 1367 5727 ΜΜἽΜ
1386 5661 1509 5723 nitu
1529 5658 1709 5723 utiliter
1723 5657 2032 5722 unum

1362 205 1447 262 DE
1487 203 1867 273 PATIENTIA,
1900 203 1958 265 S.
1987 201 2350 265 AUGUSTiNi
2374 201 2581 265 LIBER
2608 202 2811 261 UNUS.

3634 206 3741 267 ϐυ

2157 319 2225 375 1η
2263 329 2425 375 vestra
2471 320 2713 393 patientia
2754 320 3068 398 possidebitis
3110 322 3305 378 animas
3354 332 3539 379 uestras
3585 323 3736 399 (Luc.

2153 432 2274 485 ut,
2310 413 2441 493 i9):
2474 432 2582 471 non
2630 417 2737 488 ait,
2785 418 2938 477 villas
2985 422 3237 489 vestras,
3268 417 3452 475 laudes
3496 428 3737 488 vestras,

2152 508 2392 566 luxurias
2431 518 2670 579 vestras;
2712 511 2841 579 sed,
2882 513 3078 567 animas
3107 522 3314 569 vestras.
3343 511 3397 569 Si
3423 527 3552 585 ergo
3590 521 3738 571 tanta

2154 598 2339 657 suffert
2364 601 2540 657 anima
2572 610 2627 657 ut
2651 602 2918 674 possideat
2942 602 3082 658 unde
3106 611 3325 677 pereat,
3357 612 3550 675 quanta
3579 602 3738 661 debet

2155 690 2379 747 sull‘erre
2411 707 2477 748 ne
2501 691 2719 763 pereat?
2746 691 2949 749 Deinde
2969 734 2983 757 ,
3016 703 3073 748 ut
3098 693 3225 749 illud
3252 693 3425 749 dicam
3450 693 3589 765 quod
3620 692 3739 749 eul-

2152 781 2328 854 pabile
2358 797 2464 837 non
2494 791 2612 850 est,
2642 783 2685 839 si
2717 792 2859 840 tanta
2889 782 3075 841 suﬂert
3098 799 3197 855 pro
3226 786 3397 841 salute
3425 785 3601 841 carnis
3625 799 3739 842 sua

2152 872 2293 931 inter
2335 889 2525 929 manus
2571 875 2864 932 secantium
2912 875 3025 931 sive
3068 875 3331 930 urentium
3372 874 3736 942 medicorum,

2153 973 2349 1036 quanta
2374 964 2533 1021 debet
2562 965 2787 1022 sull‘erre
2830 981 2926 1038 pro
2962 966 3136 1023 salute
3179 980 3274 1022 sua
3305 967 3491 1023 ‘inter
3530 966 3737 1023 furores

2153 1054 2510 1126 quorumlibet
2553 1055 2929 1112 inimicorum?
2970 1057 3104 1113 Cum
3152 1058 3377 1125 medici,
3426 1072 3498 1113 ne
3542 1070 3737 1129 corpus

2152 1146 2430 1212 moriatur,
2474 1162 2568 1218 per
2593 1161 2777 1221 panas
2804 1148 3014 1219 corpori
3042 1148 3359 1215 consulant;
3396 1148 3595 1205 inimici
3637 1162 3736 1204 au-

2154 1243 2260 1292 tem
2329 1250 2518 1306 panos
2567 1245 2621 1293 et
2670 1246 2897 1293 mortem
2954 1238 3167 1309 corpori
3217 1238 3622 1307 comminando,
3677 1246 3736 1296 ut

2150 1329 2326 1384 anima
2350 1338 2404 1385 et
2433 1343 2628 1400 corpus
2655 1330 2707 1384 in
2737 1329 2978 1402 gehenna
3000 1330 3272 1386 occidatur
3296 1330 3589 1401 impellant.

2222 1422 2272 1476 7.
2301 1421 2613 1494 Quanquam
2631 1430 2684 1478 et
2709 1423 2806 1495 ipsi
2830 1423 3039 1495 corpori
3064 1432 3187 1480 tunc
3214 1423 3579 1496 providentius
3604 1438 3736 1481 con.

2148 1514 2371 1579 sulatur,
2398 1515 2443 1571 si
2467 1516 2772 1587 temporalis
2792 1516 2934 1572 salus
2960 1517 3074 1588 ejus
3094 1532 3190 1587 pro
3206 1517 3407 1587 justitla
3423 1527 3733 1573 contemna-

2150 1613 2235 1663 tur
2258 1647 2272 1672 ,
2299 1614 2353 1661 et
2381 1620 2535 1677 pana
2568 1606 2653 1662 vel
2690 1622 2836 1663 mors
2856 1608 2969 1678 ejus
2993 1608 3379 1679 patientissime
3408 1623 3504 1679 pro
3528 1606 3731 1679 justitla

2149 1695 2450 1752 sull‘eratur.
2501 1697 2574 1753 De
2620 1698 2860 1771 corporis
2902 1700 3098 1770 quippe
3134 1699 3502 1770 redemptione
3528 1714 3646 1771 qua
3675 1699 3732 1755 in

2148 1787 2250 1844 fine
2290 1788 2459 1843 futura
2489 1798 2605 1856 est,
2646 1789 2882 1861 loquitur
2915 1791 3199 1862 Apostolus
3222 1832 3237 1858 ,
3270 1791 3359 1847 ubi
3392 1791 3465 1845 ait
3492 1807 3507 1845 :
3542 1790 3608 1845 Et
3630 1790 3731 1862 ipsi

2146 1882 2198 1934 in
2221 1882 2585 1954 nobismetipsis
2605 1883 2997 1957 ingemiscimus,
3018 1882 3338 1953 adoptionem
3360 1883 3616 1954 ﬁliorum'
3644 1896 3732 1937 ea-

2144 1982 2425 2043 spcctantcs
2481 1974 2870 2044 redemptionem
2895 1975 3118 2045 corporis
3148 1974 3322 2029 nostri.
3357 1972 3558 2029 Deinde
3606 1970 3732 2028 sub-

2140 2064 2316 2135 junxit
2349 2083 2360 2118 :
2395 2065 2501 2139 Spe
2530 2065 2663 2121 enim
2706 2066 2832 2121 salvi
2868 2066 2991 2140 facti
3032 2082 3226 2123 sumus.
3275 2064 3405 2138 Spes
3428 2074 3594 2120 autem
3618 2077 3732 2136 qua

2145 2159 2338 2213 videtur
2360 2200 2376 2227 ,
2427 2176 2526 2213 non
2556 2167 2627 2214 est
2655 2175 2767 2231 spes
2794 2176 2812 2214 :
2835 2159 2970 2230 quod
2997 2160 3131 2213 enim
3168 2158 3299 2213 ridet
3340 2157 3484 2229 quis,
3524 2157 3647 2229 quid
3683 2165 3732 2212 et

2144 2258 2311 2318 sperat
2341 2247 2399 2301 '?
2431 2248 2492 2305 Si
2533 2259 2699 2305 autem
2735 2250 2871 2322 quod
2912 2265 3013 2303 non
3054 2250 3277 2305 videmus
3313 2262 3575 2319 speramus
3597 2289 3612 2316 ,
3640 2261 3731 2319 per

2147 2339 2437 2408 patientiam
2464 2350 2809 2410 exspectamus
2838 2338 3010 2412 (Rom.
3041 2355 3154 2407 vnt,
3181 2337 3392 2410 25-25).
3586 2341 3591 2345 ’

2214 2425 2437 2483 CAPUT
2461 2427 2593 2483 Vill.
2623 2459 2695 2471 —
2725 2427 2995 2485 Patientia
3018 2445 3137 2483 usus
3156 2430 3209 2483 in
3247 2428 3417 2483 animo
3445 2437 3493 2483 et
3529 2427 3583 2483 in
3611 2443 3729 2484 cor-

2145 2536 2283 2590 pore.
2310 2518 2443 2576 Cum
2473 2536 2600 2593 ergo
2629 2530 2876 2590 torquent
2903 2521 3075 2592 aliqua
3106 2523 3266 2590 mala,
3298 2521 3391 2578 sed
3420 2536 3527 2577 non
3547 2529 3730 2578 extor-

2143 2621 2307 2683 quent
2350 2625 2513 2682 opera
2536 2612 2676 2670 mala
2698 2654 2712 2679 ,
2755 2628 2864 2670 non
2892 2612 3067 2671 solum
3095 2612 3271 2671 anima
3300 2626 3397 2684 per
3423 2611 3728 2685 patientiam

2142 2699 2473 2771 possidetur;
2528 2718 2713 2760 verum
2761 2703 2921 2758 etiam
2966 2718 3085 2761 cum
3126 2719 3221 2775 per
3257 2703 3565 2777 patientiam
3607 2718 3732 2761 cor-

2143 2805 2243 2862 pus
2270 2790 2440 2865 ipsum
2463 2791 2528 2847 ad
2559 2800 2766 2864 tempus
2789 2792 3041 2868 afﬂigitur
3069 2793 3153 2849 vel
3179 2794 3467 2863 amittitur,
3494 2794 3548 2849 in
3568 2802 3729 2851 ater-

2141 2897 2265 2937 nam
2311 2883 2650 2940 stabilitatem
2697 2884 3029 2956 salutemque
3076 2884 3399 2954 resumitur,
3447 2892 3502 2941 et
3539 2884 3589 2940 ei
3633 2898 3733 2956 per

2141 2972 2384 3030 dolorem
2419 2981 2475 3030 et
2517 2985 2743 3030 mortem
2786 2974 3106 3031 inviolabilis
3148 2976 3349 3031 sanitas
3376 2982 3431 3031 et
3458 2973 3584 3031 felix
3622 2974 3726 3033 im-

2140 3066 2437 3122 mortalitas
2481 3074 2838 3136 comparatur.
2880 3066 3034 3123 Unde
3076 3065 3336 3123 Dominus
3361 3066 3516 3124 Jesus
3542 3067 3608 3123 ad
3631 3082 3731 3140 pa-

2142 3157 2379 3213 tientiam
2418 3159 2708 3215 exhortans
2748 3166 3008 3232 martyres
3033 3174 3188 3228 suos,
3229 3160 3388 3217 etiam
3419 3160 3585 3234 ipsius
3603 3175 3729 3217 cor-

2140 3247 2288 3319 poris
2344 3247 2702 3321 integritatem
2756 3247 2989 3306 futuram
3041 3249 3158 3306 sine
3208 3249 3518 3321 cujusquam
3545 3292 3562 3319 ,
3620 3265 3728 3308 non

2141 3338 2317 3396 dicam
2336 3341 2590 3410 membri,
2623 3339 2718 3398 sed
2744 3340 2917 3412 capilli
2944 3339 3252 3409 amissione,
3280 3342 3541 3414 promisit.
3567 3343 3731 3399 Amen

2140 3430 2255 3485 dico
2281 3431 2418 3487 vobis
2442 3474 2457 3501 ,
2500 3431 2705 3504 inquit,
2743 3430 2960 3504 capillus
3003 3432 3185 3503 capitis
3230 3433 3381 3487 vestri
3408 3449 3508 3489 non
3550 3433 3728 3506 peribit

2146 3520 2296 3594 (Luc.
2323 3538 2439 3590 χχι,
2474 3522 2583 3595 18).
2613 3521 2683 3579 Ut
2705 3523 2953 3595 quoniam
2982 3540 3125 3578 nemo
3155 3540 3395 3597 unquam,
3424 3523 3561 3581 sicut
3589 3525 3730 3594 Apo-

2140 3614 2310 3670 stolus
2334 3614 2493 3680 dicit,
2526 3630 2726 3670 carnem
2751 3631 2899 3669 suam
2924 3614 3040 3669 odio
3065 3613 3239 3669 [tabuit
3268 3613 3484 3688 (Ep/tes.
3514 3631 3549 3673 ν
3566 3660 3581 3687 ,
3604 3615 3724 3693 29),

2139 3707 2309 3780 magis
2339 3707 2499 3762 homo
2541 3707 2712 3763 iidelis
2755 3723 2848 3777 per
2876 3707 3182 3779 patientiam
3213 3724 3371 3781 quam
3411 3724 3507 3784 per
3550 3711 3723 3785 impa-

2143 3800 2379 3856 tientiam
2429 3813 2526 3868 pro
2573 3806 2713 3853 statu
2758 3815 2868 3853 sua
2900 3800 3078 3853 carnis
3121 3799 3391 3871 invigilet,
3440 3811 3494 3856 et
3537 3800 3727 3859 futura

2140 3888 2553 3959 incorruptionis
2582 3887 2934 3943 inaestimabili
2960 3889 3111 3944 lucro
3125 3888 3451 3959 quantalibet
3465 3890 3580 3962 ejus
3594 3906 3728 3965 pra-

2141 3981 2309 4036 sentia
2335 3977 2525 4034 damna
2555 3987 2883 4050 compensat.

2213 4072 2267 4126 8.
2293 4069 2545 4140 Quamvis
2570 4079 2747 4125 autem
2774 4070 3026 4143 patientia
3052 4070 3220 4129 virtus
3249 4071 3319 4128 sit
3354 4073 3555 4144 animi,
3598 4089 3726 4149 par-

2142 4151 2235 4219 tim
2280 4172 2456 4219 tamen
2483 4180 2544 4220 ea
2574 4164 2739 4220 utitur
2763 4165 2972 4221 animus
3013 4165 3067 4222 in
3107 4181 3167 4223 se
3192 4167 3311 4239 ipso
3332 4210 3346 4236 ,
3373 4169 3565 4241 partim
3596 4184 3725 4229 vero

2140 4254 2193 4310 in
2231 4270 2455 4327 corpore
2494 4272 2613 4313 suo.
2659 4255 2717 4312 in
2747 4272 2806 4315 se
2844 4257 2960 4330 ipso
2988 4258 3152 4314 utitur
3179 4259 3462 4331 patientia,
3510 4260 3723 4335 quando

2140 4345 2310 4403 illaso
2339 4355 2393 4403 et
2433 4347 2634 4404 intacto
2666 4362 2891 4421 corpore
2928 4348 3126 4421 aliquid
3167 4350 3308 4422 quod
3339 4367 3445 4408 non
3476 4353 3727 4426 expediat

2140 4441 2226 4497 vel
2252 4456 2357 4496 non
2384 4440 2571 4498 deccat
2590 4484 2606 4509 ,
2653 4440 2833 4499 facere
2860 4450 2950 4497 aut
2977 4440 3156 4499 dicere
3181 4443 3503 4514 quibuslibet
3531 4444 3725 4501 adver-

2139 4534 2385 4590 sitatibus
2412 4544 2504 4590 aut
2531 4532 2864 4591 faditatibus
2893 4548 3070 4589 rerum
3099 4548 3199 4590 seu
3221 4534 3506 4590 verborum
3537 4535 3726 4591 stimu-

2140 4628 2205 4684 lis
2233 4627 2478 4683 incitatur
2504 4626 2558 4694 ⁵,
2601 4635 2656 4681 et
2684 4625 2944 4697 patienter
2987 4625 3126 4682 mala
3152 4625 3331 4681 omnia
3373 4626 3602 4697 tolerat,
3648 4642 3721 4685 ne

2139 4723 2256 4794 ipse
2279 4720 2407 4774 mali
2431 4718 2626 4789 aliquid
2648 4733 2814 4789 opere
2840 4716 2922 4772 vel
2948 4732 3042 4774 ore
3064 4717 3381 4775 committat.

2210 4812 2435 4872 CAPUT
2478 4812 2570 4869 lX.
2609 4843 2681 4854 —
2722 4811 2979 4867 Patientia
3006 4811 3184 4866 animi.
3224 4810 3328 4867 Per
3356 4809 3494 4869 hanc
3520 4811 3725 4884 patien-

2143 4906 2267 4962 tiam
2313 4905 2671 4973 sustinemus,
2717 4904 2877 4959 etiam
2923 4901 3049 4958 dum
3090 4916 3316 4973 corpore
3358 4901 3475 4958 sani
3513 4917 3721 4970 sumus,

2140 4996 2281 5070 quod
2324 4996 2462 5052 inter
2506 4995 2663 5067 hujus
2705 4993 2887 5050 saculi
2930 4991 3179 5051 scandala
3225 4991 3494 5049 beatitudo
3540 5001 3723 5051 nostra

2141 5087 2384 5146 diil‘ertur
2416 5107 2430 5145 :
2461 5088 2599 5144 unde
2639 5087 2838 5144 dictum
2862 5094 2944 5143 est
2974 5083 3116 5157 quod
3146 5084 3304 5155 paulo
3333 5094 3456 5141 ante
3484 5099 3723 5142 comme-

2141 5182 2344 5238 moravi
2366 5224 2381 5249 ,
2425 5182 2486 5238 Si
2519 5182 2654 5251 quod
2687 5198 2787 5235 non
2812 5181 3034 5235 videmus
3070 5196 3333 5251 speramus
3352 5221 3366 5247 ,
3407 5197 3496 5252 per
3528 5179 3725 5251 patien-

2143 5276 2266 5329 tiam
2299 5284 2665 5346 exspectamus.
2714 5273 2823 5330 ilac
2862 5271 3112 5344 patientia
3142 5280 3360 5329 sanctus
3400 5271 3564 5329 David
3596 5286 3726 5329 cono

2257 5475 2377 5525 Editi
2391 5474 2635 5537 omittunt,
2656 5484 2747 5537 pro
2766 5469 2931 5537 salute.
2944 5482 3050 5522 sua.
3073 5470 3359 5537 nestitnltur
3382 5480 3448 5523 ex
3471 5475 3579 5523 Its:-

2259 5543 2310 5587 ιιι
2334 5537 2494 5600 editis,
2518 5531 2731 5600 ﬁliorum
2753 5531 2859 5584 Dei.
2882 5532 3047 5600 itm,
3075 5531 3181 5600 veg,
3202 5536 3360 5600 ayss.

2206 5538 2229 5633 ἲ
2256 5543 2317 5648 ὲῖ-
2518 5537 3181 5658 τὲῖινυιηένυαδιέαδθείννὲῖὲ
3202 5537 3291 5641 ai“

2206 5658 2233 5695 ι
2258 5626 2911 5710 amisimus.
2929 5604 3136 5710 ὥς.
3153 5624 3291 5708 mai

2258 5647 2752 5723 Μνίὃαυενθοηωι
2771 5647 2911 5723 duo“
2929 5647 3402 5710 mancam.
