4140 6216
425 234 532 299 615

424 357 669 419 viciantis
710 350 1000 428 approbria
1042 346 1326 415 toleravit,
1377 352 1429 401 et
1468 357 1588 399 cum
1634 340 1787 398 facile
1831 346 2012 412 posset

430 451 647 519 ulcisci,
697 462 804 505 non
860 445 1033 502 solum
1069 456 1175 498 non
1214 437 1369 506 fecit,
1416 450 1600 491 verum
1630 442 1685 489 et
1725 432 1885 489 alium
1916 444 2013 502 pro

432 559 494 601 se
530 541 797 598 dolentem
833 543 1263 603 commotumque
1288 525 1617 599 compescuit
1654 522 1723 596 (ll
1741 522 1870 594 Reg.
1899 538 2009 590 xvi,

431 633 624 703 5-12);
674 640 729 686 et
766 636 1077 701 potestatem
1121 624 1322 695 regiam
1368 619 1535 690 magis
1573 615 1812 672 adhibuit
1837 613 2015 686 prohi-

429 728 638 793 bendo,
683 739 843 795 quam
886 718 1185 777 exercendo
1232 714 1517 770 vindictam
1566 712 1606 764 ¹.
1661 708 1842 779 Neque
1890 718 2015 763 tunc

427 820 541 890 ejus
568 829 761 886 corpus
802 814 981 884 aliquo
1024 809 1212 866 morbo
1264 806 1599 877 affligebatur
1639 810 1731 857 aut
1767 800 2010 867 vulnere,

425 908 520 965 sed
549 905 861 962 humilitatis
891 912 1100 972 tempus
1129 894 1517 971 agnoscebatur
1536 936 1550 961 ,
1596 907 1659 947 ac
1696 890 1966 947 ferebatur
1992 891 2013 922 ³

424 1004 672 1059 voluntas
721 997 854 1064 Dei,
910 1004 1124 1066 propter
1177 1006 1337 1062 quam
1395 985 1786 1058 patientissimo
1832 983 2014 1038 animo

430 1089 729 1148 amaritudo
773 1085 1112 1143 contumelia:
1159 1080 1458 1136 bibebatur.
1511 1077 1658 1131 lianc
1703 1074 2012 1145 patientiam

431 1184 691 1242 Dominus
716 1179 934 1246 docuit,
958 1174 1171 1248 quando
1199 1170 1479 1227 commotis
1503 1170 1523 1201 ³
1541 1168 1863 1223 zizaniorum
1888 1181 2015 1236 per-

433 1276 691 1334 mixtione
754 1272 921 1327 servis
952 1310 968 1335 ,
1012 1278 1067 1324 et
1119 1264 1419 1321 volentibus
1455 1277 1519 1318 ea
1555 1261 1805 1329 colligere
1828 1300 1843 1325 ,
1885 1257 2018 1313 dixit

430 1366 775 1439 respondisse
816 1358 1283 1436 patremfamilias,
1337 1355 1504 1412 Sinite
1549 1364 1760 1423 utraque
1799 1366 2018 1406 crescere

430 1477 589 1533 usque
612 1458 680 1513 ad
712 1472 918 1512 messem
948 1452 1162 1525 (Matth.
1194 1466 1291 1505 xm
1310 1492 1324 1517 ,
1358 1448 1470 1519 50).
1507 1445 1730 1517 Oportet
1754 1444 1895 1499 enim
1921 1457 2016 1512 pa-

433 1551 628 1607 tienter
682 1548 838 1613 ferri,
879 1544 1019 1617 quod
1071 1543 1382 1599 festinanter
1429 1553 1535 1594 non
1584 1544 1792 1606 oportet
1842 1533 2018 1588 aufer-

433 1642 502 1698 ri.
559 1640 728 1711 llujus
764 1647 819 1694 et
862 1637 975 1708 ipse
1009 1634 1272 1705 patientirc
1299 1629 1520 1702 praebuit
1558 1638 1613 1682 et
1639 1622 2020 1682 demonstravit

436 1732 740 1803 exemplum
767 1771 782 1797 ,
837 1726 1051 1799 quando
1096 1734 1221 1780 ante
1267 1723 1570 1794 passionem
1624 1716 1863 1787 corporis
1911 1714 2015 1781 sui,

437 1823 759 1893 discipulum
792 1819 815 1852 ⁸
845 1818 1033 1874 Judam
1085 1816 1390 1886 priusquam
1440 1809 1745 1866 ostenderet
1800 1805 2018 1861 tradito-

434 1929 574 1979 rem,
601 1911 819 1983 pertulit
842 1908 1017 1964 furem
1046 1906 1222 1977 (Joan.
1256 1920 1351 1968 xu,
1380 1903 1433 1970 6,
1457 1911 1504 1955 et
1527 1915 1642 1967 xm,
1664 1896 1787 1967 29);
1819 1905 1871 1951 ct
1894 1903 2017 1949 ante

434 2005 858 2076 experimentum
889 1999 1216 2055 vinculorum
1246 2006 1301 2051 et
1329 1995 1502 2050 crucis
1526 2003 1579 2048 et
1607 1991 1793 2046 mortis
1817 2031 1831 2056 ,
1865 1988 2017 2043 labiis

433 2096 550 2168 ejus
572 2093 773 2150 dolosis
803 2107 909 2147 non
939 2089 1149 2161 negavit
1171 2086 1413 2142 osculum
1440 2084 1584 2154 pacis
1615 2079 1826 2153 (Matth.
1858 2095 2012 2144 xxvi,

430 2185 549 2257 29).
583 2185 708 2240 Haec
738 2182 914 2239 omnia
935 2222 951 2247 ,
996 2188 1052 2236 et
1077 2180 1122 2234 si
1149 2193 1251 2249 qua
1282 2177 1381 2231 alia
1404 2183 1666 2244 suntquae
1696 2184 2019 2227 commemo-

433 2290 557 2333 rare
582 2275 796 2346 longum
825 2280 928 2340 est,
957 2270 1027 2326 ad
1046 2286 1169 2325 eum
1192 2266 1457 2339 patientiae
1484 2265 1699 2320 modum
1728 2262 2013 2334 pertinent,

434 2384 540 2441 quo
564 2368 773 2423 animus
800 2381 907 2421 non
930 2376 1025 2418 sua
1053 2369 1289 2434 peccata,
1319 2358 1416 2415 sed
1441 2371 1789 2429 quaecumque
1814 2353 2018 2408 extrin-

432 2477 592 2521 secus
617 2460 756 2516 mala
778 2459 1040 2530 patienter
1063 2454 1289 2512 sustinet
1312 2451 1366 2507 in
1397 2466 1456 2507 se
1482 2450 1600 2520 ipso
1620 2490 1636 2517 ,
1671 2462 1768 2504 suo
1800 2458 2018 2517 prorsus

432 2568 659 2624 corpore
678 2552 862 2608 illaesa.

506 2641 732 2701 CAPUT
769 2641 840 2696 X.
880 2670 951 2680 —
1002 2636 1260 2692 Patientia
1306 2634 1361 2688 in
1409 2631 1626 2688 externis
1666 2626 2014 2684 incommodis.

445 2735 669 2806 Utraque
698 2732 938 2804 patientia
972 2730 1026 2784 in
1053 2727 1106 2782 Μ
1116 2726 1387 2797 artyribus.
1430 2720 1701 2776 Patientite
1725 2720 1889 2790 majus
1908 2734 2018 2771 cer-

438 2838 607 2884 tamen
630 2822 832 2880 diabolo
857 2822 1105 2877 swviente.
1132 2818 1280 2873 Alius
1306 2824 1389 2871 est
1415 2822 1591 2869 autem
1623 2811 1889 2883 patientia:
1915 2824 2021 2864 mo«

438 2918 576 2983 dus,
620 2929 728 2987 quo
764 2912 905 2969 idem
948 2911 1061 2981 ipse
1091 2908 1302 2963 animus
1329 2918 1678 2976 quaecumque
1722 2900 1943 2956 molesta
1968 2908 2021 2954 et

435 3006 616 3081 gravia
645 3005 701 3061 in
735 3004 819 3060 sui
844 2999 1085 3073 corporis
1114 2996 1452 3071 passionibus
1481 2993 1711 3066 perfert;
1756 3007 1860 3047 non
1886 2992 2021 3047 sicut

442 3099 591 3157 stulti
617 3098 700 3154 vel
724 3095 941 3167 maligni
962 3092 1205 3149 homines
1224 3133 1239 3158 ,
1267 3099 1488 3162 propter
1517 3084 1857 3157 adipiscenda
1887 3099 2018 3139 vana

437 3193 524 3250 vel
550 3190 754 3247 scelera
789 3183 1180 3259 perpetranda;
1222 3181 1316 3237 sed
1361 3181 1497 3235 sicut
1522 3195 1551 3233 a
1579 3178 1803 3233 Domino
1832 3174 2020 3230 delini-

437 3292 551 3338 tum
568 3288 667 3346 est,
692 3288 893 3350 propter
902 3276 1150 3348 justitiam
1170 3270 1382 3342 (Matth.
1403 3285 1458 3336 v,
1477 3269 1584 3339 10).
1604 3267 1840 3336 Utroque
1865 3264 2021 3319 modo

440 3373 611 3431 sancti
641 3380 902 3440 martyres
925 3370 1283 3422 certaverunt.
1310 3361 1439 3414 Nam
1462 3369 1513 3413 et
1534 3358 1813 3426 impiorum
1838 3369 2023 3425 oppro-

444 3464 575 3520 briis
604 3459 823 3516 saturati
852 3464 977 3511 sunt
995 3496 1009 3520 ,
1038 3453 1127 3507 ubi
1157 3450 1368 3505 animus
1396 3463 1622 3517 corpore
1649 3448 1847 3501 intacto
1873 3459 2023 3515 quas-

444 3554 567 3610 dam
609 3550 773 3607 veluti
819 3548 997 3618 plagas
1031 3558 1156 3600 suas
1194 3543 1399 3612 integer
1426 3539 1690 3603 sustinet;
1735 3547 1789 3593 et
1822 3538 1873 3592 in
1900 3552 2021 3592 cor-

448 3641 670 3717 poribus
703 3639 861 3694 vincti
890 3645 1012 3693 sunt
1034 3678 1049 3704 ,
1082 3633 1272 3689 inclusi
1301 3639 1456 3696 sunt,
1483 3628 1620 3685 fame
1645 3644 1709 3684 ac
1738 3629 1823 3683 siti
1848 3628 2021 3683 affecti

450 3745 611 3801 sunt,
644 3732 769 3789 torti
803 3738 964 3797 sunt,
1008 3726 1139 3784 secti
1164 3732 1316 3792 sunt,
1366 3723 1599 3779 dilaniati
1629 3730 1780 3788 sunt,
1820 3720 2024 3776 incensi

446 3834 611 3891 sunt,
658 3821 903 3880 trucidati
930 3828 1053 3876 sunt
1081 3838 1094 3873 :
1124 3827 1178 3873 et
1209 3818 1402 3888 pietate
1444 3815 1699 3871 immobili
1729 3816 1749 3846 ³
1776 3812 2025 3869 subdide-

448 3927 575 3975 runt
600 3917 710 3973 Deo
734 3924 987 3981 mentem,
1014 3926 1134 3968 cum
1167 3918 1475 3980 paterentur
1502 3909 1554 3962 in
1582 3923 1742 3963 carne
1771 3906 2025 3979 quidquid

451 4008 750 4080 exquirenti
775 4004 1070 4062 crudelitati
1101 4002 1243 4056 venit
1271 4000 1320 4054 in
1349 4009 1601 4054 mentem.

522 4100 578 4156 9.
608 4098 776 4167 Maius
802 4111 929 4150 sane
959 4093 1226 4163 patientiae
1250 4102 1517 4145 certamen
1549 4100 1626 4145 est
1644 4132 1658 4157 ,
1684 4090 1894 4161 quando
1921 4106 2026 4147 non

449 4189 676 4245 visibilis
711 4186 955 4240 inimicus
981 4181 1350 4251 persequendo
1385 4190 1542 4249 atque
1587 4182 1853 4236 saeviendo
1880 4191 2031 4252 urget

448 4279 504 4335 in
523 4277 693 4344 nefas,
726 4276 813 4346 qui
842 4274 1013 4343 palam
1042 4278 1097 4326 et
1120 4279 1302 4340 aperte
1329 4286 1357 4323 ει
1390 4286 1495 4323 non
1520 4272 1882 4326 consentiente
1912 4272 2028 4326 vin-

452 4379 603 4425 catur
628 4384 643 4433 ;
668 4365 762 4423 sed
789 4364 902 4435 ipse
923 4361 1186 4426 diabolus,
1213 4359 1303 4430 qui
1330 4360 1488 4415 etiam
1519 4375 1613 4429 per
1638 4360 1773 4414 ﬁlios
1805 4359 2031 4414 inﬁdeli-

458 4461 614 4528 tatis,
657 4467 906 4527 tanquam
937 4469 1030 4525 per
1054 4467 1147 4506 sua
1183 4466 1306 4505 vasa
1333 4492 1347 4516 ,
1392 4451 1527 4505 lilios
1557 4450 1688 4504 lucis
1716 4449 2030 4518 insequitur,

458 4568 553 4625 per
577 4567 635 4606 se
656 4551 825 4621 ipsum
851 4545 1089 4603 occultus
1114 4543 1406 4612 impugnat,
1457 4539 1722 4595 sazviendo
1748 4541 1949 4595 instans
1974 4548 2032 4596 ut

452 4650 636 4702 contra
668 4643 832 4696 Deum
863 4638 952 4692 fiat
975 4632 1174 4705 aliquid
1200 4634 1282 4689 vel
1311 4632 1538 4688 dicatur.

532 4731 761 4789 CAPUT
789 4729 969 4786 XL—
1007 4726 1263 4782 Patientia
1296 4726 1455 4780 sancti
1490 4723 1609 4780 Job.
1657 4724 1837 4781 Talem
1885 4726 2031 4781 illum

459 4825 560 4883 Job
586 4831 800 4880 sanctus
829 4828 1076 4892 expertus
1096 4828 1208 4886 est,
1231 4827 1451 4888 utraque
1479 4819 1765 4874 tentatione
1791 4828 2030 4886 vexatus,

460 4917 554 4973 scd
586 4918 638 4974 in
668 4925 889 4986 utraque
915 4912 1089 4967 stabili
1121 4911 1388 4981 patientice
1428 4911 1618 4965 robore
1647 4921 1700 4965 et
1723 4911 1886 4965 armis
1920 4911 2034 4981 pie-

458 5011 582 5064 tatis
609 4986 863 5063 invictus.
905 5005 1039 5061 Nam
1073 5004 1217 5074 prius
1247 5004 1410 5057 ill-.eso
1447 5018 1672 5073 corpore
1696 5013 1884 5058 cuncta
1913 5019 2032 5074 qua:

460 5099 685 5158 habebat
714 5098 911 5165 amisit,
933 5106 992 5152 ut
1014 5096 1220 5152 animus
1241 5105 1364 5151 ante
1390 5110 1498 5150 sua:
1519 5096 1694 5150 carnis
1717 5096 2030 5165 cruciatum,

519 5297 535 5329 ι
570 5293 813 5345 casalinus
846 5300 947 5352 Ms,
981 5292 1247 5342 exserendo
1269 5291 1543 5342 vindictam.

523 5359 545 5390 ²
576 5356 682 5407 Sola
705 5356 853 5407 editio
875 5361 1008 5416 l.ov.,
1031 5353 1343 5416 referebatur.

524 5419 546 5451 ³
576 5426 707 5477 Lov.,
747 5414 940 5479 quando
982 5414 1289 5466 commonitus
1312 5416 1390 5465 de.
1429 5422 1524 5475 Εικ,
1550 5414 1739 5479 quando
1757 5422 2033 5467 comnotus.

461 5481 763 5543 (testigantur
788 5492 851 5543 ex
877 5487 979 5528 mss.

524 5542 549 5603 f
836 5547 1033 5603 septem
1051 5545 1187 5599 Mss,
1231 5536 1489 5588 diabolum.
1507 5541 1714 5589 Vaticani
1751 5546 1884 5603 tres,
1933 5540 2039 5591 dia-

521 5665 548 5699 ³
575 5665 823 5717 Casalums
843 5672 949 5726 Ms,
968 5662 1147 5728 pietate
1174 5659 1485 5717 inmobilem.

1538 174 1653 277 ne
1678 211 2068 288 PATIENTIA,
2108 215 2170 274 s.
2206 216 2576 276 AUGUSTINI

3598 213 3705 274 816

2121 339 2408 397 subtractis
2437 342 2600 399 rebus
2617 356 2749 414 quas
2773 341 2949 414 magni
2976 339 3212 413 pendere
3235 338 3480 396 homines
3505 338 3701 409 solent,

2115 430 2486 505 frangeretur,
2532 444 2586 491 et
2628 436 2884 492 adversus
2924 434 3091 491 Deum
3138 434 3441 506 loqueretur
3478 432 3697 505 aliquid,

2117 522 2200 581 bis
2248 527 2456 584 amissis
2509 538 2724 600 propter
2787 546 2906 600 qua:
2972 529 3116 584 illum
3163 529 3340 585 colere
3400 528 3700 601 putabatur.

2118 615 2409 673 Percussus
2437 630 2517 674 est
2546 623 2703 675 etiam
2731 622 2968 676 omnium
2990 620 3160 676 subita
3193 620 3423 677 orbitate
3449 620 3699 687 filiorum,

2119 717 2177 763 ut
2203 698 2336 778 quos
2376 709 2680 780 singillatim
2710 721 3052 781 susceperat,
3100 712 3257 767 simul
3290 713 3556 783 perderet,
3585 720 3703 766 tan-

2118 815 2276 872 quam
2297 816 2481 856 eorum
2509 802 2863 858 numerositas
2884 844 2899 870 ,
2928 797 3032 856 non
3063 803 3204 858 unde
3228 802 3454 858 felicitas
3482 818 3704 859 ornare—

2120 898 2205 946 tur
2250 891 2549 959 exstiterit,
2594 892 2690 947 s‘cd
2735 892 2874 948 unde
2916 893 3194 948 calamitas
3243 902 3547 963 augeretur.
3601 889 3702 948 Ubi

2118 991 2295 1036 autem
2331 983 2428 1036 ista
2474 998 2757 1053 perpessus
2796 984 2848 1038 in
2881 984 2990 1039 Deo
3020 999 3117 1039 suo
3161 986 3357 1038 mansit
3391 984 3700 1050 immobilis,

2119 1072 2235 1143 ejus
2259 1072 2453 1127 afﬁxus
2478 1082 2560 1129 est
2584 1074 2842 1129 voluntati
2868 1116 2884 1139 ,
2918 1091 3075 1144 quem
3117 1091 3221 1129 non
3252 1086 3433 1145 posset
3459 1075 3705 1131 amittere

2119 1164 2221 1219 nisi
2252 1164 2467 1235 propria
2505 1165 2813 1232 voluntate;
2863 1173 2917 1220 et
2952 1181 3047 1235 pro
3090 1165 3153 1219 iis
3182 1182 3301 1236 quae
3328 1166 3555 1235 perdidit
3580 1165 3703 1222 eum

2121 1256 2208 1326 qui
2237 1256 2455 1311 abstulit
2482 1258 2677 1323 tenuit,
2722 1258 2774 1312 in
2816 1273 2922 1328 quo
2967 1258 3231 1313 inveniret
3268 1258 3409 1329 quod
3434 1275 3701 1330 nunquam

2121 1347 2337 1417 periret.
2378 1347 2560 1418 Neque
2597 1348 2740 1403 enim
2782 1348 2870 1403 ille
2911 1348 3203 1403 abstulerat
3226 1349 3317 1419 qui
3347 1350 3575 1405 nocendi
3604 1350 3702 1417 ba-

2119 1436 2234 1492 buit
2261 1438 2585 1493 voluntatem
2607 1480 2622 1505 ,
2653 1438 2746 1493 sed
2772 1438 2861 1494 ille
2887 1438 2980 1508 qui
3008 1438 3226 1495 dederat
3254 1448 3591 1510 potestatem.

2190 1528 2414 1585 CAPUT
2442 1529 2558 1583 Xll.
2584 1560 2653 1571 --
2689 1529 2787 1584 Job
2816 1532 3012 1584 cautior
3040 1530 3257 1587 Adanto.
3292 1534 3590 1603 Aggressus
3618 1544 3701 1591 est

2119 1621 2366 1676 inimicus
2406 1631 2460 1677 et
2501 1637 2734 1692 corpus,
2784 1637 2884 1678 nec
2927 1638 2990 1678 ea
3032 1639 3150 1693 quae
3195 1624 3397 1681 homini
3443 1628 3700 1684 extrinse-

2121 1728 2214 1768 cus
2244 1712 2487 1778 inerant,
2541 1715 2636 1768 sed
2677 1713 2850 1784 ipsum
2875 1713 2983 1784 jam
3027 1715 3298 1771 hominem
3328 1717 3382 1772 in
3408 1733 3510 1788 qua
3536 1721 3703 1790 potuit

2122 1812 2273 1874 parte
2315 1805 2597 1874 percussit.
2642 1806 2684 1859 A
2713 1806 2887 1877 capite
2930 1821 3099 1877 usque
3136 1807 3201 1863 ad
3248 1808 3408 1879 pedes
3451 1810 3703 1868 ardebant

2121 1895 2334 1951 dolores
2355 1937 2369 1962 ,
2402 1896 2677 1951 seatebant
2697 1911 2938 1964 vermes,
2968 1898 3145 1953 sanies
3169 1897 3439 1955 deﬂuebat
3473 1919 3486 1956 :
3519 1918 3701 1958 mane-

2121 1985 2212 2040 bat
2237 1986 2287 2040 in
2320 1986 2457 2055 putri
2499 2001 2723 2056 corpore
2761 1986 2968 2041 animus
3014 1987 3254 2058 integer,
3305 1990 3704 2062 horrendosque

2120 2079 2386 2134 cruciatus
2436 2079 2613 2134 carnis
2656 2079 3084 2135 contabescentis
3128 2080 3373 2134 inviolata
3415 2081 3609 2151 pietate
3651 2092 3708 2139 et

2121 2170 2425 2240 incorrupta
2448 2170 2703 2241 patientia
2729 2169 3048 2239 perferebat.
3083 2171 3279 2225 Aderat
3305 2186 3468 2238 uxor,
3498 2187 3595 2226 nec
3624 2172 3705 2227 fe-

2127 2260 2280 2316 rebat
2304 2276 2459 2331 opem
2486 2261 2716 2332 aliquam
2742 2262 2857 2317 viro
2876 2303 2890 2325 ,
2923 2258 3015 2315 sed
3044 2262 3095 2315 in
3128 2261 3293 2315 Deum
3324 2260 3706 2331 blasphemiam

2121 2352 2455 2423 suggerebat.
2478 2351 2595 2406 Non
2626 2352 2767 2406 enim
2793 2367 2909 2407 eam
2935 2351 3197 2417 diabolus,
3229 2367 3349 2406 eum
3381 2353 3540 2408 etiam
3568 2354 3706 2411 lilios

2120 2446 2468 2513 abstulisset,
2522 2454 2771 2515 tanquam
2820 2445 3047 2501 nocendi
3078 2445 3355 2515 imperitus
3383 2448 3703 2517 reliquerat;

2121 2553 2242 2609 qua:
2268 2546 2529 2608 quantum
2558 2546 2704 2592 esset
2733 2538 3035 2593 necessaria
3067 2541 3317 2593 tentatori
3338 2582 3352 2606 ,
3378 2541 3489 2611 jam
3517 2542 3569 2595 in
3600 2542 3704 2596 Eva

2121 2630 2378 2685 didicerat
2404 2626 2556 2699 (Gen.
2590 2645 2682 2696 ιιι,
2716 2629 2847 2700 1-6).
2903 2628 3012 2686 Sed
3055 2630 3215 2685 modo
3251 2631 3472 2687 alterum
3515 2632 3704 2699 Adam,

2121 2737 2278 2792 quem
2304 2736 2398 2791 per
2423 2719 2701 2777 mulierem
2726 2728 2974 2792 caperet,
3009 2738 3114 2776 non
3156 2722 3452 2783 invenerat.
3494 2723 3709 2781 Cautior

2122 2812 2223 2870 fuit
2266 2814 2367 2868 iste
2415 2813 2467 2867 in
2496 2813 2773 2869 doloribus
2797 2855 2812 2882 ,
2860 2829 3019 2884 quam
3050 2814 3139 2869 ille
3168 2814 3222 2868 in
3250 2815 3555 2871 nemoribus
3579 2834 3591 2869 :
3620 2817 3708 2873 ille

2125 2905 2298 2959 victus
2322 2912 2406 2959 est
2435 2903 2486 2958 in
2527 2902 2762 2970 deliciis,
2809 2903 2915 2960 iste
2958 2903 3085 2958 vicit
3118 2904 3172 2958 in
3201 2905 3403 2975 poenis;
3439 2906 3710 2963 consensit

2123 2997 2211 3054 ille
2236 2996 2663 3064 oblectamentis,
2702 3012 2806 3052 non
2834 2997 2996 3065 cessit
3022 2998 3121 3052 iste
3148 2999 3444 3053 tormentis.
3473 2997 3709 3055 Aderant

2124 3098 2180 3146 et
2198 3089 2376 3158 amici,
2405 3104 2508 3143 non
2534 3098 2589 3142 ut
2609 3088 2658 3143 iu
2681 3089 2834 3144 malis
2858 3087 3287 3157 consolarentur,
3312 3090 3405 3147 sed
3432 3099 3488 3145 ut
3509 3091 3703 3146 malum

2126 3181 2545 3251 suspicarentur.
2578 3180 2760 3250 Neque
2784 3181 2925 3234 enim
2953 3196 3074 3237 eum
3096 3185 3184 3252 qui
3215 3191 3359 3237 tanta
3390 3183 3705 3253 patiebatur,

2126 3269 2463 3325 innocentem
2498 3285 2616 3325 esse
2644 3270 2969 3336 credebant,
3016 3288 3114 3327 nec
3158 3272 3365 3328 tacebat
3389 3289 3574 3329 eorum
3604 3275 3708 3345 lin-

2125 3376 2225 3431 gua
2268 3362 2407 3431 quod
2457 3361 2599 3415 illius
2638 3360 2966 3417 conscientia
3009 3377 3114 3417 non
3162 3363 3425 3431 habebat;
3475 3374 3532 3421 ut
3575 3367 3709 3422 inter

2128 3452 2392 3507 immanes
2418 3453 2685 3507 cruciatus
2708 3453 2950 3524 corporis
2974 3496 2989 3522 ,
3021 3457 3180 3510 etiam
3202 3455 3346 3511 falsis
3372 3458 3579 3514 animus
3607 3474 3711 3514 cre-

2126 3541 2342 3597 deretur
2368 3542 2691 3612 opprobriis.
2717 3544 2787 3597 At
2812 3544 2901 3599 ille
2929 3546 3198 3601 sustinens
3223 3547 3274 3600 in
3296 3562 3458 3604 carne
3495 3548 3710 3604 dolores

2127 3648 2252 3689 suos
2276 3676 2292 3702 ,
2339 3634 2393 3689 in
2422 3634 2584 3690 corde
2628 3650 2843 3691 errores
2887 3636 3094 3693 alienos
3118 3680 3132 3703 ,
3172 3639 3414 3710 conjugis
3452 3642 3709 3712 corripie-

2127 3729 2219 3786 bat
2245 3729 2602 3799 insipientiam
2624 3770 2638 3796 ,
2668 3730 2870 3784 amicos
2897 3729 3123 3785 docebat
3152 3732 3463 3803 sapientiam
3487 3776 3500 3800 ,
3533 3750 3711 3790 serva-

2128 3818 2217 3874 bat
2254 3818 2445 3889 ubique
2466 3818 2791 3887 patientiam.

2201 3912 2425 3967 CAPUT
2454 3910 2593 3966 Xlll.
2626 3942 2695 3952 —
2741 3912 2825 3968 10.
2858 3911 3182 3982 Impatieutia
3211 3911 3591 3966 Donatistarum
3616 3912 3709 3967 sibi

2130 4021 2310 4059 manus
2356 4002 2669 4071 offerentium
2697 4044 2710 4070 ,
2766 4004 2967 4073 quando
3003 4022 3033 4057 a
3073 4004 3343 4059 Catholiris
3393 4016 3706 4076 quwruntur.

2132 4094 2284 4150 Hunc
2310 4095 2615 4149 intueantur
2635 4137 2649 4160 ,
2690 4096 2779 4165 qui
2807 4095 2905 4149 sibi
2936 4095 3181 4165 ingerunt
3211 4104 3471 4160 mortem,
3502 4096 3711 4166 quando

2133 4194 2446 4257 qumruntur
2467 4187 2532 4241 ad
2565 4187 2762 4253 vitam;
2810 4194 2865 4242 et
2906 4186 3007 4241 sibi
3045 4188 3332 4243 auferendo
3374 4198 3707 4259 pra-sentem,

2133 4276 2396 4347 abnegaut
2427 4287 2481 4332 et
2510 4277 2756 4332 futuram.
2796 4277 2897 4345 Qui
2927 4277 2971 4332 si
2999 4277 3063 4333 ad
3093 4279 3361 4333 Christum
3390 4279 3707 4349 negandum,

2133 4369 2216 4424 vel
2243 4369 2438 4439 aliquid
2459 4379 2641 4424 contra
2659 4369 2915 4436 justitiam
2941 4368 3259 4437 faciendum,
3284 4370 3420 4425 sicut
3440 4370 3548 4425 veri
3580 4387 3713 4425 mar-

2135 4465 2298 4529 tyres,
2322 4467 2656 4528 cogerentur,
2681 4460 2857 4513 omnia
2881 4460 3053 4529 potius
3080 4460 3338 4528 patienter
3366 4459 3524 4527 ferre,
3554 4477 3710 4532 quam

2136 4548 2236 4603 sibi
2281 4548 2621 4616 impatienter
2648 4558 2876 4604 mortem
2910 4548 3105 4604 inferre
3134 4549 3448 4606 debuerant.
3487 4553 3638 4620 Quod
3669 4556 3711 4609 si

2136 4638 2503 4709 fugiendorum
2547 4640 2805 4693 malorum
2846 4655 3006 4695 causa
3047 4648 3189 4696 recte
3217 4641 3329 4697 ﬁeri
3366 4654 3588 4714 posset,
3616 4644 3714 4701 Joh

2136 4737 2350 4785 sanctus
2392 4744 2451 4784 se
2484 4728 2596 4799 ipse
2629 4729 2951 4800 perimeret,
3005 4739 3061 4786 ut
3092 4741 3233 4787 tanta
3278 4734 3415 4788 mala
3457 4734 3508 4789 in
3556 4735 3713 4790 rebus

2137 4822 2266 4886 suis,
2292 4820 2343 4874 in
2367 4819 2486 4874 (iliis
2516 4822 2657 4886 suis,
2696 4820 2747 4874 in
2775 4822 3030 4877 membris
3060 4824 3189 4892 suis,
3232 4824 3509 4881 diabolicre
3535 4825 3715 4882 crude-

2137 4912 2298 4967 litatis
2323 4911 2598 4982 ell'ugeret.
2628 4911 2742 4967 Non
2773 4922 2949 4968 autem
2977 4914 3119 4970 fecit.
3149 4917 3301 4973 Absit
3333 4918 3473 4973 enim
3501 4927 3557 4973 ut
3584 4920 3716 4975 inse

2137 5003 2493 5058 committeret
2530 5004 2642 5074 ipse
2680 5003 2760 5058 vir
2788 5004 3032 5074 sapiens,
3074 5008 3214 5078 quod
3255 5024 3352 5064 nec
3380 5010 3570 5064 mulier
3592 5025 3719 5079 sug-

2137 5094 2299 5163 gessit
2326 5093 2605 5163 insipiens.
2645 5093 2777 5160 Quia
2806 5106 2858 5150 ct
2882 5096 2925 5151 si
2955 5099 3321 5166 suggessisset,
3346 5100 3533 5153 merito
3554 5108 3607 5153 et
3632 5100 3719 5155 hic

2140 5186 2268 5240 illud
2290 5185 2542 5254 audisset,
2568 5187 2707 5256 quod
2727 5187 2926 5242 audivit
2946 5188 3274 5257 suggerendo
3296 5187 3679 5258 blasphemiam
3701 5209 3714 5245 :

2141 5274 2334 5330 Locuta
2369 5294 2418 5331 es
2444 5286 2679 5347 tanquam
2713 5295 2817 5332 una
2848 5295 2909 5332 ea:
2932 5278 3278 5348 insipientibus
3307 5279 3614 5335 mulieribus.
3658 5281 3721 5338 Si

2145 5369 2271 5422 bona
2297 5369 2604 5437 suscepimus
2634 5369 2697 5423 de
2722 5385 2872 5423 manu
2901 5367 3128 5433 Domini,
3172 5370 3308 5423 mala
3337 5388 3437 5425 non
3455 5373 3718 5427 sustinebi-

2142 5475 2252 5513 mas
2299 5458 2442 5528 (Job.
2470 5476 2520 5526 1,
2551 5476 2625 5526 ιι,
2657 5458 2812 5529 etc.)?
2864 5458 2929 5512 Et
2973 5459 3086 5527 ipse
3116 5460 3132 5489 ¹
3164 5460 3358 5530 quippe
3409 5463 3719 5533 patientiam

2143 5551 2496 5623 perdidisset,
2526 5552 2638 5607 sive
2668 5550 3084 5621 blasphemando
3108 5594 3125 5623 ,
3168 5554 3307 5611 sicut
3341 5555 3431 5612 illa
3458 5556 3716 5628 voluerat,

2211 5664 2233 5693 ι
2262 5668 2445 5713 Novem
2460 5667 2596 5724 uss,
2614 5666 2672 5713 Et
2699 5660 2875 5724 ipsum
