4140 6216
359 243 463 304 617

354 358 472 417 sive
495 374 555 417 se
573 360 958 431 interficiendo,
979 364 1120 437 quod
1145 380 1246 423 nec
1264 366 1351 423 illa
1376 382 1506 426 ausa
1524 367 1700 427 fuerat
1735 371 1937 443 dicere,

354 463 654 509 moreretur
685 464 885 526 :‘atque
921 465 1067 513 esset
1103 458 1241 514 inter
1266 459 1384 515 illos
1411 460 1477 517 de
1517 461 1708 532 quibus
1737 464 1937 521 dictum

354 552 467 612 est,
516 543 605 600 Va:
640 546 704 600 iis
724 549 810 619 qui
838 550 1163 620 perdiderunt
1188 553 1478 622 patientiam
1512 553 1697 625 (Eccli.
1724 573 1783 622 ιι,
1808 560 1894 631 16)
1921 562 1934 615 ι

352 644 410 691 et
435 646 655 707 augeret
682 639 857 707 potius
880 655 1039 710 quam
1068 640 1317 699 evaderet
1344 659 1530 714 pmnas
1551 688 1564 711 ,
1592 647 1682 717 qui
1708 657 1827 718 post
1854 651 1937 705 sui

351 730 596 799 corporis
625 738 872 799 mortem,
904 734 1016 789 sive
1039 734 1106 789 ad
1129 734 1585 808 blasphemorum,
1608 740 1721 797 sive
1749 741 1816 797 ad
1842 741 1940 798 ho-

310 890 313 891 7
352 820 702 890 micidarum,
742 824 828 880 vel
858 825 1016 880 etiam
1049 826 1167 897 plus
1191 843 1349 898 quam
1390 830 1772 899 parricidarum
1807 848 1937 904 sup-

351 912 508 983 plicia
534 923 832 984 raperetur.
878 915 936 972 Si
959 916 1103 975 enim
1130 919 1393 989 parricida
1423 936 1490 976 eo
1518 923 1827 980 sceleratior
1852 936 1937 981 est

349 1019 512 1076 quam
541 1007 764 1078 quilibet
786 1008 1082 1080 homicida,
1122 1013 1245 1083 quia
1282 1028 1389 1068 non
1413 1023 1614 1070 tantum
1642 1016 1931 1086 hominem,
1970 1068 1973 1069 ν

349 1110 539 1152 verum
558 1099 716 1155 etiam
738 1103 1093 1174 propinquum
1121 1112 1313 1172 necat;
1355 1106 1517 1177 inque
1556 1108 1686 1178 ipsis
1716 1110 1935 1179 parrici-

349 1186 454 1254 dis,
488 1200 686 1260 quanto
713 1192 1143 1265 propinquiorem
1182 1197 1403 1268 quisque
1444 1200 1755 1268 peremerit,
1790 1209 1934 1257 tanto

344 1278 615 1350 judicatur
647 1284 969 1340 immanior:
1001 1287 1115 1341 sine
1150 1286 1312 1342 dubio
1340 1288 1494 1359 pejor
1529 1299 1612 1345 est
1640 1294 1730 1361 qui
1758 1308 1818 1347 se
1844 1307 1934 1349 oc—

349 1368 518 1436 cidit;
572 1371 694 1441 quia
742 1387 900 1429 nemo
939 1382 1023 1429 est
1054 1373 1258 1430 homini
1296 1390 1355 1431 se
1397 1376 1516 1448 ipso
1565 1380 1929 1451 propinquior.

347 1458 489 1526 Quid
508 1476 636 1532 ergo
662 1462 842 1519 miseri
864 1462 1096 1530 faciunt,
1127 1465 1216 1535 qui
1242 1480 1361 1520 cum
1392 1475 1449 1522 et
1487 1467 1574 1524 hic
1601 1468 1815 1526 sibimet
1840 1470 1927 1525 in-

346 1560 560 1621 gestas,
613 1561 669 1608 et
711 1563 898 1624 postea
954 1569 1062 1609 non
1113 1555 1286 1610 solum
1333 1555 1620 1626 impietatis
1673 1558 1931 1615 adversus

348 1640 542 1709 Deum,
570 1644 665 1699 sed
694 1644 855 1700 etiam
888 1645 1053 1715 ipsius
1081 1660 1238 1715 quam
1267 1646 1319 1700 in
1348 1661 1407 1702 se
1434 1658 1786 1704 exercuerunt
1809 1665 1931 1707 cru-

344 1728 582 1788 delitatis
629 1733 777 1789 luant
818 1735 1022 1790 debitas
1059 1750 1284 1807 prunas,
1334 1736 1551 1808 insuper
1591 1750 1834 1810 quarunt
1875 1749 1930 1797 et

342 1834 637 1896 martyrum
663 1827 903 1897 glorias?
928 1842 1048 1883 cum
1072 1829 1280 1884 etiamsi
1303 1844 1397 1899 pro
1424 1845 1554 1886 vero
1566 1829 1764 1887 Christi
1790 1833 1931 1888 testi-

342 1914 527 1970 monio
558 1917 988 1985 persecutionem
1019 1925 1325 1986 paterentur
1343 1959 1358 1986 ,
1386 1928 1441 1974 et
1463 1935 1522 1975 se
1548 1921 1923 1992 interficerent,

341 2018 412 2060 ne
458 2004 660 2075 aliquid
700 2020 731 2060 a
757 2008 1186 2076 persecutoribus
1238 2018 1546 2078 paterentur
1574 2053 1590 2080 ,
1632 2022 1775 2069 recte
1820 2015 1925 2070 illis

340 2095 638 2164 diceretur,
695 2096 785 2154 Va:
806 2100 867 2155 iis
901 2100 986 2170 qui
1031 2100 1357 2171 perdiderunt
1396 2102 1727 2174 patientiam!
1775 2105 1923 2174 Quo-

340 2185 503 2243 modo
542 2188 686 2243 enim
721 2188 927 2258 justum
970 2191 988 2221 ί
1027 2191 1304 2259 praemium
1351 2193 1619 2261 patientia:
1662 2193 1920 2264 redditur,

338 2278 385 2335 si
415 2287 471 2334 et
503 2279 787 2349 impatiens
818 2280 993 2349 passio
1034 2281 1355 2336 coronatur?
1397 2283 1505 2338 Aut
1541 2284 1809 2354 quomodo
1838 2286 1921 2340 in-

338 2369 882 2441 nocensjudicabitur
901 2411 916 2436 ,
946 2371 1030 2426 cui
1053 2372 1252 2427 dictum
1278 2384 1382 2439 est,
1419 2374 1610 2446 Diliges
1638 2378 1922 2447 proximum

340 2471 491 2519 tuum
514 2464 644 2519 sicut
669 2474 716 2519 te
739 2465 906 2534 ipsum
942 2463 1157 2538 (Matth.
1182 2482 1297 2533 xix,
1329 2466 1416 2536 I9)
1443 2507 1460 2534 ,
1506 2468 1551 2521 si
1577 2468 1920 2525 homicidium

336 2554 624 2610 committit
660 2555 715 2609 in
757 2569 820 2611 se
858 2556 1011 2625 ipso,
1052 2554 1195 2626 quod
1232 2557 1566 2613 committere
1608 2560 1922 2629 prohibetur

333 2644 391 2701 in
421 2647 703 2716 proximo?

405 2735 633 2793 CAPUT
670 2736 808 2792 XIV.
835 2767 909 2779 —
950 2738 1041 2795 11.
1082 2737 1341 2794 Patientia
1380 2739 1647 2823 bonorum.
1689 2742 1920 2799 Audiant

332 2841 466 2899 ergo
484 2829 653 2882 sancti
678 2827 747 2883 de
770 2826 1058 2899 Scripturis
1084 2832 1284 2887 sanctis
1313 2840 1574 2901 praecepta
1598 2832 1869 2903 patientia:
1899 2850 1914 2888 :

331 2917 480 2985 Fili,
531 2920 772 2974 accedens
826 2921 895 2973 ad
940 2913 1250 2975 servitutem'
1276 2920 1373 2975 Dei
1392 2963 1408 2989 ,
1467 2932 1544 2977 sta
1604 2924 1657 2978 in
1715 2925 1918 2997 justitia

331 3012 381 3060 et
411 3006 588 3059 timore
604 3045 622 3073 ,
653 3014 698 3059 et
743 3019 976 3076 praepara
1015 3006 1240 3059 animam
1275 3015 1415 3060 tuam
1447 3007 1515 3061 ad
1554 3009 1873 3064 tentationem
1898 3025 1918 3065 :

332 3095 559 3165 deprime
585 3110 673 3149 cor
697 3103 874 3160 tuum,
896 3105 943 3149 et
966 3095 1190 3161 sustine;
1225 3104 1281 3150 ut
1320 3106 1510 3151 crescat
1541 3097 1596 3150 in
1633 3099 1916 3153 novissimis

332 3186 437 3241 vita
457 3194 564 3240 tua.
590 3184 753 3240 Omne
770 3186 905 3255 quod
924 3185 1011 3240 tibi
1031 3186 1372 3257 superveth
1390 3187 1579 3258 accipe,
1606 3197 1652 3242 et
1671 3190 1725 3243 in
1744 3189 1918 3246 dolore

331 3279 559 3346 sustine,
583 3288 630 3332 et
658 3279 712 3333 in
741 3279 1026 3333 humilitate
1055 3287 1144 3332 tua
1168 3279 1462 3350 patientiam
1487 3280 1632 3335 habe.
1664 3281 1917 3348 Quoniam

332 3369 386 3424 in
411 3370 529 3440 igne
557 3371 800 3439 probatur
839 3386 1022 3424 aurum
1047 3379 1092 3424 et
1115 3379 1411 3441 argentum,
1442 3370 1669 3426 homines
1696 3387 1811 3427 vero
1835 3390 1919 3429 re-

332 3463 590 3533 ceptibiles
608 3463 662 3517 in
681 3463 879 3517 camino
902 3463 1268 3517 humiliationis
1288 3460 1477 3532 (Eccli.
1502 3478 1568 3529 ιι,
1602 3464 1747 3534 1-5).
1768 3463 1838 3518 Ει
1862 3464 1914 3519 in

333 3551 455 3608 loco
479 3551 587 3607 alio
606 3552 796 3624 legitur
824 3570 837 3606 :
868 3551 1011 3620 Fili,
1044 3568 1106 3607 ne
1123 3553 1332 3622 deﬁcias
1357 3554 1412 3607 in
1435 3553 1705 3625 disciplina
1731 3553 1913 3609 Domi-

332 3644 388 3699 ni
404 3685 421 3709 ,
450 3660 607 3715 neque
634 3646 861 3718 [atigeris
886 3661 999 3699 cum
1024 3644 1088 3699 ab
1124 3645 1215 3699 illo
1248 3645 1545 3717 increparis.
1588 3647 1746 3714 Quem
1780 3648 1914 3703 enim

333 3736 500 3807 diligit
528 3734 793 3803 Dominus,
819 3736 1028 3806 corripit
1050 3754 1068 3802 ;
1090 3736 1315 3807 flagellat
1341 3745 1507 3791 autem
1528 3753 1727 3793 onmem
1750 3739 1915 3808 ﬁlium

333 3847 480 3903 quem
495 3832 668 3904 recipit
690 3830 871 3905 (Prov.
890 3848 970 3898 ιιι,
991 3832 1050 3887 11
1071 3842 1122 3886 et
1139 3830 1250 3903 12).
1273 3831 1424 3898 Quod
1447 3833 1534 3888 hic
1557 3832 1787 3903 positum
1808 3840 1909 3898 est,

333 3923 498 3993 filium
517 3940 662 3994 quem
686 3923 893 3994 recipit;
913 3923 1015 3978 hoc
1045 3921 1099 3977 in
1128 3936 1288 3992 supra
1312 3923 1456 3978 dicto
1479 3922 1784 3977 testimonio
1804 3928 1908 3987 est,

335 4014 560 4069 homines
593 4013 922 4086 receptibiles.
960 4013 1072 4068 Hoc
1099 4014 1241 4068 enim
1268 4013 1468 4082 justum
1491 4020 1604 4077 est,
1632 4020 1693 4066 ut
1721 4011 1813 4081 qui
1840 4009 1911 4066 de

333 4106 558 4178 pristina
583 4107 835 4163 felicitate
863 4106 1089 4178 paradisi
1119 4114 1337 4177 propter
1375 4114 1745 4161 contumacem
1774 4103 1919 4178 deli-t

333 4199 536 4254 ciarum
586 4198 944 4269 appetentiam
991 4196 1198 4253 dimissi
1242 4211 1469 4261 sumus,
1513 4210 1609 4266 per
1656 4194 1908 4250 humilem

332 4290 695 4346 molestiarum
741 4289 1049 4360 patientiam
1092 4287 1412 4358 recipiamur
1458 4304 1472 4340 :
1516 4285 1731 4357 fugaces
1769 4285 1909 4340 mala

331 4380 600 4449 faciendo,
630 4380 857 4438 reduces
878 4380 1016 4436 mala
1038 4379 1322 4450 patiendo;
1351 4377 1424 4432 ibi
1446 4386 1633 4434 contra
1649 4376 1909 4447 justitiam

330 4473 590 4531 facientes
607 4514 623 4539 ,
648 4473 734 4527 hic
762 4487 862 4543 pro
885 4471 1089 4541 justitia
1115 4471 1398 4541 patientes.

276 4570 279 4571 ⁷
401 4563 627 4620 CAPUT
654 4562 770 4618 XV.
788 4562 963 4617 -12.
986 4560 1240 4616 Patientia
1259 4576 1359 4615 non
1379 4559 1509 4614 venit
1527 4575 1591 4613 ea:
1610 4559 1753 4614 liberi
1775 4557 1915 4613 arbi-

330 4659 419 4713 trii
439 4656 653 4721 uiribus,
672 4654 760 4711 sed
780 4671 844 4710 ea:
862 4655 1032 4710 divino
1057 4654 1333 4724 adjutorio.
1368 4651 1473 4708 Sed
1502 4666 1628 4708 vera
1658 4652 1910 4722 patientia

329 4767 450 4823 qua:
478 4749 636 4820 hujus
663 4759 747 4805 est
763 4747 983 4804 nomine
1008 4746 1167 4816 digna
1192 4745 1423 4810 virtutis,
1445 4743 1790 4814 quaerendum
1827 4751 1911 4799 est

330 4843 473 4899 unde
499 4849 758 4896 sumatur.
791 4839 928 4895 Sunt
965 4836 1109 4893 enim
1147 4835 1237 4906 qui
1276 4849 1395 4890 eam
1435 4835 1669 4890 tribuant
1707 4834 1910 4889 viribus

328 4932 619 4989 voluntatis
641 4932 910 4997 humana),
937 4944 1044 4984 non
1069 4941 1201 4999 quas
1229 4925 1515 4981 habentes
1536 4924 1718 4980 divino
1751 4924 1908 4994 adju-

330 5024 500 5088 torio,
528 5022 624 5079 sed
661 5036 794 5094 quas
828 5036 893 5077 ex
929 5019 1096 5074 libero
1132 5016 1374 5072 arbitrio.
1405 5016 1569 5071 Error
1596 5026 1777 5071 autem
1808 5015 1910 5070 iste

326 5115 597 5186 superbus
620 5126 703 5171 est
732 5133 745 5169 :
776 5102 960 5170 eorum
985 5118 1069 5167 est
1092 5110 1235 5166 enim
1265 5109 1357 5180 qui
1383 5106 1674 5175 abundant,
1697 5108 1765 5163 de
1792 5108 1909 5178 qui-

326 5209 433 5264 bus
454 5207 650 5263 dicitur
673 5207 727 5263 in
749 5206 959 5262 Psalmo
992 5221 1004 5257 :
1035 5201 1380 5274 Opprobrium
1403 5202 1473 5256 eis
1500 5200 1587 5272 qui
1609 5199 1868 5254 abundant
1891 5240 1908 5268 ,

325 5310 379 5357 et
406 5300 659 5372 despectio
679 5297 904 5370 superbis
926 5295 1096 5369 (Psal.
1117 5310 1282 5360 exstt,
1305 5291 1382 5365 4).
1410 5290 1525 5347 Non
1546 5307 1677 5363 ergo
1701 5301 1786 5347 est
1810 5291 1911 5346 ista

327 5393 578 5465 patientia
607 5406 886 5464 pauperum
905 5430 920 5455 ,
950 5404 1068 5460 qua:
1105 5404 1207 5442 non
1238 5387 1363 5454 perit
1388 5386 1441 5440 in
1465 5395 1708 5440 internum
1740 5383 1910 5456 (Psal.

322 5501 418 5552 ιι,
450 5482 561 5556 19).
594 5484 656 5539 Hi
698 5483 841 5538 enim
880 5494 1137 5550 pauperes
1180 5479 1248 5533 ab
1286 5478 1377 5531 illo
1412 5491 1528 5532 eam
1569 5475 1732 5530 divite
1772 5473 1912 5528 acci-

322 5576 507 5651 piunt,
536 5575 619 5629 cui
640 5573 835 5629 dicitur
852 5611 869 5639 ,
902 5569 1036 5625 Deus
1064 5585 1203 5624 meus
1222 5584 1273 5624 es
1294 5578 1379 5634 tu,
1405 5567 1641 5639 quoniam
1669 5566 1910 5621 bonorum

398 5690 421 5723 ι
452 5694 523 5741 tta
548 5696 657 5739 Mss.
676 5684 892 5746 Atediti,
910 5686 1065 5746 justo.

538 5770 771 5835 Sacr.
805 5771 1094 5831 Aususr.
1122 5763 1210 5828 VI

1799 258 2001 320 LIBER
2037 262 2235 325 UNUS.

2053 396 2275 437 meorum
2295 399 2394 440 non
2418 402 2532 459 eges
2552 389 2722 461 (Psal.
2750 409 2835 462 xv,
2859 399 2946 468 2);
2969 413 2997 453 a
3026 416 3132 471 quo
3156 413 3238 459 est
3258 418 3417 464 omne
3436 408 3615 469 datum

2048 472 2336 575 optimum,
2365 486 2420 532 et
2442 494 2602 536 omne
2628 484 2826 540 donum
2864 490 3151 556 perfectum
3180 495 3450 566 (Jacobit,
3486 504 3576 575 17)
3600 523 3616 570 ;

2047 561 2113 616 ad
2135 580 2290 633 quem
2312 568 2506 625 clamat
2538 588 2734 643 egenus
2761 588 2814 632 et
2842 593 3060 648 pauper,
3097 561 3197 653 qui
3213 587 3390 644 laudat
3425 561 3617 649 nomeii

2047 651 2161 722 ejus
2184 693 2200 720 ,
2229 665 2283 710 et
2309 660 2539 726 petendo
2561 703 2574 728 ,
2602 667 2889 733 quzerendo
2910 710 2924 735 ,
2961 651 3242 742 pulsando,
3276 678 3403 734 dicit
3436 699 3448 734 :
3484 683 3619 738 Deus

2044 757 2185 797 meus
2205 783 2219 810 ,
2244 747 2379 814 eripe
2406 765 2483 802 me
2508 752 2572 806 de
2596 770 2747 809 manu
2783 763 3059 825 peccatoris
3080 804 3095 829 ,
3124 775 3168 816 et
3198 767 3260 819 de
3278 784 3427 823 manu
3459 774 3616 842 legem

2046 839 2391 902 praetereuntis
2420 850 2466 894 et
2506 843 2663 914 iniqui
2695 864 2713 899 :
2739 850 2976 916 quoniam
3014 864 3065 906 tu
3099 872 3149 909 es
3190 861 3431 926 patientia
3470 839 3578 917 nica
3598 907 3615 929 ,

2042 920 2277 991 Domine,
2307 945 2419 998 spes
2445 948 2554 985 mea
2580 950 2611 986 a
2634 936 2887 1002 iuuentute
2916 958 3025 996 mea
3056 920 3222 1013 (Psal.
3249 964 3374 1015 Lxx,
3406 954 3441 1007 4
3465 965 3511 1007 et

2041 1011 2132 1068 Isti
2162 1024 2338 1070 autem
2366 1020 2455 1087 qui
2485 1022 2777 1092 abundant,
2800 1039 2853 1082 et
2873 1044 3031 1099 egere
3050 1011 3114 1088 ad
3138 1036 3299 1090 Deum
3325 1011 3615 1111 dedignan-

2043 1111 2156 1169 tur,
2186 1121 2253 1160 ne
2281 1106 2348 1162 ab
2375 1108 2467 1163 illo
2505 1113 2764 1182 accipiant
2801 1132 2981 1173 veram
3030 1125 3368 1195 patientiam,
3413 1106 3479 1185 de
3516 1148 3612 1189 sua

2040 1192 2172 1248 falsa
2191 1195 2509 1267 gloriantes,
2538 1205 2817 1260 consilium
2843 1208 3015 1278 inopis
3054 1214 3236 1268 volunt
3261 1192 3611 1289 confundere,

2037 1286 2287 1380 quoniam
2322 1288 2580 1347 Dominus
2618 1308 2742 1365 spes
2770 1297 2885 1366 ejus
2914 1311 2996 1354 est
3027 1301 3196 1372 (Psal.
3230 1323 3354 1375 xm,
3396 1310 3474 1380 6).
3503 1286 3611 1369 Nec

2038 1377 2318 1434 attendunt
2336 1396 2456 1437 cum
2480 1382 2722 1441 homines
2755 1398 2912 1456 sunt,
2935 1400 2989 1446 et
3011 1407 3140 1461 sum,
3165 1395 3216 1449 id
3236 1407 3336 1465 est,
3362 1377 3609 1458 humana:

2035 1469 2295 1526 voluntati
2323 1481 2524 1530 tantum
2555 1478 2811 1547 tribuunt,
2843 1482 2896 1536 in
2919 1483 3046 1539 illud
3074 1501 3131 1541 se
3156 1487 3428 1546 incurrere
3463 1494 3607 1563 quod

2035 1559 2288 1629 scriptum
2316 1572 2400 1618 est
2429 1583 2441 1618 :
2472 1565 2779 1624 Maledictus
2803 1570 3079 1644 omnis’qui
3116 1593 3257 1646 spem
3285 1596 3429 1634 suam
3467 1559 3611 1652 ponit

2033 1649 2089 1704 in
2111 1651 2312 1708 homine
2332 1654 2543 1726 (Jerem.
2568 1675 2701 1727 xvn,
2734 1660 2812 1732 5).
2838 1662 2986 1718 Unde
3006 1667 3211 1723 etiamsi
3239 1670 3315 1725 eis
3335 1649 3609 1745 contingat

2031 1749 2092 1795 ut
2118 1741 2294 1813 aliqua
2323 1742 2456 1799 dura
2485 1756 2540 1802 et
2561 1763 2777 1819 aspera,
2805 1754 2888 1807 vel
2928 1769 2996 1808 ne
3035 1756 3348 1825 displiceant
3375 1741 3611 1818 homini-

2030 1830 2159 1901 bus,
2192 1835 2274 1890 vel
2302 1851 2371 1891 ne
2393 1839 2636 1907 graviora
2668 1842 2963 1910 patiantur,
2991 1847 3075 1901 vel
3113 1849 3214 1904 sibi
3254 1851 3509 1920 placendo
3550 1864 3609 1912 ct

2030 1925 2257 1981 amando
2277 1931 2740 2000 praesumptionem
2764 1949 2914 1989 suam
2934 1976 2949 2001 ,
2971 1938 3154 1992 eadem
3187 1940 3298 2009 ipsa
3327 1945 3608 2014 superbis-

2031 2015 2164 2072 sima
2200 2019 2471 2077 voluntate
2509 2023 2835 2092 sustineant;
2866 2027 2966 2082 hoc
2994 2028 3100 2083 illis
3123 2030 3401 2089 dicendum
3431 2046 3515 2091 est
3538 2038 3608 2095 de

2029 2106 2304 2177 patientia,
2333 2112 2474 2181 quod
2494 2112 2563 2169 de
2589 2116 2846 2185 sapientia
2867 2118 3052 2174 beatus
3077 2120 3303 2178 Jacobus
3332 2128 3605 2195 apostolus

2028 2195 2157 2252 dicit
2182 2216 2195 2252 :
2227 2199 2348 2255 Non
2373 2212 2446 2256 est
2469 2205 2567 2257 ista
2586 2206 2837 2275 sapientia
2864 2208 3124 2264 desursum
3154 2213 3490 2282 descendens;
3516 2220 3608 2273 sed

2029 2295 2243 2356 terrena,
2273 2294 2509 2348 animalis
2530 2337 2546 2361 ,
2586 2297 2834 2352 diabolica
2856 2299 3058 2368 (Jacobi
3081 2318 3156 2368 ιιι,
3193 2304 3300 2374 IS).
3331 2305 3437 2361 Cur
3461 2310 3604 2363 enim

2028 2391 2135 2433 non
2163 2379 2232 2433 sit
2256 2383 2603 2450 superborum
2630 2385 2761 2440 falsa
2783 2388 3057 2457 patientia,
3089 2392 3220 2446 sicut
3248 2397 3605 2463 superborum

2026 2475 2109 2524 est
2139 2469 2266 2524 falsa
2296 2473 2550 2542 sapientia
2576 2475 2694 2547 (a)?
2718 2479 2760 2531 A
2790 2493 2896 2548 quo
2924 2488 3006 2534 est
3029 2491 3205 2537 autem
3236 2501 3357 2540 vera
3388 2489 3601 2558 sapien-

2027 2559 2121 2627 tia,
2146 2560 2215 2615 ab
2241 2562 2332 2616 illo
2359 2572 2439 2618 est
2462 2573 2516 2620 et
2543 2581 2667 2621 vera
2692 2569 2962 2637 patientia.
2992 2571 3125 2628 Huic
3148 2575 3287 2629 enim
3311 2587 3489 2633 cantat
3511 2581 3601 2637 ille

2024 2648 2215 2720 spiritu
2243 2666 2441 2723 pauper
2474 2673 2486 2707 :
2519 2654 2628 2709 Deo
2657 2660 2879 2728 subjecta
2905 2670 2976 2714 est
3001 2663 3171 2717 anima
3196 2681 3337 2734 mea,
3363 2672 3599 2737 quoniam

2023 2739 2087 2793 ab
2105 2741 2215 2810 ipso
2244 2751 2317 2795 est
2345 2744 2588 2811 patientia
2614 2763 2722 2800 mea
2750 2746 2915 2817 (Psal.
2945 2766 3032 2804 LXI
3051 2794 3066 2819 ,
3097 2751 3173 2823 6)’.

2092 2829 2319 2887 CAPUT
2339 2832 2478 2889 XVI.
2497 2866 2566 2875 -—
2582 2838 2665 2891 l5.
2684 2836 2911 2907 Objectio
2928 2855 2947 2895 :
2963 2858 3053 2895 cur
3072 2844 3342 2901 voluntatis
3358 2849 3483 2903 vires
3499 2868 3600 2905 non

2022 2920 2270 2990 sufﬁciunt
2297 2923 2366 2975 ad
2395 2925 2687 2993 patiendum
2714 2944 2804 2995 pro
2819 2929 3044 2999 justitia,
3068 2933 3194 2987 sicut
3217 2953 3307 3005 pro
3328 2939 3596 3009 iujustitia.

2022 3009 2127 3067 Sed
2157 3014 2481 3084 respondent
2524 3025 2577 3072 et
2606 3018 2895 3088 loquuntur
2934 3022 3171 3078 dicentes
3205 3045 3217 3079 :
3258 3026 3315 3081 Si
3353 3031 3601 3087 voluntas

2022 3100 2256 3159 hominis
2282 3105 2397 3159 sine
2425 3106 2537 3161 ullo
2564 3107 2657 3161 Dei
2685 3108 2950 3177 adjutorio
2978 3113 3180 3168 viribus
3209 3115 3361 3171 liberi
3388 3120 3597 3175 arbitrii

2023 3198 2131 3247 tam
2162 3193 2325 3247 multa
2354 3196 2536 3265 gravia
2562 3205 2617 3252 et
2644 3196 2908 3252 horrenda
2938 3201 3155 3269 perfert,
3182 3204 3293 3259 sive
3317 3205 3367 3259 in
3389 3209 3593 3277 animo,

2021 3283 2134 3339 sive
2161 3285 2212 3338 in
2238 3300 2482 3355 corpore,
2510 3296 2565 3342 ut
2590 3289 2825 3344 mortalis
2854 3293 2974 3345 vitae
2996 3293 3152 3361 hujus
3180 3306 3234 3350 et
3262 3310 3597 3366 peccatorum

2021 3374 2373 3433 delectatione
2402 3378 2737 3449 perfruatur;
2766 3397 2862 3437 cur
2888 3398 2992 3438 non
3015 3386 3202 3442 eodem
3229 3392 3388 3446 modo
3405 3393 3595 3449 eadem

2020 3466 2134 3538 ipsa
2162 3469 2405 3524 voluntas
2431 3469 2661 3527 hominis
2689 3472 2890 3530 eisdem
2921 3475 3121 3532 viribus
3161 3480 3315 3536 liberi
3349 3485 3592 3554 arbitrii,

2019 3572 2126 3614 non
2162 3558 2230 3613 ad
2279 3560 2381 3616 hoc
2424 3571 2739 3633 exspectans
2780 3578 2839 3620 se
2881 3565 3131 3622 divinitus
3173 3570 3444 3640 adjuvari,
3497 3578 3590 3631 sed

2020 3647 2119 3703 sibi
2147 3649 2373 3704 naturali
2399 3652 2749 3720 possibilitate
2774 3653 3046 3711 sufficiens
3066 3698 3081 3721 ,
3108 3660 3363 3731 quidquid
3393 3665 3592 3722 laboris

2017 3740 2337 3805 veldoloris
2363 3743 2619 3814 ingeritur
2640 3786 2655 3811 ,
2696 3761 2791 3814 pro
2815 3746 3013 3820 justitia
3041 3758 3094 3803 et
3122 3751 3227 3804 vita
3268 3763 3463 3809 aeterna
3500 3774 3594 3826 pa-

2020 3832 2335 3888 tientissime
2373 3835 2636 3889 sustinet?
2675 3836 2755 3889 An
2793 3851 2955 3907 vero,
2985 3838 3257 3908 inquiunt,
3290 3843 3477 3899 idonea
3508 3858 3591 3902 est

2019 3923 2319 3994 iniquorum
2348 3924 2608 3989 voluntas,
2642 3925 2751 3979 Deo
2778 3940 2883 3980 non
2911 3926 3211 3996 adjuvantc,
3244 3940 3301 3985 ut
3327 3947 3384 3987 se
3406 3934 3502 4003 ipsi
3535 3937 3596 3991 iu

2018 4013 2336 4068 cruciatibus
2364 4027 2461 4084 pro
2488 4014 2792 4085 iniquitate,
2821 4024 2875 4070 et
2900 4025 3180 4087 antequam
3212 4021 3280 4074 ab
3307 4023 3423 4078 aliis
3464 4040 3589 4080 cru-

2018 4105 2229 4160 cientur
2247 4146 2261 4171 ,
2289 4114 2608 4171 exerceant;
2647 4105 2837 4161 idonea
2864 4118 2945 4161 est
2972 4109 3221 4165 voluntas
3247 4128 3423 4169 moras
3463 4120 3589 4173 vitm

2017 4193 2175 4264 hujus
2200 4197 2490 4259 amantium
2515 4236 2531 4262 ,
2563 4204 2620 4250 ut
2648 4188 2757 4251 Deo
2793 4211 2899 4251 non
2928 4199 3243 4268 adjuvaute,
3274 4203 3411 4259 inter
3438 4216 3584 4261 atro-

2017 4283 2229 4339 cissima
2256 4293 2310 4339 et
2348 4284 2504 4356 longa
2532 4295 2788 4342 tormenta
2816 4288 2866 4341 in
2904 4289 3184 4345 mendacio
3207 4307 3584 4368 perseverent,

2016 4392 2085 4433 ne
2110 4390 2201 4431 sua
2231 4375 2462 4432 facinora
2488 4379 2802 4435 conﬁtentes
2821 4419 2835 4444 ,
2858 4380 3146 4449 jubeantur
3165 4387 3332 4441 occidi
3356 4405 3368 4453 ;
3401 4399 3454 4445 et
3480 4408 3589 4450 non

2016 4478 2101 4525 est
2127 4468 2312 4525 idonea
2343 4470 2609 4540 justorum
2641 4472 2885 4525 voluntas
2907 4513 2920 4536 ,
2952 4474 3051 4527 nisi
3089 4475 3167 4528 eis
3197 4478 3334 4531 vires
3361 4480 3591 4550 desuper

2015 4571 2396 4630 suggerantur.
2427 4560 2690 4629 quaslibet
2716 4576 2933 4629 poenas,
2961 4563 3045 4617 vel
3085 4564 3251 4632 ipsius
3283 4567 3476 4623 decore
3500 4571 3591 4639 ju«

2017 4650 2197 4713 stitiae,
2228 4651 2310 4705 vel
2337 4658 2551 4704 aeterna:
2572 4651 2694 4704 vita:
2721 4665 2900 4705 amore
2928 4651 3198 4721 perferre?

2084 4739 2310 4796 CAPUT
2348 4739 2510 4795 XVII.
2537 4740 2717 4794 -14.
2748 4741 2949 4796 Salutio
2980 4759 3000 4797 :
3030 4743 3227 4813 iniquos
3263 4745 3501 4804 duritiem
3527 4771 3603 4809 ex

2015 4830 2289 4900 cupiditate
2307 4868 2322 4896 ,
2350 4830 2460 4900 pios
2501 4830 2848 4901 fortitudinem
2883 4848 2946 4886 ea:
2976 4833 3221 4888 charitate
3250 4837 3448 4895 habere.
3478 4842 3596 4897 Pav

2017 4921 2202 4975 tientia
2229 4921 2374 4991 falsa
2397 4921 2576 4991 sufﬁcit
2601 4922 2830 4976 uoluntas
2858 4923 3099 4990 humana,
3123 4942 3222 4980 non
3248 4938 3421 4983 autem
3436 4948 3593 4989 uerat;~

2018 5012 2117 5080 Qui
2146 5013 2262 5069 hinc
2289 5013 2510 5079 dicunt,
2544 5028 2648 5069 non
2682 5014 2981 5083 intelligunt
3014 5024 3068 5071 et
3093 5032 3366 5088 quemque
3381 5023 3600 5094 iniquo-

2017 5119 2136 5158 rum
2165 5111 2309 5158 tanto
2333 5118 2451 5158 esse
2487 5102 2555 5158 ad
2588 5118 2935 5174 quaecumque
2974 5106 3110 5159 mala
3151 5108 3463 5177 perferenda
3490 5114 3591 5170 du.

2017 5194 2213 5250 riorcm
2234 5235 2249 5259 ,
2280 5203 2476 5264 quanto
2503 5197 2556 5251 in
2582 5211 2647 5252 eo
2672 5198 2843 5267 major
2867 5206 2951 5252 est
2979 5199 3238 5268 cupiditas
3284 5206 3498 5272 mundi;
3532 5220 3599 5264 ett

2017 5299 2278 5355 quemque
2309 5286 2573 5356 justorum
2620 5295 2765 5341 tanto
2807 5303 2928 5343 esse
2970 5289 3036 5344 ad
3065 5306 3412 5364 quaacumquc
3451 5300 3597 5355 mala:

2019 5377 2326 5449 perferenda
2352 5378 2646 5447 fortiorem,
2671 5388 2869 5450 quanto
2898 5381 2951 5435 in
2976 5397 3041 5438 eo
3060 5391 3145 5438 est
3167 5386 3337 5456 major
3355 5389 3598 5449 charitas

2104 5554 2155 5626 a)
2174 5556 2448 5617 Cyprianus,
2473 5555 2519 5604 in
2555 5554 2639 5626 lib.
2670 5556 2734 5606 de
2767 5562 2891 5607 Bono
2922 5559 3205 5620 patientiae:
3241 5577 3263 5605 (ι
3284 5562 3325 5610 si
3349 5565 3595 5626 sapientia
3630 5536 3639 5543 ‘

2029 5615 2166 5691 «illic
2198 5615 2317 5665 vera
2349 5629 2446 5666 non
2497 5625 2601 5678 est,
2648 5631 2761 5669 esse
2805 5632 2901 5668 non
2923 5615 3106 5682 "potest
3147 5628 3201 5672 et
3241 5634 3360 5673 vera
3396 5615 3595 5691 pulte};

2032 5688 2059 5722 α
2075 5682 2157 5727 ω’
2184 5694 2205 5720 ’
2823 5762 3121 5859 (ringi;
