4140 6216
521 256 623 321 619

520 373 637 432 Dei.
668 369 778 429 Sed
815 367 1076 443 cupiditas
1119 364 1303 425 mundi
1347 362 1559 423 initium
1585 361 1747 419 hahet
1771 375 1836 417 es
1878 358 2098 419 arbitrio

521 463 829 529 voluntatis,
858 473 1196 533 progressum
1218 473 1283 513 ex
1309 454 1640 527 iucunditate
1665 453 1974 522 voluptatis,
2009 450 2099 509 ﬁr-

525 563 850 610 mamentum
882 567 947 607 cx
973 549 1182 604 vinculo
1210 545 1611 603 consuetudinis
1640 563 1653 599 :
1677 543 1913 600 Charitas
1932 552 2099 601 autem

525 644 621 699 Dei
642 641 826 707 ili/fusa
846 649 916 695 est
944 640 995 691 in
1016 638 1249 692 cordibus
1279 637 1483 701 nostris,
1511 650 1615 689 non
1637 634 1816 703 utique
1837 649 1901 687 ex
1923 631 2096 696 nobis,

524 734 616 789 sed
645 750 732 806 per
755 732 1001 802 Spiritum
1029 739 1256 782 sanctum
1281 729 1367 798 qui
1394 728 1541 780 datus
1568 735 1639 781 est
1677 724 1816 780 nobis
1841 723 2014 795 (Rom.
2042 740 2097 789 v,

534 827 612 894 5).
640 822 866 877 Proinde
893 822 959 876 ah
988 822 1079 879 illo
1109 830 1189 874 est
1219 820 1468 890 patientia
1494 821 1789 889 iustorum,
1821 832 1915 886 per
1941 831 2100 886 quem

524 917 833 973 diffunditur
872 915 1107 969 charitas
1152 929 1341 969 eorum
1372 914 1409 965 ¹.
1437 911 1605 980 Quam
1634 911 1946 966 charitatem
1992 910 2104 963 lau-

526 1009 659 1065 dans
684 1016 841 1077 atque
863 1006 1245 1062 commendans
1267 1004 1573 1073 Apostolus,
1606 1004 1743 1060 inter
1768 1009 1959 1057 cratera
1985 1000 2102 1069 eius

525 1100 660 1152 bona
687 1098 818 1155 dixit
844 1112 961 1152 eam
1002 1105 1055 1151 et
1093 1106 1282 1150 cuncta
1307 1094 1552 1151 sulierre.
1587 1092 1853 1159 Charitas,
1896 1093 2098 1161 inquit,

527 1189 849 1260 magnanima
896 1198 987 1242 est.
1038 1189 1101 1243 Et.
1147 1189 1303 1258 paulo
1351 1197 1468 1256 post
1511 1187 1587 1242 ait
1630 1203 1643 1239 :
1687 1185 1875 1239 Omnia
1925 1183 2102 1237 tolerat

527 1280 543 1349 (
566 1280 582 1332 I
606 1278 723 1332 Cor.
751 1294 864 1353 sui,
891 1278 925 1332 4
947 1287 992 1330 et
1018 1277 1095 1346 7).
1126 1278 1332 1343 Quanto
1359 1292 1486 1345 ergo
1512 1275 1681 1343 major
1707 1282 1790 1331 est
1825 1273 1876 1329 in
1906 1272 2102 1329 sanctis

525 1371 758 1425 Charitas
799 1371 915 1435 Dei,
954 1379 1098 1424 tanto
1132 1369 1300 1439 magis
1340 1385 1435 1437 pro
1475 1382 1540 1422 eo
1574 1367 1715 1436 quod
1753 1367 2016 1436 diligitur,
2049 1374 2103 1420 et

525 1469 721 1533 quanto
758 1460 927 1529 maior
967 1470 1047 1515 est
1090 1460 1141 1515 in
1184 1459 1549 1528 peccatoribus
1588 1458 1849 1527 cupiditas
1886 1455 2099 1529 mundi,

525 1557 676 1605 tanto
700 1550 868 1620 magis
897 1564 992 1619 pro
1018 1564 1083 1603 eo
1110 1548 1251 1618 quod
1285 1548 1708 1615 concupiscitur,
1751 1546 1929 1603 omnia
1973 1545 2104 1601 tole—

523 1649 728 1697 rantur.
752 1643 828 1695 Ac
856 1656 950 1711 per
976 1641 1075 1694 hoc
1102 1640 1225 1695 inde
1254 1648 1335 1697 est
1362 1638 1610 1708 patientia
1639 1653 1761 1695 vera
1795 1639 2059 1707 iustorum
2083 1676 2098 1701 ,

524 1732 667 1789 unde
702 1743 783 1791 est
826 1732 878 1787 in
922 1734 999 1791 eis
1037 1732 1269 1788 citat-itas
1309 1732 1437 1796 Dei;
1482 1740 1536 1789 et
1575 1731 1697 1790 inde
1725 1740 1807 1786 est
1849 1728 2100 1799 patientia

524 1825 659 1881 falsa
696 1824 1030 1893 iniquorum,
1075 1824 1213 1878 unde
1257 1832 1337 1881 est
1381 1823 1432 1879 in
1474 1822 1552 1877 eis
1589 1822 1850 1891 cupiditas
1894 1818 2097 1879 mundi.

524 1913 750 1985 Propter
770 1902 908 1983 quad
930 1914 1058 1967 dicit
1080 1913 1311 1969 Joannes
1340 1913 1624 1981 Apostolus
1657 1929 1670 1964 :
1706 1911 1877 1966 Nolite
1896 1912 2104 1981 diligere

523 2003 769 2055 mundum
789 2044 803 2069 ,
833 2019 922 2055 nec
951 2019 1010 2057 ea
1046 2017 1159 2071 quae
1189 2003 1241 2055 in
1267 2016 1452 2056 mundo
1479 2012 1614 2057 sunt.
1647 2002 1708 2056 Si
1733 2002 1846 2073 quis
1870 2002 2102 2057 dilexerit

523 2091 767 2145 mundum
791 2132 805 2157 ,
834 2092 1035 2145 dilectio
1062 2090 1234 2149 Patris
1264 2108 1363 2145 non
1405 2101 1478 2145 est
1522 2092 1577 2145 in
1611 2092 1721 2158 ipso
1757 2107 1775 2143 :
1811 2091 1928 2160 quia
1958 2106 2103 2147 omne

523 2183 659 2251 quod
685 2182 737 2237 in
761 2180 948 2235 mundo
972 2191 1066 2249 est,
1098 2182 1502 2250 concupiscentia
1527 2182 1694 2242 carnis
1718 2190 1812 2248 est,
1837 2191 1883 2237 et
1912 2197 2099 2239 concu-

523 2273 765 2343 piscentia
803 2274 1103 2340 oculorum,
1132 2284 1177 2328 et
1199 2275 1404 2328 ambitio
1439 2274 1649 2339 amuli;
1675 2290 1787 2345 qua:
1815 2291 1915 2331 non
1939 2284 2011 2331 est
2040 2290 2101 2329 ea:

522 2360 701 2430 Patre,
722 2362 811 2417 sed
837 2380 898 2419 ea:
918 2363 1104 2421 mundo
1124 2373 1195 2418 est
1226 2362 1458 2434 (IJoan.
1485 2380 1541 2429 II,
1571 2364 1638 2421 15
1657 2374 1703 2419 et
1728 2364 1834 2434 16).
1858 2363 1983 2419 Haec
2005 2363 2103 2433 ἱεῖς-

520 2460 607 2507 tur
644 2454 1074 2527 concupiscentia
1120 2469 1238 2525 qua:
1282 2471 1388 2513 non
1437 2463 1520 2509 est
1559 2469 1625 2513 ex
1668 2455 1859 2519 Patre,
1900 2455 1992 2511 sed
2033 2471 2099 2510 ex

518 2546 753 2613 mundo,
780 2555 977 2617 quanto
1007 2547 1164 2603 fuerit
1194 2547 1244 2603 in
1289 2546 1506 2605 homine
1532 2547 1900 2603 vehementior
1927 2557 1978 2602 et
2008 2562 2097 2601 ar’

518 2636 765 2703 dentior,
799 2647 945 2692 tanto
986 2638 1045 2692 lit
1082 2638 1306 2707 quisque
1350 2653 1445 2709 pro
1474 2652 1539 2692 eo
1567 2636 1706 2707 quod
1736 2636 2093 2705 concupiscit.

518 2728 756 2783 omnium
785 2728 1148 2782 molestiarum
1170 2727 1519 2797 dolorumque
1542 2727 1847 2796 patientior.
1872 2726 2093 2791 Idcirco,

516 2818 653 2875 sicut
686 2834 843 2889 supra
873 2819 1136 2884 diximus,
1174 2833 1279 2873 non
1306 2826 1388 2872 est
1411 2818 1510 2873 ista
1536 2817 1781 2885 patientia
1818 2816 2094 2870 desursum

516 2908 845 2965 descendens
892 2924 905 2961 :
948 2908 1198 2977 patientia
1242 2923 1369 2966 vero
1410 2907 1616 2977 piorum
1658 2905 1935 2963 desursum
1977 2913 2093 2973 εει,

516 3001 846 3061 descendens
867 3015 898 3055 a
927 3000 1085 3059 Patre
1110 3001 1391 3057 luminum.
1423 2999 1602 3070 itaque
1632 2999 1716 3054 illa
1744 3008 1952 3059 terrena
1982 3008 2093 3068 est,

515 3094 616 3153 ista
655 3094 920 3161 celestis;
963 3093 1053 3151 illa
1082 3093 1327 3149 animalis
1346 3133 1360 3161 ,
1385 3092 1484 3147 ista
1506 3091 1831 3162 Spiritualis;
1866 3091 1950 3146 illa
1974 3089 2094 3145 dia.

513 3183 716 3251 bolica,
750 3184 851 3240 ista
889 3183 1096 3240 deilica.
1129 3182 1392 3250 Quoniam
1417 3181 1844 3252 concupiscentia
1864 3221 1877 3244 ,
1905 3195 2010 3251 qua
2038 3180 2098 3236 ﬁt

513 3284 573 3332 ut
602 3283 881 3345 peccantes
913 3274 1088 3331 omnia
1118 3274 1459 3343 pertinaciter
1488 3274 1774 3342 patiantur,
1805 3288 1868 3326 ex
1900 3270 2096 3327 mundo

513 3374 631 3439 est;
667 3366 898 3421 charitas
931 3375 1106 3421 autem
1127 3403 1144 3430 ,
1173 3380 1275 3432 qua
1300 3364 1359 3419 ﬁt
1393 3374 1449 3418 ut
1472 3373 1618 3419 recte
1657 3365 1893 3419 viventes
1918 3363 2094 3419 ornaia

513 3456 721 3511 fortiter
748 3456 1032 3526 patiantur,
1050 3469 1114 3509 ex
1138 3453 1249 3511 Deo
1268 3462 1368 3509 est.
1389 3454 1455 3513 Et
1471 3453 1591 3511 ideo
1608 3455 1681 3509 illi
1712 3453 1859 3509 ansa
1885 3453 2092 3523 patien-

514 3545 604 3601 tiae
630 3552 805 3615 potest
831 3544 947 3600 sine
983 3543 1245 3613 adiutorio
1276 3542 1367 3599 Dei
1397 3543 1641 3599 voluntas
1678 3542 1906 3599 humana
1939 3544 2092 3598 sufﬂ-

514 3651 671 3703 cere;
701 3644 845 3693 tanto
865 3635 1066 3702 durior,
1088 3644 1287 3705 quanto
1310 3634 1579 3703 cupidior;
1607 3644 1660 3689 et
1680 3649 1745 3689 eo
1769 3634 2094 3690 tolerabilius

514 3728 654 3785 mala
674 3728 940 3785 sustinens
960 3768 975 3793 ,
1001 3741 1106 3797 quo
1135 3727 1246 3796 ipsa
1278 3726 1336 3780 iit
1364 3726 1514 3796 pejor
1542 3743 1555 3778 :
1590 3725 1711 3783 huic
1734 3733 1912 3781 autem
1936 3767 1950 3792 ,
1974 3741 2093 3796 quat

512 3836 637 3877 vera
662 3820 913 3891 patientia
933 3827 1035 3886 est,
1060 3817 1178 3878 ideo
1198 3818 1439 3877 voluntas
1466 3816 1714 3883 humana,
1741 3817 1839 3871 nisi
1865 3816 2095 3887 desuper

512 3915 691 3985 adiuta
729 3923 785 3970 et
817 3912 1137 3971 inﬂammata
1157 3953 1173 3979 ,
1201 3926 1307 3969 non
1335 3908 1554 3977 sufﬁcit,
1576 3909 1697 3979 quia
1718 3910 1946 3979 Spiritus
1968 3924 2093 3964 san-

512 4016 630 4062 ctus
649 4015 733 4061 est
756 4006 891 4076 ignis
906 4005 1050 4074 ejus;
1070 4019 1176 4074 quo
1196 4004 1295 4061 nisi
1317 4016 1540 4059 accensa
1565 4001 1747 4072 diligat
1771 4000 2095 4071 impossibile

408 4084 413 4091 ’
512 4101 712 4155 bonum
733 4139 749 4163 ,
773 4096 917 4152 ferre
944 4111 1048 4153 non
1080 4103 1252 4164 potest
1279 4093 1420 4164 quod
1448 4094 1641 4163 patitur
1670 4093 1887 4151 malum.

582 4188 809 4245 CAPUT
846 4187 1031 4243 XVIII.
1057 4215 1129 4229 -—
1165 4188 1253 4242 15.
1295 4185 1362 4239 Ut
1397 4186 1616 4241 charitas
1655 4202 1717 4240 es:
1752 4184 1894 4250 Deo,
1922 4187 1993 4240 ita
2031 4202 2094 4241 ea:

511 4281 624 4350 ipso
656 4277 896 4348 patientia
921 4292 1036 4330 uera
1069 4291 1181 4344 qua
1207 4284 1379 4329 ntanot
1412 4292 1445 4329 α
1479 4276 1742 4329 charitote.
1771 4276 1919 4332 Sicut
1946 4278 2090 4333 enim

513 4371 689 4426 divina
716 4376 977 4425 testantur
1002 4368 1232 4438 eloquia,
1268 4365 1401 4425 Deus
1420 4366 1639 4421 charitas
1662 4378 1736 4422 est
1753 4408 1767 4433 ,
1796 4378 1844 4421 et
1866 4370 1952 4438 qui
1978 4386 2091 4424 ma—

514 4473 599 4518 net
624 4463 678 4517 iu
714 4461 960 4515 charitate
980 4500 996 4527 ,
1021 4461 1076 4514 in
1102 4457 1209 4514 Deo
1239 4467 1405 4512 manet
1428 4499 1443 4525 ,
1472 4467 1519 4512 et
1559 4457 1696 4512 Deus
1720 4460 1770 4515 in
1799 4459 1887 4512 illo
1926 4470 2092 4515 monet

514 4553 559 4627 (ι
575 4554 733 4609 Joan.
757 4568 833 4620 tv,
868 4552 981 4626 16).
1005 4551 1254 4621 Quisquis
1280 4565 1407 4622 ergo
1427 4550 1699 4607 contendit
1726 4550 1907 4607 haberi
1935 4566 2092 4622 posse

514 4646 608 4702 Dei
630 4646 942 4703 charitatem
970 4646 1089 4702 sine
1115 4644 1207 4701 Dei
1234 4643 1517 4715 adiutorio,
1547 4645 1671 4716 quid
1700 4645 1843 4700 aliud
1865 4654 2087 4700 conten-

514 4742 626 4807 dit,
671 4740 773 4795 nisi
813 4739 992 4796 haheri
1033 4739 1198 4794 Deum
1243 4752 1400 4809 posse
1429 4739 1545 4794 sine
1573 4739 1717 4793 Deo?
1754 4740 1881 4807 Quis
1910 4747 2086 4795 autem

511 4832 617 4889 hoc
643 4833 785 4889 dicat
811 4832 1159 4898 Christianus,
1189 4832 1331 4903 quod
1362 4831 1537 4887 nullus
1566 4833 1742 4889 dicere
1781 4832 1972 4889 audeat
2001 4833 2086 4888 in-

512 4929 710 4980 sanust
754 4925 1038 4979 Exsultans
1072 4939 1200 4995 ergo
1239 4923 1376 4995 apud
1422 4923 1736 4994 Apostolum
1778 4939 1937 4991 vera,
1970 4927 2081 4996 pia,

514 5017 791 5088 ﬁdelisque
814 5016 1065 5086 patientia
1084 5057 1101 5085 ,
1129 5016 1257 5071 dicit
1293 5031 1386 5071 ore
1414 5026 1718 5072 sanctorum
1748 5019 1769 5050 ³
1799 5035 1812 5071 :
1842 5016 1967 5083 Quis
1996 5035 2088 5074 nos

509 5108 760 5178 separabit
786 5125 820 5162 a
841 5108 1088 5163 charitate
1119 5107 1341 5163 Christi?
1380 5107 1700 5164 Tribulatio?
1722 5126 1790 5164 an
1814 5110 2048 5181 angustia
2062 5111 2089 5165 ?

511 5215 578 5254 an
603 5200 878 5270 persecutio
897 5199 924 5253 ?
960 5215 1027 5253 au
1065 5203 1224 5270 fames
1239 5199 1265 5253 .9
1287 5215 1355 5254 an
1383 5200 1586 5255 auditas
1608 5200 1633 5253 ?
1656 5217 1723 5254 an
1762 5202 2038 5271 periculum
2061 5202 2088 5256 .’

508 5305 575 5344 an
595 5290 796 5362 gladius
817 5289 843 5343 2
865 5290 992 5345 sicut
1010 5291 1254 5360 scriptum
1277 5300 1349 5345 est
1372 5332 1387 5358 ,
1418 5290 1550 5359 Quia
1570 5300 1775 5362 propter
1796 5301 1843 5346 te
1867 5293 2084 5362 mortifi-

507 5396 681 5436 camur
706 5388 808 5436 tota
833 5382 915 5437 die
937 5422 953 5450 ,
983 5381 1210 5454 deputati
1228 5398 1400 5437 sumus
1419 5385 1547 5439 sicut
1573 5400 1685 5438 oves
1714 5384 1945 5439 victitare.
1979 5384 2086 5441 Sed

505 5471 561 5526 in
581 5460 659 5529 his
687 5474 917 5530 omnibus
942 5475 1334 5546 supervincimus
1367 5492 1458 5549 per
1476 5492 1590 5531 eum
1614 5478 1699 5546 qui
1735 5476 1913 5532 dilexit
1950 5495 2041 5533 nos
2066 5495 2079 5532 :

571 5608 589 5641 ⁸
623 5615 874 5671 Daonst,
896 5608 949 5661 in
968 5608 1195 5663 cordibus
1216 5623 1400 5662 eorum.

569 5670 590 5703 ³
619 5670 865 5721 cessimus
879 5680 985 5734 Ms.,
1005 5673 1231 5738 patientia
1253 5679 1527 5725 sanctorum
1549 5672 1703 5734 dicit;
1724 5677 1921 5738 omisso,
1943 5687 2047 5728 ore.

1646 246 1731 303 DE
1769 241 2154 308 PATIENTiA.
2191 240 2250 303 3.
2290 240 2655 301 AUGUSTINI

2207 371 2315 413 non
2343 371 2438 427 per
2472 371 2597 423 nos,
2625 356 2719 415 sed
2748 372 2835 428 per
2865 372 2977 412 eunt
2999 356 3083 425 qui
3116 356 3293 417 diledt
3315 374 3426 413 nos.
3458 358 3660 415 Deinde
3683 373 3776 416 se-

2203 448 2384 518 quitur
2403 458 2456 505 et
2482 447 2738 518 adiungit,
2772 448 2947 504 Certus
2974 464 3086 503 sum
3110 450 3260 513 enim,
3292 450 3409 519 quia
3434 466 3592 521 neque
3618 467 3774 521 more,

2205 554 2360 608 neque
2387 539 2507 602 vita,
2536 554 2693 607 neque
2715 540 2883 609 angeli
2904 580 2920 604 ,
2949 556 3106 608 neque
3129 540 3439 610 principatus
3459 582 3473 607 ,
3504 558 3659 612 neque
3687 558 3782 613 po.

2206 636 2402 689 testam
2424 668 2439 691 ,
2466 645 2622 696 neque
2642 630 2908 696 prwsentia
2929 671 2942 694 ,
2967 646 3119 699 neque
3138 634 3331 701 futura,
3361 648 3519 701 neque
3541 632 3777 700 altitudo,

2205 735 2361 789 neque
2424 720 2767 790 profundunt,
2814 737 2972 789 neque
3023 731 3250 779 creatura
3303 723 3406 777 alia
3462 726 3642 793 poterit
3690 742 3781 781 nos

2205 827 2443 882 separare
2491 827 2525 871 tt
2572 812 2816 871 comitate
2862 811 2992 878 Dei,
3034 829 3147 885 qua
3198 824 3270 869 est
3322 815 3373 868 iu
3414 814 3614 871 Christo
3655 816 3782 872 Jesu

2205 902 2425 963 Domino
2454 913 2622 961 nostro
2651 903 2823 973 (Rom.
2849 920 2973 970 vut,
3004 905 3212 975 55-259).
3246 905 3367 961 lltcc
3394 916 3475 961 est
3495 907 3584 969 illa
3610 908 3783 963 chari-

2205 1003 2285 1055 tas
2316 994 2446 1061 Dei,
2475 1010 2593 1065 qum
2631 994 2821 1062 ili/Tura
2861 1005 2932 1053 est
2974 997 3027 1051 in
3066 996 3299 1053 cordibus
3322 999 3508 1053 nostris
3535 1015 3553 1057 :
3583 1014 3686 1054 non
3717 1015 3782 1057 ex

2206 1085 2360 1143 nobis
2384 1125 2398 1159 ,
2427 1084 2520 1147 sed
2560 1101 2647 1155 per
2683 1084 2932 1154 Spiritum
2961 1096 3189 1147 salictum
3227 1088 3314 1157 qui
3342 1088 3488 1149 datus
3515 1099 3588 1143 est
3617 1091 3780 1145 nobis.

2207 1175 2463 1237 Malorum
2502 1184 2676 1238 autem
2722 1177 3152 1246 concupiscentia,
3182 1186 3396 1251 propter
3422 1195 3578 1248 quam
3621 1181 3674 1237 in
3706 1181 3785 1236 eis

2205 1274 2287 1325 est
2317 1266 2441 1327 falsa
2465 1267 2735 1334 patientia,
2760 1284 2859 1325 non
2879 1277 2950 1325 est
2978 1283 3041 1323 ea;
3064 1267 3238 1334 Patre,
3266 1269 3402 1325 sicut
3420 1270 3553 1325 dicit
3571 1283 3784 1341 aposto-

2206 1356 2289 1417 ius
2316 1356 2550 1419 Joannes
2569 1399 2583 1421 .
2616 1358 2705 1413 sed
2728 1373 2790 1417 ex
2818 1358 3005 1417 utenda
3030 1368 3120 1415 est.

2276 1446 2498 1507 CAPUT
2522 1447 2661 1507 XIX.
2680 1478 2749 1491 -—-
2771 1448 2854 1505 16.
2873 1448 2935 1506 Si
2958 1450 3207 1518 cupiditas
3222 1465 3283 1504 eo:
3303 1451 3511 1518 mundo,
3534 1454 3782 1521 quomodo

2205 1551 2268 1596 ea:
2291 1536 2512 1597 humana
2536 1538 2801 1597 uoluntate.
2835 1539 2983 1605 Quod
3022 1541 3133 1609 quis
3161 1556 3261 1594 non
3282 1542 3344 1597 sit
3363 1558 3424 1601 ac
3448 1543 3654 1610 arundo,
3682 1560 3783 1603 non

2206 1639 2399 1689 natura!
2417 1638 2507 1696 est,
2537 1630 2625 1688 sed
2650 1630 2844 1700 gratiae.
2874 1630 2971 1688 Ilio
2997 1630 3138 1687 dicet
3158 1630 3384 1701 aliquis:
3411 1633 3465 1688 SI
3485 1650 3555 1689 ex
3587 1635 3782 1691 mundo

2204 1731 2287 1783 est
2323 1722 2748 1795 concupiscentia
2787 1722 3069 1790 malorum,
3116 1738 3213 1792 per
3252 1740 3410 1795 quam
3452 1727 3510 1781 lit
3548 1735 3607 1782 ut
3644 1727 3781 1785 mala

2205 1813 2381 1873 munia
2410 1828 2505 1882 pro
2539 1829 2605 1869 oo
2631 1812 2774 1883 quod
2817 1813 2884 1870 ah
2918 1814 3020 1869 illis
3056 1816 3449 1884 concupiscitur
3476 1818 3778 1887 perferant,

2204 1919 2312 1975 quo
2342 1904 2500 1961 modo
2540 1919 2605 1959 ex
2648 1919 2832 1961 eorum
2876 1904 3069 1960 dicitur
3111 1907 3416 1962 voluntate?
3452 1908 3611 1976 Quasi
3653 1924 3783 1964 vero

2206 2011 2310 2056 non
2334 2006 2383 2055 et
2413 1996 2511 2066 ipsi
2541 2012 2607 2051 ex
2636 1995 2835 2055 mundo
2861 1996 2986 2063 sint,
3014 2012 3132 2052 cum
3163 1997 3232 2053 ab
3261 1999 3339 2053 eis
3363 1999 3595 2070 diligitur
3624 2017 3781 2056 mun-

2204 2089 2304 2145 dus
2323 2130 2337 2155 ,
2367 2089 2582 2145 deserto
2611 2102 2677 2144 eo
2705 2090 2721 2121 ¹
2752 2105 2846 2161 per
2872 2105 3030 2159 quem
3067 2090 3236 2151 factus
3259 2100 3341 2145 est
3376 2091 3625 2148 mundus.
3655 2092 3783 2148 Ser-

2203 2182 2340 2237 viunt
2368 2181 2508 2237 enim
2536 2190 2779 2237 creatura:
2804 2182 2969 2251 potius
2986 2197 3135 2250 quam
3159 2179 3400 2248 Creatori,
3424 2183 3508 2252 qui
3534 2192 3606 2236 est
3627 2183 3781 2245 hanc.

2202 2272 2368 2327 dictus
2392 2273 2443 2326 in
2470 2272 2657 2326 swcula
2679 2271 2852 2342 (llam.
2878 2288 2928 2338 t,
2955 2271 3071 2342 95).
3104 2271 3224 2326 Sive
3258 2271 3436 2341 itaque
3468 2273 3654 2327 mundi
3684 2289 3782 2330 vo-

2203 2362 2391 2419 cahnlo
2448 2361 2679 2419 Joannes
2739 2362 3010 2430 apostolus
3061 2360 3346 2417 dilectores
3403 2362 3780 2432 signiﬁcaverit

2203 2453 2383 2511 tnundi
2403 2495 2417 2517 ,
2448 2453 2687 2508 voluntas
2722 2468 2840 2521 qua:
2874 2467 2939 2509 ex
2976 2451 3104 2520 ipsis
3131 2460 3214 2507 cst
3235 2493 3251 2518 ,
3281 2454 3463 2523 utique
3486 2469 3551 2509 ex
3580 2456 3781 2511 mundo

2201 2552 2283 2601 est
2314 2561 2326 2597 :
2355 2544 2466 2599 sive
2506 2543 2689 2599 mundi
2724 2543 2935 2598 nomine
2973 2544 3168 2603 omium
3206 2551 3260 2599 et
3299 2554 3491 2600 terram
3530 2555 3586 2601 et
3626 2563 3776 2617 qum.

2128 2634 2151 2657 ’
2199 2648 2425 2702 cumque
2463 2633 2512 2686 in
2548 2635 2626 2688 eis
2660 2641 2816 2698 sunt,
2852 2635 2950 2688 hoc
2985 2642 3092 2700 est,
3132 2635 3435 2691 universam
3466 2640 3777 2709 complexus

2198 2725 2268 2785 sit
2304 2734 2630 2791 creaturam,
2663 2725 2904 2781 voluntas
2936 2726 3116 2794 procul
3145 2725 3304 2781 dubio
3338 2738 3626 2794 creaturm,
3660 2746 3778 2800 qua:

2199 2832 2306 2875 non
2327 2827 2409 2872 est
2428 2815 2717 2883 Creatoris,
2739 2834 2803 2877 ex
2829 2818 3027 2872 mundo
3050 2827 3151 2873 est.
3176 2819 3399 2889 Propter
3421 2821 3561 2891 quod
3589 2823 3778 2878 talibus

2198 2909 2453 2971 Dominus
2481 2909 2611 2964 dicit
2640 2928 2652 2964 :
2697 2908 2793 2964 Vos
2833 2903 2892 2964 de
2922 2909 3157 2964 deorsum
3182 2912 3327 2978 estis,
3351 2929 3442 2983 ego
3477 2913 3539 2967 de
3574 2931 3774 2970 sursum

2196 3017 2305 3055 sum
2322 3016 2340 3054 :
2357 3015 2442 3055 eos
2463 3002 2524 3054 de
2549 3001 2641 3055 hoc
2661 3000 2848 3054 arundo
2867 3001 3004 3068 estis,
3021 3018 3110 3073 ego
3131 3018 3231 3056 non
3249 3019 3360 3060 sum
3382 3006 3445 3058 de
3472 3004 3565 3059 hoc
3588 3004 3776 3060 mundo

2199 3091 2374 3163 (Joan.
2404 3108 2493 3147 vm
2513 3134 2527 3160 ,
2558 3092 2675 3162 25).
2715 3093 2985 3163 Apostolis
3007 3103 3183 3149 autem
3210 3094 3339 3150 dicit
3368 3112 3382 3150 ε
3417 3096 3479 3150 Si
3505 3096 3566 3149 de
3588 3096 3776 3150 mundo

2198 3185 2291 3239 hoc
2311 3187 2499 3251 essetis,
2530 3187 2745 3239 urendus
2766 3186 2900 3257 quod
2919 3202 3066 3241 suum
3086 3197 3159 3240 est
3180 3186 3427 3259 diligeret.
3455 3188 3560 3243 Sed
3584 3204 3650 3243 ne
3674 3188 3775 3242 silli

2197 3278 2424 3347 amplius
2449 3286 2787 3347 arrogat-ent,
2820 3293 2978 3346 quam
3005 3292 3188 3332 eorum
3220 3293 3465 3333 mensura
3500 3280 3775 3349 poscebat,

2196 3377 2250 3423 et
2291 3368 2392 3423 hoc
2430 3367 2573 3438 quod
2613 3382 2706 3423 eos
2745 3383 2850 3421 non
2890 3381 3008 3422 esse
3049 3367 3180 3422 dixit
3205 3384 3267 3422 ex
3301 3368 3499 3423 mundo
3524 3411 3538 3436 ,
3570 3378 3776 3425 naturas

2198 3467 2444 3529 putarent
2463 3474 2602 3524 esse,
2624 3473 2726 3512 non
2746 3459 2929 3528 gratia:
2950 3476 2962 3511 :
2979 3458 3111 3524 Quia
3130 3475 3265 3528 vero,
3285 3460 3474 3529 inquit,
3501 3462 3565 3515 de
3585 3462 3777 3516 mundo

2197 3568 2297 3606 non
2317 3552 2454 3617 estis,
2477 3550 2563 3605 sed
2588 3566 2679 3622 ego
2704 3551 2829 3620 elegi
2849 3566 2932 3607 vos
2954 3551 3014 3604 de
3040 3552 3248 3620 arundo,
3274 3563 3537 3623 propterea
3563 3554 3668 3608 odit
3690 3570 3777 3608 vos

2196 3642 2415 3696 ntundus
2452 3639 2563 3712 (Id.
2598 3657 2699 3708 xv,
2735 3642 2846 3711 19).
2880 3641 3020 3712 Ergo
3049 3642 3115 3698 de
3149 3643 3348 3697 mundo
3373 3653 3527 3698 erant
3552 3646 3572 3677 ³
3606 3663 3618 3698 :
3654 3658 3776 3699 nam

2198 3742 2254 3787 ut
2281 3732 2348 3787 de
2378 3731 2575 3787 mundo
2604 3747 2706 3786 non
2734 3741 2947 3797 essent,
2977 3732 3131 3789 electi
3160 3743 3285 3787 sunt
3307 3733 3374 3788 de
3394 3734 3611 3789 mundo.

2264 3823 2489 3880 CAPUT
2529 3823 2739 3878 XX.-—
2761 3825 2845 3881 17.
2886 3822 3081 3879 Electio
3118 3825 3299 3895 gratia:
3325 3827 3564 3894 prauenit
3603 3827 3777 3887 omnia

2194 3919 2371 3973 merita
2416 3917 2566 3971 bona.
2617 3916 2795 3971 (ἱματίω
2832 3917 2919 3977 dat
2964 3916 3177 3983 merita,
3222 3932 3324 3972 non
3370 3919 3557 3972 meritis
3599 3917 3774 3975 datur.

2196 4009 2447 4064 Prmenit
2471 4010 2643 4079 ﬁdem.
2676 4009 2821 4064 Hanc
2849 4017 3028 4065 autem
3063 4008 3377 4065 electionem
3421 4025 3527 4066 non
3566 4026 3774 4082 prame-

2196 4104 2432 4159 dentium
2475 4104 2525 4158 in
2574 4104 2727 4159 hortis
2760 4104 3011 4175 operibus
3051 4103 3382 4171 meritorum,
3427 4105 3519 4160 sed
3556 4106 3777 4163 electio.

2197 4210 2317 4249 nem
2341 4196 2526 4266 gratim
2554 4194 2927 4251 demonstrans
2952 4194 3260 4265 Apostolus,
3288 4196 3366 4250 sic
3393 4196 3564 4267 inquit
3592 4215 3602 4250 :
3631 4195 3699 4250 Ει
3720 4198 3775 4253 in

2197 4284 2291 4338 hoc
2319 4293 2539 4355 tempore
2580 4284 2809 4353 reliquias
2843 4301 2933 4356 per
2979 4284 3269 4340 electionem
3302 4288 3480 4358 gratias
3518 4288 3670 4341 salute
3693 4288 3778 4357 fa-

2195 4385 2289 4431 cta:
2311 4385 2447 4430 sunt.
2482 4376 2545 4431 Si
2571 4385 2739 4431 autem
2769 4378 2952 4448 gratia,
2976 4378 3091 4449 jam
3120 4394 3217 4432 non
3261 4394 3324 4433 ea:
3348 4380 3613 4449 operibus;
3640 4381 3776 4433 alio-

2194 4466 2315 4535 quin
2341 4466 2505 4537 gratia
2520 4467 2635 4537 jam
2662 4483 2760 4521 non
2786 4477 2860 4522 est
2883 4469 3047 4538 gratia
3078 4467 3252 4539 (Rom.
3284 4484 3338 4522 tu
3358 4510 3372 4536 ,
3408 4469 3442 4524 5
3466 4480 3512 4523 et
3537 4470 3616 4540 6).
3650 4471 3777 4528 Haec

2194 4565 2278 4610 est
2303 4555 2495 4610 electio
2517 4556 2722 4626 gratim,
2760 4557 2811 4612 Id
2835 4568 2937 4623 est,
2967 4558 3160 4614 electio
3186 4574 3288 4628 qua
3318 4574 3410 4629 per
3437 4559 3529 4616 Dei
3551 4564 3772 4632 gratiam

2193 4643 2441 4700 homines
2466 4646 2748 4716 eliguntur.
2788 4648 2914 4704 [Iino
2944 4658 3047 4713 est,
3077 4649 3313 4719 inquam,
3343 4650 3535 4707 electio
3569 4654 3771 4723 gratim,

2193 4750 2295 4806 qua
2344 4735 2520 4791 omnia
2567 4736 2705 4795 bona
2751 4738 2939 4794 merita
2979 4740 3375 4809 praeveniantur
3422 4741 3674 4799 humana.
3719 4746 3774 4800 Si

2191 4829 2334 4884 enim
2363 4828 2484 4884 ullis
2512 4829 2667 4885 bonis
2697 4832 2902 4886 meritis
2924 4832 3100 4900 datur,
3128 4833 3240 4904 iam
3266 4849 3373 4890 non
3402 4838 3567 4907 gratis
3596 4837 3773 4900 datur,

2190 4920 2285 4975 sed
2324 4919 2501 4975 debita
2539 4920 2797 4991 redditur,
2848 4939 2912 4980 ac
2953 4939 3051 4997 per
3091 4927 3193 4982 hoc
3233 4943 3339 4983 non
3392 4944 3520 4984 vero
3559 4930 3775 4985 nomine

2189 5010 2357 5081 gratia
2397 5021 2765 5083 nuncupatur;
2802 5013 2890 5070 ubi
2917 5030 3124 5082 merces,
3157 5017 3294 5072 sicut
3319 5015 3458 5073 idem
3486 5016 3611 5071 dicit
3642 5032 3775 5086 apo-

2191 5102 2379 5165 stolus,
2404 5119 2505 5157 non
2531 5103 2808 5175 imputatur
2835 5108 3112 5160 secundum
3130 5106 3366 5177 gratiam,
3391 5108 3479 5158 sed
3497 5107 3775 5161 secundum

2190 5192 2407 5247 debitum
2437 5193 2546 5268 (Id.
2591 5211 2664 5263 tv,
2696 5194 2772 5268 ι).
2818 5195 2873 5251 Si
2913 5205 3088 5257 autem
3131 5204 3189 5249 ut
3215 5208 3339 5248 vera
3380 5194 3449 5248 sit
3485 5195 3673 5264 gratia,
3721 5197 3774 5251 id

2190 5296 2293 5352 est,
2320 5286 2566 5356 gratuita,
2608 5287 2740 5341 nihil
2765 5286 2968 5343 invenit
2996 5286 3049 5339 in
3079 5285 3316 5353 homine,
3345 5286 3430 5340 cui
3462 5289 3651 5342 merito
3681 5287 3777 5342 dc-

2190 5376 2408 5445 beatur;
2444 5379 2584 5450 quod
2615 5380 2750 5436 bene
2779 5378 3091 5449 intelligitur
3124 5386 3179 5434 et
3222 5377 3278 5433 in
3317 5395 3383 5435 eo
3406 5380 3545 5451 quod
3573 5380 3773 5437 dictum

2253 5557 2270 5588 ι
2304 5556 2420 5607 Editi
2442 5591 2458 5616 ,
2504 5555 2776 5620 deserentes
2817 5568 2943 5608 eum.
2970 5563 3029 5608 At
3071 5565 3176 5609 Mss.
3196 5591 3212 5618 ,
3257 5557 3447 5614 deserto
3468 5571 3524 5609 ro
3551 5570 3569 5608 :
3593 5564 3773 5620 prater

2186 5629 2335 5682 unum
2360 5625 2621 5667 ttetensem
2641 5618 2874 5682 codicem,
2898 5620 2981 5682 qui
2998 5620 3166 5680 habet,
3190 5620 3434 5682 deserente
3452 5633 3525 5671 eo.

2251 5680 2273 5712 ³
2304 5685 2432 5739 Lov.,
2455 5686 2717 5731 nouerant.
2744 5680 3038 5742 Abestmon,
3062 5683 3126 5730 ab
3148 5688 3223 5732 Er.
3242 5688 3295 5733 et
3311 5693 3339 5731 α
3361 5680 3581 5745 pluribus
3602 5686 3711 5731 llos.
