4166 6208
324 445 428 501 est,
464 431 572 497 Pro
597 428 760 497 nihilo
784 428 948 495 salsos
974 428 1127 501 [acies
1161 443 1247 483 eos
1275 424 1445 499 (Psal.
1474 438 1563 490 LV,
1592 421 1646 493 8)
1676 438 1689 474 :
1722 419 1900 493 prole-

326 536 413 583 ctu
430 526 543 596 ipsa
569 523 663 587 dat
689 522 899 589 merita,
930 535 1037 579 non
1066 518 1272 577 meritis
1291 517 1464 572 datur.
1490 513 1751 570 Praevenit
1780 525 1910 583 ergo

327 620 491 681 etiam
535 615 719 679 ﬁdem,
766 631 834 672 ex
875 629 977 685 qua
1022 613 1201 667 omnia
1240 612 1379 668 bona
1423 623 1585 680 opera
1629 606 1904 678 incipiunt.

327 712 506 773 Justus
550 711 707 777 enim,
751 708 887 769 sicut
927 706 1184 776 scriptum
1224 714 1325 771 est,
1373 719 1435 758 ea:
1471 702 1572 771 ﬁde
1613 701 1731 755 vivit
1769 698 1908 770 (lla-

328 805 438 861 bac.
476 818 534 868 it,
569 801 650 872 4).
697 800 864 859 Porro
899 808 1078 855 autem
1122 796 1290 868 gratia
1331 810 1437 850 non
1486 793 1656 849 solum
1697 791 1915 862 adjuvat

328 897 546 965 justum,
567 907 753 949 verum
783 892 943 955 etiam
965 889 1217 959 justiﬁcat
1243 888 1482 957 impium.
1514 886 1581 941 Et
1609 884 1728 953 ideo
1753 882 1915 953 etiam

328 998 452 1041 cum
494 983 707 1053 adjuvat
740 980 965 1051 justum.
997 987 1050 1034 et
1096 977 1307 1034 videtur
1345 976 1461 1046 ejus
1501 974 1705 1030 meritis
1740 970 1911 1045 reddi,

330 1092 431 1132 nec
449 1078 527 1131 sic
555 1072 751 1130 desinit
777 1087 899 1128 esse
928 1071 1097 1142 gratia
1121 1086 1136 1135 ;
1162 1070 1413 1139 quoniam
1454 1067 1506 1127 id
1533 1066 1747 1135 adjuvat
1774 1062 1917 1141 quod

330 1172 446 1242 ipsa
486 1177 568 1225 est
598 1165 805 1238 largita.
856 1164 1082 1234 Propter
1120 1162 1256 1219 hanc
1302 1161 1480 1235 itaque
1521 1158 1766 1229 gratiam,
1799 1170 1917 1226 quae

330 1272 524 1325 cuncta
572 1262 712 1327 bona
760 1258 947 1323 merita
987 1256 1218 1326 humana
1264 1252 1540 1324 praecedit,
1589 1266 1695 1307 non
1742 1249 1913 1305 solum

330 1355 577 1415 Christus
601 1354 670 1417 ab
699 1352 877 1421 impiis
903 1350 1113 1415 occisus
1152 1359 1257 1414 est,
1287 1361 1475 1402 verum
1504 1345 1665 1401 etiam
1702 1358 1795 1414 pro
1822 1342 1917 1396 int-

332 1447 435 1517 piis
459 1453 684 1513 mortuus
728 1451 802 1501 est
826 1439 1002 1511 (Rom.
1037 1455 1091 1505 v,
1137 1438 1215 1509 6).
1250 1437 1317 1493 Et
1351 1446 1637 1505 antequam
1681 1446 1919 1488 morere-

333 1545 441 1604 tur,
472 1552 575 1592 non
615 1536 798 1606 utique
821 1534 1009 1603 iustos,
1055 1531 1149 1601 sed
1170 1528 1543 1600 justilicandos
1585 1527 1743 1596 elegit
1770 1527 1917 1593 Apo-

334 1629 521 1695 stolus,
568 1626 760 1697 quibus
795 1626 887 1690 ait,
929 1623 1042 1695 Ego
1070 1638 1157 1679 vos
1183 1622 1246 1677 de
1292 1620 1479 1679 mundo
1528 1619 1676 1689 elegi.
1717 1616 1922 1683 Quibus

334 1718 478 1775 enim
507 1716 661 1785 dixit,
694 1715 771 1771 De
814 1714 1003 1771 mundo
1047 1730 1149 1771 non
1185 1714 1334 1776 estis;
1382 1720 1435 1766 et
1479 1726 1544 1766 ne
1576 1717 1821 1780 putarent
1860 1723 1921 1763 se

336 1824 608 1880 nunquam
630 1808 795 1865 luisse
832 1807 900 1867 de
926 1804 1144 1872 mundo,
1189 1820 1311 1861 mox
1346 1802 1569 1871 addidit,
1599 1801 1688 1857 sed
1719 1817 1809 1871 ego
1836 1817 1921 1861 eos

335 1900 401 1965 de
437 1900 626 1957 mundo
660 1900 787 1970 elegi
815 1915 833 1952 :
859 1896 1097 1967 proferto
1135 1906 1190 1952 ut
1219 1895 1286 1950 de
1333 1894 1530 1948 mundo
1572 1909 1678 1948 non
1717 1901 1921 1959 essent,

336 1991 504 2064 ipsius
538 1991 591 2046 in
626 2004 720 2046 eos
758 1987 1023 2044 electione
1060 1987 1310 2041 collatum
1336 1994 1437 2039 est.
1463 1985 1722 2051 Quocirca
1753 1984 1799 2049 si
1823 1997 1921 2054 per

338 2095 488 2151 suam
506 2080 788 2150 justitiam,
820 2092 927 2133 non
951 2091 1044 2146 per
1067 2075 1294 2147 gratiam
1315 2075 1430 2144 ejus
1449 2074 1791 2145 eligerentur,
1817 2088 1923 2139 non

338 2170 409 2243 de
435 2169 634 2231 mundo
659 2169 813 2225 electi
844 2176 1025 2227 essent
1045 2185 1057 2219 :
1081 2166 1331 2238 quoniam
1362 2163 1430 2220 de
1461 2164 1658 2219 mundo
1677 2163 1787 2234 jam
1817 2179 1925 2223 non

340 2268 544 2333 essent,
570 2260 631 2327 si
649 2260 761 2331 jam
782 2257 913 2331 justi
941 2265 1143 2312 essent.
1178 2253 1375 2313 Deinde
1405 2255 1451 2319 si
1489 2261 1771 2327 propterea
1801 2259 1927 2317 sunt

340 2351 520 2421 electi,
555 2351 677 2423 quia
698 2350 811 2420 jam
841 2349 971 2421 justi
1015 2356 1196 2410 erant;
1230 2347 1330 2417 ipsi
1361 2345 1565 2419 priores
1598 2350 1706 2413 jam
1749 2343 1928 2401 Domi-

344 2462 475 2505 num
519 2446 811 2519 elegerant.
852 2444 981 2509 Quis
1024 2441 1166 2499 enim
1213 2446 1389 2509 potest
1429 2454 1546 2495 esse
1580 2438 1777 2506 justus,
1826 2437 1928 2495 nisi

344 2536 588 2611 eligendo
612 2536 911 2608 justitiam?
944 2533 1087 2587 Finis
1116 2542 1283 2587 autem
1313 2532 1440 2603 legis
1470 2532 1717 2596 Christus,
1748 2532 1817 2584 ad
1840 2532 1928 2596 ju-

346 2631 537 2701 stitiam
574 2628 711 2689 omni
746 2627 968 2695 credenti
1007 2625 1115 2697 (Id.
1147 2641 1199 2690 ι,
1233 2626 1311 2693 4).
1355 2624 1453 2690 Qui
1480 2626 1644 2696 [actus
1687 2634 1758 2679 est
1789 2623 1930 2693 nobis

346 2723 595 2792 sapientia
624 2738 653 2777 a
684 2720 805 2787 Deo,
836 2730 883 2775 et
915 2720 1138 2791 justitia,
1179 2728 1228 2774 et
1263 2719 1617 2789 sanctiﬁcatio,
1652 2729 1697 2773 et
1731 2719 1929 2777 redem-

350 2814 456 2889 ptio
483 2830 499 2869 :
524 2823 597 2885 ut,
620 2813 1041 2884 quemadmodum
1070 2810 1311 2879 scriptum
1340 2818 1428 2874 est,
1455 2809 1554 2873 Qui
1580 2810 1846 2880 gloriatur,
1878 2810 1932 2865 in

351 2903 570 2973 Domino
603 2903 845 2974 glorietur
879 2901 922 2970 (l
954 2900 1072 2959 Cor.
1103 2916 1141 2968 ι,
1172 2900 1260 2966 ³50,
1291 2899 1400 2970 5t).
1432 2898 1547 2969 Ipse
1573 2908 1656 2954 est
1680 2915 1806 2972 ergo
1834 2914 1932 2959 no-

351 3004 457 3061 stra
476 2994 697 3064 iustitia.

424 3084 647 3143 CAPUT
674 3083 815 3141 XXI.
835 3113 905 3123 —
929 3082 1012 3138 18.
1056 3080 1245 3137 Gratia:
1267 3090 1311 3137 et
1339 3080 1457 3148 ﬁdei
1477 3080 1610 3137 dono
1636 3082 1785 3135 etiam
1804 3082 1936 3135 auli—

352 3180 440 3251 gui
467 3189 581 3247 ante
599 3177 990 3237 incarnationem
1012 3175 1278 3245 justiﬁcati
1309 3190 1443 3231 sunt.
1489 3175 1614 3230 Sine
1639 3175 1740 3243 ﬁde
1764 3176 1935 3241 nullus

354 3272 757 3344 unqrtamjustus
783 3270 899 3343 fuit.
928 3269 1076 3326 Unde
1098 3279 1149 3333 et
1176 3270 1378 3340 antiqui
1396 3269 1665 3339 justiante
1688 3270 1936 3325 incarna-

358 3363 553 3435 tionem
598 3361 779 3431 Verbi,
828 3362 880 3417 in
935 3361 1033 3417 hac
1077 3362 1181 3416 [ide
1220 3360 1442 3424 Christi,
1491 3369 1546 3415 et
1591 3361 1643 3415 in
1686 3361 1787 3419 hac
1811 3376 1936 3425 vera

354 3453 576 3525 iustitia,
621 3452 764 3525 quod
808 3461 890 3509 est
933 3452 1087 3508 nobis
1133 3450 1401 3519 Christus,
1452 3452 1729 3522 justiﬁcati
1771 3462 1932 3519 sunt;

357 3532 459 3605 hoc
482 3544 761 3601 credentes
792 3544 1020 3601 futurum
1043 3542 1185 3612 quod
1214 3558 1309 3597 nos
1328 3542 1595 3599 credimus
1619 3542 1815 3607 factum
1846 3563 1861 3599 :
1885 3553 1939 3611 et

357 3634 456 3706 ipsi
483 3635 650 3705 gratia
692 3633 822 3689 salvi
859 3633 981 3689 lacti
1012 3648 1106 3701 per
1133 3632 1309 3697 ﬁdem,
1339 3648 1446 3687 non
1477 3648 1542 3688 ex
1574 3648 1633 3688 se
1662 3635 1811 3706 ipsis,
1842 3635 1938 3692 sed

359 3727 455 3784 Dei
482 3726 656 3791 dono;
706 3741 812 3783 non
856 3740 926 3779 ex
958 3724 1229 3793 operibus,
1275 3738 1342 3780 ne
1386 3723 1525 3780 forte
1553 3726 1938 3789 extollerentur

360 3815 576 3891 (Ephes.
609 3833 666 3882 ιι,
692 3819 747 3883 8,
775 3814 851 3887 9).
883 3817 1026 3871 Bona
1048 3815 1241 3886 quippe
1266 3831 1426 3886 opera
1455 3831 1639 3873 eorum
1668 3834 1773 3874 non
1796 3834 1935 3889 pra:-

359 3917 617 3969 venerunt
652 3907 1072 3971 misericordiam
1098 3907 1211 3971 Dei,
1237 3907 1331 3963 sed
1356 3908 1636 3969 subsecuta
1663 3918 1804 3963 sunt.
1832 3909 1937 3981 ipsi

360 4003 557 4075 quippe
600 4000 902 4066 audierunt,
948 4000 1045 4073 ipsi
1086 4000 1415 4070 scripserunt
1458 4000 1614 4071 longe
1655 4010 1938 4071 antequam

360 4096 604 4157 Christus
649 4096 881 4151 venisset
928 4094 978 4149 in
1028 4109 1226 4151 carne:
1260 4092 1537 4149 Miserebor
1579 4095 1659 4148 cui
1710 4095 1940 4151 misertus

359 4204 467 4252 cro,
510 4196 555 4243 et
589 4186 975 4243 misericordiam
1007 4184 1252 4255 priestabo
1277 4184 1358 4239 cui
1387 4185 1673 4239 misericors
1699 4184 1865 4255 fuero.
1898 4185 1939 4241 E

359 4277 556 4351 quibus
588 4277 680 4332 Dei
709 4277 906 4341 verbis,
937 4284 1081 4332 lauto
1108 4284 1227 4351 post
1269 4276 1542 4347 apostolus
1573 4276 1767 4332 Paulus
1796 4276 1939 4333 dice-

362 4381 464 4435 ret,
493 4370 661 4444 Igitur
695 4387 794 4425 non
820 4370 1023 4427 volentis
1051 4386 1207 4442 neque
1236 4369 1502 4437 currentis,
1530 4370 1619 4425 sed
1658 4370 1941 4429 miserantis

363 4472 435 4518 est
474 4461 563 4518 Dei
591 4462 784 4533 (Exod.
818 4478 1003 4537 xxxul,
1037 4461 1121 4527 19,
1157 4471 1201 4515 et
1237 4461 1382 4515 Itoni.
1412 4477 1487 4525 ts,
1524 4461 1613 4525 l5,
1648 4460 1761 4529 16).
1796 4461 1942 4531 Ipso—

362 4569 481 4610 rum
511 4555 668 4611 etiam
705 4570 805 4610 vox
831 4564 913 4611 est
942 4554 1096 4625 longe
1125 4562 1408 4624 antequam
1435 4552 1682 4608 Christus
1708 4554 1941 4610 venisset

364 4644 417 4700 in
455 4660 652 4700 carne:
682 4644 820 4700 Deus
851 4663 1012 4709 meus,
1050 4646 1393 4700 misericordia
1432 4646 1540 4716 ejus
1566 4648 1832 4716 prteveniet
1864 4665 1941 4705 me

364 4734 534 4807 (Psal.
561 4750 702 4799 Lvnt,
730 4735 837 4806 ll).
864 4737 1141 4802 Quomodo
1166 4748 1341 4793 autent
1383 4749 1602 4809 possent
1632 4739 1791 4809 alieni
1820 4754 1942 4798 esse

363 4842 393 4885 a
422 4824 526 4880 lide
550 4822 767 4886 Christi,
790 4841 1014 4891 quorum
1043 4827 1301 4883 cltnrilate
1325 4829 1485 4883 etiam
1513 4830 1669 4885 nobis
1695 4845 1944 4902 pramun-

367 4915 524 4987 tiatus
550 4921 630 4968 est
657 4911 932 4978 Christus;
966 4915 1080 4969 sine
1122 4916 1274 4983 cujus
1303 4916 1406 4972 lide
1435 4919 1715 4990 quisquam
1745 4928 1946 4981 morta-

366 5007 493 5063 lium
531 5020 629 5067 nec
655 5004 773 5069 fuit,
806 5018 902 5058 nec
925 5013 1026 5067 cst,
1069 5020 1166 5061 nec
1191 5020 1309 5059 esse
1336 5006 1615 5076 aliquando
1646 5010 1840 5078 poterit
1858 5010 1944 5080 ju.

364 5098 515 5155 stus?
555 5100 610 5154 Si
654 5115 783 5169 ergo
821 5100 929 5168 jam
957 5098 1086 5169 justi
1133 5115 1162 5151 a
1192 5097 1403 5153 Christo
1441 5100 1765 5170 eligerentur
1801 5102 1946 5175 Apoc

365 5191 508 5252 stoli,
532 5194 679 5261 prius
696 5193 843 5247 illum
870 5192 969 5261 ipsi
991 5191 1295 5262 elegissent,
1322 5197 1378 5243 ut
1396 5188 1522 5261 justi
1542 5191 1666 5262 eligi
1691 5200 1943 5260 possent;

365 5282 487 5353 quia
514 5284 626 5339 sine
652 5285 741 5341 illo
772 5285 898 5353 justi
932 5300 1050 5338 esse
1093 5298 1197 5341 non
1226 5291 1460 5357 pessent.
1500 5282 1606 5338 Sed
1636 5297 1741 5339 non
1768 5283 1839 5338 ita
1871 5284 1947 5340 fa-

364 5358 508 5435 ctum
537 5386 619 5429 est
652 5394 664 5429 :
697 5378 809 5444 ipse
844 5376 1040 5446 quippe
1072 5375 1176 5431 illis
1205 5374 1297 5437 ait,
1341 5370 1461 5429 Non
1488 5389 1574 5429 vos
1606 5389 1684 5433 me
1708 5374 1942 5446 elegistis,

365 5466 454 5525 sed
482 5483 570 5536 ego
596 5484 680 5522 vos
707 5468 851 5538 elegi.
878 5467 1027 5523 Unde
1066 5466 1194 5521 dicit
1236 5466 1508 5538 apostolus
1536 5465 1790 5533 Joannes,
1825 5465 1948 5521 Non

362 5560 496 5629 quod
522 5559 844 5615 dilexerintus
872 5559 1057 5626 Deum,
1082 5561 1170 5616 sed
1194 5562 1313 5632 quia
1346 5561 1455 5631 ipse
1481 5561 1622 5631 prior
1647 5559 1822 5615 dilexit
1853 5577 1947 5615 nos

365 5649 410 5721 (l
434 5652 591 5707 Joau.
619 5667 693 5718 tv,
721 5652 830 5722 10).

460 5741 689 5799 CAPUT
722 5739 891 5799 XXII.
918 5769 992 5784 --
1016 5741 1098 5800 i9.
1140 5741 1268 5800 Ante
1305 5742 1486 5816 gratiis
1530 5741 1825 5801 electionem
1868 5741 1953 5802 itte

1742 298 1941 367 LlBER
1982 296 2179 357 UNUS.

3505 294 3619 373 Μ

2010 417 2141 487 justi
2181 430 2368 471 omnes.
2396 413 2548 485 Quod
2577 428 2696 471 cum
2743 414 2813 471 ita
2850 413 2939 483 sit,
2978 413 3100 489 quid
3128 423 3211 481 est
3237 414 3400 481 homo
3440 422 3600 483 utens

2021 506 2077 563 in
2103 506 2201 561 hac
2227 506 2333 560 vita
2369 507 2580 578 propria
2604 507 2896 569 voluntate,
2924 516 3207 578 antequam
3246 506 3407 578 eligat
3429 515 3486 565 et
3512 507 3600 565 di-

2019 597 2147 669 ligat
2193 597 2376 663 Deum,
2430 598 2531 652 nisi
2572 598 2800 668 injustus
2839 607 2893 652 et
2934 598 3163 668 impius?
3192 598 3329 666 Quid
3370 608 3475 669 est,
3521 600 3607 657 ιιι·-

2021 704 2200 760 quam,
2231 688 2392 744 homo
2417 689 2673 745 aberrans
2696 705 2726 744 a
2748 691 3000 746 Creatore
3028 699 3291 755 creatura,
3321 692 3420 747 nisi
3445 690 3610 757 Crea-

2024 791 2105 851 tor
2125 783 2240 855 ejus
2275 798 2480 843 memor
2508 784 2576 839 sit
2599 783 2716 854 ejus
2743 783 2913 857 (Psal.
2947 800 3059 850 vni,
3091 782 3171 856 5),
3203 793 3257 841 et
3299 784 3458 857 eligat
3481 801 3608 844 eum

2022 878 2207 951 gratis,
2240 886 2294 932 et
2322 876 2505 948 diligat
2536 877 2734 948 gratis?
2760 876 2894 943 Quia
2922 879 3035 947 ipse
3064 892 3168 932 non
3213 884 3388 947 potest
3409 878 3613 949 eligere

2025 969 2110 1027 vel
2148 968 2390 1038 diligere,
2435 968 2539 1023 nisi
2577 968 2723 1038 prius
2760 970 2962 1024 electus
3004 968 3339 1041 dilectusque
3366 979 3607 1037 curetur,

2022 1063 2109 1134 qui
2143 1063 2383 1119 caecitate
2426 1062 2667 1133 eligenda
2713 1078 2822 1119 non
2867 1063 3055 1129 cernit,
3102 1070 3156 1118 et
3199 1063 3452 1133 languore
3489 1062 3613 1131 dili-

2022 1153 2194 1224 genda
2224 1153 2440 1209 fastidit.
2470 1152 2574 1208 Sed
2604 1153 2742 1215 forte
2781 1155 2901 1224 quis
2938 1154 3083 1217 dicat
3108 1171 3121 1209 :
3144 1154 3425 1223 Quomodo
3463 1156 3611 1221 Deus

2023 1246 2170 1317 prius
2209 1246 2358 1315 eligit
2396 1255 2450 1299 et
2483 1245 2651 1317 diligit
2696 1248 2924 1317 iniquos,
2956 1256 3013 1302 ut
3031 1248 3288 1319 juStilicet
3325 1264 3441 1315 eos,
3484 1265 3609 1315 cum

2024 1338 2278 1407 scriptum
2308 1338 2398 1405 sit,
2434 1338 2621 1403 Odisti,
2652 1338 2886 1404 Domine,
2920 1356 3090 1397 omnes
3127 1350 3389 1411 oper-antes
3417 1343 3609 1414 iniqui-

2025 1438 2176 1485 tatem
2201 1428 2372 1501 (Psal.
2402 1444 2457 1495 v,
2486 1428 2579 1499 7)?
2611 1429 2891 1497 Quomodo
2931 1439 3195 1502 putamus,
3244 1432 3346 1487 nisi
3390 1434 3526 1488 miro
3556 1442 3611 1499 et

2025 1520 2277 1585 inell'abili
2304 1521 2503 1577 modo?
2530 1522 2596 1577 Et
2617 1531 2792 1577 tamen
2815 1522 2975 1579 etiam
2999 1538 3098 1587 nos
3123 1537 3407 1593 possumus
3424 1524 3439 1554 ¹
3460 1523 3611 1594 cogi-1

2026 1619 2176 1677 tare,
2224 1609 2366 1681 quod
2410 1610 2649 1671 medicus
2686 1613 2857 1669 bonus
2892 1623 3149 1684 aegrotum
3199 1623 3254 1677 et
3297 1614 3411 1675 odit
3452 1623 3506 1670 et
3534 1613 3610 1671 di-

2025 1701 2315 1772 ligitzodit
2350 1702 2516 1771 enim,
2571 1702 2696 1774 quia
2743 1713 2997 1781 aegrotat;
3053 1704 3243 1775 diligit,
3289 1712 3349 1771 ut
3399 1705 3588 1776 aegritu

2025 1795 2204 1853 dinem
2232 1796 2415 1865 pellat.

2097 1886 2321 1944 CAPUT
2367 1887 2630 1947 XXlll.—
2647 1888 2739 1957 20,
2782 1888 3047 1955 Quomodo
3084 1889 3306 1955 dictitas
3344 1904 3474 1947 verte
3516 1907 3615 1962 ματ

2028 1979 2237 2048 tientia,
2263 1983 2335 2041 ita
2357 1982 2611 2053 cupiditas
2642 1986 2756 2055 fons
2779 1983 2931 2041 mala:
3254 1983 3379 2041 llaec
3398 1994 3617 2054 propter

2029 2073 2346 2139 charitatem
2374 2075 2514 2139 dicta
2554 2078 2682 2143 sint,
2715 2078 2833 2135 sine
2860 2092 2964 2147 qua
3002 2078 3060 2141 in
3106 2078 3262 2135 nobis
3307 2094 3414 2137 non
3442 2087 3619 2149 potest

2030 2178 2150 2229 esse
2179 2181 2305 2223 vera
2334 2169 2626 2237 patientia:
2654 2169 2777 2240 quia
2817 2168 2872 2225 in
2914 2169 3068 2231 bonis
3105 2170 3339 2229 Charitas
3378 2171 3475 2229 Dei
3511 2180 3617 2238 est,

2029 2272 2150 2327 quae
2177 2260 2369 2325 tolerat
2396 2262 2598 2330 omnia,
2641 2263 2781 2331 sicut
2825 2263 2878 2325 in
2926 2262 3083 2319 malis
3112 2262 3297 2325 mundi
3327 2262 3617 2332 cupiditas.

2032 2347 2139 2413 Sed
2166 2348 2282 2409 lucc
2309 2351 2541 2415 cbaritas
2571 2368 2665 2423 per
2696 2353 2952 2422 Spiritum
2980 2361 3221 2417 sanetum
3250 2362 3331 2415 est
3355 2353 3410 2413 iu
3436 2348 3617 2427 nobis,

2032 2439 2122 2514 qui
2153 2439 2311 2513 datus
2338 2450 2421 2505 est
2454 2443 2625 2501 nobis.
2660 2443 2813 2501 Unde
2857 2459 2889 2503 a
2918 2459 3026 2513 quo
3058 2443 3212 2513 nobis
3249 2452 3334 2506 est
3360 2442 3619 2513 obesitas,

2033 2530 2103 2599 ab
2131 2531 2226 2589 illo
2254 2540 2338 2589 est
2368 2532 2643 2602 patientia.
2676 2531 2854 2593 Mundi
2893 2541 3070 2598 autem
3096 2532 3380 2605 cupiditas,
3407 2534 3625 2604 quando

2035 2621 2298 2693 patienter
2338 2623 2564 2687 sustinet
2606 2638 2770 2685 onera
2808 2623 3090 2695 cujuslibet
3130 2624 3472 2691 calamitatis,
3513 2626 3625 2696 glo—,

2034 2712 2202 2785 riatur
2222 2713 2289 2773 du
2315 2713 2516 2779 viribus
2541 2716 2771 2785 proprias
2799 2716 3106 2783 voluntatis,
3131 2724 3383 2786 tanquam
3408 2717 3478 2785 de
3506 2728 3627 2779 stu-1

2036 2821 2165 2879 pore
2192 2807 2387 2874 morbi,
2414 2823 2521 2869 non
2541 2809 2610 2864 de
2633 2808 2825 2865 robore
2853 2809 3117 2867 sanitatis.
3147 2808 3372 2867 lasana‘
3407 2818 3493 2867 est
3520 2810 3625 2869 ista

2035 2898 2279 2967 gloriatio
2304 2917 2318 2965 ;
2347 2915 2451 2959 non
2478 2910 2561 2961 est
2586 2901 2878 2971 patientia},
2909 2901 3004 2958 sed
3024 2900 3329 2965 dementiae.
3359 2902 3621 2967 Voluntas

2038 2991 2139 3057 ista
2187 3001 2335 3051 tanto
2385 2992 2596 3048 videtur
2638 2993 2928 3063 patientior
2969 2993 3286 3051 acerborum
3333 2994 3620 3069 malorum,

2039 3092 2241 3154 quanto
2276 3093 2360 3140 est
2394 3084 2599 3141 avidior
2624 3085 2997 3156 temporalium
3023 3085 3308 3153 bonorum,
3348 3087 3473 3157 quia
3509 3087 3628 3144 ina,

2040 3172 2162 3231 nior
2187 3182 2531 3231 aeternorum.

2111 3264 2335 3325 CAPUT
2376 3266 2562 3325 XXIV.
2582 3266 2757 3324 —2|.
2811 3267 3126 3325 Voluntatem
3143 3270 3330 3326 malum
3352 3287 3460 3327 esse
3480 3286 3629 3342 posse

2040 3359 2193 3421 etiam
2241 3359 2352 3421 sine
2406 3360 2615 3431 spiritus
2658 3362 2783 3417 mali
2821 3362 3160 3433 instigatione.
3212 3362 3367 3429 Quod
3408 3364 3455 3418 si
3505 3378 3627 3421 eam

2042 3452 2273 3522 ﬂagitat
2317 3460 2374 3508 et
2423 3452 2718 3511 inﬂammat
2772 3452 3046 3509 fallacibus
3100 3454 3272 3521 visis'
3323 3463 3380 3510 et
3423 3456 3629 3511 suasio:

2043 3544 2199 3603 nibus
2250 3543 2537 3603 immundis
2592 3544 2888 3609 diabolicus
2951 3545 3214 3615 spiritus‘
3288 3554 3344 3603 et
3396 3547 3628 3617 maligna

2042 3636 2439 3706 conspiratione
2490 3635 2744 3707 sociatus,
2787 3635 2953 3707 efﬁcit
3001 3635 3233 3693 hominis
3276 3636 3629 3705 voluntatem,

2044 3726 2128 3787 vel
2170 3741 2355 3787 errore
2396 3726 2719 3793 dementem,
2759 3727 2843 3782 vel
2882 3727 3120 3795 appetitu
3151 3726 3433 3795 cujuslith
3473 3743 3631 3786 mune

2044 3819 2198 3877 dante
2251 3818 2617 3875 delectationis
2673 3818 2947 3877 ardentem
2986 3833 3002 3870 :
3043 3832 3162 3886 quas
3206 3832 3330 3874 cum
3383 3818 3631 3877 videtur'

2044 3910 2396 3973 intolerabilia
2435 3909 2750 3967 mirabiliter
2794 3908 3088 3974 sustinere,
3144 3924 3251 3965 non
3300 3916 3477 3967 tamen
3505 3908 3631 3979 ideq

2043 4007 2205 4065 etiam
2244 4004 2491 4061 voluntas
2528 4002 2667 4059 mala
2705 4002 2822 4058 sine
2870 4001 3208 4071 instigatione
3251 4001 3470 4059 alterius
3521 4002 3628 4060 im-

2045 4098 2229 4157 mundi
2271 4097 2510 4167 spiritus,
2556 4096 2696 4155 sicut
2742 4095 2990 4151 voluntas
3028 4094 3167 4151 bona
3209 4096 3326 4152 sine
3362 4095 3630 4167 adjutorio

2044 4191 2212 4249 sancti
2236 4188 2464 4260 Spiritus
2493 4202 2603 4244 non
2627 4196 2802 4259 potest
2829 4202 2970 4243 esse.
3014 4186 3144 4243 Nam
3184 4203 3305 4244 esse
3332 4202 3491 4258 posse
3518 4203 3624 4244 vo-

2045 4283 2303 4340 luntatem
2348 4281 2542 4338 malam
2579 4282 2738 4337 etiam
2788 4281 2904 4337 sine
2943 4281 3121 4352 aliquo
3169 4281 3359 4352 spiritu
3407 4282 3490 4338 vel
3538 4296 3628 4339 se-

2046 4375 2273 4431 ducente
2301 4374 2387 4431 vel
2413 4375 2687 4441 incitante,
2719 4375 2773 4430 in
2802 4374 2916 4445 ipso
2945 4374 3161 4429 diabolo
3204 4375 3337 4430 satis
3383 4376 3628 4431 ostendi-

2048 4477 2151 4531 tur,
2181 4466 2271 4537 qui
2296 4481 2392 4536 per
2412 4467 2613 4521 nullum
2641 4465 2804 4520 alium
2831 4465 3121 4529 diabolum,
3158 4464 3253 4521 sed
3281 4466 3491 4535 propria
3525 4481 3626 4519 vo-

2047 4557 2250 4614 luntate
2330 4557 2498 4612 lactus
2555 4555 2798 4611 diabolus
2858 4556 3141 4610 invenitur.
3207 4554 3463 4610 Voluntas
3528 4556 3632 4613 itao.

2048 4666 2151 4721 que
2215 4650 2354 4705 mala
2406 4649 2518 4703 sive
2567 4647 2854 4716 cupiditate
2918 4647 3154 4716 rapiatur
3180 4686 3196 4713 ,
3259 4647 3375 4701 sive
3436 4648 3631 4704 timore

2049 4751 2361 4806 revocetur,
2412 4741 2526 4794 sive
2595 4740 2778 4793 laetitia
2841 4737 3167 4793 diﬂ‘undatnr
3188 4777 3203 4801 ,
3274 4738 3392 4792 sive
3460 4739 3632 4794 tristi-

2050 4835 2123 4888 tia
2160 4833 2522 4898 contrahatur,
2553 4840 2714 4901 atque
2749 4831 2801 4885 in
2857 4830 2940 4884 his
2977 4829 3225 4885 omnibus
3274 4830 3632 4900 perturbatio—

2050 4926 2207 4982 nibus
2247 4924 2409 4979 animi
2450 4936 2801 4994 quaecumque
2836 4930 2961 4981 sunt
3001 4920 3120 4975 aliis
3162 4921 3249 4976 vel
3289 4921 3394 4976 alio
3432 4931 3632 4993 tempe.

2050 5017 2144 5072 re“
2178 5016 2421 5087 graviora
2458 5022 2767 5070 contemnat
2818 5022 2872 5069 et
2919 5011 3179 5083 perferat;
3207 5021 3384 5083 potest
3418 5022 3474 5070 et
3514 5013 3633 5070 sine

2118 5195 2132 5227 ⁸
2168 5200 2237 5244 Ita
2254 5193 2351 5243 duo
2372 5190 2585 5242 Vaticani
2604 5195 2712 5243 las.
2737 5188 2824 5240 Alii
2839 5201 2958 5240 vero
2979 5187 3205 5252 plerique
3224 5201 3337 5241 eum
3358 5190 3521 5250 edit's,
3543 5202 3640 5245 non

2058 5292 2848 5386 Ὗὲἇὲεςβιωιίιιηιδφιία-
2909 5374 2919 5386 .
3275 5374 3285 5384 .

2118 5380 2140 5411 ³
2172 5378 2339 5447 Plures
2352 5384 2483 5447 lss_.,
2718 5381 2769 5424 lu
2791 5372 3025 5447 petfsitnili
3039 5372 3155 5446 loco
3176 5373 3288 5447 libri
3302 5373 3368 5423 de
3382 5376 3641 5447 οοιιιιιιθιι-

2054 5443 2138 5501 tia,
2162 5452 2267 5503 cap.
2292 5439 2340 5508 2,
2366 5439 2480 5508 αλδ,
2506 5436 2687 5499 legitur
2711 5451 2725 5488 :
2758 5435 3018 5508 «Quisquis
3037 5439 3083 5485 iu
3108 5435 3253 5486 corde
3272 5436 3640 5508 occurrentibus

2062 5522 2084 5550 ι
2107 5500 2199 5564 Sug
2220 5500 2504 5550 'estionibus
2527 5510 2829 5571 quorumque
2854 5500 3163 5569 visorumr...
3191 5500 3453 5567 consensit.
3474 5512 3497 5541 ι

2117 5564 2142 5595 ’δ
2176 5515 2364 5622 Siqua
2382 5568 2510 5622 Mss,
2532 5561 2811 5622 inmundus
2831 5565 2879 5622 et
2902 5558 3404 5622 diabolscussptruus.
3438 5563 3493 5608 Et
3524 5569 3639 5608 mox

2279 5574 2364 5632 u_ot
2382 5574 2510 5630 uss_.,
2532 5574 2811 5632 instruamus
2831 5574 2879 5629 et
2902 5574 3404 5632 asgwucussptmus.

2121 5747 2147 5781 ο
2177 5743 2401 5810 Plerique
2423 5751 2552 5809 Ias,
2576 5743 2649 5796 vel
2664 5757 2721 5796 eo
2741 5750 2971 5807 tempore.
