4140 6216
509 300 625 370 613

515 424 737 485 alterius
775 423 994 497 spiritus
1034 419 1288 478 instinctu
1318 432 1391 477 se
1437 419 1550 491 ipsa
1591 418 1867 485 seducere,
1908 423 1961 473 et
2011 414 2106 473 de-

411 490 461 596 ’ᾖ
519 520 660 577 Icctu
692 532 726 576 a
765 490 1127 589 superioribus
1188 510 1242 568 in
1272 490 1524 568 inferiora
1582 508 1857 580 lapsando,
1908 517 2109 579 quanto

440 612 443 615 ’
516 610 801 684 jucundius
846 605 1223 673 testimavcrit,
1268 602 1409 675 quod
1461 602 1682 674 adipisci
1735 601 1968 673 appetit,
2025 601 2110 659 vel

517 703 764 759 amittere
801 701 1009 763 metuit,
1048 699 1133 753 vel
1171 696 1422 766 adeptum
1464 693 1677 767 gaudet,
1717 694 1804 749 vel
1849 693 2107 749 amissum

517 792 684 856 dolet,
714 798 859 847 tanto
891 787 1223 844 tolerabilius
1246 802 1343 856 pro
1367 802 1433 841 eo
1460 784 1599 840 ferre
1628 785 1771 855 quod
1797 783 1897 840 sibi
1930 785 2109 840 minus

516 893 603 940 est
630 882 696 937 ad
725 880 1052 950 patiendum,
1084 893 1241 949 quam
1270 877 1396 931 illud
1417 876 1484 931 ad
1510 874 1810 931 fruendum.
1839 872 2109 946 Quidquid

517 974 663 1031 enim
691 973 817 1027 illud
863 981 965 1036 est,
1008 984 1076 1026 ex
1103 978 1344 1024 creatura
1387 976 1489 1035 est,
1521 968 1674 1036 cujus
1715 977 1839 1021 nota
1867 966 2110 1036 voluptas

520 1064 666 1120 esti.
702 1060 945 1131 Quodam
986 1060 1145 1115 modo
1187 1059 1329 1113 enim
1368 1057 1610 1111 familiari
1656 1065 1905 1112 contactu
1951 1065 2111 1125 atque

516 1172 764 1216 connexa
807 1156 874 1211 ad
925 1152 1303 1225 experiendam
1354 1153 1471 1221 ejus
1512 1136 1840 1205 suavitatem
1900 1148 2111 1219 adjacet

517 1250 717 1306 amanti
746 1256 1007 1304 creatura:
1035 1254 1209 1300 amata
1237 1254 1502 1300 creatura.

587 1340 815 1398 CAPUT
853 1338 1019 1395 XXV.
1048 1366 1119 1378 -—-
1144 1336 1234 1390 22.
1276 1335 1423 1390 Βοηα
1467 1335 1699 1388 voluntas
1742 1348 1842 1387 non
1889 1332 1987 1387 nisi
2045 1345 2113 1386 ea:

521 1433 657 1490 Deo.
690 1432 945 1502 Voluptas
967 1438 1144 1485 autem
1174 1426 1466 1494 Creatoris,
1496 1425 1563 1481 de
1585 1441 1686 1496 qua
1716 1425 1972 1494 scriptum
2003 1433 2106 1490 est,

518 1524 592 1580 Et
622 1533 842 1579 torrente
874 1520 1148 1592 uoluptatis
1174 1529 1274 1573 (me
1302 1517 1498 1589 potabis
1526 1533 1609 1571 eos
1631 1515 1802 1587 (Psal.
1837 1530 2003 1580 xxxv,
2026 1512 2105 1588 9),

516 1614 679 1685 longe
716 1613 935 1669 alterius
981 1612 1194 1683 generis
1237 1618 1320 1666 est
1350 1627 1363 1665 :
1396 1623 1570 1679 neque
1606 1607 1771 1674 enim,
1812 1607 1951 1661 sicut
1987 1620 2106 1672 nos,

518 1713 763 1760 creatura
796 1712 899 1759 est.
929 1701 1042 1757 Nisi
1084 1715 1214 1773 ergo
1247 1714 1400 1755 amor
1425 1698 1542 1768 ejus
1576 1697 1731 1752 detur
1768 1694 1891 1751 inde
1932 1694 2106 1761 nobis,

518 1812 628 1852 non
648 1804 734 1852 est
752 1794 894 1852 unde
923 1808 1043 1850 esse
1075 1793 1244 1863 possit
1272 1792 1325 1846 in
1357 1792 1530 1847 nobis.
1564 1791 1642 1845 Ac
1669 1804 1767 1861 per
1796 1788 1898 1844 hoc
1919 1789 2109 1844 volun-

519 1897 604 1944 tas
645 1889 807 1955 bona,
849 1902 951 1957 qua
980 1886 1217 1956 diligitur
1255 1886 1417 1953 Deus,
1456 1885 1508 1938 in
1540 1884 1758 1939 homine
1800 1899 1906 1938 non
1933 1892 2112 1953 potest

517 1993 658 2046 esse,
694 1980 795 2035 nisi
824 1980 876 2034 in
912 1993 1018 2049 quo
1047 1979 1187 2033 Deus
1220 1986 1475 2047 operatur
1505 1984 1562 2031 et
1587 1975 1723 2031 velle
1752 1973 2009 2047 (Philipp.
2046 1992 2107 2044 ιι,

520 2073 634 2144 15).
669 2072 795 2127 Haec
823 2071 981 2142 igitur
1011 2071 1260 2125 voluntas
1300 2070 1460 2135 bona,
1494 2068 1547 2123 id
1593 2077 1695 2135 est,
1724 2069 1970 2123 voluntas
1999 2069 2110 2125 Deo

521 2163 752 2219 fideliter
787 2162 1022 2228 subdita,
1072 2162 1316 2216 voluntas
1354 2160 1634 2215 sanctitate
1656 2159 1870 2228 superni
1903 2158 2111 2213 ardoris

518 2271 764 2323 accensa,
793 2255 1037 2324 voluntas
1059 2269 1178 2326 qua:
1211 2254 1380 2324 diligit
1405 2254 1571 2308 Deum
1588 2261 1642 2307 et
1666 2254 1963 2322 proximum
1988 2267 2113 2323 pro-

518 2356 638 2419 pter
662 2348 865 2412 Deum;
895 2347 1009 2403 sive
1049 2360 1253 2410 amore,
1291 2344 1359 2399 de
1404 2359 1510 2414 quo
1530 2342 1818 2413 respondet
1836 2343 2111 2414 apostolus

517 2438 729 2505 Petrus,
760 2437 997 2505 Domine,
1041 2445 1096 2492 tu
1133 2426 1230 2492 seis
1257 2435 1377 2507 quia
1414 2451 1530 2490 amo
1556 2444 1603 2489 te
1623 2434 1805 2505 (Joan.
1832 2451 1951 2503 xxI,
1979 2435 2105 2508 15);

518 2530 633 2587 sive
658 2531 868 2598 timore,
895 2528 964 2585 de
990 2543 1097 2600 quo
1125 2527 1253 2583 dicit
1279 2526 1554 2598 apostolus
1594 2525 1811 2591 Paulus,
1841 2527 1894 2580 in
1936 2526 2113 2580 timore

412 2630 415 2633 ’
517 2630 568 2676 et
600 2631 813 2676 tremore
856 2630 1075 2675 vestram
1110 2619 1340 2690 ipsorum
1378 2619 1593 2672 salutem
1638 2616 1919 2685 operamini
1956 2615 2113 2687 (Phi-

519 2712 650 2783 lipp.
677 2727 737 2778 ιι,
763 2709 851 2782 12)
872 2727 887 2776 ;
912 2713 1024 2765 sive
1048 2709 1259 2780 gaudio,
1284 2709 1352 2763 de
1376 2724 1483 2778 quo
1502 2708 1653 2773 dicit,
1684 2707 1792 2777 Spe
1809 2707 2105 2778 gaudentes,

517 2799 576 2854 in
600 2799 923 2854 tribulatione
951 2798 1196 2867 patientes
1221 2795 1397 2864 (Rom.
1434 2811 1526 2860 xtl,
1556 2794 1685 2867 12);
1719 2796 1832 2849 sive
1869 2794 2105 2860 tristitia,

518 2889 733 2960 qualem
776 2903 835 2943 se
871 2886 1003 2942 dicit
1027 2900 1275 2956 magnam
1318 2883 1567 2940 habuisse
1596 2899 1695 2956 pro
1719 2883 1971 2939 fratribus
1999 2883 2111 2940 suis

526 2980 638 3054 (Id.
670 2980 744 3048 ix,
770 2980 829 3052 2)
866 2995 882 3034 :
913 2992 1264 3051 quacumque
1305 2991 1486 3031 amara
1537 2985 1592 3032 et
1631 2990 1818 3046 aspera
1869 2976 2109 3042 sufferat,

519 3071 756 3127 charitas
796 3070 889 3126 Dei
934 3076 1038 3136 est,
1065 3083 1187 3139 qua:
1215 3066 1394 3123 omnia
1438 3067 1629 3123 tolerat
1665 3064 1707 3139 (l
1740 3066 1858 3122 Cor.
1889 3082 2004 3130 xm,
2031 3067 2108 3138 7),

518 3179 643 3237 qua:
672 3178 776 3219 non
805 3159 1116 3217 diffunditur
1146 3160 1198 3215 in
1219 3158 1468 3215 cordibus
1499 3159 1716 3224 nostris,
1748 3159 1849 3214 nisi
1873 3173 1972 3229 per
1991 3158 2113 3228 Spi-

520 3257 686 3314 ritum
713 3265 952 3312 sanctum
982 3254 1071 3324 qui
1098 3253 1254 3309 datus
1273 3263 1357 3308 est
1385 3251 1540 3308 nobis
1566 3252 1740 3323 (Rom.
1772 3269 1826 3319 v,
1860 3251 1938 3325 5).

592 3347 819 3404 CAPUT
868 3345 1061 3402 XXVI.
1098 3375 1171 3387 ——
1208 3343 1423 3399 Piorum
1472 3345 1714 3415 patientia
1758 3344 1854 3399 Dei
1900 3345 2109 3401 donum.

523 3441 982 3499 Schismaticorum
1026 3438 1271 3509 patientia
1324 3453 1416 3505 pro
1462 3436 1663 3491 Christo
1714 3452 1781 3490 an
1829 3436 2109 3492 laudanda.

525 3532 679 3589 Unde
722 3546 1054 3604 nequaquam
1105 3529 1382 3586 dubitante
1435 3529 1650 3598 pietate,
1697 3528 1834 3582 sicut
1881 3529 2113 3584 Charitas

523 3632 711 3680 sancte
743 3623 1055 3687 amantium,
1102 3621 1173 3676 ita
1220 3619 1476 3691 patientia
1516 3619 1602 3688 pic
1646 3618 1986 3674 tolerantiam
2018 3620 2111 3675 Dei

522 3716 723 3773 donum
764 3726 869 3773 est.
909 3714 1094 3786 Neque
1135 3714 1277 3769 enim
1318 3713 1500 3768 divina
1541 3710 1813 3781 Scriptura
1854 3712 1986 3767 fallit
2023 3721 2115 3768 aut

523 3808 743 3877 fallitur,
776 3824 895 3880 quae
921 3823 1029 3863 non
1060 3807 1234 3863 solum
1259 3807 1313 3861 in
1333 3806 1601 3861 veteribus
1628 3804 1801 3860 Libris
1827 3804 1990 3861 habet
2012 3807 2112 3861 hu-

520 3903 610 3975 jus
646 3904 727 3960 rei
754 3902 1074 3966 testimonia,
1104 3916 1226 3957 cum
1261 3901 1372 3956 Deo
1396 3899 1609 3966 dicitur,
1644 3896 1898 3953 Patientia
1924 3915 2033 3954 mea
2060 3911 2114 3954 tn

525 4011 578 4050 es
622 3993 793 4066 (Psal.
848 4009 955 4048 Lxx
1009 3993 1101 4062 5);
1159 4000 1243 4058 et,
1299 3990 1374 4045 Ab
1425 3992 1536 4060 ipso
1595 4000 1667 4044 est
1718 3992 1960 4061 patientia
2003 4008 2114 4046 mea

525 4084 701 4153 (Psal.
740 4101 847 4151 mu,
880 4083 935 4153 6)
961 4101 976 4142 ;
1005 4093 1058 4138 et
1085 4082 1175 4137 ubi
1217 4083 1351 4136 alius
1378 4082 1635 4151 propheta
1679 4082 1830 4147 dicit,
1871 4083 2115 4152 accipere

526 4188 629 4229 nos
648 4173 902 4242 Spiritum
929 4171 1255 4225 fortitudinis
1288 4187 1301 4223 :
1333 4186 1516 4224 verum
1548 4172 1706 4224 etiam
1731 4171 1781 4224 in
1810 4174 2115 4241 apostolicis

528 4262 746 4317 Litteris
787 4261 998 4330 legitur,
1044 4258 1177 4324 Quia
1212 4259 1350 4312 vobis
1387 4258 1629 4311 donatum
1665 4269 1739 4312 est
1770 4276 1862 4329 pro
1891 4261 2111 4328 Christo,

527 4367 632 4407 non
665 4352 830 4406 solum
857 4359 914 4404 ut
951 4349 1169 4403 credatis
1206 4350 1260 4402 in
1285 4364 1418 4410 eum,
1457 4348 1545 4401 sed
1586 4358 1639 4401 ut
1674 4350 1825 4401 etiam
1851 4353 2115 4419 patiamini

527 4454 735 4518 prapter
761 4460 874 4500 eum
901 4440 1157 4516 (Philipp.
1197 4454 1237 4508 ι,
1267 4439 1385 4508 29).
1412 4438 1527 4493 Non
1561 4452 1689 4509 ergo
1717 4440 1868 4507 quasi
1890 4441 1958 4495 de
1989 4457 2114 4513 pro-

526 4537 646 4609 prio
671 4535 827 4593 faciat
851 4533 1087 4590 animum
1113 4530 1308 4587 elatum
1338 4528 1480 4601 quod
1520 4528 1622 4584 sibi
1663 4528 1814 4584 audit
1854 4543 1978 4586 esse
2013 4530 2114 4587 do-

525 4639 730 4687 natum.

600 4722 692 4777 25.
731 4719 790 4777 Si
837 4719 958 4790 quis
1002 4722 1179 4771 autem
1226 4728 1331 4770 non
1370 4712 1572 4769 habens
1614 4711 1951 4778 charitatem,
1996 4728 2117 4783 qua:

444 4784 462 4900 ι
529 4814 762 4887 pertinet
785 4784 1132 4866 ad-unitatem
1173 4806 1393 4876 spiritus
1430 4812 1486 4860 et
1522 4803 1792 4859 vinculum
1816 4803 1984 4874 pacis,
2010 4818 2117 4874 quo

530 4903 791 4961 catholica
828 4898 1066 4955 Ecclesia
1107 4905 1427 4967 congregata
1454 4894 1807 4959 connectitur,
1851 4895 1903 4949 in
1937 4894 2116 4964 aliquo

530 4996 819 5054 schismate
859 4990 1201 5055 constitutus,
1250 4980 1322 5044 ne
1373 4985 1644 5043 Christum
1693 4994 1871 5056 neget,
1922 4986 2118 5056 patitur

530 5085 927 5149 tribulationes,
950 5080 1242 5153 angustias,
1275 5078 1492 5143 famem,
1521 5077 1838 5144 nuditatem,
1865 5091 2112 5147 persecu-

530 5177 751 5239 tionem,
796 5172 1047 5245 pericula,
1090 5183 1354 5234 carceres,
1408 5169 1638 5235 vincula,
1668 5175 1958 5234 tormenta,
1998 5166 2115 5237 gla-

531 5269 702 5335 dium,
738 5267 823 5322 vel
859 5266 1132 5330 ﬂammas,
1164 5262 1249 5318 vel
1278 5260 1514 5326 bestias,
1558 5259 1642 5314 vcl
1682 5260 1851 5330 ipsam
1902 5272 2115 5312 crucem

530 5363 727 5419 timore
750 5358 1139 5430 gehennarum,
1166 5362 1222 5410 et
1247 5353 1383 5423 ignis
1411 5351 1633 5416 aeterni;
1661 5351 1807 5407 nullo
1831 5350 1992 5405 modo
2018 5349 2117 5404 ista

531 5451 793 5525 culpanda
833 5457 979 5515 sunt,
1013 5448 1120 5501 imo
1152 5460 1281 5500 vero
1316 5451 1370 5498 et
1410 5443 1526 5499 hmc
1572 5440 1834 5497 laudanda
1867 5440 2119 5512 patientia

533 5554 635 5600 est.
672 5543 788 5598 Non
818 5540 961 5596 enim
1000 5537 1180 5592 dicere
1219 5533 1535 5603 poterimus,
1568 5533 1758 5588 melius
1783 5532 1834 5588 ei
1871 5531 2033 5586 fuisse
2063 5541 2122 5585 ut

533 5633 807 5690 Christum
838 5627 1083 5700 negando
1100 5625 1231 5682 nihil
1255 5639 1440 5682 eorum
1471 5632 1766 5694 pateretur,
1792 5638 1910 5694 quae
1934 5635 2120 5681 passus

601 5768 618 5798 ⁸
653 5765 788 5826 Editi,
807 5760 1019 5814 rotantes
1039 5766 1125 5814 est.
1152 5760 1323 5810 Verius
1342 5764 1472 5819 Mss,
1494 5754 1706 5821 voluptas
1730 5763 1817 5809 est.

1407 301 1495 361 ne
1537 296 1922 367 rauenna,
1961 297 2023 355 s.
2063 282 2434 359 AUGUSTINI
2471 297 2676 356 LIBER
2714 296 2918 356 unus.

3695 295 3807 353 624

2219 423 2302 473 est
2323 414 2653 483 confitendo;
2684 413 2779 471 sed
2803 410 3218 470 existimandum
3246 417 3331 468 est
3353 408 3583 468 fortasse
3604 409 3803 468 tolera-

2218 507 2378 565 bilius
2419 508 2468 564 ei
2507 505 2744 563 futurum
2779 505 3058 576 judicium,
3098 519 3257 577 quam
3298 503 3342 560 si
3381 503 3650 560 Christum
3698 519 3800 561 ne-

2217 602 2391 672 gando
2426 607 2614 656 cuncta
2643 600 2732 656 illa
2767 599 2959 655 vitaret
2989 616 3002 654 :
3033 608 3089 654 ut
3118 597 3246 655 illud
3278 597 3421 669 quod
3457 599 3532 654 ait
3568 602 3802 669 Aposto—

2220 695 2324 762 lus,
2354 693 2415 749 Si
2445 692 2701 747 tradidero
2735 706 2918 762 corpus
2945 705 3109 746 meum
3150 700 3206 745 ut
3244 690 3472 757 ardeam,
3502 691 3804 745 charitatem

2217 797 2385 841 autem
2410 803 2509 840 non
2540 786 2769 851 habeant,
2795 785 2926 839 nihil
2957 785 3081 838 mihi
3107 784 3311 855 prodest
3350 782 3391 857 (Ι
3418 784 3535 839 Cor.
3563 799 3680 849 xm,
3702 783 3759 853 '5)
3782 798 3799 849 ;

2218 877 2351 933 nihil
2386 878 2643 947 prodesse
2680 877 3006 947 intelligatur
3035 877 3100 931 ad
3127 891 3347 946 regnum
3378 876 3636 931 caelorum
3665 874 3806 929 obti-

2218 970 2474 1037 nendum,
2505 986 2613 1025 non
2639 971 2706 1025 ad
2748 968 2973 1026 extremi
3007 968 3192 1039 judicii
3220 968 3552 1025 tolerabilius
3595 966 3804 1038 suppli-

2218 1065 2356 1119 cium
2387 1063 2742 1120 subeundum.
2849 1055 2859 1063 ’

2288 1154 2515 1211 CAPUT
2550 1156 2766 1211 XXVII.
2794 1186 2867 1197 —
2899 1155 2990 1212 24.
3019 1155 3100 1210 An
3136 1155 3243 1210 haec
3268 1169 3443 1209 eorum
3473 1152 3713 1224 patientia
3740 1151 3807 1205 sit

2216 1241 2316 1298 Dei
2339 1246 2547 1300 donum.
2572 1246 2678 1302 Sed
2704 1247 2893 1302 merito
2916 1247 3081 1315 quaeri
3110 1254 3285 1315 potest
3309 1254 3484 1299 utrum
3513 1251 3567 1299 et
3590 1242 3686 1297 ista
3712 1256 3806 1312 pa-

2216 1334 2400 1390 tientia
2430 1337 2625 1391 donum
2658 1339 2751 1393 Dei
2780 1341 2870 1404 sit,
2901 1353 2967 1393 an
2991 1337 3194 1393 viribus
3223 1336 3499 1393 tribuenda
3525 1337 3594 1391 sit
3616 1335 3804 1390 volun—

2218 1426 2341 1480 tatis
2367 1426 2632 1497 humanae,
2655 1444 2758 1499 qua
2781 1430 3005 1500 quisque
3028 1429 3096 1484 ab
3116 1430 3351 1485 Ecclesia
3378 1438 3672 1500 separatus,
3696 1442 3802 1482 non

2216 1530 2315 1586 pro
2339 1532 2525 1574 errore
2550 1519 2640 1590 qui
2669 1535 2790 1575 eum
2818 1521 3101 1591 separavit,
3133 1521 3226 1577 sed
3257 1537 3352 1593 pro
3377 1521 3598 1577 veritate
3622 1534 3802 1576 sacra-

2216 1609 2385 1663 menti
2427 1624 2522 1665 seu
2567 1611 2714 1666 verbi
2760 1628 2880 1682 quae
2921 1612 3060 1682 apud
3108 1628 3230 1668 eum
3279 1613 3569 1680 remansit,
3616 1611 3805 1666 timore

2216 1713 2495 1769 poenarum
2525 1710 2840 1757 :eternarum
2880 1717 3068 1773 poenas
3096 1703 3291 1773 patitur
3319 1703 3661 1772 temporales.
3701 1699 3805 1756 Ca-

2217 1789 2447 1845 vendum
2469 1799 2552 1847 est
2574 1792 2714 1847 enim
2740 1808 2808 1848 ne
2834 1792 2991 1860 forte,
3013 1795 3059 1849 si
3081 1794 3176 1850 Dei
3197 1793 3395 1849 donum
3420 1795 3574 1849 istam
3602 1793 3806 1862 patien-

2218 1882 2345 1938 tiam
2367 1884 2679 1951 dixerimus,
2708 1885 2760 1940 hi
2788 1887 2979 1957 quibus
3004 1888 3158 1950 inest,
3187 1887 3348 1942 etiam
3372 1886 3440 1941 ad
3466 1901 3688 1956 regnum
3713 1884 3804 1940 Dei

2218 1973 2489 2043 pertinere
2515 1975 2800 2031 credantur
2829 1996 2843 2030 :
2874 1978 2919 2032 si
2947 1987 3121 2032 autem
3154 1978 3297 2033 illam
3335 1977 3532 2032 donum
3564 1977 3657 2033 Dei
3684 1992 3807 2032 esse

2219 2066 2625 2134 negaverimus,
2657 2082 2910 2139 cogamur
2949 2068 3130 2136 fateri,
3163 2069 3278 2125 sine
3307 2069 3573 2138 adiutorio
3602 2078 3655 2124 et
3682 2083 3806 2123 mu-

2216 2171 2348 2212 nere
2370 2157 2464 2212 Dei
2489 2158 2542 2213 in
2570 2159 2842 2215 voluntate
2863 2159 3093 2215 hominis
3117 2176 3236 2216 esse
3261 2174 3418 2231 posse
3440 2160 3635 2230 aliquid
3656 2159 3802 2214 boni.

2216 2247 2401 2321 Neque
2447 2251 2589 2307 enim
2634 2251 2736 2307 hoc
2782 2268 2886 2307 non
2934 2260 3017 2306 est
3062 2254 3295 2319 bonum,
3337 2263 3392 2308 ut
3430 2251 3615 2308 credat
3643 2250 3806 2305 homo

2217 2351 2421 2398 aeterno
2468 2343 2727 2414 supplicio
2769 2358 2828 2398 se
2874 2359 2993 2399 esse
3035 2344 3393 2414 puniendum,
3444 2345 3487 2399 si
3535 2343 3808 2414 negaverit

2218 2433 2522 2501 Christum,
2564 2446 2619 2490 et
2664 2452 2758 2506 pro
2798 2437 2897 2491 ista
2940 2437 3042 2493 [ide
3071 2440 3458 2510 qualecumque
3486 2436 3802 2509 supplicium

2218 2525 2452 2593 perferat
2479 2535 2534 2581 et
2561 2535 2868 2582 contemnat
2893 2527 3202 2585 humanum.

2286 2615 2378 2671 25.
2398 2616 2628 2672 Proinde
2648 2619 2786 2673 sicut
2807 2620 3103 2690 negandum
3127 2637 3230 2676 non
3247 2631 3329 2677 cst
3348 2621 3451 2678 hoc
3466 2637 3587 2678 esse
3606 2621 3803 2677 donum

2218 2706 2335 2775 Dei,
2370 2709 2439 2763 ita
2466 2709 2863 2781 intelligendum
2893 2722 2975 2768 est
3000 2714 3101 2768 alia
3131 2729 3252 2771 esse
3282 2714 3373 2770 Dei
3401 2716 3540 2771 dona
3576 2715 3803 2771 filiorum

2218 2798 2362 2855 illius
2380 2800 2697 2872 Jerusalem,
2726 2821 2845 2874 qua:
2867 2821 3077 2861 sursum
3100 2808 3265 2863 libera
3293 2817 3374 2863 est
3405 2818 3575 2865 mater
3600 2818 3801 2864 nostra.

2286 2891 2515 2949 CAPUT
2561 2894 2797 2951 XXVIII.
2825 2926 2894 2936 —
2920 2896 3070 2952 Dona
3098 2899 3321 2969 ﬁliorum
3349 2899 3602 2954 lueredttm
3639 2908 3685 2955 et
3713 2899 3807 2955 do-

2216 2998 2285 3035 na
2326 2984 2553 3051 ﬁliorum
2599 2988 3032 3043 exhwredatorum
3062 2990 3276 3045 diversa.
3316 2990 3465 3061 (llzcc
3504 2998 3628 3044 sunt
3662 2994 3803 3044 enlm

2217 3075 2446 3144 quodam
2477 3077 2636 3132 modo
2666 3078 2999 3134 hmrcditaria
3017 3123 3032 3150 ,
3065 3081 3117 3136 in
3148 3082 3340 3153 quibus
3370 3097 3555 3137 sumus
3584 3062 3805 3137 haéredes

2216 3162 2336 3233 Dei,
2364 3166 2650 3223 colum-edes
2676 3178 2843 3223 autent
2872 3169 3120 3243 Christi);
3151 3172 3253 3227 alia
3283 3188 3410 3227 vero
3438 3188 3557 3244 quae
3583 3180 3807 3243 possunt

2217 3258 2460 3327 accipere
2487 3260 2646 3314 etiam
2678 3261 2771 3315 ﬁlii
2799 3263 3233 3328 concubinarum,
3265 3265 3456 3335 quibus
3486 3266 3653 3321 Judari
3683 3281 3805 3321 car-

2219 3349 2368 3404 nales
2393 3360 2447 3405 et
2465 3352 2788 3409 schismatici
2815 3355 2897 3409 vel
2926 3354 3158 3410 haeretici
3187 3368 3582 3426 comparantur.
3611 3358 3806 3426 Quam-

2217 3441 2299 3496 vis
2325 3443 2467 3497 enim
2498 3444 2754 3513 scriptum
2784 3445 2884 3509 sit,
2917 3445 3062 3514 Ejice
3100 3449 3338 3502 ancillam
3375 3460 3421 3503 et
3458 3452 3622 3520 [illum
3660 3450 3806 3521 ejus;

2218 3551 2375 3605 neque
2419 3536 2551 3589 enim
2597 3537 2757 3592 [iteres
2799 3539 2891 3592 erit
2940 3538 3077 3608 ﬁlius
3127 3540 3332 3596 ancillte
3385 3559 3497 3596 cum
3550 3544 3657 3612 ﬁlio
3697 3560 3806 3597 meo

2217 3625 2371 3683 Isaac
2415 3627 2554 3698 (Cal.
2578 3645 2652 3693 IV,
2677 3630 2767 3697 26,
2791 3631 2881 3698 50,
2909 3644 2953 3686 et
2982 3630 3110 3688 Cen.
3141 3650 3262 3700 χχι,
3310 3634 3398 3705 10)
3434 3652 3451 3689 :
3482 3644 3537 3690 et
3578 3636 3806 3691 Abraha:

2217 3717 2413 3774 dixerit
2433 3720 2596 3785 Dens,
2626 3720 2693 3775 In
2715 3719 2864 3775 Isaac
2889 3725 3144 3777 vocabitur
3187 3726 3277 3778 tibi
3294 3743 3461 3780 semen
3494 3725 3642 3801 (Cen.
3678 3744 3767 3783 ιιι
3788 3768 3804 3793 ,

2221 3809 2322 3878 12,
2367 3820 2414 3864 et
2467 3810 2616 3865 Rom.
2676 3828 2759 3879 Ix,
2804 3813 2836 3866 7
2863 3823 2907 3867 et
2934 3815 2988 3883 3)
3034 3831 3052 3868 :
3092 3816 3229 3884 quod
3268 3817 3345 3872 sic
3383 3826 3466 3872 est
3519 3818 3807 3889 Apostolus

2219 3902 2631 3973 interpretatus,
2663 3915 2721 3959 ut
2749 3905 2978 3973 diceret,
3010 3903 3077 3959 Id
3105 3916 3195 3971 est,
3229 3923 3330 3960 non
3354 3909 3439 3979 qni
3464 3907 3561 3976 [itii
3605 3910 3802 3974 carnis,

2221 3995 2275 4049 hi
2318 3996 2412 4064 [iiii
2457 3994 2589 4063 Dei;
2636 3997 2724 4050 sed
2767 3997 2862 4065 ﬁlii
2902 3996 3246 4066 promissionis
3284 3998 3590 4069 deputantur
3628 3999 3680 4053 in
3718 4016 3803 4054 se-

2220 4088 2354 4142 mine
2409 4097 2466 4143 ut
2526 4090 2942 4161 intelligeremns
3000 4088 3179 4145 semen
3235 4090 3464 4145 Abraha:
3513 4090 3804 4147 secundum

2219 4175 2369 4235 Isaac
2410 4189 2626 4250 propter
2666 4179 2935 4237 Christum
2980 4181 3046 4236 ad
3086 4180 3179 4237 Dei
3216 4181 3353 4236 filios
3385 4182 3683 4253 pertinere,
3717 4184 3805 4253 qui

2220 4280 2345 4324 sunt
2372 4285 2565 4341 corpus
2592 4271 2789 4331 Christi
2829 4283 2881 4329 et
2920 4273 3158 4328 membra
3180 4314 3196 4340 ,
3224 4274 3275 4328 id
3303 4286 3413 4340 est,
3449 4275 3679 4329 Ecclesia
3714 4275 3805 4330 Dei

2220 4375 2356 4427 una,
2391 4376 2547 4430 vera,
2579 4378 2831 4433 germana
2851 4405 2868 4431 ,
2899 4364 3158 4419 catholica
3180 4405 3195 4431 ,
3228 4372 3416 4419 tenens
3439 4365 3579 4434 piam
3611 4364 3803 4431 fidem;

2220 4464 2329 4505 non
2352 4465 2468 4506 eam
2491 4468 2608 4522 qute
2631 4469 2725 4522 per
2743 4455 3027 4509 elationem
3047 4454 3130 4510 vel
3153 4454 3417 4517 timorem,
3440 4453 3533 4507 sed
3554 4469 3671 4509 eam
3689 4471 3807 4526 qua:

2220 4556 2319 4610 per
2346 4541 2684 4596 dilectionem
2716 4554 2969 4613 operatur
2994 4543 3191 4614 (Galat.
3220 4559 3276 4609 v,
3303 4543 3361 4613 6)
3392 4561 3404 4597 :
3435 4552 3613 4599 tamen
3645 4546 3804 4600 etiam

2222 4631 2358 4686 filios
2391 4632 2806 4687 concubinarum
2842 4634 3055 4704 quando
3083 4650 3114 4689 a
3140 4634 3248 4690 filio
3272 4651 3371 4690 suo
3398 4635 3542 4691 Isaac
3568 4637 3765 4691 dimisit
3787 4638 3801 4668 ⁸

2220 4724 2513 4791 Abraham,
2540 4725 2791 4781 nonnulla
2818 4727 2897 4782 eis
2926 4726 3146 4798 largitus
3174 4736 3259 4784 est
3283 4744 3525 4797 munera,
3556 4746 3621 4785 ne
3648 4729 3806 4783 retin.

2221 4824 2511 4888 querentur
2539 4818 2684 4871 omni
2715 4818 2876 4874 modo
2903 4818 3118 4884 inanes,
3147 4835 3251 4876 non
3282 4829 3335 4875 ut
3364 4829 3669 4877 tenerentur
3693 4818 3803 4875 ha:—

2222 4906 2399 4963 redes.
2431 4907 2521 4963 Sic
2545 4907 2690 4963 enim
2718 4909 2943 4981 legimus
2974 4928 2987 4965 :
3022 4908 3175 4966 Dedit
3212 4918 3377 4966 autem
3412 4912 3662 4965 Abraham
3693 4926 3803 4964 om-

2222 5016 2334 5057 nem
2356 5018 2560 5057 censum
2580 5018 2727 5057 suum
2751 5001 2901 5057 Isaac
2922 5003 3029 5074 [ilio
3047 5020 3176 5069 suo;
3201 5014 3247 5058 et
3270 5004 3393 5074 ﬁliis
3418 5003 3808 5058 concubinarum

2221 5111 2430 5152 suarum
2457 5094 2594 5149 dedit
2620 5094 2876 5150 Abraham
2901 5113 3131 5163 munera,
3168 5106 3215 5149 et
3242 5096 3430 5148 dimisit
3456 5111 3539 5146 eos
3567 5094 3628 5145 ab
3661 5093 3809 5147 Isaac

2225 5191 2333 5260 ﬁlio
2357 5206 2449 5245 suo
2491 5187 2642 5262 (Cen.
2673 5206 2798 5257 xxv,
2827 5190 2892 5256 5,
2926 5190 3003 5260 6).
3035 5191 3089 5245 Si
3119 5204 3246 5256 ergo
3286 5187 3378 5240 filii
3419 5201 3604 5241 sumus
3631 5187 3809 5241 libera:

2224 5282 2517 5338 Jerusalem
2538 5323 2554 5349 ,
2582 5283 2684 5338 alia
2712 5282 2849 5337 dona
2879 5279 3335 5336 exhaeredatorum
3353 5319 3368 5344 ,
3405 5279 3506 5331 alia
3547 5278 3808 5348 intelliga-

2226 5389 2345 5430 mus
2366 5373 2659 5431 hteredum.
2683 5373 2747 5429 lli
2769 5375 2909 5429 enim
2935 5371 3175 5427 haerech
3194 5379 3337 5435 sunt,
3367 5372 3558 5441 quibus
3580 5371 3775 5427 dicitur
3793 5390 3806 5426 :

2230 5465 2354 5522 Non
2379 5467 2511 5523 enim
2542 5466 2804 5536 accepistis
2831 5464 3065 5535 spiritum
3090 5463 3341 5517 servitutis
3370 5464 3550 5518 iterum
3579 5465 3809 5549 in'tinto-

2292 5631 2308 5662 ¹
2347 5630 2464 5680 Editi
2498 5630 2589 5680 hoc
2626 5636 2677 5679 et
2699 5626 2917 5690 proximo
2952 5624 3077 5685 loco,
3102 5623 3280 5677 divisit.
3313 5632 3366 5675 Αι
3396 5633 3501 5675 Mss.
3534 5632 3812 5690 constanth

2229 5691 2414 5759 habent
2436 5690 2621 5759 dimisit
2644 5702 2660 5740 :
2680 5686 2819 5759 juxta
2841 5701 3054 5759 graeculi]
3077 5695 3207 5748 LXX,
3230 5696 3406 5759 Cenes.
3432 5703 3537 5759 cap.
3564 5687 3658 5758 25,
3758 5686 3810 5752 ϐ,

2231 5751 2313 5806 Ιαιὶ
2326 5750 2646 5817 exapesteilen
2665 5750 2847 5804 attloits.
2875 5750 3131 5804 Hebraeum
3147 5750 3353 5802 verbum
3375 5750 3528 5813 sanat,
3554 5750 3724 5801 emisit.
