4140 6216
320 402 424 459 625

318 531 461 579 rem;
490 512 578 567 sed
603 510 863 581 a'ccepistis
887 510 1122 579 spiritum
1150 509 1437 577 adoptionis
1465 507 1707 575 ﬁliorum,
1737 507 1788 559 in
1808 522 1906 576 quo

317 606 618 669 clamamus,
649 602 808 666 Abba,
839 600 993 654 Pater
1025 601 1198 672 (Rom.
1226 617 1339 666 vut,
1372 601 1583 670 14-17).

391 694 614 769 CAPUT
655 692 848 747 XXIX.
885 723 956 733 —-
991 693 1081 746 26.
1116 692 1384 745 Patientitc
1413 707 1692 762 pauperum
1718 690 1907 746 Christi

317 802 504 840 merces
545 795 752 839 trterna.
796 783 1102 839 Clamemus
1136 799 1264 854 ergo
1293 784 1481 852 spiritu
1509 785 1819 850 charitatis,
1853 794 1906 838 et

317 880 489 934 donec
517 877 788 931 veniamus
825 876 891 930 ad
933 875 1294 929 lucreditatem
1326 875 1376 928 in
1409 890 1510 945 qua
1540 890 1751 944 semper
1791 890 1904 929 ma-

317 965 560 1037 neamus,
591 970 795 1024 liberali
824 983 1006 1023 amore
1031 969 1220 1030 simus,
1253 983 1354 1022 non
1383 967 1563 1023 servili
1595 968 1785 1021 timore
1813 981 1903 1036 pa-

283 1066 509 1142 Eitientes
527 1063 566 1116 ί.
588 1061 916 1126 Clamemus,
943 1058 1198 1129 quamdiu
1221 1073 1482 1128 pauperes
1502 1073 1708 1123 sumus,
1731 1058 1904 1113 donec

281 1133 406 1220 {illa
438 1153 746 1208 haereditate
785 1151 1036 1206 ditemur.
1079 1149 1266 1219 Magna
1308 1149 1501 1218 quippe
1533 1149 1655 1205 inde
1682 1149 1903 1220 pignora

277 1217 294 1326 ξ
313 1246 656 1314 accepimus,
688 1243 831 1313 quod
869 1242 936 1296 ad
974 1256 1074 1295 nos
1103 1217 1347 1294 (blandos
1383 1217 1585 1309 pauper
1622 1217 1794 1293 factus
1819 1249 1905 1294 est

314 1335 582 1398 Christus,
610 1349 715 1404 quo
743 1334 795 1387 in
818 1346 1074 1401 supernas
1095 1330 1303 1385 divitias
1330 1331 1578 1395 exaltato,
1603 1331 1798 1384 missus
1821 1339 1904 1383 cst

312 1429 404 1499 qni
433 1438 613 1483 sancta
647 1428 909 1483 desideria
949 1427 1144 1481 nostris
1181 1427 1428 1481 cordibus
1468 1427 1751 1495 inspiraret
1779 1426 1900 1495 Spi-

315 1522 450 1574 ritus
495 1529 728 1574 sanctus.
764 1521 959 1572 llnrum
998 1533 1289 1587 pauperum
1331 1517 1505 1573 adhuc
1546 1517 1898 1583 credentium,

312 1611 548 1666 nondum
571 1611 1039 1678 contemplantium
1059 1627 1072 1674 ;
1096 1609 1269 1663 adhuc
1289 1610 1637 1678 spcrantium,
1664 1609 1898 1663 nondum

313 1703 640 1767 tenentium;
663 1701 835 1756 adhuc
857 1701 1123 1756 desiderio
1143 1701 1542 1770 suspirantium,
1567 1699 1800 1754 nondum
1824 1700 1902 1755 fe-

313 1793 512 1848 licitate
542 1793 910 1864 regnantium;
940 1793 1112 1847 adhuc
1138 1793 1480 1847 esurientium
1507 1799 1560 1846 et
1585 1792 1898 1855 sitientium,

380 1905 397 1935 ⁸
435 1912 483 1953 In
506 1906 730 1954 omnibus
763 1916 913 1965 prope
953 1911 1079 1962 Mss,
1125 1902 1391 1965 patientes;
1429 1903 1516 1965 sed
1541 1902 1591 1950 in
1613 1902 1900 1965 quibusdam

311 1965 386 2025 sic
407 1967 559 2014 verba
597 1963 901 2025 interpuncta
942 1971 1055 2011 sunt
1081 1977 1092 2011 :
1115 1976 1208 2012 non
1231 1963 1394 2012 servili
1425 1963 1612 2012 timore.
1630 1963 1644 1964 “
1663 1964 1898 2013 patientes

310 2024 589 2084 clamemus,
610 2034 705 2075 etc.
731 2024 781 2073 tn
799 2024 942 2073 editis
964 2032 1127 2072 autem
1150 2036 1260 2072 cum
1279 2025 1452 2074 eadem
1469 2026 1728 2074 verborum
1749 2027 1902 2075 inter-

312 2083 584 2150 punctione
600 2087 781 2149 legitur
797 2119 812 2145 ,
838 2083 1095 2145 Patienter,
1124 2091 1216 2134 etc.

918 396 1310 453 'ADMONITIO
1350 397 1413 452 IN
1451 393 1810 452 SERMONES
1847 394 1936 448 DE
1972 391 2291 451 SYMBOLO
2328 398 2420 452 AD
2457 397 3026 458 CATECHUMENOS.

3499 409 3606 468 626

2016 507 2250 561 nondum
2291 510 2600 564 satiatorum
2633 529 2645 563 :
2678 513 2872 590 horum
2895 529 3020 585 ergo
3046 532 3322 586 pauperum
3355 521 3604 590 patientia

2015 615 2117 651 non
2144 600 2316 668 peribit
2345 602 2394 653 in
2418 611 2656 654 wternum
2687 603 2854 672 (Psal.
2880 622 2958 668 Ix,
2987 607 3074 677 19)
3100 627 3113 660 :
3139 625 3241 662 non
3267 613 3388 680 quia
3414 622 3467 668 et
3490 615 3602 670 illic

2018 690 2268 756 patientia
2309 692 2442 755 erit,
2476 692 2563 746 ubi
2609 694 2745 762 quod
2789 697 3040 751 toleretur
3069 715 3175 753 non
3209 704 3342 767 erit;
3375 705 3468 759 sed
3499 723 3602 762 non

2017 780 2215 848 peribit.
2240 781 2437 835 dictum
2460 793 2561 847 est,
2587 785 2708 853 quia
2731 785 3052 841 infructuosa
3081 806 3183 844 non
3205 793 3324 846 erit.
3347 793 3602 854 Fructum

2012 880 2192 924 autem
2217 871 2430 926 habebit
2452 885 2730 938 arternum,
2758 878 2875 932 ideo
2898 895 3001 932 non
3029 881 3218 948 peribit
3245 883 3294 936 in
3317 894 3600 942 :eternum.

2010 959 2113 1027 Qui
2143 964 2282 1016 enim
2326 965 2534 1019 laborat
2577 967 2834 1034 inaniter,
2869 985 2987 1025 cum
3021 988 3143 1027 eum
3175 991 3296 1042 spes
3326 976 3596 1044 fefellerit,

2009 1064 2230 1123 propter
2253 1071 2410 1124 quam
2443 1057 2737 1124 laborabat,
2767 1061 2956 1115 merito
2981 1062 3124 1127 dicit,
3156 1064 3365 1120 Perdidi
3395 1076 3599 1126 tantum

2011 1142 2246 1199 laborem
2278 1164 2290 1198 :
2320 1147 2558 1216 quisquis
2589 1164 2716 1203 vero
2745 1150 2810 1203 ad
2847 1152 2929 1205 sui
2966 1153 3161 1209 laboris
3190 1158 3448 1224 promissa
3473 1174 3596 1229 per-

2009 1236 2232 1301 venerit,
2267 1239 2536 1306 gratulans
2563 1241 2708 1305 dicit,
2742 1241 2854 1296 Non
2889 1245 3092 1312 perdidi
3122 1247 3356 1304 laborem
3394 1266 3593 1308 meum.

2010 1327 2212 1382 Dicitur
2240 1345 2368 1399 ergo
2394 1331 2542 1385 labor
2573 1348 2678 1386 non
2717 1336 2918 1403 perisse
2939 1377 2953 1401 ,
2985 1353 3088 1390 non
3115 1340 3236 1408 quia
3267 1350 3449 1397 manet
3472 1359 3596 1414 per-

2009 1426 2232 1486 petuus,
2267 1418 2359 1472 sed
2390 1420 2511 1489 quia
2545 1437 2647 1476 non
2679 1433 2762 1476 est
2802 1424 3028 1479 inaniter
3069 1426 3234 1482 fusus.
3277 1429 3366 1485 Sic
3408 1442 3463 1487 et
3504 1449 3597 1503 pa-

2011 1508 2190 1562 tientia
2225 1525 2510 1579 pauperum
2541 1513 2772 1579 Christi,
2816 1515 2908 1569 sed
2949 1516 3283 1574 ditandorum
3321 1521 3593 1578 hmredum

2006 1598 2240 1666 Christi,
2291 1619 2396 1657 non
2445 1606 2633 1673 peribit
2681 1607 2730 1659 in
2775 1618 3030 1664 asternum
3067 1629 3078 1663 :
3113 1627 3214 1664 non
3257 1614 3377 1681 quia
3406 1625 3460 1668 et
3488 1614 3596 1670 illic

2008 1693 2270 1760 patienter
2307 1695 2445 1748 ferre
2479 1695 2786 1764 jubebimur
2809 1741 2823 1761 ,
2853 1701 2943 1752 sed
2974 1703 3093 1769 quia
3126 1718 3220 1770 pro
3251 1704 3314 1756 iis
3353 1719 3470 1773 qua:
3505 1703 3594 1760 hic

2007 1784 2272 1853 patienter
2300 1786 2630 1854 pertulimus,
2660 1798 2854 1844 {eterna
2888 1791 3211 1846 beatitudine
3239 1793 3589 1862 perfruemur.

2004 1874 2122 1930 Non
2148 1876 2294 1930 dabit
2321 1877 2477 1932 finem
2505 1882 2842 1950 sempiterna:
2870 1883 3130 1951 felicitati,
3159 1886 3246 1954 qui
3268 1885 3430 1940 donat
3455 1894 3592 1941 tem-

2005 1967 2241 2034 poralem
2272 1970 2577 2037 patientiam
2606 1973 2862 2026 voluntati
2893 1990 2906 2027 :
2935 1975 3058 2044 quia
3089 1983 3372 2046 utrumque
3397 1990 3593 2031 munus

2004 2056 2213 2114 donata:
2242 2060 2492 2115 donatum
2523 2071 2605 2117 est
2632 2063 2896 2119 charitati.

1457 2445 2462 2578 ADMONITIO

935 2675 1016 2735 ΙΝ
1059 2673 1477 2737 SERMONES
1530 2676 1638 2736 DE
1693 2676 2071 2738 SYMBOLO
2125 2680 2232 2740 AD
2285 2681 2950 2746 CATECHUMENOS.

376 2961 614 3030 Quatuor
633 2959 720 3014 isti
753 2973 1028 3015 sermones
1061 2959 1387 3030 conjunctim
1416 2961 1608 3032 vulgati
1634 2963 1764 3018 alias
1791 2963 2000 3020 fuerunt
2027 2966 2081 3020 in
2113 2976 2256 3020 tomo
2297 2983 2458 3034 nono,
2493 2969 2703 3039 etapud
2749 2979 2956 3026 veteres
2983 2971 3192 3028 codices
3217 2973 3341 3029 Mss.
3371 2975 3591 3045 pertnde

303 3064 464 3126 atque
505 3053 643 3125 apud
674 3069 901 3109 excuses
928 3056 1261 3125 appellantur
1293 3057 1359 3111 de
1384 3056 1639 3127 Symbolo
1670 3058 1788 3111 libri
1843 3067 2066 3128 quatuor
2088 3101 2101 3123 ,
2135 3061 2538 3130 tribuunturque
2574 3064 2889 3131 Augustino.
2921 3065 3130 3119 Primus
3161 3067 3373 3136 quidem
3403 3083 3587 3123 sermo

303 3146 659 3217 Augustinum
681 3147 894 3200 omnino
925 3147 1118 3201 refert:
1150 3164 1254 3202 non
1297 3149 1370 3202 ita
1400 3163 1527 3203 vero
1568 3159 1674 3204 tres
1694 3150 1802 3203 alii.
1836 3150 2043 3220 Quippe
2087 3151 2140 3205 in
2173 3151 2253 3204 his
2282 3153 2451 3207 tribus
2478 3154 2688 3208 dicendi
2716 3171 2886 3224 genus
2921 3157 3176 3212 incultum
3201 3170 3254 3214 et
3293 3161 3585 3232 abjectum,

305 3258 412 3299 non
445 3244 605 3297 habet
626 3244 755 3298 satis
785 3244 978 3314 ingenii
1001 3254 1054 3299 et
1077 3246 1373 3316 gravitatis,
1419 3244 1574 3300 sicuti
1602 3244 1780 3299 videre
1798 3253 1880 3299 est
1901 3247 1954 3300 in
1983 3260 2233 3300 sermone
2269 3247 2526 3312 secundo,
2550 3248 2638 3301 ubi
2661 3250 2875 3319 legitur,
2923 3252 3097 3319 capite
3124 3252 3159 3305 2
3197 3271 3209 3306 :
3243 3252 3502 3308 Habemus
3527 3264 3578 3309 et

304 3354 397 3392 nos
416 3335 734 3408 spiritualem
766 3346 988 3391 nostrum
1014 3341 1262 3410 aurigam,
1294 3349 1520 3393 sanctum
1552 3345 1848 3410 prapttetant
1878 3337 2070 3402 Eliam,
2095 3340 2180 3410 qui
2206 3340 2465 3410 quadriga:
2487 3341 2648 3412 ignea:
2668 3343 3084 3412 superimpositus
3106 3355 3300 3401 tantum
3330 3351 3573 3415 cucurrit,

303 3439 360 3483 ut
391 3437 548 3480 metas
573 3426 834 3497 prenderet
865 3429 994 3481 caeli.
1020 3429 1307 3498 Scriptura:
1347 3430 1462 3483 loca
1495 3430 1790 3498 peregrinis
1818 3431 1994 3485 verbis
2019 3431 2251 3484 citantur
2285 3431 2549 3486 interdum
2581 3441 2635 3486 et
2659 3433 2993 3502 explicantur
3015 3451 3083 3492 eo
3105 3438 3264 3492 modo
3289 3453 3353 3492 ac
3396 3455 3582 3506 sensu,

302 3537 460 3593 quem
491 3521 785 3591 Augustino
821 3521 1123 3576 adscribere
1151 3538 1253 3576 non
1303 3523 1582 3588 audemus,
1607 3530 1663 3575 ut
1711 3523 1761 3576 in
1810 3523 2046 3592 ejusdem
2093 3523 2354 3578 sermonis
2387 3525 2558 3593 capite
2587 3525 2642 3589 5,
2690 3542 2782 3580 nn.
2813 3527 2882 3582 15
2912 3538 2964 3582 et
3009 3530 3092 3582 14.
3121 3529 3273 3584 Hunc
3329 3540 3584 3600 prazterea

302 3632 607 3674 sermonem
644 3626 884 3687 tempore
927 3617 1310 3684 persecutionis
1338 3617 1662 3682 Vaudalicm,
1693 3617 1976 3672 demortuo
1999 3617 2107 3686 jam
2137 3617 2705 3687 Augustinohabitum,
2733 3634 2853 3672 cum
2889 3619 3068 3674 Ariani
3091 3620 3390 3676 CatholiCns
3412 3624 3586 3678 modis

303 3711 553 3765 omnibus
581 3717 864 3774 tentarent,
893 3708 1169 3763 beneficiis
1186 3725 1333 3776 reque
1358 3724 1419 3764 ac
1448 3709 1652 3778 injuriis
1695 3718 1980 3763 avocantes
2010 3723 2040 3762 a
2069 3707 2191 3772 ﬁde,
2223 3709 2561 3778 suSpicamur
2589 3725 2656 3764 ex
2685 3710 2792 3765 illis
2819 3711 2870 3764 in
2903 3713 3004 3766 line
3032 3713 3207 3766 verbis
3242 3731 3255 3766 :
3299 3713 3585 3770 liwreticus

303 3805 524 3860 Arianus
565 3819 662 3857 non
691 3803 892 3857 insultet
923 3801 1180 3855 Ecclesiw.
1233 3800 1412 3871 Lupus
1439 3811 1534 3867 cst,
1564 3802 1820 3873 agnoscite
1841 3817 1858 3853 :
1879 3817 2082 3870 serpens
2121 3810 2213 3866 est,
2245 3801 2355 3869 ejus
2381 3801 2548 3869 capita
2596 3811 2942 3868 conquassate.
2975 3801 3266 3869 Blanditur,
3291 3804 3378 3856 sed
3398 3805 3530 3874 fallit
3562 3821 3583 3858 :

301 3898 460 3952 multa
484 3896 751 3967 promittit,
775 3894 862 3949 sed
887 3894 1089 3964 decipit,
1112 3903 1215 3949 etc.
1249 3893 1304 3948 In
1337 3908 1584 3949 sermone
1609 3895 1767 3949 tertio
1792 3902 1846 3947 et
1874 3900 2062 3962 quarto
2092 3900 2368 3946 morantur
2397 3907 2493 3946 nos
2526 3907 2700 3946 causae
2726 3892 3000 3947 dubitandi
3029 3895 3189 3948 etiam
3205 3895 3342 3949 bene
3373 3897 3577 3964 multze,

301 4003 474 4058 neque
503 3985 746 4041 leviores.
779 3984 1052 4039 Possidius
1080 3985 1133 4039 in
1157 3983 1417 4048 lndiculo,
1446 3998 1564 4053 cap.
1613 3983 1702 4050 10,
1734 3989 1978 4037 recenset
2002 3981 2070 4038 de
2096 3981 2350 4052 Symbolo
2377 3990 2629 4036 tractatus
2665 3991 2773 4038 tres
2807 4001 2819 4036 :
2853 3983 2948 4038 sed
2994 3984 3088 4040 bos
3117 3986 3170 4039 in
3191 3987 3468 4056 superiore
3496 3999 3579 4044 to-

299 4095 389 4136 mo
413 4079 730 4134 Sermonum
753 4078 936 4145 habes,
977 4077 1163 4132 ordine
1186 4077 1312 4141 219.,
1332 4077 1458 4142 215,
1484 4090 1600 4145 sqq.

370 4172 484 4228 Sub
512 4171 669 4226 linem
699 4171 828 4224 tomi
849 4171 973 4225 item
996 4170 1120 4224 noni
1151 4169 1399 4225 editionis
1420 4183 1512 4237 per
1539 4167 1900 4223 Lovanienses
1919 4167 2191 4224 adornatae
2227 4167 2532 4225 referuntur
2553 4171 2952 4239 quatuordecim
2982 4181 3258 4240 tractatus,
3287 4191 3420 4246 quos
3447 4191 3578 4247 pau-

299 4265 376 4320 cis
397 4264 632 4333 exceptis
659 4261 845 4316 duhios
869 4262 1123 4317 habemus
1151 4276 1212 4316 ac
1238 4260 1559 4316 subdititios.
1587 4259 1788 4314 Horum
1829 4260 2041 4330 quidam
2069 4262 2120 4315 in
2166 4263 2528 4332 Appendicem
2581 4263 2763 4333 rejecti
2789 4275 2934 4332 sunt,
2957 4266 3172 4337 quidam
3194 4283 3322 4322 vero
3353 4269 3439 4326 hic
3479 4285 3577 4326 suo

300 4356 418 4412 loco
462 4355 602 4427 typis
654 4353 1022 4408 minutioribus
1051 4355 1338 4425 impressi,
1374 4362 1432 4408 ut
1457 4368 1636 4409 sermo
1664 4353 1729 4409 de
1758 4362 1946 4425 quarta
1975 4353 2150 4416 Feria,
2176 4371 2270 4410 seu
2293 4356 2358 4411 de
2388 4355 2607 4410 Cultura
2644 4357 2755 4428 agri
2795 4357 3067 4426 dominici,
3097 4360 3149 4414 in
3176 4362 3328 4431 cujus
3354 4365 3578 4435 capite3

298 4451 448 4506 locus
474 4452 720 4514 Actuum,
767 4465 802 4511 ι,
834 4450 921 4513 18,
953 4459 1006 4503 et
1035 4451 1087 4505 in
1115 4452 1288 4520 capite
1333 4452 1457 4505 item
1485 4451 1517 4506 6
1563 4453 1707 4506 locns
1747 4451 1988 4520 Joannis,
2027 4468 2100 4522 Vl,
2126 4453 2216 4521 51,
2256 4456 2486 4510 citantur
2522 4456 2661 4513 haud
2705 4459 2831 4513 satis
2875 4469 3119 4514 accurate
3153 4477 3164 4512 :
3213 4468 3573 4529 przcterquam

299 4543 440 4615 quod
468 4542 521 4596 in
544 4541 714 4612 capite
739 4542 770 4595 7
796 4544 1094 4610 persecutio
1134 4541 1418 4597 Vandaliea
1469 4551 1648 4598 notata
1706 4543 1934 4598 videtur.
1981 4543 2170 4600 Sermo
2211 4546 2367 4600 etiam
2407 4547 2473 4601 dc
2520 4549 2877 4620 Cataclysmo,
2906 4549 2994 4602 uhi
3021 4563 3138 4617 cap.
3167 4548 3203 4601 2
3229 4549 3442 4612 dicitur,
3468 4550 3574 4602 Ba-

299 4638 494 4708 ptismo
514 4649 848 4693 restauratum
869 4656 1052 4712 corpus
1073 4642 1140 4694 ad
1162 4642 1378 4711 priorem
1406 4650 1593 4695 statunt
1632 4641 1782 4712 primi
1826 4641 2041 4694 hominis
2085 4651 2200 4694 ante
2229 4649 2504 4710 peccatum.
2553 4641 2618 4694 Et
2669 4642 2857 4695 Sermo
2882 4640 2949 4694 de
2976 4641 3238 4708 Tempore
3271 4641 3576 4708 Barbarico,

242 4724 259 4831 η
298 4733 384 4802 qui
406 4733 580 4802 capite
611 4736 957 4804 praesertim4
985 4737 1271 4791 nonnnulla
1299 4739 1540 4791 continet
1566 4736 1744 4789 minus
1797 4743 2154 4789 consentanea
2179 4747 2344 4786 sacrae
2399 4733 2690 4786 Bibliorum
2742 4731 2999 4796 historiae,
3055 4746 3263 4785 necnon
3319 4731 3574 4786 exhorta-

252 4823 260 4884 ἓ
300 4825 499 4880 tionem
526 4824 578 4878 in
608 4824 712 4881 line
729 4827 794 4881 ad
816 4827 1144 4883 roborandus
1160 4828 1464 4884 Catholicos
1477 4838 1660 4882 contra
1687 4827 2114 4897 persecutionem
2133 4824 2474 4878 Arianorum.
2502 4824 2668 4880 Stilus
2689 4833 2833 4879 certe
2856 4825 3046 4879 horum
3073 4825 3229 4878 trium
3251 4839 3402 4894 teque
3427 4823 3577 4880 rudis

299 4931 362 4971 ac
387 4916 652 4971 demissus
672 4918 996 4987 minimeque
1024 4920 1458 4989 Augustinianus.
1487 4919 1721 4988 Denique
1759 4917 2008 4974 eumdem
2036 4915 2306 4970 auctorem
2335 4916 2548 4985 sapiunt
2577 4925 2684 4970 tum
2721 4916 2808 4970 isti
2830 4930 3130 4980 sermones,
3169 4924 3276 4968 tum
3304 4915 3392 4968 alii
3419 4929 3578 4985 supra

296 5008 362 5063 de
390 5008 645 5080 Symbolo
669 5019 774 5066 tres
795 5011 1064 5074 recensiti,
1101 5011 1329 5080 aliquem
1371 5011 1508 5065 forte
1528 5025 1593 5064 ex
1614 5010 1887 5079 discipulis
1915 5010 2213 5080 Augustini,
2239 5009 2390 5079 cujus
2419 5009 2708 5063 sententias
2731 5007 3016 5073 interdum,
3056 5007 3214 5061 tacito
3239 5005 3295 5060 S.
3327 5007 3574 5060 Doctoris

298 5102 534 5168 nomine,
568 5101 800 5172 profert;
834 5102 995 5156 veluti
1036 5101 1178 5156 illam
1212 5103 1265 5156 in
1291 5116 1538 5157 sermone
1566 5101 1634 5157 de
1657 5102 2007 5172 Cataclysmo,
2031 5117 2149 5171 cap.
2171 5103 2223 5163 ὅ,
2253 5101 2397 5155 Tolle
2442 5101 2666 5166 verbum,
2724 5109 2768 5155 et
2793 5100 2914 5171 quid
2955 5109 3025 5154 est
3069 5115 3200 5169 aqua
3258 5099 3354 5153 nisi
3395 5099 3573 5169 aqua?

293 5191 500 5247 Accedit
522 5194 721 5247 verbum
749 5195 814 5247 ad
838 5195 1174 5260 elementum,
1204 5202 1248 5246 et
1274 5194 1331 5262 ﬁt
1355 5200 1725 5246 sacramentum
1754 5208 1772 5244 :
1811 5208 1929 5261 qua:
1958 5193 2209 5246 nimirum
2237 5192 2393 5246 ducta
2423 5201 2506 5246 est
2541 5207 2606 5247 ex
2652 5191 2905 5247 Tractatu
2931 5191 3000 5246 80
3037 5191 3088 5245 in
3119 5189 3400 5257 Joannem,
3426 5206 3480 5243 n.
3513 5191 3570 5246 3.

295 5287 560 5342 Haesimus
598 5287 759 5342 etiam
785 5289 1110 5359 aliquantum
1147 5288 1288 5343 circa
1326 5300 1630 5341 sermonem
1658 5284 1724 5339 de
1749 5284 1968 5339 Cantico
1986 5300 2143 5348 novo,
2172 5299 2269 5340 nec
2305 5284 2420 5339 sine
2467 5285 2640 5354 aliqua
2672 5286 3010 5339 cunctatione
3041 5285 3181 5354 paS‘i
3211 5298 3416 5349 sumus,
3449 5297 3571 5337 cum

297 5384 515 5438 nomine
545 5384 843 5454 Augustini,
877 5384 1017 5454 quod
1033 5384 1159 5439 olim
1176 5383 1333 5453 gerit,
1365 5394 1578 5436 rursum
1603 5378 1811 5434 excudi.
1835 5379 1887 5432 In
1932 5378 2103 5448 capite
2129 5379 2163 5433 5
2190 5379 2368 5448 plures
2391 5377 2551 5432 habet
2575 5378 2869 5433 sententias
2889 5393 2958 5432 ex
2983 5386 3242 5448 sequente
3265 5377 3424 5447 paulo
3456 5384 3578 5446 post
3657 5393 3662 5400 ·

295 5494 550 5537 sermone
579 5479 647 5536 de
677 5480 902 5537 utilitate
928 5480 1141 5550 Jejunii,
1171 5493 1289 5550 cap.
1317 5479 1370 5543 '5,
1403 5476 1729 5544 desumptas,
1754 5473 1976 5538 scilicet,
2006 5472 2159 5528 Si...
2187 5473 2422 5543 jnmento
2467 5472 2728 5537 iusideres,
2751 5472 2884 5541 quod
2908 5480 2954 5525 te
2984 5471 3238 5542 gestiendo
3265 5470 3406 5524 vellet
3429 5485 3572 5539 pra'-

295 5571 529 5643 cipitare,
566 5578 696 5638 etc.,
718 5573 876 5640 inque
901 5571 1013 5642 ejus
1042 5572 1145 5628 line
1178 5569 1520 5627 concionator
1549 5565 1614 5622 ad
1641 5562 2005 5634 baptizandos,
2040 5562 2250 5629 Μαι-θος,
2280 5563 2467 5634 inquit,
2491 5571 2660 5620 nostra
2684 5572 2776 5627 est,
2799 5571 2852 5618 ut
2881 5563 2932 5619 in
2957 5561 3046 5617 illo
3065 5570 3239 5616 sancto
3260 5564 3396 5631 fonte
3418 5561 3576 5630 adjup

299 5665 420 5726 retis
448 5680 540 5725 nos
561 5663 868 5723 orationibus
887 5665 1059 5722 vestris
1087 5679 1104 5721 ε
1133 5662 1272 5736 quod
1303 5659 1567 5721 sermonis
1594 5656 1833 5734 proxime
1848 5654 2219 5727 subsequentis
2237 5663 2420 5715 auctor
2445 5669 2552 5715 non
2580 5652 2897 5716 absimiliter
2915 5651 3201 5730 exposcita
3219 5649 3572 5728 baptizandis,

298 5755 406 5819 Pro
429 5769 601 5818 nostra
629 5759 875 5830 mercede,
900 5759 952 5816 in
976 5757 1064 5817 illo
1083 5757 1421 5817 sacratissimo
1450 5759 1590 5830 fonte
1617 5767 1708 5829 pro
1739 5749 1879 5809 nobis
1899 5755 2040 5807 orata

2703 5867 2748 5881 β’.
