4140 6216
526 352 3789 419 M

1150 476 1297 590 8.
1380 473 2138 613 AUBELII
2228 472 3219 588 AUGUSTINI

1715 660 2228 724 HIPPONENSIS
2280 662 2632 726 EPISCOPI

833 836 836 840 ‘
1022 813 1455 1032 DE
1658 794 3317 1033 SYMBOLO

1249 1165 1651 1253 SERMO
1712 1164 1870 1249 AD
1947 1150 2905 1249 CATECHUMENOS
2947 1149 3063 1246 (α).

1924 1397 2415 1464 SERMONES

729 1528 813 1572 DE
858 1525 1166 1573 SYMBOLO.

731 1600 815 1651 DE
859 1607 1168 1651 DISCIPLIN
1178 1604 1215 1650 Α
1257 1603 1657 1650 CHRISTIANA.

649 1731 652 1734 .
733 1686 817 1730 DE
860 1686 1131 1731 CANTICO
1174 1684 1365 1729 πονο.

737 1760 821 1810 ΒΕ
864 1766 1118 1820 QUARTA
1162 1765 1378 1808 senta.

2427 1516 2509 1563 DE
2550 1514 2977 1565 CATACLYSMO.

2425 1598 2507 1641 ne
2552 1594 2848 1643 TEMPORE
2894 1592 3273 1645 nahnanrco.

2425 1676 2509 1721 DE
2553 1680 2891 1723 UTILITATE
2933 1678 3199 1724 JEJUN".

2427 1758 2511 1800 DE
2555 1760 2737 1803 UBBIS
2783 1760 3065 1804 EXCIDIO.

1985 1813 2355 1870 (εζθ-ἓωε-αὶϐο

604 1927 830 1985 CAPUT
877 1927 1163 1983 PRIMUM.
1210 1956 1283 1967 —-
1326 1928 1378 1979 i.
1421 1923 1719 1994 Symbolum
1763 1924 1942 1994 regula
1981 1922 2121 1991 ﬁdei.

537 2020 836 2091 Symbolum
864 2035 926 2073 ea:
956 2017 1239 2088 Seripturis
1278 2014 1545 2070 collectum
1588 2022 1679 2067 est.
1717 2013 1853 2067 Deus
1890 2014 2123 2084 omnipo-

538 2121 667 2166 tens.
685 2108 894 2164 Parvuli
914 2109 1246 2179 exsuﬁiantur
1268 2116 1313 2160 et
1335 2105 1702 2161 exorcizanlur.
1725 2104 1982 2174 Accipite,
2008 2104 2123 2170 lilii,

536 2203 775 2272 regulam
803 2199 948 2265 ﬁdei,
979 2199 1119 2269 quod
1150 2198 1460 2270 Symbolum
1486 2196 1702 2251 dicitur.
1732 2195 1798 2253 Et
1825 2209 1946 2248 cum
1975 2208 2129 2249 acce-

538 2295 745 2364 peritis,
776 2294 828 2348 in
855 2291 1018 2346 corde
1044 2292 1279 2357 scribite,
1308 2298 1363 2345 et
1386 2289 1621 2359 quotidie
1647 2288 1807 2343 dicite
1834 2286 1973 2357 apud
1997 2300 2126 2341 vos:

539 2395 825 2455 antequam
870 2383 1180 2448 dormiatis,
1232 2389 1513 2451 antequam
1569 2378 1899 2449 procedatis,
1950 2385 2129 2433 vestro

540 2477 795 2549 Symbolo
822 2489 920 2530 vos
944 2475 1163 2530 munite.
1199 2473 1508 2544 Symbolum
1548 2485 1707 2526 nemo
1733 2470 1918 2527 scribit
1948 2477 2005 2524 ut
2025 2470 2129 2539 legi

541 2570 709 2640 possit
738 2587 752 2624 :
778 2567 873 2624 sed
902 2567 969 2621 ad
998 2566 1381 2622 recensendum
1399 2606 1414 2631 ,
1442 2580 1510 2619 ne
1540 2563 1677 2619 forte
1714 2563 1892 2617 deleat
1933 2562 2130 2617 oblivio

540 2660 682 2730 quod
706 2658 918 2713 tradidit
938 2657 1231 2727 diligentia,
1252 2657 1325 2710 sit
1346 2654 1497 2710 vobis
1521 2653 1693 2710 codex
1722 2663 1895 2709 vestra
1924 2666 2129 2707 memo-

541 2753 644 2807 ria.
672 2750 822 2818 Quod
852 2749 1081 2803 audituri
1121 2750 1251 2804 estis
1271 2790 1287 2815 ,
1319 2749 1420 2802 hoc
1448 2747 1732 2811 credituri;
1768 2755 1822 2801 et
1849 2745 1987 2815 quod
2016 2760 2133 2799 cre-

543 2841 818 2906 dideritis,
848 2839 949 2893 hoc
976 2840 1137 2893 etiam
1177 2839 1354 2908 lingua
1381 2836 1659 2892 reddituri.
1691 2838 1779 2891 Ait
1811 2837 1953 2891 enim
1984 2838 2129 2905 Apo-

544 2930 715 2987 stolus
737 2945 751 2981 :
776 2927 940 2992 Corde
958 2927 1182 2982 creditur
1206 2926 1274 2980 ad
1290 2927 1563 2995 justitiam,
1593 2942 1679 2980 ore
1698 2935 1867 2979 autem
1886 2926 2132 2994 confessio

545 3022 606 3093 ﬁt
627 3020 696 3076 ad
720 3020 933 3075 salutem
962 3018 1139 3088 (Rom.
1167 3034 1224 3085 χ,
1250 3017 1361 3087 ili).
1390 3017 1505 3073 Hoc
1522 3026 1605 3072 est
1630 3016 1773 3071 enim
1795 3015 2129 3087 Symbolum,

545 3114 685 3186 quod
711 3113 983 3170 recensuri
1011 3114 1139 3168 estis
1167 3121 1223 3167 et
1251 3110 1528 3166 reddituri.
1559 3110 1662 3164 ista
1698 3108 1861 3164 verba
1895 3124 2012 3178 qua:
2036 3123 2130 3163 au-

546 3207 734 3276 distis,
762 3221 859 3278 per
883 3205 1090 3262 divinas
1115 3205 1418 3275 Scripturas
1447 3219 1632 3273 sparsa
1666 3210 1791 3258 sunt
1825 3221 1837 3257 :
1873 3202 1968 3257 sed
2012 3201 2135 3258 inde

546 3305 771 3362 collecta
801 3309 857 3357 et
882 3301 950 3357 ad
979 3315 1140 3355 unum
1171 3298 1383 3354 redacta
1402 3339 1417 3363 ,
1449 3313 1517 3352 ne
1557 3296 1826 3352 tardorum
1856 3295 2132 3350 hominum

547 3395 806 3454 memoria
851 3392 1149 3454 laboraret;
1197 3399 1256 3444 ut
1294 3390 1468 3444 omnis
1512 3388 1672 3442 homo
1720 3388 1888 3456 possit
1933 3386 2128 3454 dicere,

547 3488 721 3556 possit
746 3493 930 3538 tenere
958 3479 1101 3550 quod
1136 3480 1325 3535 credit.
1363 3478 1626 3548 Numquid
1665 3479 1806 3533 enim
1845 3477 2004 3532 modo
2042 3492 2131 3533 so-

549 3573 824 3632 lummodo
852 3571 1072 3627 audistis
1100 3571 1220 3641 quia
1248 3571 1389 3626 Deus
1416 3570 1756 3638 omnipotens
1780 3569 1896 3624 est?
1922 3568 2026 3625 Sed
2056 3569 2136 3624 in-

553 3664 730 3734 cipitis
757 3679 878 3719 eum
921 3663 1116 3718 habere
1146 3672 1384 3733 patrem,
1412 3662 1627 3732 quando
1657 3661 1765 3715 nati
1800 3661 2004 3717 fueritis
2038 3676 2136 3733 per

549 3755 844 3812 Ecclesiam
874 3763 1120 3810 matrem.

619 3856 677 3907 2.
710 3848 838 3904 inde
866 3863 993 3918 ergo
1017 3846 1128 3918 jam
1152 3846 1461 3916 accepistis,
1492 3844 1728 3901 meditati
1753 3843 1912 3912 estis,
1944 3853 1998 3900 et
2024 3860 2137 3900 me-

551 3938 703 3996 ditati
746 3938 1025 4004 tenuistis,
1069 3945 1129 3992 ut
1154 3937 1341 3993 dicatis
1377 3954 1390 3989 :
1433 3934 1607 3991 Credo
1646 3937 1697 3989 in
1729 3936 1893 3990 Deum
1924 3936 2136 3990 Patrem

551 4031 991 4100 omnipotentem.
1021 4028 1158 4082 Deus
1179 4028 1514 4096 omnipotens
1534 4034 1616 4080 est
1640 4044 1651 4079 :
1675 4036 1730 4080 ct
1747 4040 1865 4080 cum
1889 4027 1956 4081 sit
1976 4026 2138 4080 omni-

551 4129 763 4190 potens,
788 4119 924 4173 mori
952 4131 1055 4170 non
1081 4126 1275 4186 potest,
1303 4117 1410 4170 falli
1437 4131 1541 4169 non
1573 4124 1765 4185 potest,
1792 4117 2004 4172 mentiri
2030 4132 2135 4172 non

552 4218 762 4282 potest;
795 4217 875 4273 et,
907 4207 1048 4277 quod
1076 4208 1148 4261 ait
1180 4207 1497 4276 Apostolus,
1526 4224 1709 4277 negare
1744 4225 1798 4261 se
1834 4209 1999 4278 ipsum
2037 4226 2137 4264 non

555 4313 717 4375 potest
758 4303 833 4377 (ll
864 4303 995 4357 Tim.
1025 4320 1091 4370 ιι,
1125 4303 1235 4376 15).
1280 4303 1446 4370 Quam
1488 4305 1652 4358 multa
1699 4320 1802 4359 non
1846 4315 2052 4375 potest,
2085 4314 2141 4361 et

556 4394 894 4463 omnipotens
918 4404 1001 4449 est
1023 4411 1037 4448 :
1061 4402 1115 4448 et
1138 4393 1258 4449 ideo
1284 4394 1621 4464 omnipotens
1644 4403 1745 4459 est,
1771 4396 1889 4463 quia
1912 4398 2007 4449 ista
2033 4411 2135 4451 non

555 4494 752 4556 potest.
779 4484 912 4541 Nam
938 4485 983 4539 si
1010 4485 1143 4540 mori
1169 4493 1370 4555 posset,
1403 4500 1507 4539 non
1533 4492 1675 4539 esset
1699 4486 2065 4556 omnipotens;
2093 4487 2137 4540 si

555 4578 770 4634 mentiri
790 4620 803 4644 ,
832 4578 875 4633 si
903 4576 1048 4644 falli,
1073 4578 1117 4632 si
1145 4578 1359 4643 fallere,
1386 4577 1430 4633 si
1454 4578 1632 4649 inique
1656 4593 1840 4648 agere,
1868 4594 1970 4633 non
1998 4588 2142 4635 esset

556 4671 894 4742 omnipotens
926 4687 937 4723 :
968 4671 1089 4741 quia
1119 4671 1163 4725 si
1195 4670 1297 4726 hoc
1326 4671 1377 4724 in
1404 4685 1468 4726 eo
1492 4679 1665 4739 esset,
1696 4685 1801 4726 non
1832 4656 2016 4726 fuisset
2052 4671 2138 4725 di-

555 4777 693 4833 gnus
712 4763 802 4834 qui
827 4772 968 4819 esset
993 4762 1349 4833 omnipotens.
1378 4763 1604 4819 Prorsus
1628 4764 1964 4834 omnipotens
1985 4764 2141 4820 Pater

557 4860 743 4909 noster
771 4868 991 4923 peccare
1018 4869 1122 4908 non
1152 4862 1346 4924 potest.
1379 4853 1527 4910 Facit
1563 4854 1814 4925 quidquid
1851 4854 1963 4909 vult
1988 4873 2000 4909 :
2029 4855 2141 4924 ipsa

557 4955 643 5004 est
670 4946 1070 5017 omnipotentia.
1101 4948 1247 5003 Facit
1274 4946 1526 5018 quidquid
1556 4948 1692 5004 bene
1721 4948 1862 5014 vult,
1888 4946 2141 5018 quidquid

552 5039 699 5109 .juste
728 5038 840 5093 vult
866 5054 881 5090 :
913 5024 1166 5108 quidquid
1196 5046 1374 5095 autem
1401 5039 1537 5094 male
1567 5039 1644 5103 ﬁt,
1676 5052 1783 5094 non
1813 5039 1941 5092 vult.
1973 5037 2142 5097 Nemo

559 5130 761 5187 resistit
777 5130 1149 5201 omnipotenti,
1174 5140 1231 5186 ut
1252 5146 1354 5186 non
1377 5118 1516 5200 quod
1538 5131 1649 5184 vult
1675 5130 1849 5186 iaciat.
1877 5130 1995 5201 ipse
2021 5130 2146 5186 fecit

561 5224 754 5279 caelum
784 5230 838 5279 et
865 5232 1079 5289 terram,
1109 5239 1257 5280 mare
1282 5234 1337 5280 et
1361 5224 1537 5279 omnia
1566 5239 1684 5295 qua:
1712 5224 1761 5278 in
1792 5224 1870 5280 eis
1895 5232 2038 5289 sunt,
2067 5225 2147 5278 in-

2229 1922 2458 1978 visibilia
2496 1931 2552 1978 et
2589 1910 2812 1978 visibiiia
2847 1941 2860 1978 :
2893 1921 3204 1990 invisibilia,
3241 1923 3377 1981 sicut
3417 1934 3539 1981 sunt
3576 1924 3628 1981 in
3656 1906 3817 1984 caelis

2231 2014 2417 2082 Sedes,
2438 2014 2853 2083 Dominationes,
2870 2014 3223 2085 Pri'ncipatus,
3242 2016 3556 2081 Potestates,
3578 2018 3813 2073 Aricino-

2231 2110 2353 2182 geli,
2388 2113 2596 2182 Angeli,
2629 2114 2671 2168 si
2700 2117 2835 2170 bene
2864 2115 3171 2181 vixerimus,
3205 2117 3348 2170 cives
3375 2117 3560 2170 nostri.
3590 2104 3736 2171 Fecit
3758 2100 3816 2171 iri

2231 2204 2372 2259 caelo
2399 2202 2658 2271 visibilia;
2687 2207 2876 2271 solem,
2905 2206 3107 2272 lunam,
3135 2207 3335 2262 stellas.
3359 2206 3481 2261 Suis
3501 2207 3818 2263 animalibus

2236 2297 2574 2352 terrestribus
2602 2299 2811 2353 ornavit
2850 2306 3078 2365 terram,
3118 2298 3354 2367 implevit
3381 2312 3558 2352 aerem
3595 2282 3822 2352 volatili-

2235 2387 2354 2451 bus,
2379 2395 2574 2442 terram
2598 2389 2991 2444 ambulantibus
3014 2399 3067 2444 et
3094 2389 3444 2459 serpentibus,
3469 2404 3614 2445 mare
3634 2399 3821 2444 natan-

2237 2479 2375 2534 tibus
2404 2497 2417 2533 :
2445 2481 2621 2535 omnia
2667 2481 2903 2550 implevit
2941 2481 3050 2536 suis
3089 2481 3346 2536 creaturis
3385 2482 3630 2553 propriis.
3672 2480 3822 2536 Fecit

2235 2580 2288 2625 et
2318 2570 2583 2624 hominem
2624 2571 2689 2624 ad
2730 2572 3009 2641 imaginem
3056 2581 3111 2625 et
3147 2571 3543 2625 similitudinem
3583 2586 3733 2626 suam
3764 2571 3817 2625 in

2234 2653 2413 2715 mente
2442 2679 2454 2714 :
2486 2661 2556 2715 ibi
2586 2671 2667 2715 est
2695 2663 2834 2716 enim
2866 2658 3039 2733 imago
3069 2662 3200 2727 Dei;
3235 2661 3353 2718 ideo
3392 2676 3541 2716 mens
3571 2662 3680 2732 ipsa
3711 2678 3819 2717 non

2236 2760 2409 2823 potest
2438 2753 2814 2822 comprehendi
2848 2768 2945 2807 nec
2973 2768 3002 2806 a
3031 2768 3089 2808 se
3116 2753 3247 2823 ipsa,
3278 2753 3366 2808 ubi
3395 2760 3475 2808 est
3505 2753 3678 2823 imago
3702 2752 3817 2807 Dei.

2236 2844 2318 2900 Ad
2348 2844 2450 2899 hoc
2475 2845 2594 2899 iacti
2623 2860 2827 2911 sumus,
2856 2855 2913 2900 ut
2936 2846 3192 2901 creaturis
3217 2847 3424 2901 caeteris
3449 2845 3817 2900 dominemur:

2237 2937 2331 2993 sed
2362 2953 2457 3007 per
2478 2945 2754 3008 peccatum
2781 2938 2834 2992 in
2862 2939 3035 3008 primo
3059 2938 3279 2993 homine
3301 2938 3431 3008 lapsi
3458 2952 3661 3004 sumus,
3687 2945 3743 2993 et
3765 2938 3822 2993 in

2237 3030 2424 3085 mortis
2466 3028 2828 3085 haereditatem
2871 3043 3059 3086 omnes
3099 3030 3425 3085 devenimus.
3459 3029 3605 3084 Facti
3639 3044 3824 3088 sumus

2238 3120 2468 3177 humiles
2496 3121 2783 3188 mortales,
2816 3121 3019 3190 impleti
3060 3136 3247 3177 sumus
3286 3120 3595 3188 timoribus,
3622 3121 3822 3176 errori-

2238 3211 2340 3267 bus
2371 3230 2383 3263 :
2415 3210 2516 3265 hoc
2552 3211 2743 3266 merito
2782 3212 3021 3280 peccati;
3058 3226 3181 3266 cum
3223 3227 3328 3282 quo
3368 3213 3560 3266 merito
3592 3221 3647 3266 et
3673 3219 3824 3269 reatu

2240 3300 2478 3357 nascitur
2512 3300 2686 3355 omnis
2727 3300 2885 3355 homo
2915 3300 3065 3371 (Gen.
3093 3302 3256 3371 i-iu).
3292 3300 3414 3355 Ideo
3452 3301 3590 3357 sicut
3618 3301 3825 3358 vidistis

2241 3392 2421 3461 hodie,
2452 3393 2589 3448 sicut
2618 3394 2785 3447 nostis
2804 3433 2817 3458 ,
2844 3400 2899 3447 et
2925 3391 3126 3461 parvuli
3154 3391 3503 3446 exsul'iiantur
3529 3402 3583 3447 et
3610 3392 3823 3447 (ποι-(δίς

2240 3495 2446 3551 zantur,
2470 3494 2527 3540 ut
2549 3486 2771 3555 pellatur
2790 3484 2857 3540 ab
2878 3485 2955 3541 eis
2972 3484 3169 3540 diaboli
3192 3493 3426 3556 potestas
3448 3485 3682 3552 inimica,
3703 3500 3823 3555 quae

2240 3577 2451 3648 decepit
2490 3578 2791 3642 hominem,
2825 3587 2883 3633 ut
2912 3578 3207 3648 possideret
3247 3576 3508 3633 homines.
3541 3577 3656 3633 Non
3695 3591 3825 3649 ergo

2240 3680 2483 3726 creatura
2506 3670 2597 3725 Dei
2623 3670 2676 3724 in
2699 3668 2988 3725 infantibus
3012 3670 3345 3725 exorcizatur
3366 3678 3457 3723 aut
3479 3667 3821 3724 exsumatur:

2238 3760 2333 3817 sed
2362 3760 2452 3814 ille
2480 3759 2580 3813 sub
2604 3774 2709 3828 quo
2734 3768 2858 3813 sunt
2879 3773 3067 3813 omnes
3091 3759 3179 3829 qui
3207 3774 3326 3813 cum
3354 3767 3572 3829 peccato
3598 3771 3825 3812 nascun-

2244 3862 2361 3917 tur;
2391 3857 2474 3906 est
2497 3850 2638 3905 enim
2669 3849 2916 3920 princeps
2947 3859 3304 3919 peccatorum.
3338 3850 3414 3902 Ac
3446 3862 3539 3917 per
3566 3846 3667 3901 hoc
3697 3848 3824 3918 pros

2242 3953 2360 4016 pter
2387 3959 2548 3998 unum
2576 3943 2664 4013 qui
2693 3943 2873 4012 lapsus
2903 3950 2986 3997 est
3023 3952 3076 3997 et
3110 3955 3298 3996 omnes
3322 3940 3466 3994 misit
3490 3941 3543 3994 in
3574 3950 3822 4010 mortem,

2243 4037 2436 4091 missus
2462 4045 2543 4091 est
2569 4050 2704 4089 unus
2729 4034 2845 4090 sine
2871 4042 3085 4103 peccato
3111 4034 3199 4104 qni
3230 4047 3417 4088 omnes
3443 4032 3494 4087 in
3521 4048 3579 4088 se
3603 4032 3827 4088 creden-

2242 4137 2324 4184 tes
2352 4128 2605 4199 perducat
2633 4126 2698 4182 ad
2726 4128 2908 4189 vitam,
2939 4126 3171 4181 liberans
3200 4139 3292 4180 cos
3320 4139 3347 4177 a
3376 4133 3611 4194 peccato.

2313 4220 2537 4276 CAPUT
2564 4218 2627 4273 ll.
2652 4249 2722 4259 —
2749 4219 2801 4274 3.
2830 4217 2879 4271 F
2881 4218 3025 4272 ilium
3046 4216 3138 4270 Dei
3159 4215 3439 4270 Dominum
3468 4226 3691 4271 nostrum
3716 4230 3827 4270 vere

2244 4327 2349 4365 esse
2368 4309 2532 4363 Deum
2552 4318 2598 4362 et
2617 4309 3026 4377 omnipotentem.
3051 4306 3207 4361 Pater
3228 4316 3273 4360 ct
3295 4304 3463 4360 Filius
3486 4322 3584 4358 non
3606 4306 3677 4358 dii
3697 4305 3819 4372 duo,

2244 4407 2330 4456 sed
2357 4418 2487 4455 unus
2516 4401 2671 4455 Deus.
2714 4399 2881 4453 Filius
2923 4399 3235 4469 omnipotens
3271 4408 3316 4450 et
3346 4394 3564 4473 Awqualis
3601 4410 3633 4447 a
3671 4393 3827 4479 Patre

2243 4494 2459 4563 genitus.
2493 4492 2617 4547 ideo
2644 4490 2910 4546 credimus
2937 4499 2989 4544 et
3017 4490 3068 4542 in
3094 4489 3285 4542 Filium
3313 4487 3427 4555 ejus
3447 4526 3463 4549 ,
3506 4486 3555 4541 id
3583 4496 3663 4541 est
3684 4526 3699 4555 ,
3732 4488 3826 4544 Dei

2245 4585 2415 4638 Patris
2467 4582 2880 4652 omnipotentis,
2934 4580 3182 4642 unicum,
3230 4578 3508 4632 Dominum
3563 4586 3823 4633 nostrum.

2245 4676 2466 4743 Quando
2489 4674 2638 4727 audis
2663 4675 2876 4727 unicum
2899 4672 2990 4726 Dei
3013 4671 3221 4736 Filium,
3251 4684 3479 4741 agnosce
3501 4670 3685 4726 Deum.
3710 4658 3822 4727 Non

2245 4768 2385 4824 enim
2416 4767 2580 4822 Filius
2619 4767 2709 4820 Dei
2749 4765 2933 4820 unicus
2971 4773 3153 4834 posset
3190 4778 3309 4819 esse
3349 4779 3451 4818 non
3490 4762 3647 4819 Dens.
3673 4750 3824 4830 Quod

2247 4866 2356 4925 est,
2386 4857 2486 4912 hoc
2513 4856 2727 4927 genuit;
2766 4855 2865 4910 etsi
2896 4870 3002 4910 non
3033 4863 3114 4908 est
3141 4864 3296 4925 quem
3328 4854 3529 4924 genuit.
3574 4850 3629 4907 Si
3668 4867 3827 4908 verus

2246 4959 2328 5007 est
2355 4959 2529 5004 autem
2559 4947 2744 5014 Filius,
2776 4947 2878 5003 hoc
2906 4954 2988 5003 est
3015 4944 3153 5017 quod
3184 4945 3341 5000 Pater
3367 4964 3378 4998 :
3408 4945 3451 5000 si
3481 4943 3585 4999 hoc
3614 4957 3717 4998 non
3744 4934 3829 4998 est

2246 5040 2386 5113 quod
2414 5040 2591 5106 Pater,
2615 5047 2825 5095 nonest
2850 5055 3005 5095 verus
3030 5036 3215 5092 Filius.
3239 5034 3487 5091 Mortales
3515 5044 3567 5090 et
3590 5043 3827 5089 terrenas

2248 5141 2518 5188 creaturas
2544 5131 2797 5187 attendite
2826 5150 2839 5186 :
2868 5128 3009 5202 quod
3037 5138 3119 5185 est
3140 5143 3227 5183 res
3248 5142 3470 5198 qumque
3490 5168 3504 5195 ,
3536 5124 3635 5180 hoc
3660 5140 3826 5195 gene-

2249 5231 2351 5279 rat.
2399 5222 2513 5277 Non
2561 5230 2780 5293 generat
2825 5221 2984 5275 homo
3035 5219 3263 5285 bovem,
3307 5232 3411 5272 non
3454 5223 3673 5286 generat
3715 5212 3830 5273 ovis

1732 5352 2013 5394 ADIONITIO
2051 5353 2130 5392 PP.
2170 5352 2645 5392 BENEDICTINORUI.

623 5436 693 5479 De
775 5427 936 5477 mboio
956 5428 1016 5477 ad
1036 5430 1415 5481 catechumenos
1430 5439 1690 5481 sermones
1713 5432 1957 5481 emendati
1987 5437 2099 5481 sunt
2123 5432 2181 5479 ad
2215 5432 2556 5480 Diviouensem
2579 5428 2784 5478 abbatia:
2821 5434 2863 5475 s.
2891 5425 3087 5486 Benigni
3123 5422 3338 5473 codicem
3375 5435 3606 5473 annorum
3638 5424 3831 5473 circiter

623 5492 681 5539 0.
707 5435 774 5539 :3
789 5491 1248 5539 Gemmeticensem.
1281 5492 1338 5539 ad
1381 5493 1631 5539 manuscrii
1651 5500 1752 5539 tum
1791 5492 2011 5539 Ecclesia}
2043 5489 2395 5539 Laudunensis.
2421 5490 2479 5539 ad
2504 5490 2873 5539 manuscrintum
2895 5493 2973 5535 PP.
2997 5484 3284 5534 Fuiiensium
3308 5486 3512 5537 cmnobii
3533 5490 3578 5535 S.
3603 5476 3831 5535 Bernardi

562 5476 2873 5559 eomas*eemmeqcéssgajaa"massaagisagis"euasisse;sesamum
2895 5476 3284 5559 PP..i"uliensium
3308 5486 3585 5559 paeoniis,
3603 5476 3832 5559 sei-saga

558 5547 867 5617 PaﬁsiAensis,
894 5558 947 5600 et
967 5551 1025 5601 ad
1051 5547 1288 5617 editiones
1309 5559 1382 5603 Er.
1411 5560 1462 5602 et
1482 5560 1589 5603 Lov.
1619 5547 1802 5604 Primus
1824 5567 1988 5605 sermo
2016 5560 2248 5617 repertus
2286 5547 2432 5603 etiam
2468 5560 2544 5602 est
2586 5554 2635 5601 in
2668 5547 3001 5613 Andegavensi
3040 5548 3365 5610 manuscripto
3396 5554 3445 5597 S.
3485 5547 3641 5599 Albini
3678 5550 3832 5598 mino-

561 5624 671 5666 rum
691 5614 815 5675 800;
836 5622 942 5667 tres
965 5615 1186 5669 verovalii
1207 5618 1421 5666 minium.

647 5698 1163 5777 Comparavimus
1182 5707 1481 5780 praeterea
1510 5719 1607 5760 eas
1634 5720 1836 5761 omnes
1868 5702 2163 5764 editiones
2189 5700 2376 5763 initio
2410 5701 2579 5761 lictr.
2602 5704 2658 5760 et
2681 5695 2995 5774 Confess.,
3014 5703 3056 5759 t.
3094 5697 3152 5775 1,
3181 5701 3567 5759 memoratas.
3653 5680 3746 5757 Μ.

627 5798 700 5861 (α)
723 5798 861 5866 Alias,
886 5799 1019 5853 Liber
1042 5799 1317 5864 primus,in
1342 5806 1453 5851 ante
1480 5800 1637 5865 editis,
1661 5807 1774 5852 tom.
1796 5802 1841 5852 9.
