4140 6216
413 360 518 419 629

414 489 631 541 canem,
664 487 762 529 nec
792 472 944 528 canis
971 487 1145 527 ovem.
1178 471 1442 542 Quidquid
1472 480 1555 526 est
1591 470 1732 541 quod
1762 481 1999 542 general,

414 554 468 621 id
498 562 639 635 quod
677 574 761 619 est
796 570 1035 633 generat.
1078 561 1276 616 Teucte
1318 577 1445 630 ergo
1487 560 1727 625 fortiter,
1760 561 2001 626 firmiter,

415 653 676 717 ﬁdeliter,
708 652 828 722 quia
868 648 969 706 hoc
1010 650 1189 722 genuit
1227 650 1365 704 Deus
1395 650 1584 716 Pater,
1614 649 1754 719 quod
1782 658 1864 705 est
1892 650 2005 721 ipse

416 747 772 816 omnipotens.
798 744 1066 800 Creaturte
1092 744 1203 797 istae
1226 744 1476 798 mortales
1500 757 1594 813 per
1612 743 2005 812 corruptionem

417 846 692 909 generant.
724 830 989 905 Numquid
1028 824 1105 888 sic
1134 824 1271 889 Deus
1310 833 1565 903 generat?
1589 832 1823 888 Mortalis
1849 842 2007 889 natus

417 918 470 982 id
497 916 636 998 quod
669 934 750 981 est
786 933 1043 996 generat,
1081 922 1394 978 immortalis
1438 923 1579 994 quod
1626 931 1709 979 est
1751 935 2001 995 generat:

417 1006 774 1090 corruptibilis
801 1004 1199 1086 corruptibilem
1226 1023 1463 1085 generat,
1489 1014 1901 1084 iucorruptibilis
1927 1015 2007 1069 in-

417 1106 850 1180 corruptibilem;
879 1094 1241 1178 corruptibilis
1271 1105 1718 1175 corruptibiliter,
1760 1106 2005 1161 incorru-

418 1188 619 1272 ‘ptibilis
646 1196 1115 1270 iucorruptibiliter
1139 1216 1151 1253 :
1179 1212 1345 1268 usque
1372 1195 1506 1252 adeo
1534 1190 1635 1251 hoc
1660 1195 1801 1267 quod
1823 1206 1925 1259 est,
1948 1204 2008 1253 ut

417 1300 555 1345 unus
582 1306 776 1356 unum,
811 1286 929 1343 ideo
956 1289 1189 1343 unicum.
1218 1276 1376 1342 Scitis
1406 1286 1653 1356 quoniam
1694 1301 1813 1341 eum
1858 1286 2005 1343 vobis

416 1382 813 1452 pronuntiarem
836 1379 1146 1453 Symbolum
1186 1377 1263 1433 sic
1291 1372 1431 1443 dixi,
1462 1385 1518 1432 et
1552 1377 1628 1431 sic
1664 1376 1886 1433 credere
1912 1376 2004 1432 de-

416 1466 551 1525 betis
573 1476 589 1524 Ξ
614 1460 736 1540 quia
760 1468 1026 1525 credimus
1054 1468 1104 1521 in
1129 1454 1295 1523 Deum
1323 1464 1532 1522 Patrem
1561 1466 2001 1536 omnipotentem,

414 1568 469 1614 et
494 1561 544 1615 iit
572 1558 752 1615 Iesum
778 1548 1050 1614 Christum
1077 1552 1268 1615 Filium
1295 1557 1409 1627 ejus
1436 1558 1669 1611 unicum.
1696 1556 1811 1612 Jam
1840 1572 2006 1627 quan-

415 1642 484 1708 do
516 1654 728 1708 unicum
751 1695 766 1719 ,
808 1642 1009 1707 c'rede‘
1052 1651 1472 1721 omnipotentem
1502 1670 1513 1703 :
1544 1666 1650 1706 non
1691 1651 1831 1705 enim
1867 1651 2005 1706 Deus

416 1730 575 1799 Pater
605 1730 729 1799 facit
756 1738 897 1814 quod
926 1732 1068 1811 vult,
1106 1740 1160 1797 e't
1188 1740 1329 1797 Deus
1356 1730 1521 1798 Filius
1552 1754 1658 1796 non
1699 1741 1824 1796 facit
1861 1740 2004 1812 quod

416 1824 548 1889 vult.
582 1821 694 1891 Una
718 1828 962 1888 voluntas
988 1838 1065 1888 est
1091 1822 1259 1888 Patris
1284 1841 1337 1888 et
1356 1824 1495 1900 Filii,
1520 1824 1640 1903 quia
1667 1848 1771 1887 una
1793 1844 2001 1888 natura.

412 1916 522 1983 Nec
552 1928 693 1983 enim
723 1916 965 1982 voluntas
990 1914 1106 1980 Filii
1140 1935 1315 1997 potest
1348 1942 1378 1980 a
1405 1920 1576 1981 Patris
1605 1924 1875 1981 voluntate
1903 1925 2003 1980 ali-

411 2019 729 2089 quantulum
756 2008 1041 2087 segregari.
1068 2004 1206 2070 Deus
1228 2026 1279 2070 et
1300 2010 1461 2083 Deus,
1490 2015 1647 2070 ambo
1669 2032 1802 2071 unus
1826 2016 2001 2073 Deus:

412 2098 755 2178 omnipatens
783 2117 836 2164 et
861 2106 1216 2187 omnipotens,
1245 2109 1403 2164 ambo
1429 2124 1563 2163 unus
1584 2109 1941 2178 omnipotens.

483 2208 538 2275 ὅ.
570 2203 687 2274 Non
720 2218 1109 2274 introducimus
1135 2218 1269 2274 duos
1296 2218 1461 2285 deos,
1488 2218 1756 2288 quomodo
1787 2218 2003 2289 quidam

413 2309 773 2372 introducunt,
796 2316 851 2364 et
869 2298 1089 2363 dicunt:
1120 2310 1257 2364 lleus
1279 2308 1439 2364 Pater
1462 2316 1517 2363 et
1541 2309 1678 2378 Deus
1700 2308 1884 2374 Filius,
1909 2308 2002 2365 sed

412 2399 585 2469 major
621 2390 760 2453 Deus
790 2397 976 2463 Pater,
1026 2384 1199 2451 minor
1238 2398 1380 2453 Deus
1419 2386 1604 2452 Filius.
1636 2397 1810 2452 Ambo
1837 2397 2004 2467 quid?

412 2489 529 2545 Duo
565 2484 677 2543 dii?
707 2477 992 2543 Erubescis
1028 2486 1238 2553 dicere,
1271 2487 1526 2541 erubesce
1552 2487 1791 2542 credere.
1818 2487 2002 2540 Domi-

411 2595 514 2634 nus
553 2574 691 2633 Deus
730 2574 885 2631 Pater
926 2575 1092 2644 dicis,
1136 2584 1190 2631 et
1229 2576 1487 2630 Dominus
1522 2575 1666 2630 Deus
1702 2574 1868 2629 Filius
1904 2594 1916 2629 :
1949 2584 2005 2630 et

412 2671 541 2727 dicit
570 2672 681 2741 ipse
705 2660 903 2734 Filius,
936 2656 1102 2722 Nemo
1142 2677 1299 2740 potest
1338 2668 1533 2724 duobus
1570 2668 1787 2722 donu'uis
1817 2669 2005 2723 servire

415 2761 627 2837 (Matth.
655 2779 726 2829 vt,
755 2762 868 2829 24).
902 2760 957 2816 In
986 2756 1183 2816 familia
1214 2761 1380 2832 ipsius
1403 2762 1481 2816 sic
1509 2762 1731 2828 erimus,
1765 2770 1840 2828 ut,
1870 2776 2006 2830 quo-
2048 2778 2053 2785 '

413 2854 573 2910 modo
604 2856 655 2909 in
686 2852 844 2909 domo
876 2869 1064 2925 magna
1101 2853 1188 2909 ubi
1228 2864 1310 2910 est
1342 2854 1727 2924 paterfamilias
1763 2863 1817 2910 et
1846 2855 2005 2911 habet

414 2932 613 3013 lilium,
657 2946 896 3001 dicamus
932 2940 989 3000 ‘et
1027 2960 1167 2999 nos:
1203 2944 1459 2999 Dominus
1499 2936 1705 3015 maior,
1748 2944 2004 3001 Dominus

414 3036 626 3093 minor?
658 3032 992 3092 Aret-samini
1024 3036 1179 3091 talem
1205 3035 1606 3107 cogitationem.
1628 3033 1683 3090 Si
1707 3034 1856 3090 vobis
1880 3034 2002 3090 talia

412 3118 645 3186 feceritis
674 3129 725 3181 in
752 3114 933 3192 corde,
963 3110 1102 3181 idola
1131 3116 1325 3197 ponitis
1348 3114 1403 3181 in
1429 3125 1604 3180 anima
1633 3140 1755 3179 una.
1778 3125 2005 3180 Prorsus

415 3218 677 3291 repellite.
710 3206 863 3275 Prius
892 3216 1125 3285 credite,
1160 3228 1339 3290 postea
1372 3218 1667 3288 intelligite.
1702 3215 1796 3272 Cui
1826 3226 2003 3274 autem

415 3312 579 3369 donat
608 3306 782 3378 Deus,
826 3319 881 3365 ut
918 3326 1038 3365 cum
1080 3309 1403 3376 crediderit,
1442 3310 1548 3364 cito
1588 3308 1876 3379 intelligat;
1911 3308 2005 3365 Dei

415 3396 611 3460 donum
641 3400 738 3467 est,
766 3404 875 3456 non
903 3394 1134 3456 humana
1160 3388 1438 3471 fragilitas.
1470 3399 1672 3463 Tamen
1698 3399 1743 3454 si
1770 3398 2003 3454 nondum

416 3494 707 3566 i'nteliigitis
728 3536 741 3560 ,
774 3492 975 3549 credite
1008 3511 1020 3547 :
1048 3482 1190 3548 Deus
1219 3506 1355 3546 unus
1380 3491 1537 3547 Pater
1556 3533 1570 3557 ,
1600 3490 1738 3547 Deus
1762 3489 2007 3546 Christus

416 3580 582 3641 Filius
607 3585 718 3640 Dei.
744 3582 913 3639 Ambo
934 3580 1057 3655 quid
1076 3582 1097 3635 ?
1124 3582 1270 3638 Unus
1290 3580 1448 3638 Deus.
1474 3583 1539 3637 Et
1558 3582 1828 3651 quomodo
1848 3582 2007 3639 ambo

416 3678 555 3731 unus
596 3672 736 3730 Deus
777 3670 1005 3728 dicitur?
1049 3662 1368 3739 Quomodo?
1411 3671 1654 3726 miraris?
1694 3672 1750 3726 lu
1785 3672 2006 3728 Actibus

418 3762 815 3837 Apostolorum,
843 3764 908 3819 Et
935 3762 1059 3830 erat,
1087 3750 1278 3833 inquit,
1311 3764 1614 3817 credentium
1636 3764 1807 3817 anima
1834 3779 1933 3817 una
1960 3770 2007 3818 et

418 3860 503 3911 co'r
528 3858 685 3909 imum
715 3856 848 3924 (Act.
874 3870 947 3922 tv,
975 3846 1089 3923 52).
1120 3844 1293 3907 Multae
1320 3854 1511 3907 animm
1537 3862 1709 3918 erant,
1735 3850 1865 3907 ﬁdes
1889 3866 2007 3909 cas.

412 3944 539 4002 'dem
572 3948 728 4000 uuam
757 3938 973 4000 fecerat.
1005 3928 1101 3998 Tot
1131 3932 1294 3997 millia
1322 3943 1615 3996 animarum
1644 3952 1829 4006 erant;
1860 3956 2007 3995 ama-

419 4044 610 4092 verunt
646 4051 737 4099 se,
771 4030 823 4089 et
862 4020 1041 4088 multa:
1086 4036 1209 4087 sunt
1240 4048 1341 4086 una
1371 4050 1382 4083 :
1416 4040 1725 4083 amaverunt
1754 4024 1921 4084 Deum
1952 4028 2004 4085 in

414 4128 537 4198 igne
579 4125 886 4190 charitatis,
921 4130 974 4177 et
1013 4138 1075 4177 ex
1114 4110 1455 4176 multitudine
1493 4110 1557 4173 ad
1599 4108 2007 4190 pulchritudinis

418 4218 673 4273 unitatem
706 4223 987 4272 venerunt.
1030 4213 1086 4268 Si
1126 4208 1231 4267 tam
1274 4202 1470 4267 multas
1508 4211 1711 4265 animas
1740 4210 2005 4267 fccitani-

416 4314 557 4365 inani
592 4312 752 4363 ‘nn‘a'm
784 4304 1047 4372 charitas;
1080 4292 1251 4375 qualis
1283 4304 1515 4359 eharitas
1542 4306 1623 4359 est
1650 4303 1787 4374 apud
1815 4302 2003 4373 Deum,

414 4396 507 4455 “ubi
534 4396 679 4454 nulla
710 4397 1011 4460 diVersitas,
1040 4393 1137 4450 sed
1164 4394 1371 4465 integra
1398 4392 1708 4464 arqualitas?
1736 4388 1791 4451 Si
1823 4394 1873 4448 iu
1903 4404 2008 4449 ter-

416 4492 491 4546 ris
519 4494 572 4547 et
598 4491 650 4545 in
678 4488 981 4544 horninibus
1006 4484 1180 4558 ’p’otuit
1219 4490 1338 4541 esSe
1372 4493 1517 4540 tanta
1545 4485 1809 4552 cbaritas,
1852 4494 1907 4541 ut
1941 4485 2008 4543 de

412 4580 496 4639 'tot
529 4582 803 4639 animabus
834 4581 1032 4637 faceret
1062 4586 1219 4635 n‘nam
1252 4580 1519 4646 animam;
1558 4578 1646 4635 ubi
1686 4596 1899 4652 semper
1918 4572 2008 4637 in-

418 4673 732 4745 separa'hiiis
768 4672 863 4728 fuit
890 4672 1048 4728 Pater
1076 4686 1106 4728 a
1130 4658 1303 4737 riuo,
1332 4671 1499 4727 Filius
1533 4688 1562 4727 a
1598 4672 1783 4740 Patre,
1817 4683 2007 4744 potue-

415 4762 544 4822 runt
585 4764 743 4818 ambo
788 4779 905 4819 esse
942 4766 1043 4819 nisi
1070 4752 1217 4821 Deus
1238 4765 1417 4821 'unus?
1443 4765 1546 4821 Sed
1578 4764 1679 4820 illa:
1706 4766 1925 4831 animm,
1954 4773 2010 4822 et

414 4855 601 4912 ‘multze
641 4853 833 4908 animm
861 4852 965 4909 dici
997 4863 1315 4922 potuerunt,
1357 4865 1410 4911 et
1446 4857 1622 4912 anima
1663 4871 1768 4912 una
1811 4875 1825 4913 :
1862 4848 2008 4913 Deus

418 4944 596 5003 a‘n‘tem
619 4988 632 5011 ,
662 4943 755 4998 ubi
786 4951 869 4999 est
893 4938 1173 4997 ineﬂ‘ah‘ilis
1199 4955 1251 4999 et
1275 4954 1477 5000 summa
1508 4948 1841 5018 conjunctio,
1871 4963 2006 5004 unus

418 5036 560 5097 Deus
587 5038 688 5094 dici
720 5044 925 5107 potest,
954 5046 1061 5090 non
1088 5035 1157 5089 dii
1188 5035 1313 5090 duo.

490 5152 544 5207 5.
572 5148 725 5205 Facit
746 5144 887 5219 quod
906 5136 1023 5202 vult
1045 5143 1223 5210 Pater,
1250 5144 1375 5200 facit
1398 5145 1537 5216 quod
1558 5147 1669 5202 vult
1689 5147 1873 5205 Filius.
1900 5148 2005 5206 No-

418 5241 509 5298 lite
536 5244 721 5312 p'utare
747 5239 1166 5311 omnipotentem
1198 5232 1410 5292 Patrem
1440 5245 1493 5291 et
1522 5252 1627 5292 non
1657 5238 2003 5309 omnipoten-

422 5344 526 5390 tem
555 5333 745 5388 Filium
776 5349 787 5386 :
819 5346 969 5386 error
994 5338 1075 5385 est
1098 5369 1111 5394 ,
1146 5318 1320 5383 delete
1344 5326 1449 5382 hoc
1476 5326 1527 5380 in
1554 5327 1723 5394 vobis,
1758 5344 1862 5383 non
1889 5329 2003 5385 ha:-

418 5433 533 5482 reat
558 5426 611 5480 iu
639 5423 894 5479 memoria
921 5429 1116 5484 vestra,
1147 5435 1251 5475 non
1280 5418 1489 5474 bibatur
1513 5419 1565 5474 in
1594 5418 1697 5475 fide
1726 5428 1923 5489 vestra,
1950 5430 2005 5478 et

418 5514 466 5572 ἐιί
493 5513 629 5570 forte
655 5513 845 5585 aliquis
879 5519 1112 5568 vestrum
1153 5510 1380 5575 biberit,
1414 5517 1611 5564 vomat.
1655 5498 2004 5581 Omnipotens

417 5614 503 5667 est
526 5604 702 5672 Pater,
728 5603 1064 5675 omnipotens
1099 5600 1287 5659 Filius.
1327 5600 1385 5659 Si
1407 5600 1745 5672 omnipotens
1768 5612 1873 5658 non
1904 5615 2001 5675 ge-

488 5777 507 5814 t
535 5777 611 5829 sic
628 5781 739 5829 uss.
756 5774 887 5827 Editi
911 5780 1053 5835 Vero,
1078 5777 1279 5836 Jamque
1300 5770 1495 5827 unicum
1534 5772 1696 5827 crede.

1126 357 1213 413 DE
1251 356 1587 423 SYMBOLO,
1626 354 1684 411 Β.
1708 350 2003 410 AUGUSTI

2113 348 2340 407 SERMO
2381 350 2471 405 AD
2504 350 3071 411 CATECHUMENOS.

3574 360 3688 424 850

2112 468 2227 524 nuit
2252 470 2698 539 omnipotentem,
2731 484 2836 527 non
2876 484 3060 529 verum
3099 474 3269 530 (ilium
3308 479 3512 547 genuit.
3552 480 3690 550 Quid

2112 562 2252 617 enim
2283 562 2527 630 dicimus,
2561 563 2769 628 fratres,
2798 564 2841 618 si
2864 563 3020 619 Pater
3042 566 3215 634 major
3239 567 3501 624 minorem
3526 570 3695 628 tilium

2110 653 2329 724 genuit?
2353 652 2491 731 Quid
2526 653 2666 708 enim
2702 655 2811 710 dixi
2836 657 2873 720 ί,
2904 656 3124 725 genuit?
3152 657 3327 713 Homo
3352 662 3495 715 enim
3524 663 3695 732 major

2110 752 2328 813 generat
2350 744 2511 799 tilium
2536 745 2820 813 minorem,
2847 760 3029 801 verum
3052 756 3139 802 est
3164 766 3178 801 :
3204 748 3301 804 sed
3316 750 3442 819 quia
3464 756 3697 810 senescit

2114 835 2233 902 ille,
2265 836 2457 890 crescit
2488 838 2616 902 iste,
2651 846 2705 891 et
2745 837 2812 892 ad
2854 837 3077 894 formam
3118 840 3284 909 patris
3321 842 3404 896 sui
3443 845 3528 899 vel
3565 860 3695 901 cre-

2111 926 2310 983 scendo
2339 928 2597 997 pervenit.
2631 928 2797 985 Filius
2824 930 2914 985 Dei
2945 931 2988 986 si
3007 933 3027 963 ²
3054 945 3159 987 non
3189 934 3413 1001 crescit,
3442 936 3565 1006 quia
3596 954 3697 995 nec

2111 1028 2289 1091 potest
2315 1022 2454 1077 Deus
2476 1034 2792 1089 senescere;
2824 1023 3088 1093 perfectus
3115 1035 3270 1083 natus
3295 1036 3397 1083 est.
3420 1029 3697 1091 Perfectus

2110 1112 2321 1183 quidem
2349 1123 2523 1180 natus,
2554 1115 2601 1171 si
2628 1130 2733 1171 non
2758 1117 2970 1183 crescit,
2998 1128 3054 1174 et
3076 1120 3252 1176 minor
3276 1136 3382 1177 non
3407 1124 3693 1193 mansit;

2110 1203 2330 1273 mqualis
2357 1212 2455 1259 est.
2487 1204 2617 1259 Nam
2657 1216 2714 1261 ut
2748 1207 2930 1264 sciatis
2966 1209 3385 1279 omnipotentem
3418 1212 3491 1269 de
3523 1216 3698 1271 omni-

2111 1302 2327 1364 potente
2362 1305 2540 1351 uatum
2561 1336 2576 1361 ,
2620 1297 2792 1367 ipsum
2827 1298 3007 1356 attdite
3033 1301 3123 1371 qui
3149 1300 3360 1358 Veritas
3384 1311 3489 1358 est.
3530 1304 3608 1360 De
3630 1320 3698 1362 se

2108 1385 2250 1455 quod
2278 1385 2406 1442 dicit
2436 1386 2674 1452 Veritas,
2710 1388 2812 1443 hoc
2839 1400 2923 1445 est
2951 1405 3155 1446 nulla.
3182 1391 3320 1460 Quid
3350 1393 3425 1448 ait
3452 1393 3698 1450 Veritas?

2108 1477 2235 1546 quid
2261 1478 2336 1532 ait
2361 1477 2545 1542 Filius,
2568 1480 2663 1548 qui
2687 1489 2771 1536 est
2799 1480 3041 1537 Veritas?
3068 1481 3410 1553 Quaecumque
3437 1483 3593 1540 Pater
3617 1489 3698 1559 fa-

2088 1568 2208 1633 cit,
2244 1569 2348 1623 Ιιωε
2374 1578 2422 1623 et
2454 1569 2618 1624 Filius
2644 1571 2875 1625 similiter
2900 1573 3024 1642 ﬁcit
3062 1574 3239 1645 (Joan.
3266 1588 3324 1640 γ,
3359 1576 3472 1645 i9).
3504 1576 3696 1633 Omni-

2111 1669 2299 1728 potens
2326 1668 2407 1717 est
2434 1659 2597 1715 Filius
2618 1700 2639 1724 ν
2658 1661 2835 1715 omnia
2874 1662 3114 1718 faciendo
3138 1680 3257 1735 qua:
3280 1667 3531 1721 voluerit.
3560 1667 3696 1724 Nam

2106 1751 2156 1807 si
2182 1750 2308 1808 facit
2342 1753 2514 1823 aliqua
2545 1754 2702 1810 Pater
2729 1764 2849 1825 qua:
2878 1769 2986 1809 non
3016 1755 3138 1811 facit
3161 1756 3354 1823 Filius,
3397 1758 3586 1815 falsum
3615 1761 3697 1817 di-

2108 1842 2187 1898 xit
2210 1844 2378 1900 Filius
2408 1863 2422 1901 ε
2449 1845 2790 1914 Quantaque
2817 1845 2970 1900 Pater
2995 1850 3139 1918 facit,
3174 1848 3279 1902 lucc
3307 1859 3353 1902 ct
3380 1849 3543 1905 Filius
3573 1853 3698 1922 facit

2106 1935 2356 1990 similiter.
2384 1935 2488 1992 Sed
2514 1937 2637 2005 quia
2664 1946 2846 1991 verum
2886 1937 3019 1991 dixit
3043 1937 3208 1993 Filius
3234 1956 3247 1992 :
3276 1938 3474 1994 credite
3494 1983 3508 2008 ,
3540 1940 3696 2005 Qua:-

2107 2044 2321 2096 cumqu
2341 2027 2499 2083 Pater
2516 2030 2671 2099 facit,
2698 2033 2804 2083 hac
2823 2040 2867 2084 et
2892 2028 2939 2083 F
2941 2030 3058 2084 ilius
3080 2030 3202 2101 facit
3222 2029 3487 2095 similiter;
3508 2042 3562 2087 et
3579 2047 3699 2089 crc-

2105 2119 2318 2175 didistis
2343 2120 2396 2174 tu
2422 2119 2614 2175 Filium
2637 2122 3079 2191 omnipotentem.
3101 2120 3257 2188 Quod
3279 2122 3498 2177 verbum
3520 2123 3620 2179 etsi
3636 2123 3695 2178 iu

2107 2210 2363 2281 Symbolo
2390 2226 2494 2266 non
2522 2210 2761 2275 dixistis,
2796 2220 2972 2267 tamen
3006 2210 3110 2266 hoc
3142 2219 3230 2266 est
3261 2211 3401 2281 quod
3431 2214 3700 2283 expressi.

2108 2303 2227 2368 stis,
2253 2303 2466 2371 quando
2491 2304 2543 2358 in
2566 2304 2777 2358 unicum
2800 2304 2974 2372 ipsum
2996 2304 3164 2359 Deum
3185 2304 3503 2360 credidistis.
3530 2305 3700 2362 Habet

2106 2393 2307 2463 aliquid
2338 2395 2489 2449 Pater
2511 2395 2652 2464 quod
2680 2411 2787 2449 non
2812 2395 2972 2451 habet
3002 2396 3206 2450 Filius?
3234 2396 3347 2452 Hoc
3374 2398 3554 2451 Ariani
3586 2397 3698 2454 ha:-

2107 2487 2258 2541 retici
2291 2486 2583 2556 blasphemi
2610 2488 2812 2553 dicunt,
2841 2504 2946 2542 non
2972 2502 3090 2559 ego.
3126 2489 3232 2545 Sed
3258 2505 3359 2561 ego
3386 2491 3513 2562 quid
3539 2492 3697 2548 dico?

2103 2577 2162 2633 Si
2195 2577 2354 2635 habet
2378 2578 2578 2650 aliquid
2603 2580 2782 2647 Pater,
2814 2580 2957 2649 quod
2984 2595 3091 2635 non
3123 2581 3283 2637 habet
3312 2582 3510 2647 Filius;
3540 2599 3694 2640 men-

2110 2669 2237 2723 titur
2264 2669 2432 2724 Filius
2450 2708 2468 2736 ,
2504 2670 2600 2740 qui
2624 2670 2784 2733 dicit,
2826 2670 3015 2725 Omnia
3040 2687 3154 2744 qua:
3183 2673 3328 2727 habet
3354 2673 3544 2742 Pater,
3586 2692 3699 2731 inea

2106 2771 2224 2816 sunt
2249 2761 2364 2829 (Id.
2383 2802 2399 2825 ,
2428 2778 2540 2828 xvi,
2566 2762 2676 2833 l5).
2718 2762 2877 2816 Multa
2902 2772 2958 2817 et
2980 2762 3383 2818 innumerabilia
3406 2774 3528 2820 sunt
3551 2768 3699 2823 testi-

2106 2853 2285 2906 monia
2313 2852 2505 2922 quibus
2533 2853 2788 2922 probetur
2815 2853 2936 2922 quia
2968 2853 3131 2907 Filius
3158 2868 3316 2909 verus
3343 2855 3439 2911 Dei
3465 2855 3485 2887 ³
3527 2855 3698 2913 Patris

2107 2954 2191 2999 est
2219 2944 2401 3007 Filius,
2430 2953 2484 2998 et
2510 2945 2668 2999 Pater
2695 2945 2833 2999 Deus
2860 2958 3044 3000 verum
3071 2946 3253 3015 genuit
3281 2945 3475 3003 Filium
3505 2947 3695 3016 Deum,

2106 3044 2163 3089 et
2191 3035 2347 3089 Pater
2376 3044 2429 3089 et
2454 3035 2621 3089 Filius
2647 3048 2785 3089 tinus
2814 3044 2897 3091 est
2927 3037 3084 3091 Dens.

2178 3124 2406 3181 CAPUT
2447 3124 2531 3180 ΙΙΙ.
2554 3152 2624 3166 ε·-
2644 3126 2700 3181 6.
2734 3125 2859 3179 Filii
2886 3125 2981 3180 Dei
3000 3128 3235 3182 nativitas
3264 3128 3485 3184 Inmana
3511 3147 3573 3187 ea:
3596 3130 3698 3188 vir-

2108 3218 2243 3288 gine.
2275 3216 2457 3272 Possit)
2478 3218 2568 3271 sub
2596 3218 2812 3287 prwside
2833 3215 3024 3271 Pilato.
3056 3217 3310 3274 Nativitas
3337 3221 3523 3275 Christi
3545 3234 3695 3277 (vter-

2108 3325 2178 3365 na
2205 3309 2268 3363 de
2292 3307 2470 3362 Patre.
2487 3308 2665 3363 Crucis
2692 3308 2998 3378 supplicium
3035 3324 3127 3362 cur
3172 3309 3381 3364 electum
3405 3328 3436 3364 a
3472 3310 3695 3368 Christo.

2111 3400 2381 3454 Patientia:
2403 3410 2592 3453 merces
2606 3414 2705 3453 non
2730 3397 3024 3469 temporalis
3046 3399 3099 3452 in
3123 3401 3379 3469 prtcsenti,
3406 3402 3494 3455 sed
3510 3413 3698 3459 (eterna

2109 3500 2335 3562 speretur
2374 3490 2430 3543 in
2466 3493 2638 3561 [hlaro
2666 3489 2872 3543 mlo.
2908 3488 3010 3545 Sed
3048 3490 3148 3545 iste
3179 3490 3343 3545 Filius
3385 3492 3572 3547 unicus
3602 3493 3698 3551 Dei

2102 3582 2284 3637 Patris
2300 3581 2320 3614 ⁸
2338 3582 2721 3652 omnipotentis
2743 3576 3019 3637 videamus
3043 3582 3167 3652 quid
3196 3581 3316 3637 fecit
3340 3594 3555 3655 propter
3572 3598 3694 3655 nos,

2086 3698 2092 3727 :
2110 3673 2236 3743 quid
2265 3687 2451 3743 passus
2468 3682 2557 3727 est
2577 3681 2793 3741 propter
2812 3684 2931 3726 nos.
2946 3672 3108 3727 Natus
3125 3672 3191 3727 de
3208 3670 3410 3743 Spiritu
3429 3684 3615 3730 sancto
3642 3685 3698 3732 et

2110 3765 2315 3834 ﬁirgine
2334 3764 2517 3817 Maria.
2545 3763 2638 3819 ille
2659 3764 2797 3816 Deus
2818 3771 2994 3817 tantus
3020 3763 3237 3833 aequalis
3262 3763 3428 3829 Patri,
3448 3776 3602 3821 natus
3629 3766 3698 3823 de

2112 3855 2311 3925 Spiritu
2342 3862 2529 3908 saneto
2568 3864 2621 3907 et
2659 3853 2859 3923 virgine
2883 3848 3043 3907 Maria
3058 3853 3294 3919 humilis,
3322 3854 3465 3909 unde
3484 3867 3699 3914 sanaret

2110 3944 2392 4014 superbos
2414 3943 2673 3998 Exaltavit
2696 3956 2759 3997 se
2782 3944 2961 4009 homo,
2988 3951 3044 3998 et
3070 3943 3295 3999 cecidit:
3319 3943 3615 4002 humiliavit
3639 3961 3698 4003 se

2112 4036 2273 4101 Dens,
2284 4035 2542 4091 eterexit.
2556 4032 3046 4090 HnmilitasCltristi
3061 4035 3186 4106 quid
3196 4035 3315 4091 est?
3329 4034 3539 4093 Mamnn
3561 4039 3698 4097 Deus

2113 4128 2314 4184 homini
2327 4127 2523 4197 iacenti
2538 4127 2794 4197 pot-rexit.
2813 4126 2919 4181 Nos
2944 4125 3255 4194 cecidimus,
3274 4126 3368 4183 ille
3384 4127 3657 4185 descendit
3681 4149 3695 4185 :

2112 4233 2213 4274 nos
2232 4218 2565 4289 jacebamus,
2590 4217 2753 4273 illese
2772 4217 3069 4273 hiciiuavit.
3092 4218 3422 4274 Prendamus
3438 4229 3491 4275 et
3516 4236 3699 4291 surga-

2112 4324 2255 4377 mus,
2305 4318 2366 4364 ut
2408 4323 2512 4364 nou
2554 4310 2608 4363 in
2654 4318 2866 4379 poenam
2916 4309 3187 4365 cudamus.
3237 4306 3378 4380 Ergo
3428 4308 3700 4367 inclinatio

2113 4401 2281 4472 ipsius
2306 4403 2427 4456 inec
2453 4410 2554 4466 est,
2583 4398 2746 4455 Natus
2770 4399 2943 4456 estde
2962 4400 3161 4469 Spiritu
3188 4408 3374 4455 saneto
3399 4411 3453 4455 et
3494 4398 3699 4473 virgine

2112 4494 2295 4549 Maria.
2327 4494 2391 4549 Et
2414 4493 2527 4563 ipsa
2552 4493 2806 4547 nativitas
2836 4492 3087 4558 humana,
3119 4492 3337 4546 humilis
3374 4501 3427 4546 ct
3463 4493 3697 4548 excelsa.

2116 4586 2267 4643 Unde
2304 4584 2562 4639 humilis?
2597 4580 2730 4649 Quia
2754 4583 2921 4637 homo
2964 4592 3120 4637 natus
3159 4591 3242 4636 est
3269 4596 3332 4636 ex
3362 4581 3691 4638 hominibus.

2113 4677 2267 4735 Unde
2286 4674 2689 4741 excelsauluia
2714 4672 2783 4727 de
2808 4673 3038 4743 virgine.
3062 4670 3224 4742 Virgo
3253 4672 3515 4742 concepit,
3546 4673 3695 4745 virgo

2112 4768 2339 4839 peperit,
2372 4775 2425 4821 et
2440 4774 2566 4835 post
2596 4771 2803 4834 partum
2824 4763 2979 4833 virgo
2998 4762 3313 4831 permansit.

2185 4860 2237 4915 7.
2260 4857 2405 4925 Quid
2424 4855 2654 4912 deinde?
2688 4854 2882 4910 Passus
2911 4856 3010 4910 sub
3054 4854 3245 4910 Pontio
3266 4850 3459 4909 'Pitato.
3500 4854 3691 4911 Praesi.

2108 4952 2297 5008 datum
2337 4952 2546 5022 agebat,
2577 4956 2631 5005 e't
2678 4948 2842 5019 iudex
2897 4958 3012 5004 erat
3056 4950 3171 5019 ipse
3219 4948 3439 5004 Pontius
3472 4948 3696 5016 Pilatus,

2111 5041 2326 5114 quando
2353 5053 2542 5111 passus
2569 5048 2651 5095 ρει
2695 5036 2958 5094 Christus.
3006 5037 3207 5094 Judicis
3249 5039 3464 5093 nomine
3492 5038 3696 5108 signata

2104 5143 2236 5189 sunt
2260 5142 2521 5203 tempora,
2551 5130 2764 5201 Quando
2783 5142 2978 5200 passus
3005 5139 3087 5186 est
3104 5171 3117 5195 ,
3150 5128 3248 5187 sub
3270 5126 3463 5186 Pontio
3490 5126 3662 5185 Pilato
3686 5148 3699 5197 ;

2104 5224 2327 5296 quando
2360 5234 2556 5295 passus
2577 5230 2693 5289 cat,
2736 5220 3037 5289 cruciﬁxus,
3074 5223 3372 5287 mortuus“,
3422 5232 3476 5278 ct
3518 5222 3697 5293 sepul-

2170 5404 2194 5434 ά
2228 5408 2281 5451 In
2300 5407 2427 5459 1183.,
2452 5399 2650 5451 dicitur.

2174 5467 2194 5495 ²
2226 5470 2368 5536 iuxta
2384 5468 2458 5512 Er.
2483 5463 2630 5527 Lugd.
2654 5470 2770 5512 ven.
2787 5468 2917 5522 ωιτη
2935 5461 3082 5514 Filius
3111 5462 3195 5514 Dei
3214 5476 3303 5515 non
3322 5464 3494 5516 crescit
3515 5464 3695 5525 ;omis-

2108 5537 2180 5587 so,
2203 5530 2261 5575 si.
2325 5530 2384 5574 Μ.

2173 5588 2522 5657 ξῖιεεηοειω.
2616 5648 2627 5657 ι
2736 5652 2745 5657 Δ
2782 5647 2792 5657 ι

2172 5648 2360 5761 ιωιὲςονη
2386 5657 2512 5702 Deus
2536 5648 2627 5702 Da“
2657 5648 2833 5709 Patris,
2859 5652 2952 5699 etc.
2983 5650 3144 5710 Abest,
3175 5657 3315 5714 υειιε,
3340 5652 3406 5702 ab
3428 5650 3572 5702 editis
3592 5648 3699 5702 aliis

2113 5718 2455 5837 θίυΜῗςὲτδυω,
2480 5779 2710 5855 mortuus,
2734 5774 2824 5827 hoc
2847 5780 2894 5826 et
2919 5776 3136 5840 proximo
3160 5774 3264 5827 loco
3280 5776 3425 5830 abest
3447 5780 3598 5829 nats.
