4140 6216
411 336 520 395 8'51

413 462 525 507 tus.
548 449 716 519 Quis?
742 446 906 518 quid?
931 459 1028 516 pro
1051 441 1282 516 quibus?
1304 440 1471 510 Quis?
1492 437 1657 493 Filios
1680 437 1776 492 Dei
1797 435 2003 503 unicus,

376 600 379 603 ,
421 541 681 597 Dominus
701 546 899 593 noster.
922 535 1093 603 Quid?
1114 532 1436 596 Crucilixus,
1464 540 1728 595 mortuus,
1752 536 1807 581 et
1833 524 2008 595 sepul-

424 643 532 688 tus.
562 633 667 686 Pro
692 629 920 701 quibus?
964 629 1067 682 Pro
1109 627 1283 695 impiis
1312 632 1367 678 et
1408 621 1790 694 peccatoribus.
1820 618 2007 687 Magna

425 722 689 793 dignatio!
722 735 909 789 magna
944 719 1110 789 gratia
1136 720 1149 770 ε
1191 715 1325 782 Quid
1355 714 1623 768 retribuam
1651 710 1887 776 Domino,
1916 704 2007 779 pro

426 815 655 868 omnibus
681 828 794 883 qua:
820 811 1044 864 retribuit
1069 809 1192 862 mihi
1218 806 1391 877 (Psal.
1419 821 1540 870 cxv,
1564 803 1694 873 12)?

495 907 552 959 8.
579 903 747 958 Natus
773 912 855 957 est
884 910 1007 955 ante
1036 901 1215 954 omnia
1246 907 1485 967 tempora
1508 938 1522 962 ,
1555 904 1712 950 natus
1743 901 1867 948 ante
1890 906 2009 947 om-

428 997 524 1051 nia
549 995 765 1050 saecula.
789 993 955 1047 Natus
972 1001 1113 1046 ante.
1144 992 1284 1045 Ante
1313 988 1458 1059 quid,
1491 986 1580 1041 ubi
1609 1000 1718 1040 non
1745 993 1828 1039 cst
1853 983 2013 1038 ante?

426 1086 659 1141 Prorsus
681 1084 847 1140 nolite
872 1084 1105 1153 cogitare
1129 1079 1345 1151 aliquod
1384 1088 1594 1149 tempus
1619 1084 1743 1132 ante
1770 1074 2015 1147 nativita-

388 1230 393 1231 ,
433 1186 544 1231 tem
566 1173 786 1239 Christi,
814 1189 917 1243 qua
943 1182 1099 1227 natus
1123 1180 1205 1227 est
1229 1170 1295 1226 de
1320 1170 1476 1224 Patre
1503 1186 1517 1220 :
1543 1167 1611 1223 de
1637 1168 1750 1236 ipsa
1771 1165 2017 1219 nativita-

433 1276 486 1321 te
519 1267 727 1336 loquor,
752 1281 854 1335 qua
873 1276 959 1319 est
985 1263 1152 1318 Filius
1175 1263 1268 1317 Dei
1296 1258 1675 1330 omnipotentis
1701 1258 1886 1313 unicus
1906 1257 2015 1311 Do-

432 1358 611 1413 minus
639 1367 855 1419 nosuer;
886 1354 953 1409 de
989 1355 1102 1424 ipsa
1134 1352 1281 1423 prius
1328 1352 1535 1421 loquor.
1584 1348 1759 1403 Nolite
1784 1347 2018 1418 cogitare

432 1447 487 1502 in
528 1448 630 1500 hac
659 1448 935 1501 nativitatc
982 1445 1187 1499 initium
1233 1441 1521 1511 temporis;
1568 1438 1737 1494 nolite
1784 1440 2019 1508 cogitare

434 1538 604 1592 ullum
629 1539 856 1606 spatium
884 1536 1217 1603 aeternitatis,
1243 1532 1455 1604 quando
1481 1539 1595 1585 erat
1624 1530 1781 1585 Pater
1822 1537 1877 1584 et
1913 1542 2021 1583 non

432 1637 553 1682 erat
582 1628 765 1682 Filius.
794 1629 872 1682 Ex
891 1644 997 1697 quo
1024 1628 1202 1691 Pater,
1235 1640 1299 1680 ex
1324 1639 1390 1679 eo
1436 1621 1625 1676 Filius.
1652 1620 1722 1675 Et
1757 1619 1882 1690 quid
1914 1627 2016 1683 est,

443 1737 511 1775 ex
541 1738 668 1791 quo,
699 1723 785 1776 ubi
815 1737 920 1776 non
948 1729 1031 1776 est
1055 1719 1298 1774 initium?
1325 1717 1464 1787 Ergo
1489 1728 1704 1784 semper
1724 1713 1882 1768 Pater
1907 1711 2023 1767 sine

436 1814 593 1867 initio
611 1855 624 1878 ,
649 1828 861 1882 semper
882 1812 1045 1867 Filius
1066 1812 1181 1865 sine
1210 1810 1379 1863 initio.
1400 1805 1769 1877 thuomodo,
1794 1804 2022 1875 inquies,

433 1912 595 1957 natus
621 1913 725 1967 est,
754 1904 797 1956 si
827 1919 931 1961 non
977 1902 1139 1955 habet
1162 1899 1412 1956 initium?
1456 1900 1530 1952 De
1570 1906 1770 1953 aiterno
1806 1904 2027 1952 coaeter-

438 2010 558 2048 nus.
585 1996 861 2063 Nunquam
897 1995 995 2049 fuit
1026 1996 1179 2049 Pater
1205 2004 1256 2049 et
1285 2007 1390 2047 non
1417 1998 1534 2048 erat
1555 1991 1743 2057 Filius,
1768 1999 1822 2045 et
1849 1998 2027 2044 tamen

439 2084 608 2139 Filius
634 2102 663 2139 a
689 2086 849 2141 Patre
869 2096 948 2140 est
984 2086 1215 2155 genitus.
1256 2083 1409 2140 Unde
1450 2083 1606 2136 datur
1632 2080 2029 2152 qualiscumque

442 2176 773 2231 similitudo?
797 2176 853 2232 In
879 2177 1043 2232 rebus
1072 2177 1298 2231 terrenis
1323 2190 1527 2241 sumus,
1558 2174 1610 2229 in
1641 2180 1882 2228 creatura
1904 2171 2034 2227 visi-

443 2266 539 2321 bili
572 2281 778 2321 sumus.
812 2268 913 2322 Det
953 2267 1080 2322 mihi
1119 2265 1518 2321 similitudinem
1555 2273 1693 2320 terra
1725 2281 1741 2318 :
1771 2256 1878 2319 non
1918 2262 2029 2319 dat.

442 2358 545 2412 Det
588 2358 718 2411 mihi
764 2358 993 2427 aliquam
1044 2356 1444 2412 similitudinem
1487 2354 1747 2409 undarum
1799 2353 2039 2409 elemen-

443 2456 561 2503 tum
588 2466 600 2501 :
631 2464 736 2502 non
782 2448 940 2503 habet
984 2449 1141 2505 unde.
1183 2448 1281 2502 Det
1327 2447 1454 2502 mihi
1493 2444 1895 2501 similitudinem
1933 2444 2036 2499 ali-

444 2538 589 2608 quod
629 2539 824 2592 animal
856 2556 869 2591 :
903 2554 1001 2593 nec
1040 2539 1141 2593 hoc.
1181 2546 1372 2608 potest.
1423 2536 1631 2594 Animal
1678 2534 1891 2606 quidem
1939 2549 2034 2604 ge-

445 2640 628 2693 nerat,
657 2639 711 2684 et
741 2630 880 2698 quod
910 2639 1149 2699 generat,
1173 2639 1227 2684 et
1254 2628 1397 2698 quod
1428 2636 1746 2698 generatur:
1769 2624 1865 2680 sed
1893 2623 2036 2694 prior

442 2730 533 2775 est
559 2730 731 2789 pater,
775 2732 829 2775 et
855 2729 1040 2790 postea
1067 2724 1301 2774 nascitur
1327 2720 1484 2772 illius.
1524 2716 1861 2773 Inveniamus
1892 2728 2035 2770 coae-

449 2825 597 2870 vum,
627 2817 681 2861 et
703 2810 983 2863 credamus
1002 2818 1351 2866 ceteternum.
1379 2808 1433 2863 Si
1455 2807 1781 2876 potuerimus
1797 2804 2037 2860 invenire

430 2958 437 2965 ,
447 2908 657 2969 patrem
684 2912 922 2954 cetevum
952 2898 1062 2953 ﬁlio
1089 2912 1207 2966 suo,
1238 2906 1292 2952 et
1309 2897 1473 2951 ﬁlium
1493 2910 1732 2951 corevum
1754 2894 1891 2965 patri
1905 2908 2035 2959 suo;

421 2974 737 3045 ‘credamus
764 2990 929 3045 Deum
962 2990 1172 3045 Patrem
1196 3003 1435 3043 comvum
1467 2986 1602 3042 Filio
1629 3001 1726 3042 suo
1744 3027 1758 3052 ,
1794 2994 1846 3040 et
1870 2984 2039 3041 Deum

451 3079 650 3135 Filium
688 3089 1013 3135 cnaeternum
1055 3079 1197 3133 Patri
1225 3092 1342 3133 suo.
1378 3078 1436 3134 In
1464 3086 1601 3132 terra
1631 3090 1913 3147 possumus
1954 3075 2039 3130 in-

454 3173 640 3227 venire
697 3171 925 3242 aliquem
971 3186 1206 3225 coaevum
1232 3212 1248 3236 ,
1289 3183 1393 3223 non
1460 3182 1741 3239 possumus
1803 3164 2042 3221 invenire

452 3263 687 3333 aliquem
743 3272 1087 3316 cozeternum.
1137 3260 1474 3315 Intendamus
1513 3274 1747 3314 corevum
1773 3300 1789 3326 ,
1831 3265 1886 3313 et
1921 3272 2042 3313 cre-

346 3426 352 3432 .
454 3355 647 3409 damus
686 3362 1030 3408 comternum.
1074 3353 1309 3408 Intentos
1351 3367 1445 3406 vos
1486 3352 1644 3408 faciet
1683 3351 1817 3406 forte
1853 3352 2043 3421 aliquis

454 3453 516 3500 et
540 3445 681 3500 dicet
699 3446 714 3475 ¹
742 3462 755 3496 :
784 3444 1009 3510 Quando
1035 3452 1210 3513 potest
1238 3443 1463 3497 inveniri
1500 3451 1648 3512 pater
1686 3456 1897 3497 coaevus
1935 3442 2043 3497 lilio

460 3548 593 3600 suo,
624 3544 715 3588 ant
761 3535 903 3589 ﬁlius
944 3549 1157 3589 comvus
1187 3533 1322 3603 patri
1359 3534 1499 3588 suo?
1529 3532 1597 3588 Ut
1622 3542 1844 3603 generet
1870 3541 2042 3605 pater,

463 3625 733 3680 antecedit
784 3636 976 3689 aetate;
1025 3633 1085 3679 ut
1114 3632 1360 3679 nascatur
1390 3624 1550 3691 Illius,
1581 3625 1819 3694 sequitur
1843 3632 1998 3680 aetate
2028 3642 2041 3677 :

464 3714 561 3770 sed
591 3716 677 3770 hic
703 3730 917 3770 coaevus
946 3724 1097 3784 pater
1125 3714 1255 3780 lilio,
1287 3714 1370 3769 vel
1408 3713 1546 3769 lilius
1572 3714 1727 3783 patri,
1778 3713 2046 3783 quomodo

463 3815 643 3875 potest
666 3807 819 3861 esse?
848 3804 1103 3861 Occurrat
1133 3806 1287 3861 vobis
1312 3806 1446 3876 ignis
1476 3815 1644 3875 pater,
1677 3805 1930 3876 splendor
1980 3805 2046 3859 li-

463 3899 602 3962 lius;
629 3914 754 3954 ecce
776 3900 1075 3954 invenimus
1100 3912 1331 3954 coaevus.
1374 3899 1453 3954 Ex
1479 3914 1583 3969 quo
1606 3899 1742 3970 ignis
1770 3914 1890 3955 esse
1939 3913 2049 3955 cm-

465 3990 564 4059 pit,
585 3990 839 4045 continuo
864 3988 1200 4059 splendorem
1222 3989 1389 4061 gignit
1413 4008 1427 4044 :
1450 4004 1551 4045 nec
1570 3990 1705 4060 ignis
1726 3999 1849 4045 ante
1872 3990 2051 4060 splen-

463 4078 674 4146 dorem,
700 4094 800 4134 nec
819 4079 1068 4147 splendor
1097 4088 1218 4148 post
1236 4081 1434 4146 ignem.
1464 4080 1533 4134 Et
1555 4081 1600 4135 si
1618 4082 2044 4152 interrogemus,

466 4169 589 4235 quis
610 4182 767 4236 quem
796 4177 1037 4235 generat,
1071 4168 1205 4235 ignis
1251 4167 1610 4235 splendorem,
1660 4178 1751 4223 aut
1799 4171 2051 4239 splendor

469 4257 648 4324 ignem
672 4272 687 4318 ;
739 4255 990 4307 continuo
1014 4256 1165 4308 vobis
1193 4255 1425 4309 occurrit
1454 4270 1612 4309 sensu
1643 4260 1887 4323 naturali,
1929 4276 2052 4328 pru-

469 4343 648 4399 dentia
677 4343 832 4397 insita
858 4343 1124 4398 mentibus
1153 4344 1360 4410 vestris,
1388 4358 1574 4399 omnes
1602 4347 1842 4401 clamatis
1867 4365 1879 4401 :
1912 4347 2052 4418 Ignis

408 4478 417 4485 .
470 4432 845 4505 splendorem,
879 4449 984 4488 non
1023 4433 1277 4505 splendor
1309 4435 1508 4506 ignem.
1548 4435 1687 4492 Ecce
1728 4446 1880 4507 pater
1917 4438 2052 4494 inci-

470 4527 645 4597 piens,
678 4540 803 4581 ecce
832 4526 970 4581 ﬁlius
988 4526 1167 4590 simul,
1188 4541 1289 4582 nec
1308 4526 1647 4594 antecedens,
1675 4542 1776 4584 nec
1801 4543 2049 4599 sequens.

471 4621 611 4675 Ecce
636 4634 763 4689 ergo
783 4627 933 4689 pater
960 4618 1238 4690 incipiens,
1264 4633 1388 4675 cecc
1418 4618 1557 4674 ﬁlius
1580 4619 1738 4675 simul
1772 4620 2050 4690 incipiens.

471 4710 529 4767 Si
554 4710 764 4766 ostendi
792 4710 941 4766 vobis
968 4718 1175 4781 patrem
1203 4711 1541 4781 incipientem
1562 4752 1577 4779 ,
1606 4720 1661 4767 et
1698 4711 1862 4767 ﬁlium
1899 4712 2055 4769 simul

472 4803 849 4872 incipientem;
872 4801 1073 4856 credite
1099 4802 1310 4857 Patrem
1337 4818 1442 4856 non
1468 4801 1827 4873 incipientem,
1861 4812 2054 4859 etcum

473 4894 567 4948 illo
597 4893 790 4948 Filium
829 4909 927 4949 nec
968 4894 1138 4964 ipsum
1182 4895 1551 4964 incipientem;
1594 4895 1738 4950 illum
1777 4904 2051 4963 aeternum,

476 4986 628 5041 illum
652 4996 996 5042 coaeternum.
1028 4986 1085 5041 Si
1117 4987 1392 5056 proﬁcitis,
1421 4987 1714 5058 intelligitis
1741 5005 1755 5041 :
1784 4987 1906 5043 date
1931 5003 2058 5058 ope-

475 5092 591 5132 ram
618 5078 898 5147 prolicere.
920 5076 1077 5132 Nasci
1099 5078 1327 5145 habetis,
1350 5078 1442 5134 sed
1473 5088 1527 5134 et
1551 5094 1796 5135 crescere
1819 5079 2055 5145 debetis;

475 5170 596 5241 quia
643 5183 803 5226 nemo
846 5169 1031 5239 incipit
1070 5183 1100 5222 a
1144 5168 1399 5238 perfecto.
1438 5170 1530 5226 Dei
1569 5170 1706 5226 Filio
1735 5170 1881 5226 licuit
1910 5171 2059 5226 nasci

475 5261 804 5332 perfectum;
850 5263 971 5331 quia
999 5270 1152 5316 natus
1168 5257 1258 5317 est
1283 5264 1397 5318 sine
1434 5271 1708 5335 tempore,
1762 5273 2059 5320 coaeternus

477 5354 643 5419 Patri,
670 5353 989 5409 antecedens
1028 5358 1224 5421 omnia,
1268 5370 1373 5410 non
1401 5363 1574 5422 aetate,
1608 5354 1701 5410 sed
1741 5357 2052 5411 mternitate.

477 5447 586 5503 Iste
606 5461 735 5517 ergo
775 5454 929 5501 natus
962 5446 1106 5501 Patri
1132 5455 1450 5511 coaeternus,
1486 5446 1552 5501 de
1591 5461 1691 5516 qua
1718 5448 2059 5516 generatione

478 5536 618 5594 dixit
643 5538 919 5608 propheta,
950 5536 1328 5592 Generationcm
1344 5539 1453 5609 ejus
1480 5538 1592 5608 quis
1621 5538 1871 5594 enarrabit
1904 5538 2055 5605 (Isai.

478 5645 586 5696 ιω,
616 5630 711 5701 8)?
749 5638 903 5686 natus
930 5630 996 5687 dc
1026 5630 1182 5686 Patre
1225 5629 1340 5686 sine
1380 5637 1637 5701 tempore,
1684 5637 1838 5685 natus
1880 5639 1960 5689 est
1986 5646 2055 5691 ex

541 5744 561 5781 ³
593 5748 724 5809 lu,
752 5747 952 5799 luteum
973 5756 1052 5799 vos
1069 5742 1228 5812 faciet.
1255 5747 1394 5798 Forte
1416 5739 1591 5808 aliquis
1614 5740 1750 5795 dicit.

1574 323 1664 379 DE
1700 319 2031 388 SYMBOLO,
2072 318 2130 374 S.
2170 315 2534 379 AUGUSTINI

3580 318 3687 379 63!

2112 433 2314 503 virgine
2359 432 2411 486 in
2460 429 2787 502 plenitudine
2834 432 3107 502 temporis.
3155 430 3316 488 Istam
3356 433 3684 492 nativitatem

2112 533 2508 579 antecesserant
2525 532 2782 594 tempora.
2806 522 3210 596 Opportunitate
3238 528 3488 597 temporis
3512 543 3686 599 quan-

2115 614 2185 670 do
2214 616 2402 683 voluit,
2426 615 2638 686 quando
2665 617 2894 684 sciebat,
2934 625 3059 672 tunc
3087 626 3245 673 natus
3272 627 3355 674 est
3380 636 3394 672 :
3419 634 3523 673 non
3546 620 3688 675 enim

2115 708 2303 762 nolens
2326 715 2480 761 natus
2508 718 2608 762 est.
2627 707 2797 764 Nemo
2814 718 3051 764 nostrum
3072 710 3195 780 quia
3223 710 3336 765 vult
3360 712 3614 779 nascitur,
3633 718 3690 766 et

2116 815 2274 856 nemo
2303 809 2543 856 nostrum
2573 800 2783 871 quando
2813 801 2926 856 vult
2947 802 3207 857 moritur:
3236 802 3325 858 ille
3350 803 3563 874 quando
3592 817 3692 859 vo-

2118 894 2215 948 luit
2236 900 2389 947 natus
2414 900 2514 959 est,
2544 891 2756 963 quando
2791 892 2959 948 voluit
2993 900 3236 949 mortuus
3265 902 3380 960 est;
3426 892 3694 966 quomodo

2118 982 2284 1038 voluit
2307 990 2463 1036 natus
2487 990 2568 1037 est
2595 982 2663 1037 de
2691 981 2911 1053 virgine,
2939 982 3203 1052 quomodo
3241 982 3412 1038 voluit
3453 991 3696 1039 mortuus

2120 1081 2203 1129 est
2229 1072 2284 1127 in
2312 1086 2490 1128 cruce.
2518 1071 2783 1143 Quidquid
2806 1071 2972 1127 voluit
2999 1071 3121 1128 fecit
3149 1091 3162 1126 :
3194 1074 3316 1144 quia
3341 1074 3419 1130 sic
3453 1082 3570 1131 erat
3591 1073 3697 1130 ho-

2120 1178 2228 1229 mo,
2252 1169 2308 1217 ut
2330 1162 2520 1217 lateret
2541 1163 2713 1228 Deus;
2740 1171 3015 1233 susceptor
3034 1163 3195 1231 Deus,
3215 1172 3491 1236 susceptus
3511 1165 3694 1234 homo,

2120 1270 2257 1312 unus
2285 1254 2530 1312 Christus
2557 1256 2696 1311 Deus
2715 1264 2770 1311 et
2793 1255 2972 1311 homo.

2193 1348 2246 1404 9.
2291 1347 2365 1403 De
2392 1362 2549 1403 cruce
2576 1348 2741 1419 ipsius
2765 1347 2891 1419 quid
2931 1347 3154 1420 loquar?
3190 1346 3317 1419 quid
3340 1346 3550 1404 dicam?
3586 1347 3698 1404 Ex-

2123 1448 2350 1495 tremum
2375 1452 2545 1509 genus
2570 1440 2759 1495 mortis
2779 1439 2965 1511 elegit,
2995 1454 3063 1494 ne
3088 1439 3303 1511 aliquod
3326 1454 3494 1510 genus
3512 1440 3699 1497 mortis

2123 1532 2239 1602 ejus
2264 1540 2527 1603 martyres
2553 1531 2918 1587 formidarent.
2942 1531 3247 1587 Doctrinam
3277 1521 3510 1588 ostendit
3525 1532 3579 1588 in
3603 1531 3699 1587 ho-

2127 1624 2290 1690 mine,
2312 1623 2614 1694 exemplum
2638 1623 2903 1695 patientia:
2930 1623 3315 1680 demonstravit
3338 1624 3391 1681 in
3415 1639 3595 1682 cruce.
3624 1624 3700 1682 Ibi

2126 1729 2281 1787 opus,
2308 1716 2430 1785 quia
2465 1715 2749 1771 cruciﬁxus
2775 1733 2789 1770 :
2819 1716 3122 1788 exemplum
3154 1718 3353 1788 operis,
3387 1733 3547 1786 crux;
3568 1734 3703 1791 prte-

2127 1807 2292 1862 mium
2323 1805 2522 1877 operis,
2570 1808 2911 1863 resurrectio.
2965 1805 3208 1864 Ostendit
3253 1807 3409 1863 nobis
3455 1809 3507 1864 in
3545 1823 3705 1866 cruce

2129 1897 2258 1969 quid
2289 1898 2537 1966 tolerare,
2579 1897 2813 1954 ostendit
2839 1898 2893 1953 in
2917 1897 3308 1955 resurrectione
3340 1897 3466 1970 quid
3491 1913 3707 1970 sperare

2130 1990 2438 2045 debeamus.
2498 1990 2727 2046 Prorsus
2790 1999 3039 2062 tanquam
3098 1989 3415 2060 agonotbeta
3468 2003 3707 2045 summus

2130 2079 2306 2135 dixit:
2338 2080 2465 2148 Fac,
2493 2088 2548 2136 et
2586 2081 2745 2145 tolle;
2798 2080 2883 2137 fac
2928 2095 3089 2152 opus,
3116 2089 3173 2137 et
3192 2080 3374 2152 accipe
3401 2083 3705 2152 praemium;

2133 2181 2280 2228 certa
2309 2173 2362 2227 in
2392 2187 2579 2244 agone,
2601 2182 2656 2229 et
2678 2173 3042 2230 coronaberis.
3070 2172 3222 2242 Quod
3241 2182 3323 2229 est
3347 2174 3519 2245 Opus?
3565 2174 3711 2231 Obe-

2133 2263 2353 2320 dientia.
2381 2264 2532 2333 Quod
2559 2273 2641 2321 est
2658 2266 2974 2337 praemium?
3008 2264 3348 2321 Resurrectio
3371 2264 3488 2321 sine
3514 2273 3707 2323 morte.

2135 2357 2311 2425 Quare
2330 2358 2525 2426 addidi,
2569 2359 2684 2415 sine
2711 2360 2922 2415 morte?
2948 2360 3082 2427 Quia
3114 2359 3346 2416 surrexit
3370 2358 3630 2425 Lazarus,
3657 2367 3713 2417 et

2136 2458 2378 2505 mortuus
2406 2457 2490 2504 est
2520 2467 2533 2504 :
2558 2450 2851 2506 resurrexit
2873 2449 3145 2515 Christus,
3176 2452 3290 2522 jam
3331 2467 3432 2506 non
3475 2453 3710 2522 moritur,

2136 2556 2272 2595 mors
2307 2541 2354 2594 ei
2391 2541 2526 2595 ultra
2561 2558 2662 2596 non
2698 2543 3037 2598 dominabitur
3063 2542 3249 2616 (Rom.
3275 2559 3348 2612 VI,
3377 2543 3466 2613 9).

2211 2631 2297 2687 l0.
2337 2631 2607 2702 Scriptura
2633 2633 2761 2689 dicit
2789 2652 2802 2687 :
2836 2632 3144 2690 Patientiam
3169 2634 3267 2690 Job
3295 2634 3525 2704 audistis,
3564 2643 3612 2689 et
3652 2632 3717 2705 νῑρ

2139 2737 2254 2775 nem
2272 2720 2479 2777 Domini
2506 2724 2699 2780 vidistis
2719 2723 2934 2794 (Jacobi,
2952 2742 3007 2793 v,
3052 2725 3164 2797 11).
3190 2725 3291 2782 Job
3317 2734 3511 2797 quanta
3532 2734 3717 2796 pertu-

2139 2814 2284 2884 lerit,
2312 2829 2430 2871 cum
2459 2816 2651 2888 legitur
2672 2826 2727 2874 et
2744 2818 3077 2886 exhorretur,
3097 2819 3484 2890 expavescitur,
3501 2826 3718 2875 contre-

2140 2905 2438 2961 miscitur‘.
2480 2907 2551 2962 Et
2573 2908 2699 2978 quid
2738 2910 2972 2981 recepit?
3012 2909 3183 2980 Dupla
3209 2924 3366 2980 quam
3392 2908 3715 2980 perdiderat.

2144 2996 2287 3067 Ergo
2313 3012 2381 3053 ne
2405 2997 2566 3054 homo
2587 3009 2802 3071 propter
2812 3000 3027 3071 prtemia
3053 3001 3364 3072 temporalia
3382 3001 3508 3058 velit
3523 3001 3720 3058 habere

2142 3089 2482 3159 patientiam,
2511 3100 2565 3147 et
2588 3092 2728 3147 dicat
2751 3093 2850 3149 sibi
2884 3110 2896 3146 :
2926 3092 3170 3150 Tolerem
3204 3094 3457 3151 damnum
3478 3137 3493 3164 ,
3536 3093 3723 3151 reddet

2146 3181 2275 3236 mihi
2300 3184 2439 3238 Deus
2456 3182 2592 3240 ﬁlios
2607 3184 2817 3254 duplos;
2835 3184 2936 3241 Job
2952 3185 3128 3241 omnia
3144 3185 3304 3257 dupla
3325 3187 3548 3257 recepit,
3567 3195 3620 3242 et
3645 3192 3725 3242 tot

2146 3270 2283 3327 ﬁlios
2296 3273 2499 3343 genuit,
2513 3282 2642 3344 quot
2659 3275 2941 3330 extulerat.
2953 3274 3070 3330 Non
3087 3290 3217 3346 ergo
3231 3275 3388 3345 dupla
3404 3278 3561 3331 sunt?
3572 3277 3726 3333 Pror-

2147 3380 2240 3421 sus
2259 3365 2416 3435 dupla
2436 3375 2579 3433 sunt,
2594 3367 2715 3439 quia
2739 3373 2794 3422 et
2808 3367 2882 3423 illi
2908 3367 3173 3425 vivebant.
3189 3368 3269 3424 Ne
3283 3368 3402 3440 quis
3426 3367 3588 3437 dicat,
3616 3368 3725 3426 Fe-

2146 3472 2260 3512 ram
2287 3457 2425 3511 mala
2449 3498 2463 3525 ,
2492 3466 2547 3513 et
2572 3458 2760 3515 reddet
2793 3459 2922 3515 mihi
2951 3459 3093 3516 Deus
3120 3459 3564 3532 quemadmodum
3604 3460 3726 3516 red-

2147 3548 2282 3605 didit
2304 3550 2406 3606 Job
2429 3567 2444 3603 :
2467 3560 2525 3605 ut
2548 3551 2658 3621 jam
2684 3566 2792 3606 non
2820 3553 2891 3608 sit
2909 3553 3181 3623 patientia,
3209 3550 3304 3608 sed
3329 3551 3568 3607 avaritia.
3590 3550 3724 3607 Nam

2149 3644 2195 3699 si
2223 3644 2521 3713 patientiam
2564 3644 2653 3700 ille
2681 3654 2898 3701 sanctus
2934 3659 3042 3701 non
3090 3644 3331 3713 haberet,
3360 3659 3460 3700 nec
3501 3658 3565 3700 ea
3607 3658 3729 3715 quas

2151 3734 2529 3805 contingebant
2572 3734 2779 3791 fortiter
2821 3735 3141 3803 sustineret;
3183 3734 3540 3792 testimonium
3586 3730 3729 3803 quod

2153 3828 2201 3883 ei
2231 3827 2487 3885 Dominus
2513 3824 2760 3894 reddidit,
2800 3826 2942 3883 unde
2988 3826 3244 3882 haberet?
3291 3823 3722 3891 Animadvertisti,

2153 3924 2226 3978 ait
2246 3923 2521 3989 Dominus,
2548 3922 2615 3976 ad
2638 3938 2849 3993 puerum
2876 3936 3041 3976 meum
3075 3918 3215 3983 Job?
3246 3916 3368 3973 Non
3396 3921 3529 3972 enim
3554 3924 3625 3971 est
3652 3914 3731 3969 illi

2153 4015 2332 4070 similis
2358 4015 2616 4087 quisquam
2636 4014 2689 4067 in
2720 4014 2886 4081 terris,
2908 4013 3056 4068 homo
3080 4012 3188 4067 sine
3209 4009 3429 4081 querela,
3459 4024 3603 4063 verus
3635 4007 3731 4062 Dei

2154 4108 2334 4162 cultor.
2366 4108 2554 4176 Quale,
2592 4106 2803 4175 fratres,
2839 4106 3199 4162 testimonium
3225 4104 3313 4161 hic
3340 4112 3556 4159 sanctus
3582 4101 3662 4157 vir
3691 4115 3722 4156 a

2158 4199 2382 4254 Domino
2403 4200 2629 4255 meruit?
2654 4199 2723 4254 Et
2749 4208 2923 4256 tamen
2943 4215 3064 4256 eum
3094 4213 3188 4254 sua
3223 4197 3565 4269 persuasione
3591 4194 3730 4250 mala

2157 4291 2349 4346 mulier
2375 4289 2627 4360 decipere
2650 4291 2836 4357 voluit,
2879 4291 3081 4347 habens
3106 4298 3161 4345 et
3204 4289 3318 4343 haec
3344 4287 3562 4357 ﬁguram
3591 4284 3732 4340 illius

2156 4382 2441 4452 serpentis,
2468 4384 2557 4453 qui
2584 4384 2721 4438 sicut
2745 4383 2797 4437 in
2821 4381 3066 4452 paradiso
3088 4380 3298 4450 decepit
3325 4377 3595 4433 hominem
3625 4376 3734 4447 pri-

2159 4488 2304 4527 mum
2335 4473 2527 4527 factum
2570 4488 2603 4527 a
2648 4473 2755 4526 Deo
2800 4471 2966 4544 (Gen.
2996 4487 3075 4536 III,
3108 4467 3261 4541 I-6),
3305 4468 3378 4522 ita
3403 4467 3564 4523 etiam
3593 4481 3736 4524 nunc

2157 4561 2540 4630 blasphemiam
2575 4562 2908 4632 suggerendo
2931 4560 3131 4631 putavit
3155 4573 3313 4631 posse
3340 4559 3590 4631 decipere
3619 4559 3735 4631 pla-

2157 4661 2365 4710 centem
2409 4653 2678 4708 hominem
2710 4654 2841 4709 Deo.
2889 4652 3095 4723 Quanta
3133 4666 3319 4724 passus
3360 4662 3463 4720 cst,
3508 4652 3729 4710 fratres!

2160 4748 2288 4816 Quis
2312 4755 2487 4817 potest
2516 4754 2657 4800 tanta
2690 4746 2795 4816 pati
2826 4746 2881 4801 in
2924 4762 2983 4802 re
3008 4760 3125 4813 sua,
3156 4746 3209 4800 in
3258 4746 3417 4801 domo
3445 4760 3563 4814 sua,
3586 4747 3638 4801 in
3667 4744 3733 4799 ﬁ-'

2160 4840 2244 4895 liis
2272 4839 2403 4905 suis,
2433 4839 2485 4893 in
2513 4852 2671 4893 carne
2699 4852 2815 4905 sua,
2862 4839 2914 4893 in
2965 4839 3077 4909 ipsa
3117 4855 3233 4909 qua:
3262 4846 3593 4894 remanserat
3618 4846 3735 4892 ten.

2161 4932 2348 4988 tatrice
2373 4946 2537 4987 uxore
2571 4932 2703 4987 sua?
2735 4930 2839 4986 Sed
2860 4931 3021 4986 etiam
3051 4930 3219 5001 ipsam
3247 4946 3364 5000 qua:
3389 4936 3736 4996 remanserat,

2163 5026 2288 5082 olim
2347 5024 2598 5091 auferret,
2648 5024 2751 5079 nisi
2795 5023 3109 5093 adjutricem
3136 5024 3235 5078 sibi
3277 5032 3583 5077 servasset:
3612 5021 3737 5097 quia

2163 5119 2391 5189 primum
2421 5117 2690 5173 hominem
2713 5132 2806 5187 per
2835 5116 2999 5172 Evam
3027 5114 3400 5175 debellaverat,
3430 5112 3592 5166 Evam
3622 5125 3740 5168 serv

2169 5216 2402 5265 vaverat.
2428 5207 2631 5276 Quanta
2652 5221 2779 5277 ergo
2805 5220 2991 5276 passus
3019 5205 3126 5259 est!
3151 5200 3387 5257 Perdidit
3414 5200 3591 5261 omnia
3621 5215 3743 5271 quze

2166 5303 2414 5370 habebat,
2441 5301 2632 5357 domus
2670 5300 2835 5371 ipsius
2858 5297 3081 5362 cecidit;
3113 5296 3313 5352 utinam
3342 5294 3480 5359 sola!
3516 5309 3741 5369 oppres-

2165 5397 2235 5452 slt
2258 5405 2312 5452 et
2338 5395 2495 5450 lilios.
2528 5393 2593 5448 Et
2615 5392 2738 5463 quia
2766 5392 2818 5444 in
2867 5389 2958 5445 illo
2987 5387 3237 5459 patientia
3283 5401 3530 5459 magnum
3566 5385 3741 5448 locum

2231 5553 2250 5586 ί
2282 5553 2355 5600 sic
2382 5546 2649 5611 legendum
2664 5546 2803 5611 juxta
2822 5546 2898 5611 Er.
2920 5540 3068 5604 Lugd.
3096 5547 3149 5591 et
3168 5548 3309 5611 veru,
3331 5537 3419 5590 Job
3442 5544 3743 5611 qtmnutper.

2166 5613 2346 5671 tulerit,
2388 5600 2560 5675 Ιεξίιως
2596 5613 2642 5657 et
2664 5600 2918 5675 'Iwrretur,
2954 5600 3740 5675 eipavescitgtr.“contreinixcilur.

2166 5661 2457 5731 initam;
2481 5668 2571 5721 Job
2603 5671 2779 5732 quamq
2808 5661 3059 5732 pertulerit
3080 5677 3191 5719 cum
3221 5662 3422 5731 legitur,
3439 5663 3710 5721 επιιυςεςμς
3726 5692 3743 5724 ι

2169 5725 2515 5803 expavescitur,
2540 5725 2932 5782 coritrendséitur.
2997 5733 3056 5780 tt.
