4140 6216
377 411 486 470 633

379 538 643 597 tenuerat,
664 530 790 602 quid
811 528 1149 601 responderit
1174 526 1285 593 ille,
1302 523 1514 579 audite:
1536 521 1782 575 Dominus
1798 518 1958 584 dedit,

379 625 629 681 Dominus
656 622 896 687 abstulit;
923 623 1051 675 sicut
1072 618 1291 673 Domino
1317 615 1528 686 placuit,
1551 615 1624 667 ita
1647 616 1836 683 factum
1855 618 1961 664 est:

378 719 445 773 sit
501 732 681 770 nomen
727 714 933 767 Domini
976 712 1308 769 benedictum.
1356 707 1587 763 Abstulit
1634 721 1751 774 quze
1794 703 1957 770 dedit,

380 806 633 877 numquid
680 805 835 874 periit
864 804 950 872 qui
978 801 1162 857 dedit?
1207 800 1436 856 Abstulit
1470 813 1589 867 qum
1627 796 1792 850 dedit.
1817 794 1960 848 Tan-

379 914 539 970 quam
563 898 799 951 diceret:
830 894 1066 949 Abstulit
1091 893 1288 959 utimia,
1321 889 1524 945 auferat
1544 889 1742 955 omnia,
1766 886 1961 941 nudum

378 989 608 1044 dimittat
665 1002 771 1047 me,
828 995 882 1040 ct
928 994 1103 1040 servet
1148 983 1278 1038 mihi
1331 997 1409 1037 se.
1452 980 1587 1047 Quid
1643 980 1784 1034 enim
1833 977 1962 1032 mihi

375 1081 570 1144 deerit,
598 1080 643 1134 si
673 1079 834 1132 Deum
866 1075 1141 1131 habuero?
1162 1085 1252 1127 aut
1277 1072 1402 1142 quid
1431 1070 1559 1125 mihi
1586 1070 1687 1124 alia
1717 1075 1957 1139 prosunt,

376 1174 420 1225 si
451 1169 619 1224 Deum
653 1182 754 1222 non
778 1166 1047 1221 habuero?
1075 1166 1366 1219 Accessum
1393 1168 1474 1217 est
1498 1159 1563 1215 ad
1585 1172 1824 1225 carnem,
1850 1171 1963 1228 per-

378 1273 568 1314 cussus
597 1266 681 1314 est
711 1258 930 1313 vulnere
974 1271 1003 1309 a
1035 1255 1208 1325 capite
1250 1268 1423 1323 usque
1476 1251 1542 1306 ad
1594 1250 1787 1320 pedes;
1816 1249 1962 1305 sanie

374 1349 673 1415 difﬂuebat,
704 1348 975 1402 vermibus
1000 1344 1276 1400 scatebat:
1316 1352 1369 1397 et
1414 1357 1474 1397 se
1500 1343 1551 1395 in
1585 1341 1692 1396 Dec
1725 1354 1822 1394 suo
1857 1340 1961 1393 im-

376 1442 630 1497 mobilem
670 1437 1074 1495 demonstrabat
1103 1445 1260 1505 atque
1286 1432 1499 1504 figebat.
1529 1431 1707 1485 Voluit
1735 1431 1811 1484 illi
1842 1445 1960 1484 mu-

374 1532 495 1597 lier,
518 1530 713 1585 diaboli
741 1528 992 1599 adjutrix,
1018 1541 1125 1582 non
1154 1524 1332 1580 mariti
1369 1522 1711 1586 consolatrix,
1742 1535 1962 1592 persua-

374 1623 503 1678 dere
530 1619 955 1691 blasphemiam:
1005 1616 1280 1684 Quamdiu,
1314 1614 1513 1683 inquit,
1537 1614 1634 1666 ista
1664 1620 1711 1665 et
1750 1613 1845 1666 ista
1867 1628 1961 1680 pa-

375 1712 538 1767 teris?
584 1711 678 1765 Dic
724 1710 930 1780 aliquod
971 1709 1175 1763 verbum
1214 1708 1268 1761 in
1316 1705 1609 1769 Dominum,
1651 1712 1697 1757 et
1746 1718 1957 1757 morere.

378 1805 518 1875 Ergo
556 1804 678 1874 quia
714 1802 1021 1857 humiliatus
1058 1806 1206 1866 erat,
1239 1796 1550 1853 exaltandus
1575 1803 1715 1849 crat.
1744 1794 1809 1848 Et
1834 1793 1962 1848 fecit

377 1894 480 1949 hoc
529 1892 804 1957 Dominus,
849 1899 909 1944 ut
950 1889 1255 1944 ostenderet
1301 1886 1649 1941 hominibus:
1680 1900 1800 1938 nant
1846 1885 1961 1954 ipse

372 2001 530 2041 servo
558 1998 659 2038 suo
680 1984 733 2035 in
771 1981 911 2037 ctelo
952 1979 1152 2048 majora
1181 1978 1433 2032 servavit.
1461 1977 1603 2046 Ergo
1632 1976 1960 2029 humiliatum

373 2077 480 2133 Job
524 2075 795 2138 exaltavit,
852 2072 1054 2127 elatum
1102 2068 1372 2125 diabolum
1424 2067 1721 2121 bumiliavit
1772 2085 1784 2120 :
1839 2066 1960 2136 quia

373 2171 508 2223 Itunc
537 2167 800 2230 ltumiliat,
850 2174 894 2219 et
924 2165 1057 2218 hunc
1097 2163 1287 2216 exultat
1332 2159 1501 2232 (Psal.
1550 2155 1839 2228 Lxx1v,8).
1886 2157 1962 2212 Ne

374 2262 495 2330 quis
518 2269 693 2313 autem
718 2298 735 2325 ,
765 2255 957 2310 fratres
987 2254 1310 2319 charissimi,
1340 2250 1556 2322 quando
1581 2251 1784 2319 aliquas
1818 2248 1961 2317 ejus-

304 2394 315 2407 .
378 2353 519 2408 medi
547 2351 740 2422 patitur
769 2347 1155 2409 tribulatioues,
1186 2345 1273 2399 hic
1308 2352 1585 2413 exspectet
1610 2340 1911 2396 mercedem
1944 2357 1957 2393 :

384 2447 531 2502 verbi
560 2443 748 2516 gratia,
783 2443 826 2495 si
872 2441 1065 2495 damna
1112 2439 1285 2508 aliqua
1341 2436 1588 2506 patiatur,
1618 2449 1685 2489 ne
1734 2433 1869 2488 forte
1898 2447 1963 2486 eo

377 2540 556 2592 animo
582 2535 739 2596 dicat,
775 2531 1020 2586 Dominus
1050 2528 1205 2591 dedit,
1260 2526 1510 2580 Dominus
1551 2523 1793 2586 abstulit;
1834 2523 1964 2576 sicut

384 2630 600 2684 Domino
631 2626 837 2699 placuit,
862 2626 934 2676 ita
956 2627 1145 2692 factum
1170 2629 1272 2675 est:
1298 2619 1362 2673 sit
1383 2633 1565 2671 nomen
1591 2614 1792 2668 Domini
1817 2613 1964 2667 bene-

379 2721 586 2785 dictum,
618 2728 674 2771 ut
698 2716 916 2785 duplum
947 2715 1190 2783 accipiat.
1242 2708 1499 2764 Patientia
1546 2707 1711 2759 Deum
1759 2703 1958 2770 laudet,

386 2829 489 2868 non
514 2811 751 2866 avaritia.
781 2808 836 2863 Si
865 2823 925 2862 ea
953 2821 1071 2877 quae
1099 2802 1392 2875 perdidisti,
1420 2799 1578 2870 dupla
1607 2799 1802 2868 quaeris
1828 2796 1964 2851 rcci-

377 2919 525 2975 pere,
556 2912 610 2957 et
635 2901 753 2955 ideo
773 2900 941 2955 Deum
964 2895 1181 2959 laudas;
1214 2893 1283 2949 de
1305 2891 1593 2962 cupiditate
1617 2888 1822 2952 laudas,
1847 2902 1953 2941 non

364 2995 441 3052 ‘de
486 2993 768 3050 charitate.
818 2989 934 3044 Non
989 2987 1082 3041 tibi
1130 2993 1373 3040 occurrat
1431 2982 1597 3052 ipsius
1638 2980 1807 3035 sancti
1860 2979 1962 3034 viri

376 3085 706 3155 exemplum:
727 3080 861 3135 fallis
887 3086 959 3134 te.
991 3075 1213 3144 Quando
1236 3074 1337 3131 Job
1355 3073 1533 3129 omnia
1564 3070 1846 3133 tolerabat,
1865 3068 1963 3122 du-

376 3181 463 3252 pla
489 3193 594 3234 non
622 3174 888 3247 sperabat.
921 3173 987 3227 Et
1008 3173 1059 3225 in
1086 3172 1256 3240 prima
1288 3168 1404 3237 ejus
1423 3164 1764 3221 confessione
1791 3176 1961 3232 quan—

375 3271 445 3327 do
468 3270 659 3325 damna
686 3265 901 3338 pertulit
924 3273 977 3319 et
1013 3263 1149 3316 filios
1175 3261 1392 3323 extulit,
1417 3267 1473 3314 et
1501 3258 1553 3312 in
1581 3253 1814 3310 secunda
1839 3267 1960 3308 cum

372 3362 478 3436 jam
517 3369 777 3416 tormenta
818 3357 1093 3411 vulnerum
1146 3360 1413 3422 pateretur
1455 3349 1507 3403 in
1548 3362 1731 3413 carne,
1775 3352 1953 3415 potest

374 3454 576 3509 adverti
596 3450 735 3522 quod
764 3449 905 3503 dico.
931 3445 1136 3501 Prioris
1167 3443 1284 3511 ejus
1317 3437 1667 3495 confessionis
1690 3436 1806 3490 lucc
1833 3449 1959 3489 ver-

374 3545 439 3601 ba
470 3552 594 3600 sunt
620 3560 634 3596 :
665 3540 910 3595 Dominus
951 3537 1111 3601 dedit,
1154 3535 1400 3589 Dominus
1427 3531 1673 3593 abstulit;
1694 3529 1822 3584 sicut
1850 3526 1962 3582 Do-

372 3637 509 3692 mino
539 3633 748 3704 placuit,
770 3632 843 3684 ita
868 3633 1063 3702 factum
1101 3636 1173 3681 est
1215 3642 1229 3678 :
1269 3623 1335 3678 sit
1378 3637 1561 3676 nomen
1588 3620 1794 3674 Domini
1818 3618 1965 3673 bene-

373 3730 583 3784 dictum.
633 3726 849 3780 Poterat
899 3720 1130 3776 dicere:
1180 3716 1440 3771 Dominus
1492 3714 1658 3781 dedit,
1706 3712 1963 3767 Dominus

376 3818 627 3882 abstulit;
649 3823 827 3887 potest
852 3815 1044 3868 iterum
1073 3810 1204 3864 dare
1233 3810 1323 3879 qui
1343 3807 1585 3871 abstulit,
1611 3813 1790 3876 potest
1812 3803 1963 3872 plura

378 3925 635 3968 revocare
662 3921 820 3977 quam
855 3904 992 3958 tulit.
1020 3902 1139 3958 Non
1162 3901 1265 3955 hoc
1293 3899 1447 3965 dixit,
1475 3897 1591 3961 sed,
1620 3896 1751 3950 sicut
1782 3892 1962 3946 Denti-

374 4018 442 4056 no
471 3999 685 4072 placuit,
717 3997 906 4066 inquit,
933 3994 1006 4047 ita
1025 3998 1214 4066 factum
1253 3998 1326 4045 est
1356 4005 1374 4041 :
1398 3987 1519 4057 quia
1551 3985 1600 4038 ei
1630 3985 1823 4053 placet.
1854 3981 1966 4050 pla-

379 4101 499 4149 ceat
521 4090 680 4155 mihi;
714 4086 854 4159 quod
883 4084 1081 4156 placuit
1105 4083 1248 4137 bono
1281 4078 1529 4142 Domino,
1559 4088 1662 4129 non
1690 4072 1967 4142 displiceat

380 4181 593 4238 subdito
616 4193 808 4241 servo;
849 4175 989 4247 quod
1035 4171 1232 4243 placuit
1274 4167 1503 4229 medico,
1553 4178 1661 4219 non
1691 4162 1967 4233 displiceat

381 4281 600 4345 aegroto.
645 4271 818 4327 Aliam
846 4269 1013 4339 ipsius
1052 4263 1180 4319 audi
1208 4257 1601 4317 confessionem
1634 4273 1648 4310 :
1678 4253 1872 4308 Locuta
1890 4269 1962 4321 es,

383 4368 551 4437 inquit
566 4365 722 4423 uxori
749 4378 883 4426 suae,
906 4370 1143 4429 tauquam
1164 4372 1266 4409 una
1289 4369 1353 4408 ex
1370 4348 1720 4420 insipientibus
1744 4345 1968 4401 mulieri-

384 4461 493 4515 bus.
523 4459 583 4514 Si
606 4461 735 4513 bona
770 4453 1079 4527 percepimus
1115 4448 1176 4502 de
1204 4462 1357 4501 manu
1398 4442 1620 4503 Domini,
1650 4440 1786 4494 ntala
1810 4454 1968 4508 quare

382 4566 483 4604 non
502 4547 849 4603 sustinebimus
878 4542 1015 4616 (Job.
1052 4556 1070 4595 ι
1113 4547 1168 4594 et
1211 4535 1317 4608 u)?
1346 4532 1461 4589 Non
1493 4530 1715 4594 addidit,
1744 4528 1886 4599 quod
1909 4528 1956 4582 si

384 4642 612 4702 diceret,
640 4652 822 4693 verum
852 4635 1074 4699 diceret,
1104 4631 1298 4685 Potens
1322 4634 1408 4682 est
1433 4623 1693 4680 Dominus
1716 4630 1773 4676 et
1792 4633 1967 4675 meam

387 4744 604 4787 carnem
635 4729 689 4781 in
716 4726 994 4796 pristinum
1020 4736 1294 4787 revocare,
1333 4727 1389 4774 et
1434 4716 1575 4788 quod
1603 4714 1756 4770 nobis
1783 4712 1971 4767 abstu-

387 4827 453 4881 lit
478 4818 832 4889 multiplicare
864 4834 877 4868 :
907 4817 1100 4871 ue'ista
1130 4830 1225 4884 spe
1260 4813 1351 4867 illa
1394 4811 1652 4866 tolerasse
1674 4807 1965 4863 videretur.

388 4916 490 4971 Ista
521 4927 626 4967 non
655 4907 819 4974 dixit,
846 4906 945 4960 ista
970 4920 1075 4959 non
1103 4904 1354 4972 Speravit.
1383 4900 1490 4958 Sed
1524 4909 1584 4955 ut
1621 4916 1718 4955 nos
1743 4898 1971 4953 docere»

389 5021 510 5061 mur
529 5045 546 5071 ,
583 5016 686 5058 non
714 4996 947 5069 speranti
974 4995 1230 5048 Dominus
1261 4992 1527 5060 praestitit,
1553 5006 1660 5059 quo
1688 5002 1787 5044 nos
1805 4987 1970 5042 doce-

390 5111 594 5161 remur,
626 5093 748 5165 quia
775 5091 916 5145 Deus
953 5086 1028 5141 illi
1055 5081 1225 5139 adfuit
1254 5098 1268 5135 :
1315 5082 1436 5151 quia
1473 5082 1518 5135 si
1546 5089 1600 5136 et
1636 5080 1723 5133 illa
1761 5078 1839 5132 illi
1864 5090 1971 5133 non

393 5189 665 5253 redderet,
692 5182 956 5239 occultam
1001 5188 1252 5233 coronam
1277 5172 1392 5241 ejus
1418 5169 1600 5225 videre
1626 5167 1844 5222 minime
1873 5180 1971 5236 po-

394 5291 651 5338 teramus.
680 5278 748 5332 Et
769 5276 888 5331 ideo
902 5270 1025 5345 quid
1042 5271 1114 5325 ait
1131 5268 1404 5337 Scriptura
1419 5262 1624 5327 divina,
1644 5259 1974 5318 exhortando

395 5374 463 5431 ad
512 5371 819 5445 patientiam
866 5376 921 5423 et
941 5379 1091 5437 spem
1141 5361 1462 5421 futurorum,
1516 5371 1622 5410 non
1670 5352 1972 5408 mercedem

394 5442 774 5537 praesentium?
797 5457 1104 5513 Patientiam
1127 5453 1227 5508 Job
1255 5449 1487 5513 audistis,
1508 5456 1556 5502 et
1589 5446 1740 5515 liuent
1768 5442 1976 5500 Domini

394 5534 795 5625 uidistis.Quare
813 5551 1103 5623 patientiam
1122 5546 1241 5609 Job,
1265 5553 1319 5601 et
1340 5559 1462 5606 non,
1484 5540 1670 5598 Finem
1691 5537 1856 5608 ipsius
1876 5534 1976 5592 Job

395 5648 640 5706 vidistis?
690 5646 892 5702 Fauces
950 5640 1185 5713 aperires
1229 5636 1297 5693 ad
1344 5633 1534 5706 dupla;
1590 5629 1827 5693 diceres,
1869 5627 1978 5684 Deo

397 5741 615 5816 gratias,
643 5737 952 5800 sustineam,
984 5732 1203 5802 duplum
1230 5728 1429 5801 recipio
1457 5724 1594 5782 sicut
1613 5720 1734 5780 Job.
1758 5718 1974 5776 Patiens

406 5812 532 5892 tiam
554 5830 651 5890 Job
670 5872 687 5902 ,
715 5830 866 5902 ﬁnem
898 5823 1121 5884 Domini.
1153 5820 1467 5880 Patientiam
1494 5815 1593 5876 Job
1620 5812 1895 5883 novimus,
1923 5819 1980 5872 et

1557 399 1785 460 SERMO
1821 399 1912 455 AD
1949 398 2514 458 CATECHUMENOS.

2069 516 2227 572 tinem
2259 517 2468 572 Domini
2493 517 2755 573 novimus.
2796 516 2964 585 Quem
3004 518 3162 574 linem
3204 518 3449 576 Domini?
3477 520 3641 593 Deus,

2069 609 2207 665 Deus
2221 625 2381 677 meus,
2399 617 2457 663 ut
2471 610 2591 680 quid
2607 626 2685 665 me
2704 606 3011 680 dereliquisti
3031 609 3199 682 (Psal.
3227 626 3344 679 ιιι,
3358 612 3443 684 2)?
3468 613 3644 669 Verba

2070 710 2193 756 sunt
2232 701 2441 756 Domini
2469 700 2751 771 pendentis
2794 702 2846 755 in
2874 701 3039 772 ligno.
3077 699 3240 766 Quasi
3264 702 3479 771 reliquit
3496 703 3646 758 illum

2069 794 2136 849 ad
2180 802 2495 864 praesentem
2547 794 2874 860 felicitatem,
2921 793 3013 848 sed
3061 807 3165 847 non
3196 808 3316 848 eum
3345 795 3559 865 reliquit
3580 796 3647 851 ad

2068 893 2321 940 aeternam
2367 885 2839 939 immortalitatem.
2873 883 2945 938 lbi
2993 894 3076 938 est
3119 884 3240 938 linis
3290 884 3518 939 Domini.
3549 885 3651 941 Te-

2070 986 2197 1032 nent
2223 976 2412 1043 Judaei,
2443 978 2697 1030 insultant
2721 976 2909 1041 Judaei,
2943 975 3107 1046 ligant
3141 975 3332 1040 Judaei,
3368 976 3533 1047 spinis
3560 991 3651 1032 co-

2070 1078 2291 1135 ronant,
2349 1068 2521 1138 sputis
2563 1066 2949 1134 dehonestant,
3004 1066 3299 1137 ﬂagellant,
3349 1068 3651 1138 opprobriis

2067 1164 2318 1229 obruunt,
2351 1161 2494 1232 ligno
2538 1158 2888 1230 suspendunt,
2915 1158 3097 1213 lancea
3129 1157 3355 1226 fodiunt,
3377 1167 3650 1228 postremo

2066 1254 2331 1324 sepeliunt
2362 1269 2376 1305 :
2408 1252 2557 1322 quasi
2610 1250 2828 1306 relictus
2876 1256 2979 1304 est.
3006 1247 3111 1303 Sed
3154 1248 3381 1318 quibus?
3410 1248 3518 1303 illis
3564 1248 3651 1304 in-

2066 1345 2407 1401 sultantibus.
2426 1342 2550 1399 Ideo
2574 1358 2702 1414 ergo
2732 1342 2928 1397 habeto
2948 1341 3275 1412 patientiam,
3306 1350 3365 1395 ut
3401 1355 3651 1412 resurgas

2067 1445 2122 1492 et
2166 1450 2273 1491 non
2322 1434 2591 1498 moriaris,
2634 1433 2688 1488 id
2734 1441 2839 1499 est,
2883 1446 3153 1502 nunquam
3196 1432 3462 1497 moriaris,
3512 1434 3652 1488 sicut

2065 1529 2326 1584 Christus.
2357 1526 2446 1582 Sic
2470 1528 2610 1582 enim
2645 1527 2903 1597 legimus:
2939 1525 3169 1581 Christus
3188 1542 3398 1598 surgens
3425 1543 3488 1581 ea:
3514 1543 3651 1582 mor-

2068 1624 2183 1689 tuis,
2202 1624 2318 1692 jam
2340 1637 2441 1675 non
2463 1621 2674 1674 moritur
2702 1618 2878 1691 (Rom.
2906 1636 2980 1685 Vl,
3005 1618 3084 1690 9).

2137 1712 2361 1768 CAPUT
2382 1711 2469 1767 iV.
2493 1741 2565 1751 ——
2591 1712 2675 1765 ll.
2710 1710 2898 1766 Sedere
2923 1709 2991 1763 ad
3016 1708 3272 1763 dexteram
3305 1707 3493 1777 Patris,
3527 1711 3650 1781 quid

2066 1805 2149 1859 sit.
2195 1803 2416 1858 Dextera
2465 1802 2662 1868 Patris,
2704 1801 2978 1855 beatitudo.
3028 1801 3283 1857 Ascendit
3318 1802 3372 1857 in
3412 1802 3646 1857 etelum:

2065 1895 2285 1950 credite.
2313 1895 2477 1950 Sedet
2499 1894 2566 1948 ad
2596 1893 2868 1948 dexteram
2894 1892 3068 1946 Patris
3101 1910 3114 1947 :
3145 1892 3366 1947 credite.
3407 1892 3609 1950 Sedere
3631 1935 3648 1961 ,

2066 1987 2341 2057 intelligite
2363 1986 2605 2040 habitare
2636 2003 2648 2038 :
2681 1983 2947 2054 quomodo
2966 1983 3193 2037 dicimus
3217 1983 3286 2037 de
3314 1966 3652 2055 quocumque

2068 2078 2306 2144 homine,
2338 2078 2392 2132 ln
2420 2078 2507 2131 illa
2535 2076 2703 2147 patria
2732 2074 2871 2130 sedit
2899 2089 2995 2144 per
3022 2082 3129 2129 tres
3156 2088 3344 2128 annos.
3367 2074 3503 2130 Dicit
3522 2075 3652 2131 illud

2067 2182 2121 2228 et
2178 2172 2469 2242 Scriptura,
2517 2170 2722 2226 sedisse
2768 2169 3049 2240 quemdam
3088 2169 3143 2224 in
3189 2168 3400 2224 civitate
3446 2177 3655 2224 tantum

2070 2272 2275 2332 tempus
2319 2262 2420 2332 (lll
2457 2260 2583 2333 Reg.
2610 2278 2670 2328 u,
2701 2261 2791 2328 38,
2818 2277 2916 2316 sec.
2950 2259 3142 2330 LXX).
3170 2259 3433 2330 Numquid
3465 2260 3604 2316 sedit
3633 2301 3649 2327 ,

2067 2364 2121 2408 et
2169 2369 2436 2422 nunquam
2481 2354 2753 2409 surrexit?
2804 2352 2931 2408 Ideo
2978 2351 3253 2406 hominum
3301 2346 3653 2408 habitationes

2067 2446 2223 2501 sedes
2266 2446 2511 2500 dicuntur
2548 2446 2645 2516 (a).
2690 2445 2791 2501 Ubi
2844 2445 3107 2500 habentur
3157 2443 3343 2510 sedes,
3396 2444 3653 2515 numquid

2069 2554 2280 2609 semper
2329 2539 2583 2594 sedetur?
2622 2554 2726 2593 non
2768 2538 3033 2609 surgitur,
3062 2553 3169 2593 non
3198 2537 3517 2605 ambulatur,
3545 2553 3654 2593 non

2066 2633 2308 2703 jacetur?
2346 2641 2401 2686 et
2432 2640 2606 2686 tamen
2649 2631 2805 2686 sedes
2848 2638 3130 2685 vocantur.
3169 2628 3257 2685 Sic
3294 2644 3422 2699 ergo
3450 2629 3654 2686 credite

2069 2723 2307 2777 habitare
2337 2722 2603 2777 Christum
2630 2723 2686 2776 in
2713 2722 2938 2777 dextera
2956 2722 3048 2777 Dei
3070 2721 3243 2776 Patris
3273 2740 3287 2776 :
3315 2721 3388 2775 ibi
3414 2729 3514 2776 est.
3540 2720 3653 2777 Nec

2067 2813 2207 2869 dicat
2234 2812 2385 2869 vobis
2409 2827 2504 2867 cor
2531 2822 2797 2879 vestrum,
2839 2811 2974 2880 Quid
3020 2812 3166 2882 agit?
3208 2811 3385 2866 Nolite
3414 2825 3655 2880 quaerere

2067 2903 2209 2975 quod
2237 2918 2341 2958 non
2368 2903 2492 2957 licet
2522 2902 2761 2957 invenire
2794 2920 2807 2956 :
2836 2901 2910 2957 ibi
2937 2909 3052 2963 est;
3093 2900 3290 2957 sufficit
3314 2900 3487 2956 vobis.
3522 2900 3656 2955 Bea-

2070 3006 2153 3051 tus
2178 3004 2280 3064 est,
2310 3005 2365 3051 et
2389 3011 2419 3049 a
2448 2993 2797 3060 beatitudine,
2824 3009 2944 3065 qua:
2969 2993 3187 3048 dextera
3213 2992 3386 3047 Patris
3411 2999 3652 3056 vocatur,

2069 3089 2234 3158 ipsius
2258 3086 2598 3141 beatitudinis
2622 3101 2813 3140 nomen
2844 3095 2961 3151 est,
2988 3084 3212 3139 dextera
3238 3084 3430 3138 Patris.
3453 3083 3586 3138 Nam
3607 3085 3655 3141 si

2066 3178 2352 3234 carnaliter
2388 3178 2783 3246 acceperimus;
2816 3177 2935 3244 quia
2980 3174 3129 3229 sedet
3154 3174 3219 3228 ad
3248 3174 3520 3229 dexteram
3549 3174 3653 3228 Pa-

2069 3271 2184 3338 tris,
2218 3269 2306 3325 ille
2328 3269 2430 3324 erit
2453 3267 2520 3322 ad
2547 3267 2839 3322 sinistram.
2868 3265 3134 3336 Numquid
3156 3265 3233 3319 fas
3251 3275 3330 3320 est
3350 3274 3405 3321 ut
3430 3266 3507 3320 sic
3535 3265 3654 3321 illos

2067 3379 2469 3436 componamus,
2521 3362 2712 3417 Filium
2762 3361 2829 3415 ad
2876 3360 3185 3427 dexteram,
3226 3360 3434 3414 Patrem
3476 3359 3542 3414 ad
3574 3361 3651 3414 si-

2069 3457 2324 3513 nistram?
2370 3455 2443 3511 lbi
2482 3453 2657 3511 omnis
2698 3452 2926 3508 dextera
2953 3460 3070 3518 est,
3120 3450 3242 3521 quia
3287 3450 3428 3505 nulla
3470 3450 3542 3505 ibi
3570 3459 3655 3505 est

2068 3549 2305 3606 miseria.

2142 3643 2226 3697 l2.
2250 3641 2378 3696 lude
2407 3649 2659 3695 venturus
2681 3639 2918 3709 judicare
2940 3639 3086 3691 vivos
3111 3645 3165 3691 et
3191 3647 3450 3691 mortuos.
3469 3635 3651 3702 Vives,

2067 3733 2157 3805 qui
2185 3731 2575 3802 superfuerunt;
2608 3740 2867 3795 mortuos,
2909 3730 2999 3798 qui
3030 3729 3417 3798 praecesserint.
3470 3727 3656 3782 Potest

2067 3834 2122 3879 et
2174 3824 2252 3878 sic
2293 3822 2511 3892 intelligi
2560 3840 2573 3875 :
2624 3820 2811 3886 Vives,
2864 3819 3064 3886 iustos;
3118 3826 3375 3882 mortuos,
3407 3816 3653 3884 injustos.

2068 3913 2334 3983 Utrosque
2367 3911 2508 3966 enim
2530 3910 2734 3980 judicat
2758 3948 2772 3973 ,
2803 3923 2895 3963 sua
2926 3907 3115 3977 cuique
3144 3906 3458 3961 rctribuens.
3489 3905 3655 3960 Justis

2068 4004 2307 4059 dicturus
2333 4010 2415 4057 est
2444 4002 2494 4054 in
2516 3999 2719 4070 judicio
2754 4017 2767 4054 :
2806 3997 3000 4064 Venite,
3034 3996 3275 4051 benedicti
3315 3994 3489 4048 Patris
3519 3996 3651 4063 mei,

2070 4094 2309 4166 percipite
2362 4108 2574 4164 regnum
2623 4090 2760 4161 quod
2807 4089 2947 4144 vobis
2998 4097 3230 4159 paratum
3275 4095 3349 4140 est
3398 4088 3461 4140 ab
3512 4087 3655 4140 initio

2070 4185 2265 4239 mundi.
2317 4182 2398 4238 Ad
2440 4183 2540 4239 hoc
2583 4195 2676 4237 vos
2719 4189 2920 4251 parate,
2957 4180 3072 4235 lucc
3108 4187 3339 4248 sperate,
3369 4187 3653 4249 propterea

2071 4276 2252 4343 vivite,
2284 4284 2339 4331 et
2364 4275 2440 4331 sic
2468 4274 2650 4339 vivite,
2684 4281 2970 4343 propterea
2994 4270 3219 4336 credite,
3248 4279 3528 4340 propterea
3559 4269 3654 4324 ba-

2071 4368 2365 4439 ptizamini,
2398 4374 2455 4422 ut
2494 4366 2661 4437 possit
2703 4364 2853 4419 vobis
2876 4362 2980 4419 dici
3011 4381 3024 4416 :
3067 4360 3259 4427 Venite,
3290 4361 3531 4415 benedicti
3553 4359 3659 4413 Pa-

2073 4461 2165 4515 tris
2193 4460 2290 4515 mei
2311 4501 2324 4523 ,
2356 4459 2595 4531 percipite
2637 4472 2848 4526 regnum
2886 4454 3024 4523 quod
3075 4453 3210 4507 vobis
3261 4463 3492 4522 paratum
3526 4461 3598 4505 est
3627 4469 3658 4503 α

2073 4551 2421 4607 constitutione
2448 4548 2645 4602 mundi.
2670 4546 2911 4601 Sinistris
2936 4543 3101 4616 quid?
3131 4542 3211 4596 Ite
3238 4544 3290 4596 in
3314 4544 3478 4612 ignem
3505 4552 3656 4596 teter-

2073 4665 2214 4713 num,
2243 4646 2328 4716 qui
2354 4652 2559 4715 paratus
2585 4650 2658 4695 est
2679 4639 2882 4694 diabolo
2907 4648 2957 4692 et
2973 4634 3512 4708 angelisejus(MattIt.
3533 4650 3655 4699 xxv,

2076 4743 2167 4807 54,
2207 4738 2320 4808 41).
2362 4736 2451 4791 Sic
2487 4733 2865 4804 judicabuntur
2896 4745 2927 4784 a
2960 4728 3173 4784 Christo
3205 4725 3311 4780 vivi
3347 4735 3400 4779 et
3441 4726 3655 4779 mortui.

2076 4833 2224 4887 Dicta
2263 4837 2347 4884 est
2378 4827 2549 4898 prima
2589 4825 2704 4879 sine
2733 4832 2972 4892 tempore
2997 4820 3246 4875 nativitas
3272 4817 3489 4879 Christi,
3519 4817 3657 4870 dicta

2075 4934 2157 4979 eSt
2186 4922 2290 4992 alia
2329 4921 2381 4975 iu
2423 4915 2751 4989 plenitudine
2789 4913 3045 4984 temporis
3071 4911 3138 4966 de
3167 4909 3374 4980 virgine
3415 4908 3659 4962 nativitas

2075 5014 2298 5080 Christi,
2328 5012 2468 5067 dicta
2494 5019 2577 5065 est
2603 5007 2779 5078 passio
2803 5004 3001 5062 Christi
3018 5045 3033 5071 ,
3062 5002 3261 5057 dictum
3288 5008 3370 5055 est
3402 4999 3657 5070 judicium

2078 5108 2293 5165 Christi.
2320 5104 2512 5161 Totum
2553 5102 2752 5157 dictum
2791 5107 2895 5164 est,
2942 5095 3085 5167 quod
3130 5092 3415 5149 dicendum
3455 5102 3565 5146 erat
3594 5092 3699 5144 (ιμ’

2077 5201 2292 5257 Christo
2314 5240 2330 5267 ,
2380 5195 2515 5251 Filio
2546 5193 2644 5248 Dei
2672 5192 2864 5257 unico,
2898 5187 3122 5245 Domino
3145 5194 3328 5242 nostro
3358 5203 3372 5238 :
3408 5183 3501 5240 sed
3530 5199 3659 5237 nou-

2078 5292 2206 5349 dum
2229 5288 2465 5361 perfecta
2494 5295 2576 5341 est
2601 5282 2851 5339 Trinitas.

2150 5380 2376 5439 CAPUT
2406 5378 2471 5435 V.
2489 5376 2665 5431 -15.
2690 5373 2941 5445 Spiritum
2967 5379 3194 5428 sanctum
3221 5384 3327 5423 esse
3353 5368 3532 5421 Deum.
3554 5362 3658 5419 Se-

2082 5476 2261 5548 quitur
2285 5476 2338 5529 in
2368 5468 2645 5546 Symbolo,
2674 5467 2739 5522 Et
2760 5467 2812 5522 in
2842 5464 3097 5536 Spiritum
3119 5471 3383 5519 sanctum.
3416 5458 3517 5514 ista
3543 5454 3665 5512 Tri-

2084 5569 2223 5625 nitas
2256 5578 2395 5622 unus
2440 5563 2611 5628 Deus,
2661 5572 2767 5617 una
2810 5564 3034 5621 natura,
3064 5569 3167 5610 una
3213 5548 3525 5615 substantia,
3555 5561 3661 5605 una
3722 5590 3729 5599 .

2084 5658 2320 5733 potentia
2343 5697 2359 5726 ,
2408 5668 2614 5712 summa
2652 5649 2952 5724 aequalitas,
2982 5645 3129 5706 nulla
3152 5642 3364 5713 divisio,
3391 5639 3536 5703 nulla
3575 5636 3662 5700 div

2146 5815 2219 5880 (a)
2240 5811 2409 5866 confer
2427 5821 2576 5864 serm.
2601 5806 2712 5872 214,
2734 5820 2786 5859 n.
2809 5804 2859 5868 8,
2882 5809 2999 5857 tom.
3022 5802 3070 5856 ὅ.
