4140 6216
474 501 701 562 vet-sitas
725 536 739 565 ,
783 507 1035 571 perpetua
1067 498 1319 553 charitas.
1353 496 1524 551 Vultis
1561 509 1721 550 nosse
1745 494 1888 564 quod
1917 495 2058 551 Deus

476 602 563 653 eat
603 594 833 664 Spiritus
870 590 1120 647 sanctus?
1158 588 1537 657 Baptizamini,
1573 595 1628 643 et
1662 586 1916 655 templum
1943 585 2060 655 ejus

476 687 647 745 eritis.
702 683 987 754 Apostolus
1021 682 1169 746 dicit,
1214 680 1437 735 Nescitis
1476 680 1595 749 quia
1637 694 1851 748 corpora
1896 686 2060 732 uestra

478 778 718 848 templum
751 776 808 831 in
851 775 987 830 vobis
1032 788 1106 829 est
1146 773 1373 842 Spiritus
1424 772 1618 837 sancti,
1670 787 1815 840 quem
1868 769 2060 849 habetis

474 886 510 925 a
556 869 666 926 Deo
691 870 710 938 (
734 868 755 924 Ι
780 866 897 923 Cor.
933 883 1015 932 γι,
1046 867 1179 939 l9)?
1208 866 1487 936 Templum
1516 865 1677 921 habet
1720 866 1859 922 Deus
1892 883 1906 919 :
1936 881 2060 922 nam

476 969 533 1018 et
584 961 840 1016 Salomon
890 967 985 1015 rex
1041 968 1096 1014 et
1140 959 1392 1029 propheta
1433 958 1612 1027 jussus
1664 964 1747 1012 est
1797 957 2062 1014 aediﬁcare

476 1053 737 1123 templum
764 1053 894 1109 Deo.
937 1051 996 1107 Si
1020 1050 1314 1107 aediﬁcaret
1345 1048 1600 1119 templum
1628 1049 1749 1114 soli,
1782 1058 1875 1104 aut
1898 1049 2059 1116 lunae,

476 1153 574 1199 aut
596 1143 766 1198 stella:
794 1143 983 1208 alicui,
1014 1150 1106 1196 aut
1132 1142 1288 1197 alicui
1315 1140 1536 1211 angelo,
1577 1154 1754 1195 nonne
1784 1139 2065 1197 damnaret

480 1235 628 1290 illum
675 1235 854 1291 Deus?
897 1234 1030 1302 Quia
1083 1244 1215 1304 “ergo
1268 1232 1521 1302 templum
1572 1232 1856 1286 aediﬁcavit
1910 1233 2061 1300 Deo,

476 1325 715 1383 ostendit
742 1340 803 1381 se
840 1325 1019 1381 colere
1048 1325 1236 1381 Deum.
1268 1325 1336 1380 Et
1361 1324 1503 1379 unde
1542 1323 1858 1379 aediﬁcavit?
1888 1325 1963 1380 De
1996 1325 2065 1380 li-

478 1416 601 1488 gnis
628 1424 683 1471 et
709 1415 973 1485 lapidibus
1006 1434 1020 1468 :
1052 1416 1176 1486 quia
1205 1414 1448 1485 dignatus
1478 1422 1560 1469 est
1595 1415 1735 1469 Deus
1762 1414 1940 1470 facere
1965 1415 2067 1472 sibi

476 1522 581 1577 per
609 1521 822 1563 servum
862 1521 1021 1563 suum
1063 1506 1281 1562 domum
1328 1507 1382 1561 in
1430 1515 1591 1571 terra,
1632 1505 1721 1561 ubi
1750 1514 2063 1575 rogaretur,

483 1599 574 1655 ubi
613 1609 999 1654 memoraretur
1042 1600 1082 1651 ί.
1132 1598 1285 1655 Unde
1325 1597 1455 1653 dicit
1494 1598 1680 1653 beatus
1719 1596 2065 1668 Stephanus:

479 1688 733 1746 Salomon
760 1690 1027 1758 atdiﬁcavit
1063 1688 1142 1744 illi
1174 1689 1401 1755 domum,
1439 1688 1528 1745 sed
1571 1688 1857 1743 Altissimus
1884 1705 1987 1743 non
2014 1689 2070 1743 in

480 1794 637 1835 manu
659 1779 807 1848 factis
828 1780 1025 1849 templis
1050 1779 1296 1833 inhabitat
1316 1778 1448 1850 (Act.
1475 1795 1565 1843 vu,
1587 1780 1653 1834 47
1670 1788 1717 1832 et
1734 1778 1845 1851 48).
1866 1778 1921 1834 Si
1940 1794 2069 1848 ergo

485 1883 711 1938 corpora
761 1878 940 1923 nostra
985 1869 1236 1938 templum
1267 1879 1351 1924 est
1378 1868 1604 1939 Spiritus
1647 1871 1851 1933 sancti,
1895 1869 2070 1940 qualis

484 1959 628 2014 Deus
652 1959 845 2029 estqui
872 1958 1156 2013 :cdiﬁcavit
1185 1960 1439 2028 templum
1466 1960 1681 2028 Spiritui
1710 1962 1934 2015 sancto?
1963 1959 2069 2016 Sed

484 2048 649 2104 Deus.
681 2046 734 2103 Si
764 2049 905 2104 enim
936 2049 1189 2119 templum
1224 2049 1453 2118 Spiritus
1494 2052 1659 2105 sancti
1696 2060 1820 2107 sunt
1845 2067 2069 2122 corpora

487 2149 703 2207 nostra,
731 2141 819 2196 ille
870 2140 1090 2211 Spiritui
1115 2152 1300 2197 sancto
1338 2143 1616 2200 aediﬁcavit
1648 2147 1898 2216 templum
1923 2185 1940 2214 ,
1980 2147 2071 2217 qui

487 2242 542 2289 et
593 2248 815 2303 corpora
866 2243 1065 2290 nostra.
1104 2236 1380 2293 Attendite
1415 2239 1726 2308 Apostolum
1767 2239 2067 2310 dicentem,

485 2325 629 2382 Deus
655 2328 943 2397 temperavit
968 2343 1168 2397 corpus,
1205 2331 1251 2383 ei
1298 2331 1382 2383 cui
1414 2330 1582 2385 deerat
1626 2334 1866 2403 majorem
1912 2334 2072 2389 hono—

482 2435 593 2476 rem
638 2420 766 2473 dans
807 2420 863 2490 (Ι
899 2420 1016 2476 Cor.
1071 2438 1166 2487 xu,
1216 2421 1341 2492 9.4);
1389 2436 1506 2479 cum
1557 2424 1864 2496 loqueretur
1890 2426 1957 2483 de
1986 2428 2069 2483 di-

487 2511 658 2568 versis
701 2512 974 2576 membris,
1014 2521 1073 2568 ut
1112 2529 1215 2566 non
1257 2524 1436 2568 essent
1476 2516 1722 2572 scissuris
1747 2517 1798 2571 in
1825 2532 2068 2587 corpore.

488 2603 630 2659 Deus
664 2604 867 2658 creavit
894 2617 1089 2674 corpus
1114 2614 1377 2659 nostrum.
1412 2606 1639 2661 Herham
1670 2608 1809 2664 Deus
1834 2611 2033 2665 creavit
2053 2651 2069 2677 ,

487 2708 682 2762 corpus
727 2702 963 2747 nostrum
1006 2695 1124 2764 quis
1161 2696 1398 2750 creavit?
1440 2697 1593 2752 Unde
1630 2698 1917 2767 probamus
1948 2701 2074 2769 quia

489 2783 711 2839 herbam
752 2786 888 2839 Deus
920 2787 1101 2839 creat?
1127 2786 1226 2853 Qui
1255 2789 1436 2852 vestit,
1470 2789 1584 2857 ipse
1614 2798 1780 2845 creat.
1827 2790 2071 2863 Evange-

467 2872 617 2929 .lium
646 2875 763 2944 lege
793 2892 804 2928 :
836 2874 897 2929 Si
914 2891 1034 2946 ergo
1061 2880 1231 2947 [mum
1257 2879 1388 2949 agri,
1426 2879 1524 2946 ait,
1572 2881 1709 2951 quod
1738 2883 1887 2939 hodie
1912 2895 2004 2953 est,
2023 2896 2074 2941 et

490 2983 603 3022 cras
646 2967 699 3021 in
741 2966 993 3022 clibanum
1031 2969 1282 3035 mittitur,
1315 2968 1452 3024 Deus
1477 2971 1549 3025 sic
1574 2974 1716 3027 vestit
1745 2973 1958 3045 (Matth.
1990 2992 2071 3044 va,

490 3061 605 3132 30).
638 3061 731 3116 ille
760 3075 886 3132 ergo
912 3070 1078 3129 creat,
1104 3063 1196 3132 qui
1226 3063 1401 3118 vestit.
1434 3065 1496 3118 Et
1527 3065 1811 3134 Apostolus
1840 3087 1852 3121 :
1884 3068 2071 3136 Stulte,

484 3153 624 3225 quod
650 3154 866 3209 seminus
895 3170 994 3208 non
1020 3155 1322 3224 viuiﬁcatur,
1354 3156 1453 3210 nisi
1482 3159 1727 3213 metiatur
1752 3163 1772 3192 ⁸
1808 3179 1822 3215 :
1853 3172 1898 3215 et
1938 3163 2074 3233 quod

491 3245 728 3310 seminas,
759 3261 861 3298 non
887 3260 1071 3316 corpus
1090 3246 1224 3315 quod
1254 3251 1483 3318 futurum
1510 3259 1581 3303 est
1605 3253 1839 3318 sem-inus,
1864 3255 1953 3308 sed
1973 3271 2073 3309 nu-

489 3333 611 3388 dum
644 3350 878 3406 granum,
908 3345 962 3388 ut
1001 3336 1129 3403 forte
1153 3336 1324 3405 tritici,
1366 3349 1454 3391 aut
1494 3340 1712 3410 alicujus
1740 3352 2033 3399 catlcrorum
2053 3361 2074 3409 ;

488 3423 627 3479 Deus
651 3435 819 3479 autem
848 3426 924 3478 illi
943 3425 1030 3479 dat
1054 3443 1237 3497 corpus
1255 3431 1504 3498 quomodo
1532 3432 1744 3488 voluerit
1763 3478 1777 3501 ,
1806 3444 1851 3490 et
1877 3438 2075 3492 unicui-

489 3530 585 3584 que
624 3514 867 3568 seminum
912 3515 1173 3584 praprium
1213 3534 1396 3588 corpus
1422 3519 1477 3590 (Ι
1508 3520 1624 3576 Cor.
1650 3540 1737 3577 xv.
1767 3525 1981 3595 36—58).
2015 3527 2072 3585 Si

490 3618 619 3674 ergo
655 3604 793 3659 Deus
831 3620 1055 3676 corpora
1100 3617 1278 3662 nostra
1310 3609 1559 3678 aediﬁcat,
1592 3613 1634 3667 si
1666 3614 1803 3669 Deus
1824 3618 2072 3674 membra

490 3705 673 3753 nostra
703 3697 946 3767 aediﬁcat,
974 3708 1027 3755 et
1052 3716 1273 3771 corpora
1302 3712 1479 3759 nostra
1513 3707 1764 3777 templum
1798 3719 1922 3765 sunt
1947 3710 2071 3780 Spi-

489 3790 624 3845 ritus
669 3791 871 3858 sancti;
927 3793 1093 3848 nolite
1137 3794 1378 3852 dubitare
1427 3797 1592 3852 Deum
1645 3814 1765 3855 esse
1815 3800 2069 3871 Spiritum

489 3890 751 3936 sanctum.
783 3882 847 3937 Et
873 3884 1037 3940 nolite
1058 3884 1255 3943 addere
1280 3888 1428 3958 quasi
1461 3890 1673 3945 tertium
1706 3891 1909 3958 Deum;
1950 3896 2073 3966 quia

494 3972 648 4029 Pater
702 3981 758 4030 et
804 3974 971 4032 Filius
1005 3984 1061 4033 et
1098 3978 1323 4047 Spiritus
1358 3990 1577 4036 sanctus
1615 3997 1751 4039 unus
1790 3996 1872 4042 est
1910 3987 2071 4044 Deus.

489 4062 582 4119 Sic
609 4064 833 4121 credite.

560 4154 787 4210 CAPUT
805 4154 889 4209 Vl.
907 4185 977 4196 -—-
1005 4157 1091 4210 ii.
1124 4156 1198 4210 De
1221 4168 1397 4212 sancta
1420 4159 1664 4217 Ecclesia.
1691 4164 1941 4236 Sequitur
1956 4180 2076 4239 post

493 4242 766 4297 Trinitatis
794 4245 1308 4300 commendationem
1326 4289 1340 4313 ,
1373 4260 1608 4304 sanctam
1638 4254 1947 4313 Ecclesium.
1974 4260 2077 4316 De-

490 4341 818 4389 monstratus
860 4342 942 4389 est
982 4336 1139 4417 Deus
1168 4346 1222 4391 et
1271 4339 1522 4408 templum
1565 4342 1751 4411 ipsius.
1811 4347 2076 4418 Templum

494 4423 625 4477 enim
659 4423 751 4478 Dei
777 4435 1004 4479 sanctum
1050 4436 1145 4493 est,
1190 4428 1604 4500 ait‘Apostolus,
1652 4437 1788 4503 quod
1834 4441 1952 4495 estis
1986 4459 2075 4499 vos

493 4512 607 4582 (Id.
639 4531 714 4581 ιιι,
746 4516 854 4587 17).
886 4515 999 4586 Ipsa
1038 4528 1126 4574 est
1172 4520 1404 4577 Ecclesia
1433 4533 1634 4591 sancta,
1668 4526 1901 4585 Ecclesia
1930 4548 2033 4588 una
2056 4576 2071 4603 ,

494 4606 732 4662 Ecclesia
765 4624 908 4675 vera,
942 4608 1182 4666 Ecclesia
1212 4612 1470 4668 catholica
1490 4656 1506 4681 ,
1534 4627 1716 4673 contra
1744 4634 1931 4677 omnes
1958 4622 2073 4678 lue-

492 4713 640 4754 rcses
665 4714 903 4769 pugnans
931 4718 942 4753 :
972 4716 1207 4772 pugnare
1238 4715 1429 4774 potest,
1461 4712 1744 4779 expugnari
1771 4719 1945 4770 tamen
1970 4731 2074 4772 non

492 4801 688 4863 potest.
743 4794 983 4852 lltereses
1020 4813 1209 4853 omnes
1256 4798 1323 4854 de
1374 4800 1463 4856 illa
1514 4803 1773 4871 exierunt,
1826 4817 2073 4878 tanquam

492 4895 762 4939 sarmenta
789 4886 993 4942 inutilia
1017 4888 1084 4943 de
1111 4890 1212 4944 vita
1250 4892 1470 4960 praecisa
1505 4910 1518 4945 :
1548 4894 1657 4963 ipsa
1688 4908 1868 4953 autem
1896 4912 2078 4958 manet

494 4974 546 5028 in
574 4976 750 5032 radice
775 4992 890 5038 sua.
920 4979 972 5032 in
1002 4981 1105 5035 vite
1132 4995 1247 5046 sua,
1270 4982 1323 5035 in
1351 4982 1610 5040 charitate
1635 5003 1750 5042 sua.
1790 4988 1965 5046 Porta:
1990 4993 2076 5049 iu-

494 5067 723 5124 ferorum
746 5087 850 5125 non
878 5073 1088 5129 vincent
1112 5090 1228 5129 eam
1260 5075 1469 5145 (llauh.
1504 5094 1610 5144 xvn,
1638 5081 1750 5152 l8).

563 5160 787 5217 CAPUT
829 5163 936 5217 VII.
965 5166 1147 5220 ~15.
1183 5165 1400 5222 Peccata
1439 5170 1590 5225 etiam
1627 5174 1869 5230 immania
1901 5178 2076 5236 dimit-

495 5260 668 5306 tuntur
693 5254 743 5307 in
774 5253 1034 5323 Baptismo
1052 5273 1071 5320 ,'
1112 5268 1157 5311 et
1186 5261 1433 5328 venialia,
1469 5263 1521 5316 in
1555 5267 1781 5323 oratione
1799 5270 2071 5329 dominica.

493 5340 809 5399 Panitentia:
828 5345 1049 5415 publica:
1072 5349 1203 5402 actio
1227 5360 1430 5422 pmptcr
1457 5355 1697 5411 immania
1717 5372 1946 5432 peccata,
1975 5377 2077 5421 non

554 5475 575 5540 ξ
609 5470 795 5540 Aliquot
817 5478 945 5540 Mss,
967 5478 1258 5532 moraretur.

554 5537 576 5570 ³
607 5537 742 5601 Editi,
766 5538 903 5605 prius
923 5537 1174 5595 moriatur.
1204 5547 1366 5612 Abest,
1393 5548 1545 5616 prius,
1572 5558 1727 5605 altas.

1087 381 1174 437 DE
1213 378 1550 445 SYMBOLO,
1589 380 1644 437 Si
1688 372 2055 433 AUGUSTINI
2091 370 2321 431 SERMO
2360 374 2451 432 AD
2485 376 3057 442 CATECHUMENOS.

2164 501 2371 563 propter
2383 493 2530 548 levia.
2555 494 2947 554 Remissiouem
2972 508 3328 569 peccaturum.
3357 502 3568 559 llabctis
3582 504 3743 577 Sym-

2160 584 2342 641 bolum
2372 588 2604 656 perlecte
2632 591 2684 644 in
2719 591 2896 657 vobis,
2925 594 3134 662 quando
3176 596 3535 664 baptizzuniui.
3572 597 3742 655 Nemo

2164 677 2305 733 dicat
2333 697 2345 734 :
2373 680 2505 736 Illud
2530 682 2651 748 ieci,
2680 683 2816 739 forte
2842 700 2945 739 non
2985 686 3113 740 mihi
3153 688 3453 744 dimittitur.
3490 689 3626 757 Quid
3667 689 3745 747 fe-

2165 768 2317 823 cisti?
2337 780 2589 839 quantum
2615 771 2817 827 fecisti?
2846 774 2937 829 Dic
2958 776 3189 832 immane
3210 778 3408 847 aliquid
3430 780 3571 849 quod
3593 795 3743 835 com-

2166 857 2389 925 misisti,
2440 875 2645 930 grave,
2695 862 3057 932 horrendum,
3103 867 3244 937 quod
3294 869 3454 923 etiam
3501 872 3738 942 cogitare

2166 948 2355 1005 horres
2387 968 2401 1005 :
2431 951 2684 1021 quidquid
2727 955 2808 1008 vis
2833 953 3044 1023 feceris,
3076 958 3331 1027 numquid
3358 958 3627 1015 Christum
3655 977 3751 1019 oc-

2168 1040 2382 1097 cidisti?
2403 1041 2521 1098 Non
2547 1052 2629 1098 est
2652 1045 2754 1100 isto
2775 1044 2915 1102 facto
2934 1048 3128 1118 aliquid
3146 1049 3314 1119 pejus,
3329 1052 3449 1121 quia
3467 1061 3521 1107 et
3535 1052 3750 1109 Christo

2168 1130 2301 1185 nihil
2347 1141 2432 1187 est
2468 1134 2680 1189 melius.
2724 1136 2989 1202 Quantum
3035 1140 3185 1193 nefas
3209 1150 3291 1196 est
3314 1142 3561 1198 occidere
3587 1144 3749 1200 Chri-

2168 1226 2354 1280 stum?
2391 1225 2560 1282 Judaei
2603 1236 2777 1284 tamen
2830 1245 2952 1285 eunt
2990 1231 3332 1298 occiderunt,
3391 1243 3447 1288 et
3491 1236 3646 1290 multi
3696 1238 3752 1292 in

2169 1329 2293 1370 eum
2317 1324 2501 1385 postea
2524 1317 2886 1385 crediderunt,
2914 1327 2968 1373 et
2991 1318 3239 1376 biberunt
3259 1320 3374 1388 ejus
3398 1324 3709 1388 sanguinem
3734 1343 3749 1380 :

2170 1403 2447 1461 dimissum
2481 1416 2565 1462 est
2593 1407 2696 1462 illis
2721 1420 2995 1478 peccatum
3021 1410 3163 1480 quod
3193 1412 3593 1468 commiserunt.
3620 1413 3752 1470 Cum

2170 1495 2419 1567 baptizati
2461 1498 2697 1562 fueritis,
2750 1508 2925 1554 tenete
2963 1501 3123 1556 vitam
3163 1503 3359 1558 bonam
3391 1504 3442 1559 in
3472 1507 3752 1576 inceptis

2170 1587 2287 1653 Dei,
2313 1596 2372 1643 ut
2396 1589 2723 1659 Baptismum
2759 1592 3070 1649 custodiatis
3108 1609 3276 1665 usque
3319 1596 3372 1649 in
3415 1597 3594 1654 ﬁnem.
3640 1593 3754 1656 Non

2170 1680 2323 1736 vobis
2345 1679 2467 1737 dico
2496 1683 2619 1753 quia
2649 1685 2765 1739 sine
2788 1693 3010 1754 peccato
3034 1685 3122 1742 hic
3146 1688 3367 1748 vivatis:
3394 1688 3487 1745 sed
3515 1699 3641 1746 sunt
3658 1707 3754 1749 ve-

2172 1771 2354 1837 nialia,
2389 1773 2506 1828 sine
2535 1775 2726 1843 quibus
2757 1775 2861 1830 vita
2896 1777 2994 1831 ista
3038 1792 3143 1832 non
3179 1786 3279 1833 est.
3327 1779 3551 1849 Propter
3575 1781 3755 1837 omnia

2174 1872 2387 1931 peccata
2429 1863 2733 1935 Baptismus
2770 1866 3020 1923 inventus
3055 1878 3172 1934 est;
3200 1878 3419 1939 propter
3457 1871 3611 1936 levia,
3639 1874 3756 1930 sine

2172 1954 2367 2023 quibus
2388 1970 2508 2010 esse
2528 1968 2634 2011 non
2656 1971 2957 2027 possumus,
2981 1960 3154 2015 oratio
3177 1960 3410 2016 inventa.
3434 1963 3573 2030 Quid
3595 1964 3756 2022 habet

2174 2047 2384 2101 oratio?
2412 2046 2619 2103 Dimitte
2643 2050 2787 2104 nobis
2809 2050 2977 2105 debita
3021 2061 3212 2117 nostra,
3242 2053 3370 2107 sicut
3396 2063 3442 2108 et
3471 2071 3563 2110 nos
3587 2057 3755 2112 dimit-

2175 2138 2326 2193 timus
2356 2139 2660 2195 debitoribus
2686 2142 2872 2196 ηοειὼ
2897 2141 3008 2211 (Id.
3038 2158 3111 2207 Vl,
3139 2143 3252 2212 12).
3282 2141 3463 2200 Semel
3490 2146 3757 2203 abluimur

2175 2231 2501 2301 Baptismate
2524 2274 2539 2300 ,
2584 2232 2821 2303 quotidie
2860 2233 3125 2290 abluimur
3161 2236 3420 2292 oratione.
3452 2236 3560 2293 Sed
3588 2239 3758 2296 nolite

2176 2322 2263 2377 illa
2304 2327 2656 2389 committere,
2690 2340 2786 2395 pro
2821 2326 3013 2396 quibus
3037 2341 3259 2383 necesse
3283 2336 3365 2383 est
3394 2336 3452 2382 ut
3488 2343 3520 2383 a
3559 2328 3759 2387 Christi

2176 2430 2399 2485 corpore
2436 2416 2754 2486 separemini
2783 2435 2794 2470 :
2822 2417 2963 2487 quod
3008 2417 3149 2473 absit
3189 2432 3220 2471 a
3266 2419 3438 2474 vobis.
3487 2417 3567 2474 llli
3612 2423 3757 2478 enim

2175 2521 2310 2577 quos
2327 2507 2516 2563 videtis
2531 2523 2689 2577 agere
2708 2508 3096 2577 paenitentiam,
3122 2509 3325 2565 scelera
3353 2512 3755 2581 commiserunt,

2176 2608 2268 2652 aut
2290 2598 2549 2654 adulteria
2575 2640 2590 2667 ,
2622 2608 2712 2654 aut
2736 2601 2913 2671 aliqua
2948 2601 3083 2656 facta
3118 2602 3367 2658 immania
3400 2622 3415 2658 :
3446 2603 3571 2659 inde
3597 2614 3760 2676 agunt

2176 2689 2565 2760 pmnitentiam.
2608 2690 2741 2746 Nam
2769 2692 2815 2745 si
2845 2691 2981 2747 levia
3024 2702 3240 2762 peccata
3284 2692 3523 2762 ipsorum
3556 2702 3757 2764 essent,

2179 2780 2245 2837 ad
2273 2781 2389 2838 hsce
2413 2782 2720 2852 quotidiana
2747 2784 2918 2839 oratio
2938 2784 3163 2851 delenda
3190 2784 3474 2841 sufﬁceret.

2246 2873 2474 2930 CAPUT
2514 2873 2651 2931 Vill.
2688 2904 2758 2914 —
2802 2875 2892 2931 i6.
2931 2874 3151 2930 Peccata
3195 2877 3352 2931 tribus
3396 2876 3560 2932 modis
3588 2878 3759 2933 dimit-

2178 2975 2370 3021 tuntur.
2403 2966 2542 3037 Ergo
2580 2965 2749 3023 tribus
2780 2966 2953 3022 modis
2977 2966 3313 3023 dimittuntur
3341 2975 3553 3038 peccata
3580 2969 3636 3024 in
3657 2969 3759 3025 Ee-

2176 3058 2341 3114 clesia
2362 3075 2378 3125 ;
2403 3058 2455 3112 in
2478 3058 2821 3128 Bapti‘smate,
2851 3058 2905 3113 in
2937 3058 3197 3127 oratione,
3226 3059 3281 3114 in
3308 3058 3604 3116 humilitate
3639 3074 3755 3116 ma-

2174 3150 2293 3221 jore
2322 3152 2337 3183 ί
2368 3152 2695 3221 pmnitentia:
2728 3170 2742 3206 :
2778 3161 2953 3207 tamen
2982 3152 3123 3207 Deus
3149 3167 3256 3207 non
3279 3152 3496 3208 dimittit
3520 3162 3756 3223 peccata,

2176 3244 2281 3298 nisi
2328 3243 2626 3313 baptizatis.
2670 3243 2786 3312 Ipsa
2828 3252 3045 3312 peccata
3075 3258 3193 3312 quae
3223 3245 3454 3313 primum
3496 3245 3757 3313 dimittit,

2176 3347 2284 3386 non
2330 3334 2432 3389 nisi
2475 3333 2755 3404 haptizatis
2780 3332 3017 3387 dimittit.
3049 3331 3310 3400 Quando?
3337 3333 3562 3401 Quando
3589 3336 3760 3407 bapti-

2172 3432 2384 3479 zantur.
2415 3425 2640 3480 Peccata
2666 3438 2784 3494 quae
2813 3435 2996 3495 postea
3024 3426 3298 3482 orantibus
3318 3427 3676 3493 dimittuntur,
3704 3418 3762 3486 et

2176 3518 2584 3589 paenitentibus,
2639 3519 2831 3589 quibus
2872 3518 3130 3588 dimittit,
3186 3519 3467 3589 baptizatis
3515 3520 3756 3579 dimittit.

2176 3609 2307 3665 Nam
2338 3608 2602 3679 quomodo
2626 3608 2830 3676 dicunt,
2857 3609 3017 3666 Pater
3046 3621 3236 3677 noster,
3267 3612 3357 3681 qui
3388 3612 3623 3669 nondum
3645 3613 3757 3669 nati

2176 3700 2739 3756 sunt?Catechumeni
2784 3700 3037 3772 quamdiu
3083 3710 3228 3768 sunt,
3272 3717 3433 3772 super
3473 3702 3596 3759 illos
3637 3710 3762 3759 sunt

2176 3791 2356 3846 omnia
2382 3799 2597 3860 peccata
2622 3804 2829 3845 eorum.
2863 3789 2920 3845 Si
2946 3790 3336 3856 catechumeni,
3364 3800 3567 3871 quanto
3591 3793 3760 3863 magis

2174 3883 2414 3954 Pagani?
2435 3890 2637 3953 quanto
2662 3883 2829 3953 magis
2855 3881 3133 3937 haeretici?
3155 3881 3259 3938 Sed
3289 3881 3554 3938 hmreticis
3580 3883 3762 3953 Bapti-

2179 3991 2354 4032 smum
2396 3991 2505 4030 non
2545 3982 2832 4029 mutamus.
2879 3972 3094 4042 Quare?
3128 3973 3261 4041 Quia
3295 3973 3374 4028 sic
3406 3972 3605 4029 habent
3653 3974 3758 4032 Ba—

2178 4070 2451 4140 ptismum,
2478 4068 2750 4139 quomodo
2773 4067 3013 4122 desertor
3041 4066 3202 4123 habet
3240 4065 3606 4123 characterem
3639 4084 3656 4124 :
3684 4067 3760 4124 ita

2181 4171 2235 4217 et
2252 4162 2340 4217 iSti
2367 4161 2564 4216 habent
2589 4160 2946 4230 Baptismum;
2976 4159 3194 4226 habent,
3219 4157 3314 4215 sed
3336 4156 3476 4214 unde
3496 4157 3759 4214 datnnen-

2181 4262 2284 4318 tur,
2316 4264 2425 4309 nun
2446 4253 2588 4308 unde
2612 4258 2956 4308 coronentur.
2993 4250 3062 4306 Et
3097 4259 3273 4305 tamen
3310 4248 3359 4304 si
3387 4248 3626 4305 desertor
3646 4250 3761 4320 ipse

2181 4348 2452 4401 correctus
2490 4346 2708 4415 incipiat
2747 4345 2998 4410 militare,
3025 4343 3278 4414 numquid
3299 4343 3460 4399 audet
3482 4343 3760 4414 quisquam

2182 4437 2229 4491 ei
2260 4436 2620 4491 characterem
2650 4436 2892 4490 mutare?

2253 4526 2478 4583 CAPUT
2514 4526 2604 4581 IX.
2633 4557 2705 4566 —
2723 4527 2811 4581 i7.
2843 4525 2920 4580 De
2943 4526 3303 4580 resurrectione
3325 4525 3492 4579 carnis
3530 4526 3583 4581 in
3611 4525 3760 4581 vitam

2178 4626 2438 4673 wternam.
2464 4618 2747 4672 Credimus
2770 4617 2930 4671 etiam
2955 4618 3399 4671 resurrectionem
3420 4618 3619 4684 carnis,
3643 4632 3760 4687 qua:

2180 4709 2452 4780 praecessit
2482 4708 2535 4761 in
2575 4707 2788 4761 Christo
2819 4724 2833 4761 :
2866 4715 2924 4761 ut
2954 4706 3056 4761 hoc
3098 4707 3258 4761 etiam
3306 4717 3489 4779 speret
3542 4723 3755 4779 corpus,

2178 4798 2324 4871 quod
2353 4798 2623 4869 prrccessit
2652 4797 2704 4851 in
2745 4797 2939 4866 capite.
2985 4795 3159 4867 Caput
3202 4796 3457 4855 Ecclesiae
3493 4798 3757 4865 ChriStus,

2182 4893 2417 4950 Ecclesia
2442 4904 2633 4962 corpus
2661 4888 2856 4947 Christi
2888 4890 3301 4965 (Ephes.v,%5).
3333 4893 3504 4963 Caput
3522 4902 3761 4948 nostrum

2182 4985 2432 5048 surrexit,
2462 4982 2769 5039 ascenditin
2800 4985 3002 5041 castum
3026 5001 3040 5037 :
3068 4983 3158 5039 ubi
3182 4992 3362 5054 caput,
3387 4985 3494 5039 illic
3516 4992 3571 5039 et
3595 4998 3764 5037 mem-

2181 5078 2296 5134 bra.
2329 5075 2608 5145 Quomodo
2648 5076 2827 5130 carnis
2854 5076 3334 5132 resurrectionem?
3357 5074 3435 5129 Ne
3460 5073 3596 5128 forte
3617 5082 3764 5142 putet

2182 5174 2376 5244 aliquis
2417 5171 2683 5243 quomodo
2712 5171 2915 5237 Lazari,
2944 5179 3003 5225 ut
3025 5171 3163 5225 scias
3188 5176 3294 5222 non
3318 5170 3398 5222 sic
3424 5180 3561 5233 esse,
3608 5167 3760 5222 addi-

2183 5272 2292 5319 tum
2314 5272 2417 5330 'est,
2442 5263 2497 5318 lu
2521 5264 2679 5318 vitam
2711 5272 2985 5318 teternam.
3008 5262 3303 5329 negauerat
3323 5271 3414 5313 vos
3442 5258 3601 5326 Deus,
3627 5274 3759 5315 con-

2183 5364 2361 5413 servet
2387 5365 2443 5412 et
2472 5365 2680 5411 tueatur
2712 5369 2807 5410 vos
2848 5355 3019 5417 Deus;
3051 5352 3102 5406 in
3127 5366 3207 5418 se,
3260 5351 3351 5423 qui
3382 5360 3463 5408 est
3498 5352 3610 5423 ipsa
3655 5352 3759 5409 vita
3777 5364 3797 5426 ι

2183 5459 2403 5514 acterna,
2432 5448 2687 5518 perducat
2709 5460 2804 5500 vos
2824 5446 2979 5499 Deus.
3005 5447 3195 5499 Amen.

2247 5561 2264 5593 ί
2300 5560 2372 5611 sic
2394 5564 2499 5609 Mss.
2524 5558 2642 5608 Editi
2666 5568 2802 5618 vero,
2827 5553 3044 5617 majoris.
