4140 6216
422 242 529 303 665

418 360 551 417 test?
568 358 623 416 Si
644 370 821 417 autem
840 361 1047 416 videbat
1068 376 1187 415 cum
1207 359 1432 432 Moyses,
1456 359 1578 430 quid
1598 368 1677 432 est
1701 360 1839 432 quod
1863 362 2001 417 idem

419 432 536 501 ipse
557 442 676 500 post
700 433 966 501 paululum
992 446 1086 498 pro
1112 444 1303 499 magno
1329 431 1476 497 petit.
1504 440 1560 483 ct
1581 431 1727 494 dicit,
1754 431 1813 485 Si
1838 433 2004 487 inveni

420 500 643 570 gratiam
663 500 778 557 ante
798 514 871 567 te,
898 500 1098 555 ostende
1122 501 1245 554 mihi
1266 501 1443 569 [iuriam
1467 510 1602 553 tuam
1625 519 1643 566 ;
1673 511 1725 555 et
1753 502 2004 558 Dominus

421 571 498 627 illi
520 614 535 637 ,
567 571 747 627 Facies
770 573 969 642 quidem
989 587 1099 623 mea
1124 587 1222 624 non
1248 571 1491 642 videbitur
1514 572 1599 624 tibi
1621 587 1639 623 :
1664 589 1762 625 non
1786 574 1914 625 enim
1932 575 2004 625 vi-

422 641 562 713 debit
586 644 699 713 quis
718 642 1084 713 facientrmcam
1108 650 1152 693 et
1174 641 1343 713 vivet?
1373 641 1467 713 Ubi
1497 642 1729 713 estillud
1756 642 1892 710 quod
1924 644 2003 696 vi—

422 660 562 696 aeau
622 660 699 696 ius
718 660 897 713 [actem
924 660 1084 694 nteant
1108 660 1151 693 et
1182 660 1301 694 υιυει
1320 660 1342 695 .'
1374 660 1467 696 UDI
1497 660 1578 695 csr
1602 660 1729 695 mnu
1756 660 1892 710 quon
1924 660 2003 696 vi—

421 660 619 768 debatg
634 713 701 767 Et
719 713 762 766 si
785 712 1015 775 videbat,
1037 726 1135 765 cur
1154 711 1488 765 desiderabat
1506 711 1690 767 videre
1705 713 1844 782 quod
1867 712 2005 767 vide-

421 782 551 837 bat?
581 786 649 835 At
678 782 945 850 quomodo
975 782 1049 835 illi
1072 782 1364 851 negabatur
1392 782 1443 835 id
1475 782 1614 851 (ptud
1640 783 1746 847 jam
1778 783 2003 838 demon~

420 852 720 906 strabatur?
749 852 977 907 Exercet
1003 852 1267 921 ingenium
1290 853 1594 921 quaerentis.
1620 852 1842 907 Videbat
1861 853 2007 921 Moy-

421 935 509 975 ses
541 922 707 976 Deum
741 939 844 975 non
873 923 1039 977 oculis
1068 923 1359 991 corporeis,
1388 922 1481 978 sed
1504 922 1670 976 oculis
1695 924 1906 977 mentis.
1938 922 2007 979 Et

419 992 541 1060 quia
570 991 658 1045 lux
682 992 769 1046 illa
802 1001 1082 1061 perpetua,
1115 1009 1233 1062 qua:
1264 993 1401 1063 Deus
1430 1003 1529 1057 est,
1557 993 1671 1061 plus
1694 1009 1815 1047 cum
1846 1009 2004 1063 quam

419 1071 645 1116 caeteros
675 1063 1065 1127 illustraverat,
1116 1064 1234 1117 ideo
1261 1062 1461 1117 dictum
1493 1072 1605 1124 est,
1659 1062 1728 1117 Os
1754 1064 1823 1117 ad
1846 1082 1900 1117 os
1930 1066 2007 1119 la-

419 1132 664 1201 quebatur
687 1132 767 1187 illi
785 1149 803 1186 :
823 1148 885 1189 ac
905 1135 949 1188 si
979 1133 1260 1192 diceretur.
1292 1133 1416 1187 Plus
1435 1134 1680 1188 omnibus
1702 1133 2006 1189 manifesta-

420 1209 508 1274 tns
536 1212 618 1259 est
649 1204 740 1257 illi.
770 1203 825 1257 ln
864 1218 929 1274 eo
969 1211 1144 1257 autem
1175 1203 1315 1274 quod
1345 1203 1544 1258 dictum
1576 1214 1657 1258 est
1677 1245 1691 1268 ,
1723 1203 1844 1259 Non
1872 1206 2007 1259 enim

419 1272 533 1342 quis
580 1274 761 1342 poterit
789 1273 955 1328 videre
1003 1272 1385 1332 facient—meam
1423 1284 1470 1329 et
1512 1276 1701 1341 vivere;
1733 1286 2004 1330 ostensum

420 1353 504 1415 est
532 1343 798 1415 neminem
832 1345 913 1399 his
939 1345 1110 1399 oculis
1129 1346 1401 1415 corporeis
1436 1345 1596 1399 Deum
1627 1360 1780 1413 posse
1802 1345 2003 1400 videre.

421 1413 559 1537 θρῖα
607 1423 784 1471 autem
833 1429 1147 1470 concessum
1205 1413 1274 1469 sit
1321 1414 1626 1469 ﬁdelissimo
1669 1416 1865 1471 famulo
1911 1416 2006 1471 Dei

476 1485 589 1537 ovsi
609 1525 623 1537 .
659 1500 726 1537 ne
756 1495 859 1537 tam
890 1500 1137 1537 magnum
1171 1485 1288 1537 eius
1312 1484 1634 1537 desiderium
1664 1486 1717 1537 in
1760 1486 2006 1537 omnibus

476 1485 589 1554 oysi
609 1525 623 1547 ,
659 1500 726 1540 ne
756 1495 859 1539 tam
890 1500 1137 1556 magnum
1171 1485 1288 1552 ejus
1312 1484 1634 1540 desiderium
1664 1486 1717 1556 in
1760 1486 2009 1542 omnibus

421 1552 791 1619 frustraretur,
819 1552 1162 1611 debet'nosse
1197 1556 1439 1610 Charitas
1466 1564 1658 1609 vestra.
1688 1555 1895 1610 Dictum
1925 1564 2010 1612 est

422 1622 554 1678 illia
597 1626 842 1696 Domino,
861 1626 999 1680 sicut
1031 1625 1216 1681 eadem
1255 1625 1524 1695 Scriptura
1570 1635 1786 1682 narrat:
1828 1624 2004 1696 Vade,

420 1695 638 1767 ascende
663 1712 815 1765 super
840 1706 1032 1767 petram
1072 1697 1127 1750 in
1165 1696 1364 1764 Horelt,
1394 1705 1439 1750 et
1473 1704 1550 1767 sta
1584 1696 1687 1767 ibi;
1728 1706 1773 1751 et
1801 1697 2008 1752 transiet

420 1763 629 1820 claritas
648 1763 757 1820 mea
782 1763 898 1839 ante
912 1776 980 1839 te,
1000 1776 1045 1820 et
1076 1767 1353 1839 posteriora
1377 1766 1692 1839 nteapidebis
1715 1783 1733 1821 :
1754 1768 1908 1839 [acies
1924 1784 2009 1821 au-

422 1837 1035 1908 {ein‘nteanon‘videbitur
1051 1838 1139 1890 tibi
1157 1836 1341 1908 (Nunt.
1368 1852 1466 1902 xu,
1485 1836 1538 1899 8,
1557 1846 1603 1891 et
1624 1836 1795 1891 Exod.
1820 1852 2004 1903 χχχιιι,

422 1902 633 1977 ili-23).
661 1906 740 1961 Ne
772 1905 911 1963 forte
948 1902 1198 1976 subrepat
1227 1921 1508 1977 perversos
1542 1908 1874 1973 intellectus,
1916 1902 2009 1963 aut

423 1973 710 2048 haereticus
727 1992 937 2048 sensus,
957 1986 1011 2031 et
1029 1973 1178 2048 putet
1196 1973 1315 2046 quis
1338 1978 1500 2048 Deum
1527 1991 1647 2048 esse
1667 1992 2003 2048 corporeum,

421 2045 609 2118 vigilet
652 2048 735 2115 pia
767 2047 896 2103 ﬁdes
920 2055 978 2118 et
1001 2045 1263 2103 catholica
1292 2047 1551 2102 doctrina.
1603 2045 1835 2118 Mysticis
1863 2047 2006 2102 enim

422 2115 608 2185 ﬁguris
638 2117 872 2186 loquitur
899 2117 1077 2172 divina
1105 2118 1397 2187 Scriptura,
1439 2115 1668 2171 servans
1685 2118 1844 2172 rebus
1872 2126 2007 2172 tem-

421 2200 553 2257 pora
571 2226 587 2258 ,
616 2189 806 2257 quibus
832 2188 1118 2258 recognitis
1144 2187 1421 2242 manifesta
1461 2197 1707 2241 exerceat
1743 2188 2003 2242 veritate:

421 2257 674 2328 quoniam
706 2272 804 2313 nec
848 2258 947 2312 hoc
969 2257 1125 2313 vacat
1152 2274 1179 2312 a
1219 2259 1473 2328 mysterio
1496 2299 1511 2323 ,
1547 2258 1719 2328 quod
1744 2259 1795 2311 in
1825 2270 2007 2313 monte

420 2325 604 2382 Horeb
616 2345 789 2398 super
819 2338 1018 2398 petram
1045 2330 1226 2397 jussus
1255 2325 1339 2383 est
1362 2325 1654 2382 ascendere
1681 2327 1920 2398 Moyses,
1952 2337 2006 2383 et

423 2405 589 2469 stare.
612 2397 727 2469 Ipsa
753 2397 836 2454 est
860 2400 945 2454 illa
970 2410 1137 2468 petra,
1163 2415 1281 2469 quae
1301 2413 1547 2469 percussa
1574 2397 1821 2469 produxit
1842 2413 2007 2467 aquas

422 2468 623 2591 Bopulo
642 2468 852 2551 sitienti
886 2468 1080 2541 (Exod.
1109 2468 1235 2531 xvii,
1276 2469 1330 2539 6)
1360 2486 1373 2523 :
1402 2468 1468 2523 de
1506 2484 1608 2539 qua
1636 2468 1763 2522 dicit
1791 2477 2008 2523 sanctus

474 2539 612 2591 and.
634 2537 865 2591 Disrumt
885 2549 1097 2591 petram.
1117 2549 1160 2591 et
1179 2541 1430 2591 ﬂuxerunt
1449 2554 1593 2591 aqua:
1608 2536 1773 2591 (Psal.
1798 2553 2004 2591 Lxxvu.

474 2539 612 2611 avid,
634 2537 865 2608 Disrupit
885 2536 1098 2610 petram,
1117 2549 1160 2594 et
1176 2536 1430 2611 ﬂuxerunt
1449 2536 1593 2611 aqua:
1608 2536 1773 2611 (Paul.
1798 2553 2004 2611 Lxxvu,

422 2605 539 2678 20).
572 2605 857 2678 Apostolus
884 2605 1060 2665 autem
1088 2605 1360 2679 exponens
1392 2605 1584 2665 hoc'ait
1604 2605 1626 2662 τ’
1644 2606 1826 2663 Patres
1847 2609 2005 2663 nostri

424 2693 592 2750 eseam
632 2680 949 2750 spiritualem
991 2680 1419 2750 manducauerunt
1442 2719 1457 2744 ,
1491 2688 1537 2750 et
1566 2679 1791 2750 eumdem
1835 2688 2007 2750 potant

424 2747 745 2829 spiritualem
764 2748 1010 2804 biberunt.
1040 2748 1285 2829 Bibebant
1308 2750 1442 2829 enim
1470 2748 1533 2829 de
1554 2747 2009 2829 spiritualineonse-

462 2825 610 2889 uente
634 2833 718 2889 eos
754 2829 897 2888 petra
920 2835 939 2873 :
966 2828 1107 2889 petra
1132 2830 1300 2875 autem
1334 2828 1441 2873 erat
1468 2817 1698 2889 Christus
1727 2819 1772 2889 (Ι
1795 2817 1914 2874 Cor.
1946 2835 2003 2888 ι,

476 2884 899 2959 ε-ιὸμρεὰειιιιι
919 2884 1004 2943 illa
1028 2892 1323 2959 posteriora
1346 2888 1461 2954 Dei,
1486 2884 1864 2945 Christus'Dei.
1896 2884 2009 2946 Hoc

424 2956 796 3030 vidit'Moyses
836 2956 1233 3030 prophetando,
1276 2959 1418 3030 quod
1454 2960 1650 3015 Paulus
1677 2960 1895 3029 exponit
1923 2960 2005 3016 di-

425 2973 561 3012 vum
586 2973 796 3083 mogses
836 2973 1233 3030 propnetanuo,
1276 2973 1418 3030 quou
1454 2973 1650 3015 Paulus
1677 2973 1895 3029 exponit
1923 2973 2005 3016 αι-

425 3028 638 3101 c_endo;
711 3046 797 3083 um
837 3031 1001 3099 venit,
1044 3030 1247 3101 inquit,
1277 3030 1534 3100 plenitudo
1577 3031 2009 3101 temporismtisit

424 3097 569 3185 Beas
608 3100 801 3185 Filium
845 3097 993 3185 suain
1021 3097 1209 3174 factum
1234 3097 1557 3185 ieiunatuliere
1599 3097 1794 3185 (Colat.
1820 3116 1892 3185 tv,
1926 3097 2005 3185 4).

425 3167 700 3241 Mulierem
722 3170 809 3227 hic
836 3172 1001 3241 ponit,
1021 3167 1467 3228 consuetudinem
1488 3167 1707 3227 servans
1727 3167 2008 3228 locutionis

425 3239 680 3313 hebrccae,
712 3239 1042 3313 quaa'omnes
1067 3242 1294 3298 feminas
1319 3242 1572 3299 mulieres
1598 3242 1849 3311 appellat.
1873 3242 2007 3298 Nam

424 3311 684 3382 scriptum
715 3311 840 3384 est,
859 3313 1065 3368 Servate
1103 3313 1337 3384 mulieres
1370 3328 1483 3384 ante
1517 3314 1743 3384 nonduin
1765 3329 2011 3384 cognove-

426 3381 553 3435 runt
576 3384 737 3454 virum
764 3381 950 3454 (Num.
990 3399 1114 3438 xxxi
1135 3382 1274 3454 ,18)
1301 3401 1313 3437 :
1345 3381 1399 3454 et
1426 3383 1493 3439 de
1530 3384 1642 3454 ipsa
1668 3383 1776 3437 Eva
1806 3381 2006 3438 dictum

433 3459 519 3524 est
533 3491 549 3518 ,
567 3451 961 3524 Forntavit'eam
978 3454 1032 3507 in
1051 3451 1312 3508 mulierem
1333 3453 1486 3524 (Gen.
1501 3451 1564 3519 u,
1578 3453 1691 3524 22);
1719 3462 2006 3524 antequam

428 3518 575 3595 illam
593 3523 732 3595 viro
768 3524 1154 3595 coniungeret,
1184 3518 1974 3595 eant'mulieremiappellavit.

501 3591 726 3649 CAPUT
765 3592 852 3649 ιγ.
879 3591 956 3634 1-—
981 3591 1037 3649 Il.
1069 3594 1255 3651 Christi
1278 3592 1552 3649 Nativitas.
1574 3591 1928 3650 Fides'autem
1952 3602 2010 3651 et

428 3662 758 3736 veritashoc
783 3664 1056 3736 praedicat,
1083 3664 1225 3736 quod
1252 3663 1495 3736 Christus
1519 3665 1589 3736 sit
1618 3673 1774 3736 natus
1803 3679 1868 3736 e_x
1892 3667 2005 3736 vir-

467 3732 574 3806 ine.
601 3734 690 3806 Sic
717 3732 999 3806 accepistis
1019 3732 1137 3798 ,sic
1166 3750 1260 3791 vos
1291 3735 1513 3792 credere
1534 3734 1770 3806 dixistis,
1809 3734 2005 3806 credo.

482 3818 560 3859 acc
585 3804 831 3861 nativitas
849 3804 950 3861 'Dei
970 3817 1024 3863 et
1045 3806 1275 3862 hominis
1299 3806 1433 3862 facta
1454 3815 1715 3862 estcausa
1737 3804 1966 3861 hominis
1991 3823 2005 3861 :

428 3875 763 3948 utAsublimis
787 3876 875 3932 illa
897 3876 1142 3948 Maiestas
1180 3878 1476 3948 procedens
1499 3891 1569 3932 ex
1596 3875 1761 3948 corde
1796 3876 1972 3948 Patris
1990 3915 2005 3941 ,

429 3943 733 4002 infunderet
758 3960 818 4003 se
854 3948 906 4003 in
932 3943 1084 4004 utero
1110 3943 1294 4005 matris
1310 3988 1325 4014 ,
1371 3961 1529 4003 causa
1554 3946 1732 4017 exegit
1761 3946 2006 4017 pietatis;

431 4024 492 4088 ut
520 4017 678 4074 homo
704 4018 1029 4074 inveniretur
1058 4017 1292 4088 perditus
1311 4060 1326 4085 ,
1373 4018 1566 4088 etheo
1594 4016 1738 4072 Patri
1764 4016 1872 4088 iper
1895 4016 2008 4074 Me-

428 4084 693 4143 diatorem
726 4084 1095 4143 restitueretur
1115 4084 1378 4144 inventus.
1406 4087 1535 4141 Mira
1566 4098 1740 4143 tamen
1767 4084 1883 4143 haec
1911 4103 2008 4143 na-

430 4156 611 4212 tivitas
637 4157 888 4222 secunda,
912 4158 1102 4212 fratres
1144 4157 1496 4213 dilectissimi.
1549 4157 1814 4213 Caeterum
1862 4158 2008 4214 illam

430 4226 659 4296 primam
700 4242 805 4297 qua
834 4227 902 4297 de
936 4226 1098 4297 Patre
1141 4238 1296 4283 natus
1336 4236 1420 4283 est
1446 4228 1561 4282 sine
1602 4227 1778 4297 aliqua
1805 4239 2007 4295 matre,

430 4295 553 4369 guis
591 4296 901 4369 enarrabit‘i
928 4295 986 4351 Si
1018 4296 1154 4354 hanc
1172 4312 1283 4369 non
1311 4295 1915 4369 possumusexplicare,
1943 4299 2010 4354 il-

428 4364 537 4420 lam
567 4366 780 4435 quando
823 4367 1063 4422 valemus
1103 4367 1189 4424 vel
1226 4364 1514 4424 inchoare?
1558 4368 1614 4425 Si
1645 4364 1761 4424 haec
1797 4370 1867 4424 ita
1910 4384 2012 4426 nos

429 4443 667 4503 exercet,
696 4447 751 4491 ut
772 4436 891 4510 ﬁdei
922 4436 1011 4492 det
1035 4437 1247 4504 locum;
1280 4439 1426 4495 illam
1450 4439 1661 4510 quando
1681 4440 2005 4510 attingimus,

429 4520 590 4580 quam
618 4507 903 4580 neccorda
930 4516 1215 4578 potuerunt
1236 4507 1689 4580 comprehendere
1716 4507 2012 4579 Propheta-

427 4578 590 4633 rum?
614 4576 691 4634 De
727 4578 827 4635 hac
853 4576 1027 4635 tamen
1063 4580 1295 4636 secunda
1336 4576 1470 4637 mira
1500 4589 1553 4636 et
1578 4576 1837 4637 incﬁ‘abili‘
1869 4579 2013 4635 dica-

427 4664 553 4704 mus
590 4649 788 4722 aliquid
810 4691 824 4715 ,
863 4649 1003 4722 quod
1045 4651 1241 4707 factum
1265 4661 1348 4707 est
1375 4667 1472 4722 pro
1498 4652 1675 4717 nobis,
1706 4660 1762 4705 ut
1783 4650 2012 4706 Verbum

428 4733 558 4793 caro
587 4719 768 4786 ﬁeret,
799 4734 854 4777 et
881 4719 1146 4779 habitaret
1189 4725 1243 4778 in
1287 4719 1439 4778 nobis
1470 4722 1644 4793 (Joau.
1675 4737 1712 4786 ι,
1743 4721 1853 4791 ll).
1884 4722 2013 4789 Quis

427 4791 573 4861 enim
605 4805 708 4846 non
733 4803 1083 4861 expavescat,
1113 4810 1232 4849 cum
1264 4793 1409 4848 audit
1438 4791 1607 4849 Deum
1652 4793 1875 4847 natum?
1902 4798 2012 4847 Au-

429 4859 515 4933 dis
538 4859 868 4929 nascentem,
900 4863 1023 4919 vide
1053 4864 1103 4918 in
1137 4865 1250 4933 ipso
1278 4872 1395 4919 ortu
1428 4862 1683 4918 miracula
1710 4861 2012 4918 facientem.

429 4931 596 5003 Alvus
620 4933 871 4988 tumescit
890 4933 1127 5003 virginis,
1157 4931 1443 4989 clauSIrum
1464 4932 1683 5002 pudoris
1700 4942 1976 5003 permanet
1998 4950 2010 4986 :

432 5000 684 5074 impletur
727 5010 909 5058 uterus
954 5000 1140 5059 matris
1184 5006 1298 5059 sine
1346 5006 1450 5058 ullo
1470 5000 1770 5074 complexu
1816 5004 2009 5074 patris,

430 5073 592 5155 sentit
619 5074 822 5163 prolem
840 5090 966 5156 quae
986 5089 1046 5127 se
1069 5076 1341 5157 ignorabat
1362 5072 1663 5145 conjugem.
1692 5072 1927 5163 Angelus
1947 5072 2014 5128 ad

430 5142 686 5214 virginem
711 5142 963 5214 loquitur.
988 5159 1016 5197 a
1050 5142 1249 5213 virgine
1274 5160 1368 5200 cor
1395 5142 1740 5212 pruiparatur,
1773 5142 2016 5199 Christus

429 5212 533 5267 ﬁde
575 5212 871 5284 concipitur
937 5214 1143 5268 Miraris
1186 5215 1333 5269 haec?
1382 5215 1571 5269 Adhuc
1617 5215 1831 5271 mirare.
1873 5216 2018 5271 Parit

430 5292 600 5338 mater
623 5295 677 5340 et
701 5286 868 5353 virgo,
897 5286 998 5355 feia
1019 5295 1073 5339 et
1098 5287 1290 5355 intacta
1319 5304 1330 5338 :
1367 5288 1598 5339 nascitur
1621 5284 1755 5338 ﬁlius
1782 5288 1894 5341 sine
1921 5287 2017 5341 lto-

430 5358 574 5409 ntinc
602 5364 750 5423 patre
769 5352 904 5425 ,iq‘ui
936 5352 1065 5409 fecit
1088 5365 1140 5410 et
1186 5352 1352 5423 ipsam
1400 5365 1644 5409 tnatrem.
1678 5355 1871 5413 Factor
1897 5372 2014 5412 out-

430 5425 573 5477 nium
602 5428 658 5479 lit
685 5427 822 5479 inter
851 5426 1026 5479 omnia
1056 5444 1069 5480 :
1100 5436 1342 5493 portatur
1369 5427 1609 5479 manibus
1632 5428 1816 5482 matris
1842 5436 2017 5483 rector

429 5496 591 5565 totius
617 5497 798 5549 orbis:
832 5496 1016 5550 lambit
1057 5499 1219 5551 ubera
1242 5539 1256 5561 ,
1291 5511 1479 5565 regens
1511 5497 1727 5552 sidera:
1758 5507 1923 5561 tacet,
1965 5508 2018 5553 ct

428 5562 665 5641 Verbum
706 5576 806 5621 est.
834 5566 1068 5641 Necdum
1114 5582 1210 5635 per
1251 5562 1483 5636 linguam
1518 5584 1577 5622 se
1622 5567 2019 5641 demonstrabat

465 5638 547 5690 uis
577 5644 754 5701 esset,
781 5645 836 5691 et
860 5638 1108 5693 universa
1136 5647 1380 5693 creatura
1423 5653 1577 5691 suum
1609 5647 1789 5692 natutn
1822 5639 2020 5695 indicat

469 5715 752 5762 reatorem.
787 5709 973 5779 Angeli
1001 5709 1302 5779 pastoribus
1330 5711 1673 5773 annuntiant,
1725 5710 1877 5765 stella
1908 5712 2014 5765 Illa-

1836 247 1923 303 DE
1963 247 2274 305 SYMBOLO

3594 252 3699 314 664

2110 378 2206 432 gos
2230 363 2452 437 invitat:
2478 362 2746 437 rusticitas
2772 369 3047 437 pastorum
3086 362 3694 437 admonitionem-exigit

2109 435 2432 506 Augelorum
2451 475 2470 506 ,
2498 434 2778 506 curiositas
2807 434 3076 506 Magorum
3106 433 3360 506 instructa
3389 444 3472 490 est
3509 433 3709 506 lingua;

2109 505 2386 558 caelorum.
2417 505 2551 575 Magi
2588 504 2909 575 Judaeorum:
2931 518 3110 575 regem
3153 504 3473 574 praedicant,
3518 504 3694 562 Judaei

2108 575 2405 646 abnegant:
2436 574 2801 646 illidquazrunt
2823 574 3099 646 adorare,
3148 575 3236 630 isti
3262 584 3508 646 quaerunt
3546 577 3693 632 occi-

2107 644 2263 716 dere.
2285 645 2475 716 Dicunt
2502 644 2635 716 Magi
2661 644 2858 716 Herodi
2899 645 3015 716 regi
3053 660 3211 714 quem
3236 644 3484 716 quaerunt
3507 653 3691 701 natum

2111 714 2342 784 Regem:
2371 715 2553 786 dicunt
2576 713 2745 769 ειυόωί
2764 730 2838 786 ex
2873 713 2986 781 qua“
3002 713 3214 770 civitate
3236 713 3482 786 Christus
3511 726 3695 786 surgat

2109 783 2351 855 regnare.
2388 784 2609 855 Utrique
2636 783 2943 853 praedicant,
2974 786 3185 855 utrique
3206 785 3562 841 conﬁtentur:
3595 783 3692 842 sed

2109 854 2183 909 illi
2210 856 2383 919 aliter,
2426 854 2510 909 isti
2539 855 2725 919 aliter;
2752 855 2846 921 illi,
2876 864 2934 909 ut
2970 854 3217 910 inventus
3243 855 3531 922 adoretur;
3562 855 3651 910 isti
3673 897 3689 918 .

2111 932 2371 993 utcaptus
2400 933 2634 979 necetur.
2661 924 2706 978 0
2729 924 2920 990 Judari,
2959 925 3024 979 ad
3055 925 3157 981 hoc
3179 922 3415 980 ferentes
3441 926 3493 979 in
3521 927 3692 980 mani-

2109 995 2208 1049 bus
2237 996 2507 1050 lueernam
2537 994 2724 1064 Legis,
2764 1004 2821 1048 ut
2857 994 2977 1050 aliis
3013 996 3149 1049 viam
3180 994 3595 1060 demonstretis,
3637 1003 3693 1051 et

2109 1066 2261 1135 vobis
2286 1065 2531 1121 tenebras
2552 1065 2803 1134 ingeratis
2829 1082 2840 1117 :
2865 1079 2992 1120 ecce
3015 1064 3149 1135 Magi
3171 1064 3417 1133 primitiae
3436 1064 3692 1121 Gentium

2110 1134 2319 1190 Christo
2344 1136 2571 1190 offerunt
2594 1147 2846 1199 munera,
2891 1150 2997 1188 non
3022 1135 3194 1190 solum
3222 1149 3408 1189 aurum
3427 1173 3442 1199 ,
3486 1135 3611 1190 thus
3636 1145 3695 1191 et

2111 1207 2404 1287 myrrham,
2433 1220 2617 1287 verum
2647 1205 2810 1287 etiam
2834 1204 3040 1286 animas
3068 1218 3230 1269 suas;
3257 1213 3311 1287 et
3331 1205 3691 1287 vosrepudi‘at

2112 1274 2375 1347 iniquitas
2392 1277 2603 1346 propria
2625 1318 2640 1342 ,
2673 1284 2732 1347 ut
2759 1275 2904 1347 illum
2931 1274 3020 1347 qui
3045 1288 3141 1329 vos
3169 1274 3316 1347 venit
3339 1274 3600 1347 obligatos
3628 1275 3695 1347 li-

2110 1342 2318 1409 berare.
2347 1342 2622 1401 dementes
2640 1344 2815 1401 εσθαι
2836 1342 3504 1414 ειιιιιάιιειξηιίξοοείἀειίβ
3516 1344 3530 1398 ι
3554 1342 3693 1413 Quid

2111 1416 2260 1472 vobis
2281 1416 2523 1487 profuit,
2542 1415 2685 1485 quod
2729 1411 3032 1487 prodidistis
3057 1411 3252 1470 Herodi
3270 1454 3315 1487 ι-
3330 1413 3420 1487 ubi
3448 1411 3692 1487 Christus

2111 1482 2452 1542 nasceretur?
2480 1482 2667 1541 Nonne
2690 1482 2786 1541 vos
2829 1484 3041 1555 lzesistis
3070 1498 3228 1555 quam
3250 1482 3471 1555 AChi‘istgo
3494 1484 3691 1555 aliquid

2110 1555 2403 1612 nocuistis?
2433 1555 2668 1611 Audiens
2691 1554 2947 1611 enimille
2979 1570 3009 1609 a
3037 1552 3190 1611 vehis
3212 1553 3301 1608 ubi
3325 1552 3570 1611 Christus
3584 1552 3692 1609 'na-
3722 1556 3731 1560 '

2110 1636 2196 1683 tus
2233 1626 2400 1697 possit
2438 1625 2697 1697 inveniri,
2728 1632 2924 1697 vestrae
2959 1625 3140 1697 gentis
3179 1623 3410 1697 infantes
3433 1625 3690 1697 continuo

2113 1694 2362 1767 praecepit
2386 1696 2589 1767 occidi.
2611 1695 2775 1767 Saevit
2799 1694 3059 1767 Herodes,
3090 1703 3150 1750 ut
3185 1695 3325 1767 inger
3346 1694 3540 1750 multos
3562 1710 3691 1766 per-

2110 1763 2200 1822 dat
2224 1763 2388 1822 unum
2413 1786 2426 1821 :
2458 1775 2513 1821 et
2540 1765 2798 1836 plurimos
2825 1766 3064 1836 necando
3093 1780 3153 1836 se
3177 1763 3543 1836 efﬁcitgreum,
3564 1763 3691 1836 inec

2110 1837 2303 1893 occidit
2342 1852 2499 1909 quem
2528 1833 2751 1909 quaerit
2773 1833 3047 1909 hominem
3092 1835 3284 1892 Deum.
3333 1833 3378 1890 Ο
3419 1834 3689 1902 Herodes,

2108 1922 2299 1978 magna
2337 1903 2423 1962 tua
2468 1903 2755 1978 iniquitas!
2799 1913 2855 1961 et
2897 1905 3128 1978 infantes
3155 1920 3336 1971 necas,
3378 1914 3433 1961 et
3460 1913 3564 1978 tute
3590 1921 3690 1978 ne-

2108 1976 2289 2048 quiiiaz
2328 1986 2489 2033 testes
2524 1976 2803 2048 cumulos;
2835 1985 2890 2048 et
2930 1976 3175 2048 Christus
3198 1990 3231 2030 a
3271 1985 3323 2048 te
3350 1976 3694 2048 noninveni-

2110 2045 2229 2120 t’ur,
2247 2049 2368 2120 quia
2394 2047 2630 2104 nondum
2657 2046 2938 2120 venitejus
2959 2046 3088 2101 hora
3116 2055 3173 2102 ut
3198 2047 3444 2120 patiatur.
3468 2045 3694 2120 Teneris

2110 2115 2325 2188 quidem
2354 2128 2659 2189 persecutor
2697 2115 2891 2189 Christi
2928 2125 2984 2173 et
3006 2131 3136 2189 reus
3169 2115 3359 2189 mortis
3385 2116 3531 2189 eius,
3558 2115 3693 2171 nihil

2111 2184 2315 2259 agendo
2354 2184 2405 2244 in
2448 2191 2601 2258 ipso:
2633 2184 2728 2242 sed
2742 2186 2882 2259 dum
2913 2186 3076 2241 multa
3110 2186 3223 2259 agis
3258 2184 3444 2259 contra
3474 2187 3645 2256 ipsum
3672 2226 3689 2259 ρ

2109 2256 2385 2339 perdidisti
2411 2256 2482 2314 te
2503 2259 2699 2339 ipsumf
2726 2256 3095 2339 Quidnmetnis
3116 2257 3521 2339 talei‘nl‘llegem
3539 2298 3554 2323 ,
3600 2258 3693 2339 qui

2110 2325 2189 2384 sic
2215 2331 2355 2385 venit
2377 2325 2620 2400 regnare,
2643 2336 2701 2400 ut
2721 2327 2925 2400 tenolit
2943 2327 3225 2400 excludere
3235 2325 3265 2400 ?_
3282 2325 3450 2394 Quem
3471 2325 3690 2397 quieris,

2110 2400 2222 2455 Rex
2256 2397 2458 2471 regunt
2479 2409 2558 2454 est
2579 2398 2669 2471 :nsi
2706 2397 2874 2452 velles
2912 2412 3133 2471 securus
3160 2398 3401 2471 obtinere
3427 2406 3576 2452 tuum
3604 2412 3693 2453 re-

2110 2486 2295 2541 gnum,
2320 2468 2427 2540 ipsi
2448 2470 2792 2541 supplicares,
2825 2478 2883 2522 ut
2908 2468 3089 2541 abillo
3109 2468 3382 2541 acciperes
3408 2471 3693 2538 sempiter-

2112 2537 2260 2597 num.
2280 2537 2285 2539 ⁷
2305 2537 2798 2611 Regnet'Christus
2816 2537 3086 2607 quomodo
3112 2538 3258 2594 venit
3286 2552 3511 2611 regnare
3532 2537 3548 2591 Ξ
3576 2553 3696 2593 sus-

2110 2610 2273 2680 cipiat
2309 2606 2596 2680 credentes
2611 2652 2624 2671 ,
2642 2679 2649 2680 γ
2674 2606 2891 2664 irrideat
2917 2617 3300 2679 persequentes
3314 2649 3329 2674 ,
3353 2606 3534 2664 'faciat
3549 2677 3561 2680 Α
3576 2618 3695 2664 cer-

2110 2677 2304 2746 tantes,
2336 2681 2548 2751 adjuvet
2587 2677 2931 2751 laborantes,
2955 2677 3178 2736 coronet
3199 2680 3506 2751 vincentes;
3531 2677 3695 2751 donet
3744 2728 3747 2731 .

2110 2748 2479 2815 sanctitatem,
2526 2758 2672 2806 amet
2712 2749 3044 2816 castitatem,
3088 2756 3396 2805 remaneret
3421 2748 3696 2820 virginita-

2111 2830 2239 2876 tem.
2268 2821 2530 2887 Gaudete,
2570 2820 2805 2891 virgines
2833 2829 3067 2884 sanctae,
3106 2820 3257 2890 virgo
3295 2816 3696 2891 peperit'CbrL

2111 2901 2272 2947 stum.
2302 2892 2417 2947 Non
2444 2907 2539 2947 vos
2568 2888 2849 2960 contristet
2872 2891 3144 2958 sterilitas,
3170 2888 3394 2960 quarum
3422 2888 3553 2945 ﬁdes
3579 2905 3696 2945 ιῐιειεο

2110 2977 2211 3032 gua
2242 2970 2324 3018 est
2347 2961 2673 3028 fecunditas;
2703 2975 2801 3017 nec
2821 2959 3048 3032 deleatis
3075 2959 3304 3017 non’vos
3322 2973 3442 3016 esse
3466 2968 3688 3032 matres,

2110 3028 2594 3114 qutespiritualiter
2612 3031 2901 3114 generatis,
2923 3029 3533 3114 virgin'es__permanetis,_
3544 3028 3693 3114 ﬁlios

2111 3100 2413 3173 suscipitis,
2461 3100 2815 3173 integritatem
2846 3116 2950 3156 non
2995 3100 3259 3173 amittitis.
3289 3100 3589 3173 Accepistis
3625 3100 3694 3157 ab

2111 3173 2204 3229 illo
2224 3172 2417 3229 nomen
2443 3172 2763 3236 maternum,
2798 3180 2857 3226 ut
2880 3172 3044 3228 decus
3080 3172 3339 3241 castitatis
3364 3172 3419 3225 in
3443 3184 3540 3226 vos
3570 3184 3694 3241 per-3

2112 3253 2324 3299 maneat
2348 3247 2750 3313 sempiternum.
2772 3242 2963 3313 Amate
2985 3240 3128 3310 quod
3146 3241 3297 3307 estis,
3319 3249 3530 3313 servate
3551 3239 3696 3313 quod

2111 3315 2409 3383 accepistis.
2451 3308 2955 3383 l‘mitamini‘fideies
2993 3308 3219 3383 matrem
3264 3309 3454 3380 capitis
3490 3308 3690 3383 vestri,

2111 3379 2293 3453 sponsi
2321 3385 2484 3439 vestri
2510 3398 2659 3453 :nou
2683 3379 2833 3453 vobis
2854 3380 3136 3453 denegavit
3157 3379 3398 3453 pignora,
3420 3380 3512 3453 qui
3537 3389 3696 3453 natus

2111 3449 2196 3510 est
2220 3454 2289 3510 de
2311 3454 2512 3525 virgine
2531 3452 2712 3525 Maria.
2744 3450 2898 3525 Quod
2917 3449 3083 3525 tante
3101 3449 3258 3525 matri
3283 3449 3528 3525 contulit,
3559 3458 3615 3506 et
3638 3450 3694 3506 in

2111 3538 2206 3581 sua
2231 3518 2659 3587 carne'servavit,
2688 3521 2794 3578 hoc
2819 3521 2980 3577 etiam
3000 3520 3153 3592 vobis
3171 3518 3390 3578 donavit
3410 3520 3557 3592 virgo
3582 3534 3697 3577 ma-

2112 3603 2214 3660 ter,
2245 3604 2426 3650 sancta
2456 3608 2583 3650 caro
2607 3592 2828 3663 Christi.
2854 3592 2922 3648 ab
2946 3590 3094 3663 omni
3118 3591 3437 3663 contagione
3461 3590 3691 3663 integra.

2110 3663 2215 3722 Sed
2242 3680 2340 3721 nec
2360 3666 2472 3735 ipsa
2493 3678 2620 3735 caro
2638 3662 2977 3735 ejussterilis
3000 3662 3118 3731 fuit,
3139 3662 3268 3735 dum
3289 3662 3392 3735 per
3413 3676 3532 3735 eam
3557 3662 3697 3733 pras-

2111 3735 2338 3792 dicando
2379 3731 2680 3805 spirituales
2720 3732 2793 3789 ﬁli
2818 3747 2879 3788 os
2918 3733 3253 3805 regeneravit
3292 3731 3597 3805 ad__vitar_n',
3641 3739 3697 3789 ct

2111 3815 2233 3889 post
2261 3799 2560 3877 passionem
2593 3819 2687 3876 per
2720 3810 2889 3861 totum
2927 3799 3188 3860 mundum
3220 3799 3560 3860 fructiﬁcavit
3599 3816 3695 3858 oc-

2112 3892 2242 3933 eisa.

2183 3946 2409 4004 CAPUT
2437 3945 2504 4003 ν.
2529 3974 2604 3989 --
2626 3946 2679 4003 5.
2722 3943 2926 4001 Passio.
2971 3941 3242 4000 Cruciﬁxi.
3282 3942 3361 3999 Ex
3407 3943 3509 3998 hoc
3546 3940 3694 3998 omni

2112 4017 2365 4089 libertate
2406 4026 2699 4089 assumpta,
2725 4015 2971 4089 ﬁduciam
3008 4015 3093 4089 sui
3117 4012 3294 4089 anima
3323 4013 3499 4089 capiat
3544 4011 3689 4069 chri-

2113 4088 2439 4144 stiana.Non
2469 4082 2614 4144 enim
2655 4082 2973 4145 erubescere
3012 4085 3169 4142 debet
3214 4085 3268 4140 in
3292 4082 3605 4141 cruciﬁxum
3633 4094 3695 4140 se

2113 4158 2407 4216 credidisse
2427 4157 2720 4215 Christum.
2767 4158 2908 4215 Crux
2943 4156 3033 4213 illa
3063 4155 3308 4214 ﬁdelibus
3350 4169 3457 4211 non
3486 4166 3568 4212 est
3594 4168 3694 4224 op-

2116 4229 2379 4299 probium,
2410 4230 2506 4285 sed
2534 4229 2853 4300 triumphus.
2897 4227 3037 4285 Crux
3068 4225 3427 4300 illavexillum
3454 4234 3695 4300 nostrum

2114 4294 2197 4356 est
2222 4294 2407 4357 contra
2444 4294 2804 4356 adversarium
2835 4310 3078 4354 nostrum
3114 4296 3418 4354 diabolum:
3448 4294 3698 4367 pugnavit

2115 4371 2257 4426 enim
2286 4371 2399 4427 Rex
2455 4380 2637 4426 noster
2663 4385 2760 4439 pro
2797 4369 2950 4424 nobis
2988 4378 3172 4424 contra
3216 4367 3575 4439 adversarium
3601 4378 3698 4439 n9-

2116 4451 2306 4497 strum.
2337 4426 2695 4497 Adversarius
2715 4439 2956 4494 diabolus
2985 4448 3167 4495 noster
3191 4447 3418 4493 mortem
3445 4426 3698 4492 minando

2116 4513 2370 4577 terrebat,
2421 4511 2516 4566 sed
2545 4510 2793 4565 Christus
2832 4519 3085 4563 aeternam
3132 4508 3291 4562 vitam
3334 4506 3696 4576 promittebat.

2117 4581 2469 4637 Adversarius
2510 4578 2754 4635 diabolus
2796 4592 3010 4632 carnem
3038 4585 3438 4646 perempturum
3490 4593 3551 4635 se
3577 4590 3697 4634 esse

2117 4651 2359 4707 dicebat:
2399 4651 2513 4704 Rex
2540 4656 2716 4704 autem
2756 4654 2937 4718 noster
2962 4656 3018 4700 ut
3044 4646 3262 4718 doceret
3285 4648 3553 4717 quomodo
3581 4646 3698 4718 ejus

2118 4722 2382 4777 exercitus
2411 4721 2666 4784 vinceret,
2707 4719 2761 4773 in
2803 4732 2863 4772 se
2887 4716 3272 4773 demonstravit
3306 4716 3540 4775 mortem
3558 4716 3699 4773 ,ωτ-

2190 4792 2266 4847 ris
2291 4806 2395 4846 non
2423 4804 2542 4845 esse
2578 4787 2889 4860 timendam,
2916 4787 3042 4860 dum
3069 4786 3231 4860 prior
3253 4788 3367 4860 ipse
3395 4786 3693 4860 progomni-

2190 4808 2266 4847 l'lS
2291 4807 2395 4846 I'IOI)
2423 4807 2542 4845 esse
2578 4807 2889 4852 timendam,
2916 4807 3042 4843 αυιιι
3069 4807 3213 4858 ριίοι*
3253 4807 3367 4860 Ipse
3395 4807 3491 4859 pI'O
3518 4807 3693 4843 omni-

2117 4807 2217 4918 giis
2239 4860 2485 4931 dignatus
2509 4868 2592 4916 est
2616 4859 2797 4931 mori,‘
2818 4873 2888 4914 ne
2915 4858 3030 4931 ejus
3060 4858 3325 4931 exercitus
3349 4873 3379 4913 a
3403 4856 3616 4931 diabolo
3642 4856 3699 4911 in

2119 4926 2506 5008 anima_'pos_set
2533 4929 2723 5008 occidi.
2755 4928 2867 4984 Hoc
2893 4926 3083 5008 agebat
3109 4928 3164 4985 in
3190 4929 3291 5008 illo
3304 4928 3485 4999 prailio
3514 4926 3699 5008 diabo-

2120 5002 2224 5067 lus,
2263 5003 2308 5057 si
2328 4997 2433 5057 sibi
2452 5001 2842 5058 consentiretur
2868 5017 2883 5054 :
2914 4997 3120 5055 animas
3165 4997 3386 5069 perdere
3425 4997 3693 5069 cupiebat,

2120 5082 2171 5129 et
2211 5066 2447 5129 salutem
2502 5070 2814 5141 corporibus
2862 5066 3221 5140 promittebat.
3276 5066 3520 5141 Christus
3562 5066 3698 5141 mori

2122 5145 2348 5201 decebat
2387 5144 2452 5198 ad
2482 5138 2710 5208 tempus,
2756 5151 2811 5197 et
2845 5138 3075 5196 animam
3114 5148 3170 5195 et
3209 5153 3402 5206 corpus
3438 5139 3620 5208 vivere
3647 5138 3702 5193 in

2123 5224 2399 5269 mternum.
2442 5213 2538 5269 llle
2582 5207 2812 5278 dicebat,
2855 5212 2911 5267 Si
2949 5210 3077 5266 mihi
3111 5208 3510 5272 consenseritis,
3561 5207 3703 5278 dabo

2125 5285 2275 5341 vobis
2304 5287 2464 5341 vitam
2495 5286 2651 5339 istam
2688 5274 3032 5353 temporalem
3058 5299 3071 5347 ;
3099 5278 3341 5353 Christus
3379 5278 3612 5353 dicebat,
3645 5274 3704 5335 Si

2124 5370 2154 5409 a
2195 5374 2281 5411 me
2320 5371 2424 5432 non
2455 5348 2827 5432 discesseritis,
2866 5368 2967 5432 nec
3004 5348 3620 5432 teinporale_m_perditis_,
3652 5361 3705 5406 et

2125 5429 2431 5513 internalem
2454 5426 2745 5513 accipiens.
2771 5424 3018 5513 Diabolus
3037 5419 3267 5513 dicebat,
3283 5419 3460 5513 iV'olite
3479 5420 3706 5513 perdere

2125 5499 2281 5574 istam
2310 5498 2481 5574 lucem
2506 5514 2521 5564 ;
2550 5489 2790 5574 Christus
2806 5495 3042 5574 dicebat,
3071 5491 3301 5574 Ego‘qui
3445 5489 3708 5574 eiistam,‘

2125 5567 2264 5625 dabo
2314 5560 2611 5624 meliorem.
2669 5565 2822 5632 Quod
2869 5565 2959 5619 ille
3015 5560 3421 5633 promittitpait
3460 5560 3707 5633 Christus

2129 5651 2330 5705 noster,
2372 5639 2424 5693 in
2456 5645 2715 5707 potestate
2741 5634 2870 5689 dare
2895 5648 3003 5688 non
3018 5632 3212 5700 habet,
3241 5641 3295 5707 ei
3322 5632 3439 5707 huic
3464 5632 3554 5687 lux
3583 5645 3707 5688 mea

2128 5719 2229 5781 est,
2257 5700 2326 5768 ρι’
2352 5700 2470 5767 haec
2506 5707 2612 5765 vita
2640 5720 2673 5765 a
2708 5719 2795 5765 me
2819 5712 2999 5764 creata
3027 5710 3151 5761 est:
3200 5700 3297 5760 sed
3350 5701 3438 5761 illa
3491 5711 3708 5774 propter
