  <div class='ocr_page' id='page_1' title='image "/cluster/home/n/w/nwhite01/storage/ocr_20150623/40/hvd.32044096580626/341.png"; bbox 0 0 2083 3104; ppageno 0'>
   <div class='ocr_carea' id='block_1_1' title="bbox 243 191 297 223">
    <p class='ocr_par' dir='ltr' id='par_1_1' title="bbox 243 191 297 223">
     <span class='ocr_line' id='line_1_1' title="bbox 243 191 297 223; baseline -0.056 0"><span class='ocrx_word' id='word_1_1' title='bbox 243 191 297 223; x_wconf 70' lang='grc'><strong>667</strong></span> 
     </span>
    </p>
   </div>
   <div class='ocr_carea' id='block_1_2' title="bbox 242 242 1032 285">
    <p class='ocr_par' dir='ltr' id='par_1_2' title="bbox 242 242 1032 285">
     <span class='ocr_line' id='line_1_2' title="bbox 242 242 1032 285; baseline -0.01 -7"><span class='ocrx_word' id='word_1_2' title='bbox 242 251 303 285; x_wconf 70' lang='lat' dir='ltr'><strong>q‘os</strong></span> <span class='ocrx_word' id='word_1_3' title='bbox 324 248 454 278; x_wconf 65' lang='lat' dir='ltr'><strong>adultus</strong></span> <span class='ocrx_word' id='word_1_4' title='bbox 475 248 502 276; x_wconf 82' lang='lat' dir='ltr'><strong>in</strong></span> <span class='ocrx_word' id='word_1_5' title='bbox 514 247 676 285; x_wconf 81' lang='lat' dir='ltr'><strong>anima;_ne_</strong></span> <span class='ocrx_word' id='word_1_6' title='bbox 688 245 823 285; x_wconf 76' lang='lat' dir='ltr'><strong>peccando</strong></span> <span class='ocrx_word' id='word_1_7' title='bbox 837 243 915 285; x_wconf 77' lang='lat' dir='ltr'><strong>simul</strong></span> <span class='ocrx_word' id='word_1_8' title='bbox 930 244 963 271; x_wconf 88' lang='lat' dir='ltr'><strong>ab</strong></span> <span class='ocrx_word' id='word_1_9' title='bbox 986 242 1032 285; x_wconf 84' lang='lat' dir='ltr'><strong>illo</strong></span> 
     </span>
    </p>
   </div>
   <div class='ocr_carea' id='block_1_3' title="bbox 243 280 1030 314">
    <p class='ocr_par' dir='ltr' id='par_1_3' title="bbox 243 280 1030 314">
     <span class='ocr_line' id='line_1_3' title="bbox 243 280 1030 314; baseline -0.01 -1"><span class='ocrx_word' id='word_1_10' title='bbox 243 280 385 314; x_wconf 52' lang='lat' dir='ltr'><strong>damnetur</strong></span> <span class='ocrx_word' id='word_1_11' title='bbox 395 291 457 311; x_wconf 85' lang='lat' dir='ltr'><strong>caro</strong></span> <span class='ocrx_word' id='word_1_12' title='bbox 469 288 496 311; x_wconf 85' lang='lat' dir='ltr'><strong>et</strong></span> <span class='ocrx_word' id='word_1_13' title='bbox 508 284 606 310; x_wconf 89' lang='lat' dir='ltr'><strong>anima.</strong></span> <span class='ocrx_word' id='word_1_14' title='bbox 620 280 696 310; x_wconf 78' lang='lat' dir='ltr'><strong>Finis</strong></span> <span class='ocrx_word' id='word_1_15' title='bbox 707 281 798 309; x_wconf 92' lang='lat' dir='ltr'><strong>mundi</strong></span> <span class='ocrx_word' id='word_1_16' title='bbox 808 281 832 307; x_wconf 91' lang='lat' dir='ltr'><strong>in</strong></span> <span class='ocrx_word' id='word_1_17' title='bbox 842 280 963 314; x_wconf 84' lang='lat' dir='ltr'><strong>proximo</strong></span> <span class='ocrx_word' id='word_1_18' title='bbox 972 283 1012 306; x_wconf 88' lang='lat' dir='ltr'><strong>est</strong></span> <span class='ocrx_word' id='word_1_19' title='bbox 1023 286 1030 311; x_wconf 89' lang='lat'><strong>;</strong></span> 
     </span>
    </p>
   </div>
   <div class='ocr_carea' id='block_1_4' title="bbox 242 314 1032 354">
    <p class='ocr_par' dir='ltr' id='par_1_4' title="bbox 242 314 1032 354">
     <span class='ocr_line' id='line_1_4' title="bbox 242 314 1032 354; baseline -0.01 -6"><span class='ocrx_word' id='word_1_20' title='bbox 242 325 272 350; x_wconf 74' lang='lat' dir='ltr'><strong>et</strong></span> <span class='ocrx_word' id='word_1_21' title='bbox 285 321 307 348; x_wconf 91' lang='lat' dir='ltr'><strong>si</strong></span> <span class='ocrx_word' id='word_1_22' title='bbox 320 341 328 353; x_wconf 90' lang='lat'><strong>,</strong></span> <span class='ocrx_word' id='word_1_23' title='bbox 342 324 371 347; x_wconf 88' lang='lat' dir='ltr'><strong>ut</strong></span> <span class='ocrx_word' id='word_1_24' title='bbox 383 319 489 354; x_wconf 84' lang='lat' dir='ltr'><strong>quidam</strong></span> <span class='ocrx_word' id='word_1_25' title='bbox 501 323 613 354; x_wconf 85' lang='lat' dir='ltr'><strong>putant,</strong></span> <span class='ocrx_word' id='word_1_26' title='bbox 639 318 664 344; x_wconf 93' lang='lat' dir='ltr'><strong>in</strong></span> <span class='ocrx_word' id='word_1_27' title='bbox 679 317 802 354; x_wconf 81' lang='lat' dir='ltr'><strong>proximo</strong></span> <span class='ocrx_word' id='word_1_28' title='bbox 825 324 877 342; x_wconf 93' lang='lat' dir='ltr'><strong>non</strong></span> <span class='ocrx_word' id='word_1_29' title='bbox 902 314 1032 354; x_wconf 35' lang='lat' dir='ltr'><strong>estudies</strong></span> 
     </span>
    </p>
   </div>
   <div class='ocr_carea' id='block_1_5' title="bbox 243 349 1031 388">
    <p class='ocr_par' dir='ltr' id='par_1_5' title="bbox 243 349 1031 388">
     <span class='ocr_line' id='line_1_5' title="bbox 243 349 1031 388; baseline -0.009 -5"><span class='ocrx_word' id='word_1_30' title='bbox 243 349 352 383; x_wconf 67' lang='lat' dir='ltr'><strong>ultimus</strong></span> <span class='ocrx_word' id='word_1_31' title='bbox 371 349 576 388; x_wconf 70' lang='lat' dir='ltr'><strong>uniuscujusque</strong></span> <span class='ocrx_word' id='word_1_32' title='bbox 599 349 719 380; x_wconf 76' lang='lat' dir='ltr'><strong>nostrum</strong></span> <span class='ocrx_word' id='word_1_33' title='bbox 744 352 861 388; x_wconf 83' lang='lat' dir='ltr'><strong>incertus</strong></span> <span class='ocrx_word' id='word_1_34' title='bbox 882 354 935 388; x_wconf 64' lang='lat' dir='ltr'><strong>est.</strong></span> <span class='ocrx_word' id='word_1_35' title='bbox 962 349 1031 388; x_wconf 80' lang='lat' dir='ltr'><strong>Quid</strong></span> 
     </span>
    </p>
   </div>
   <div class='ocr_carea' id='block_1_6' title="bbox 243 385 1031 422">
    <p class='ocr_par' dir='ltr' id='par_1_6' title="bbox 243 385 1031 422">
     <span class='ocr_line' id='line_1_6' title="bbox 243 385 1031 422; baseline -0.008 -5"><span class='ocrx_word' id='word_1_36' title='bbox 243 389 392 418; x_wconf 76' lang='lat' dir='ltr'><strong>diti&#39;erimus</strong></span> <span class='ocrx_word' id='word_1_37' title='bbox 401 409 409 422; x_wconf 82' lang='lat'><strong>,</strong></span> <span class='ocrx_word' id='word_1_38' title='bbox 423 389 445 416; x_wconf 97' lang='lat' dir='ltr'><strong>si</strong></span> <span class='ocrx_word' id='word_1_39' title='bbox 470 385 502 415; x_wconf 72' lang='lat' dir='ltr'><strong>ad</strong></span> <span class='ocrx_word' id='word_1_40' title='bbox 516 385 619 416; x_wconf 73' lang='lat' dir='ltr'><strong>beatam</strong></span> <span class='ocrx_word' id='word_1_41' title='bbox 632 388 712 414; x_wconf 88' lang='lat' dir='ltr'><strong>vitam</strong></span> <span class='ocrx_word' id='word_1_42' title='bbox 737 386 892 414; x_wconf 76' lang='lat' dir='ltr'><strong>tendimus?</strong></span> <span class='ocrx_word' id='word_1_43' title='bbox 905 385 1031 422; x_wconf 86' lang='lat' dir='ltr'><strong>Corriga-</strong></span> 
     </span>
    </p>
   </div>
   <div class='ocr_carea' id='block_1_7' title="bbox 243 420 1033 459">
    <p class='ocr_par' dir='ltr' id='par_1_7' title="bbox 243 420 1033 459">
     <span class='ocr_line' id='line_1_7' title="bbox 243 420 1033 459; baseline -0.008 -7"><span class='ocrx_word' id='word_1_44' title='bbox 243 432 303 452; x_wconf 87' lang='lat' dir='ltr'><strong>mur</strong></span> <span class='ocrx_word' id='word_1_45' title='bbox 315 444 322 456; x_wconf 83' lang='lat'><strong>,</strong></span> <span class='ocrx_word' id='word_1_46' title='bbox 333 420 515 459; x_wconf 21' lang='lat' dir='ltr'><strong>dutnvtempus</strong></span> <span class='ocrx_word' id='word_1_47' title='bbox 526 428 566 451; x_wconf 89' lang='lat' dir='ltr'><strong>est</strong></span> <span class='ocrx_word' id='word_1_48' title='bbox 580 423 769 459; x_wconf 73' lang='lat' dir='ltr'><strong>emendcmur;</strong></span> <span class='ocrx_word' id='word_1_49' title='bbox 784 422 867 459; x_wconf 86' lang='lat' dir='ltr'><strong>bonas</strong></span> <span class='ocrx_word' id='word_1_50' title='bbox 882 427 976 447; x_wconf 84' lang='lat' dir='ltr'><strong>causas</strong></span> <span class='ocrx_word' id='word_1_51' title='bbox 986 420 1033 447; x_wconf 86' lang='lat' dir='ltr'><strong>ha-</strong></span> 
     </span>
    </p>
   </div>
   <div class='ocr_carea' id='block_1_8' title="bbox 243 457 959 492">
    <p class='ocr_par' dir='ltr' id='par_1_8' title="bbox 243 457 959 492">
     <span class='ocr_line' id='line_1_8' title="bbox 243 457 959 492; baseline -0.007 -5"><span class='ocrx_word' id='word_1_52' title='bbox 243 459 355 489; x_wconf 85' lang='lat' dir='ltr'><strong>beamus</strong></span> <span class='ocrx_word' id='word_1_53' title='bbox 365 480 373 492; x_wconf 92' lang='lat'><strong>,</strong></span> <span class='ocrx_word' id='word_1_54' title='bbox 389 464 416 486; x_wconf 92' lang='lat' dir='ltr'><strong>ut</strong></span> <span class='ocrx_word' id='word_1_55' title='bbox 431 457 543 486; x_wconf 75' lang='lat' dir='ltr'><strong>futuram</strong></span> <span class='ocrx_word' id='word_1_56' title='bbox 555 459 625 486; x_wconf 89' lang='lat' dir='ltr'><strong>diem</strong></span> <span class='ocrx_word' id='word_1_57' title='bbox 636 458 727 492; x_wconf 85' lang='lat' dir='ltr'><strong>jndicii</strong></span> <span class='ocrx_word' id='word_1_58' title='bbox 742 465 795 484; x_wconf 91' lang='lat' dir='ltr'><strong>non</strong></span> <span class='ocrx_word' id='word_1_59' title='bbox 808 457 959 492; x_wconf 74' lang='lat' dir='ltr'><strong>timeamus.</strong></span> 
     </span>
    </p>
   </div>
   <div class='ocr_carea' id='block_1_9' title="bbox 278 489 1030 528">
    <p class='ocr_par' dir='ltr' id='par_1_9' title="bbox 278 489 1030 528">
     <span class='ocr_line' id='line_1_9' title="bbox 278 489 1030 528; baseline -0.008 -5"><span class='ocrx_word' id='word_1_60' title='bbox 278 489 391 523; x_wconf 81' lang='lat' dir='ltr'><strong>CAPUT</strong></span> <span class='ocrx_word' id='word_1_61' title='bbox 404 494 451 523; x_wconf 75' lang='lat' dir='ltr'><strong>IX.</strong></span> <span class='ocrx_word' id='word_1_62' title='bbox 468 509 504 514; x_wconf 96' lang='lat'><strong>—</strong></span> <span class='ocrx_word' id='word_1_63' title='bbox 515 494 542 522; x_wconf 86' lang='lat'><strong>9.</strong></span> <span class='ocrx_word' id='word_1_64' title='bbox 560 494 598 521; x_wconf 86' lang='lat' dir='ltr'><strong>De</strong></span> <span class='ocrx_word' id='word_1_65' title='bbox 609 489 706 528; x_wconf 68' lang='lat' dir='ltr'><strong>Spiritu</strong></span> <span class='ocrx_word' id='word_1_66' title='bbox 717 498 812 519; x_wconf 82' lang='lat' dir='ltr'><strong>sancto.</strong></span> <span class='ocrx_word' id='word_1_67' title='bbox 828 491 915 528; x_wconf 89' lang='lat' dir='ltr'><strong>Cred_o</strong></span> <span class='ocrx_word' id='word_1_68' title='bbox 928 491 955 518; x_wconf 92' lang='lat' dir='ltr'><strong>in</strong></span> <span class='ocrx_word' id='word_1_69' title='bbox 969 489 1030 528; x_wconf 78' lang='lat' dir='ltr'><strong>Spi-</strong></span> 
     </span>
    </p>
   </div>
   <div class='ocr_carea' id='block_1_10' title="bbox 242 526 1032 564">
    <p class='ocr_par' dir='ltr' id='par_1_10' title="bbox 242 526 1032 564">
     <span class='ocr_line' id='line_1_10' title="bbox 242 526 1032 564; baseline -0.008 -6"><span class='ocrx_word' id='word_1_70' title='bbox 242 531 323 558; x_wconf 82' lang='lat' dir='ltr'><strong>ritum</strong></span> <span class='ocrx_word' id='word_1_71' title='bbox 337 535 468 557; x_wconf 81' lang='lat' dir='ltr'><strong>sanctum.</strong></span> <span class='ocrx_word' id='word_1_72' title='bbox 482 529 595 564; x_wconf 73' lang='lat' dir='ltr'><strong>Spiritus</strong></span> <span class='ocrx_word' id='word_1_73' title='bbox 609 526 716 556; x_wconf 83' lang='lat' dir='ltr'><strong>sanctus</strong></span> <span class='ocrx_word' id='word_1_74' title='bbox 730 529 800 555; x_wconf 85' lang='lat' dir='ltr'><strong>Deus</strong></span> <span class='ocrx_word' id='word_1_75' title='bbox 813 531 854 554; x_wconf 79' lang='lat' dir='ltr'><strong>est</strong></span> <span class='ocrx_word' id='word_1_76' title='bbox 865 548 872 559; x_wconf 93' lang='lat'><strong>,</strong></span> <span class='ocrx_word' id='word_1_77' title='bbox 892 526 971 553; x_wconf 83' lang='lat' dir='ltr'><strong>Patre</strong></span> <span class='ocrx_word' id='word_1_78' title='bbox 987 526 1032 553; x_wconf 81' lang='lat' dir='ltr'><strong>Fi—</strong></span> 
     </span>
    </p>
   </div>
   <div class='ocr_carea' id='block_1_11' title="bbox 243 564 1030 601">
    <p class='ocr_par' dir='ltr' id='par_1_11' title="bbox 243 564 1030 601">
     <span class='ocr_line' id='line_1_11' title="bbox 243 564 1030 601; baseline -0.006 -8"><span class='ocrx_word' id='word_1_79' title='bbox 243 566 331 601; x_wconf 80' lang='lat' dir='ltr'><strong>lioque</strong></span> <span class='ocrx_word' id='word_1_80' title='bbox 347 573 400 592; x_wconf 93' lang='lat' dir='ltr'><strong>non</strong></span> <span class='ocrx_word' id='word_1_81' title='bbox 415 565 519 601; x_wconf 59' lang='lat' dir='ltr'><strong>minor;</strong></span> <span class='ocrx_word' id='word_1_82' title='bbox 532 564 578 592; x_wconf 88' lang='lat' dir='ltr'><strong>sed</strong></span> <span class='ocrx_word' id='word_1_83' title='bbox 595 572 646 601; x_wconf 80' lang='lat' dir='ltr'><strong>una</strong></span> <span class='ocrx_word' id='word_1_84' title='bbox 666 565 791 601; x_wconf 70' lang='lat' dir='ltr'><strong>maiestas</strong></span> <span class='ocrx_word' id='word_1_85' title='bbox 801 583 809 595; x_wconf 94' lang='lat'><strong>,</strong></span> <span class='ocrx_word' id='word_1_86' title='bbox 826 569 876 601; x_wconf 81' lang='lat' dir='ltr'><strong>una</strong></span> <span class='ocrx_word' id='word_1_87' title='bbox 892 566 1007 601; x_wconf 76' lang='lat' dir='ltr'><strong>potestas</strong></span> <span class='ocrx_word' id='word_1_88' title='bbox 1022 582 1030 601; x_wconf 56' lang='grc' dir='ltr'><em>ε</em></span> 
     </span>
    </p>
   </div>
   <div class='ocr_carea' id='block_1_12' title="bbox 243 596 1031 635">
    <p class='ocr_par' dir='ltr' id='par_1_12' title="bbox 243 596 1031 635">
     <span class='ocr_line' id='line_1_12' title="bbox 243 596 1031 635; baseline -0.008 -7"><span class='ocrx_word' id='word_1_89' title='bbox 243 596 428 635; x_wconf 79' lang='lat' dir='ltr'><strong>inseparabilis</strong></span> <span class='ocrx_word' id='word_1_90' title='bbox 441 600 574 632; x_wconf 79' lang='lat' dir='ltr'><strong>Trinitas,</strong></span> <span class='ocrx_word' id='word_1_91' title='bbox 593 599 763 635; x_wconf 59' lang='lat' dir='ltr'><strong>mdivisibﬂis</strong></span> <span class='ocrx_word' id='word_1_92' title='bbox 787 598 934 635; x_wconf 57' lang='lat' dir='ltr'><strong>sanctitas,</strong></span> <span class='ocrx_word' id='word_1_93' title='bbox 952 596 1031 635; x_wconf 81' lang='lat' dir='ltr'><strong>simul</strong></span> 
     </span>
    </p>
   </div>
   <div class='ocr_carea' id='block_1_13' title="bbox 244 631 1032 670">
    <p class='ocr_par' dir='ltr' id='par_1_13' title="bbox 244 631 1032 670">
     <span class='ocr_line' id='line_1_13' title="bbox 244 631 1032 670; baseline -0.008 -6"><span class='ocrx_word' id='word_1_94' title='bbox 244 631 341 670; x_wconf 80' lang='lat' dir='ltr'><strong>ubique</strong></span> <span class='ocrx_word' id='word_1_95' title='bbox 354 640 407 662; x_wconf 85' lang='lat' dir='ltr'><strong>tota</strong></span> <span class='ocrx_word' id='word_1_96' title='bbox 421 643 428 662; x_wconf 89' lang='lat'><strong>:</strong></span> <span class='ocrx_word' id='word_1_97' title='bbox 442 636 511 663; x_wconf 81' lang='lat' dir='ltr'><strong>Deus</strong></span> <span class='ocrx_word' id='word_1_98' title='bbox 525 635 618 667; x_wconf 83' lang='lat' dir='ltr'><strong>Pater,</strong></span> <span class='ocrx_word' id='word_1_99' title='bbox 634 635 703 670; x_wconf 77' lang='lat' dir='ltr'><strong>Deus</strong></span> <span class='ocrx_word' id='word_1_100' title='bbox 715 633 797 670; x_wconf 73' lang='lat' dir='ltr'><strong>Filius</strong></span> <span class='ocrx_word' id='word_1_101' title='bbox 810 654 816 665; x_wconf 88' lang='lat'><strong>,</strong></span> <span class='ocrx_word' id='word_1_102' title='bbox 835 633 904 670; x_wconf 88' lang='lat' dir='ltr'><strong>Deu_s</strong></span> <span class='ocrx_word' id='word_1_103' title='bbox 918 631 1032 670; x_wconf 72' lang='lat' dir='ltr'><strong>Spiritus</strong></span> 
     </span>
    </p>
   </div>
   <div class='ocr_carea' id='block_1_14' title="bbox 243 666 1032 703">
    <p class='ocr_par' dir='ltr' id='par_1_14' title="bbox 243 666 1032 703">
     <span class='ocr_line' id='line_1_14' title="bbox 243 666 1032 703; baseline -0.005 -5"><span class='ocrx_word' id='word_1_104' title='bbox 243 666 368 703; x_wconf 80' lang='lat' dir='ltr'><strong>sanctus,</strong></span> <span class='ocrx_word' id='word_1_105' title='bbox 384 678 437 698; x_wconf 89' lang='lat' dir='ltr'><strong>non</strong></span> <span class='ocrx_word' id='word_1_106' title='bbox 458 675 512 697; x_wconf 88' lang='lat' dir='ltr'><strong>tres</strong></span> <span class='ocrx_word' id='word_1_107' title='bbox 526 670 579 702; x_wconf 78' lang='lat' dir='ltr'><strong>dii,</strong></span> <span class='ocrx_word' id='word_1_108' title='bbox 594 666 641 696; x_wconf 80' lang='lat' dir='ltr'><strong>sed</strong></span> <span class='ocrx_word' id='word_1_109' title='bbox 654 668 769 695; x_wconf 85' lang='lat' dir='ltr'><strong>Trinitas</strong></span> <span class='ocrx_word' id='word_1_110' title='bbox 789 675 857 694; x_wconf 90' lang='lat' dir='ltr'><strong>unus</strong></span> <span class='ocrx_word' id='word_1_111' title='bbox 882 667 960 694; x_wconf 88' lang='lat' dir='ltr'><strong>Deus.</strong></span> <span class='ocrx_word' id='word_1_112' title='bbox 978 666 1032 694; x_wconf 84' lang='lat' dir='ltr'><strong>Nec</strong></span> 
     </span>
    </p>
   </div>
   <div class='ocr_carea' id='block_1_15' title="bbox 244 703 1031 740">
    <p class='ocr_par' dir='ltr' id='par_1_15' title="bbox 244 703 1031 740">
     <span class='ocr_line' id='line_1_15' title="bbox 244 703 1031 740; baseline -0.006 -7"><span class='ocrx_word' id='word_1_113' title='bbox 244 711 365 740; x_wconf 86' lang='lat' dir='ltr'><strong>tempore</strong></span> <span class='ocrx_word' id='word_1_114' title='bbox 373 709 513 739; x_wconf 72' lang='lat' dir='ltr'><strong>separatur</strong></span> <span class='ocrx_word' id='word_1_115' title='bbox 523 705 606 732; x_wconf 88' lang='lat' dir='ltr'><strong>Filius</strong></span> <span class='ocrx_word' id='word_1_116' title='bbox 620 712 634 731; x_wconf 90' lang='lat' dir='ltr'><strong>a</strong></span> <span class='ocrx_word' id='word_1_117' title='bbox 646 704 724 731; x_wconf 84' lang='lat' dir='ltr'><strong>Patre</strong></span> <span class='ocrx_word' id='word_1_118' title='bbox 734 724 741 736; x_wconf 92' lang='lat'><strong>,</strong></span> <span class='ocrx_word' id='word_1_119' title='bbox 763 703 888 740; x_wconf 64' lang='lat' dir='ltr'><strong>(promam</strong></span> <span class='ocrx_word' id='word_1_120' title='bbox 903 708 1031 729; x_wconf 69' lang='lat' dir='ltr'><strong>aeternum</strong></span> 
     </span>
    </p>
   </div>
   <div class='ocr_carea' id='block_1_16' title="bbox 243 738 1032 773">
    <p class='ocr_par' dir='ltr' id='par_1_16' title="bbox 243 738 1032 773">
     <span class='ocr_line' id='line_1_16' title="bbox 243 738 1032 773; baseline -0.006 -5"><span class='ocrx_word' id='word_1_121' title='bbox 243 738 361 768; x_wconf 80' lang='lat' dir='ltr'><strong>Verbum</strong></span> <span class='ocrx_word' id='word_1_122' title='bbox 375 738 460 768; x_wconf 82' lang='lat' dir='ltr'><strong>Patris</strong></span> <span class='ocrx_word' id='word_1_123' title='bbox 475 744 516 767; x_wconf 87' lang='lat' dir='ltr'><strong>cst</strong></span> <span class='ocrx_word' id='word_1_124' title='bbox 531 749 537 767; x_wconf 90' lang='lat'><strong>:</strong></span> <span class='ocrx_word' id='word_1_125' title='bbox 552 747 601 767; x_wconf 89' lang='lat' dir='ltr'><strong>nec</strong></span> <span class='ocrx_word' id='word_1_126' title='bbox 613 740 698 773; x_wconf 87' lang='lat' dir='ltr'><strong>major</strong></span> <span class='ocrx_word' id='word_1_127' title='bbox 708 743 749 765; x_wconf 92' lang='lat' dir='ltr'><strong>est</strong></span> <span class='ocrx_word' id='word_1_128' title='bbox 768 738 834 765; x_wconf 84' lang='lat' dir='ltr'><strong>Filio</strong></span> <span class='ocrx_word' id='word_1_129' title='bbox 849 738 941 768; x_wconf 76' lang='lat' dir='ltr'><strong>I’atcr,</strong></span> <span class='ocrx_word' id='word_1_130' title='bbox 965 744 1032 772; x_wconf 90' lang='lat' dir='ltr'><strong>quo-</strong></span> 
     </span>
    </p>
   </div>
   <div class='ocr_carea' id='block_1_17' title="bbox 243 774 1033 810">
    <p class='ocr_par' dir='ltr' id='par_1_17' title="bbox 243 774 1033 810">
     <span class='ocr_line' id='line_1_17' title="bbox 243 774 1033 810; baseline -0.006 -6"><span class='ocrx_word' id='word_1_131' title='bbox 243 777 314 804; x_wconf 74' lang='lat' dir='ltr'><strong>niam</strong></span> <span class='ocrx_word' id='word_1_132' title='bbox 327 776 454 810; x_wconf 61' lang='lat' dir='ltr'><strong>aequalem</strong></span> <span class='ocrx_word' id='word_1_133' title='bbox 467 776 558 810; x_wconf 86' lang='lat' dir='ltr'><strong>genuit</strong></span> <span class='ocrx_word' id='word_1_134' title='bbox 571 775 649 810; x_wconf 12' lang='lat' dir='ltr'><strong>Densi</strong></span> <span class='ocrx_word' id='word_1_135' title='bbox 662 774 743 810; x_wconf 87' lang='lat' dir='ltr'><strong>Deum</strong></span> <span class='ocrx_word' id='word_1_136' title='bbox 757 774 815 800; x_wconf 88' lang='lat' dir='ltr'><strong>sine</strong></span> <span class='ocrx_word' id='word_1_137' title='bbox 834 778 954 810; x_wconf 81' lang='lat' dir='ltr'><strong>tempore</strong></span> <span class='ocrx_word' id='word_1_138' title='bbox 964 793 970 803; x_wconf 84' lang='lat'><strong>,</strong></span> <span class='ocrx_word' id='word_1_139' title='bbox 986 780 1033 807; x_wconf 88' lang='lat' dir='ltr'><strong>per</strong></span> 
     </span>
    </p>
   </div>
   <div class='ocr_carea' id='block_1_18' title="bbox 264 807 1033 845">
    <p class='ocr_par' dir='ltr' id='par_1_18' title="bbox 264 807 1033 845">
     <span class='ocr_line' id='line_1_18' title="bbox 264 807 1033 845; baseline -0.005 -7"><span class='ocrx_word' id='word_1_140' title='bbox 264 819 323 839; x_wconf 92' lang='lat' dir='ltr'><strong>uem</strong></span> <span class='ocrx_word' id='word_1_141' title='bbox 338 807 400 838; x_wconf 69' lang='lat' dir='ltr'><strong>fecit</strong></span> <span class='ocrx_word' id='word_1_142' title='bbox 415 807 544 845; x_wconf 77' lang='lat' dir='ltr'><strong>tempora.</strong></span> <span class='ocrx_word' id='word_1_143' title='bbox 569 810 623 836; x_wconf 88' lang='lat' dir='ltr'><strong>Nec</strong></span> <span class='ocrx_word' id='word_1_144' title='bbox 641 809 754 843; x_wconf 81' lang='lat' dir='ltr'><strong>Spiritus</strong></span> <span class='ocrx_word' id='word_1_145' title='bbox 768 812 875 835; x_wconf 88' lang='lat' dir='ltr'><strong>sanctus</strong></span> <span class='ocrx_word' id='word_1_146' title='bbox 890 807 1033 845; x_wconf 78' lang='lat' dir='ltr'><strong>inin_or_est</strong></span> 
     </span>
    </p>
   </div>
   <div class='ocr_carea' id='block_1_19' title="bbox 265 842 1032 878">
    <p class='ocr_par' dir='ltr' id='par_1_19' title="bbox 265 842 1032 878">
     <span class='ocr_line' id='line_1_19' title="bbox 265 842 1032 878; baseline -0.007 -5"><span class='ocrx_word' id='word_1_147' title='bbox 265 851 323 873; x_wconf 89' lang='lat' dir='ltr'><strong>atre</strong></span> <span class='ocrx_word' id='word_1_148' title='bbox 334 850 360 872; x_wconf 90' lang='lat' dir='ltr'><strong>et</strong></span> <span class='ocrx_word' id='word_1_149' title='bbox 383 842 541 878; x_wconf 53' lang='lat' dir='ltr'><strong>Filio;&#39;cum</strong></span> <span class='ocrx_word' id='word_1_150' title='bbox 555 846 589 873; x_wconf 90' lang='lat' dir='ltr'><strong>sit</strong></span> <span class='ocrx_word' id='word_1_151' title='bbox 601 842 717 872; x_wconf 88' lang='lat' dir='ltr'><strong>eharitas</strong></span> <span class='ocrx_word' id='word_1_152' title='bbox 732 848 810 878; x_wconf 86' lang='lat' dir='ltr'><strong>atque</strong></span> <span class='ocrx_word' id='word_1_153' title='bbox 823 843 965 878; x_wconf 79' lang='lat' dir='ltr'><strong>concordia</strong></span> <span class='ocrx_word' id='word_1_154' title='bbox 981 842 1032 869; x_wconf 84' lang='lat' dir='ltr'><strong>Pa-</strong></span> 
     </span>
    </p>
   </div>
   <div class='ocr_carea' id='block_1_20' title="bbox 242 877 1034 915">
    <p class='ocr_par' dir='ltr' id='par_1_20' title="bbox 242 877 1034 915">
     <span class='ocr_line' id='line_1_20' title="bbox 242 877 1034 915; baseline -0.005 -6"><span class='ocrx_word' id='word_1_155' title='bbox 242 882 292 909; x_wconf 79' lang='lat' dir='ltr'><strong>tris</strong></span> <span class='ocrx_word' id='word_1_156' title='bbox 307 886 333 908; x_wconf 87' lang='lat' dir='ltr'><strong>et</strong></span> <span class='ocrx_word' id='word_1_157' title='bbox 348 880 563 915; x_wconf 73' lang='lat' dir='ltr'><strong>Filii.Quomodo</strong></span> <span class='ocrx_word' id='word_1_158' title='bbox 575 880 645 907; x_wconf 88' lang='lat' dir='ltr'><strong>enim</strong></span> <span class='ocrx_word' id='word_1_159' title='bbox 658 879 739 906; x_wconf 83' lang='lat' dir='ltr'><strong>Filius</strong></span> <span class='ocrx_word' id='word_1_160' title='bbox 754 877 890 915; x_wconf 74' lang='lat' dir='ltr'><strong>minorest</strong></span> <span class='ocrx_word' id='word_1_161' title='bbox 904 877 991 915; x_wconf 56' lang='lat' dir='ltr'><strong>Patre,</strong></span> <span class='ocrx_word' id='word_1_162' title='bbox 1004 882 1034 905; x_wconf 89' lang='lat' dir='ltr'><strong>ut</strong></span> 
     </span>
    </p>
   </div>
   <div class='ocr_carea' id='block_1_21' title="bbox 244 912 1034 950">
    <p class='ocr_par' dir='ltr' id='par_1_21' title="bbox 244 912 1034 950">
     <span class='ocr_line' id='line_1_21' title="bbox 244 912 1034 950; baseline -0.005 -7"><span class='ocrx_word' id='word_1_163' title='bbox 244 916 351 944; x_wconf 86' lang='lat' dir='ltr'><strong>arianus</strong></span> <span class='ocrx_word' id='word_1_164' title='bbox 364 912 504 944; x_wconf 68' lang='lat' dir='ltr'><strong>hatreticus</strong></span> <span class='ocrx_word' id='word_1_165' title='bbox 515 916 641 950; x_wconf 68' lang='lat' dir='ltr'><strong>praedicat</strong></span> <span class='ocrx_word' id='word_1_166' title='bbox 649 936 656 947; x_wconf 85' lang='grc'><em>,</em></span> <span class='ocrx_word' id='word_1_167' title='bbox 670 922 730 941; x_wconf 89' lang='lat' dir='ltr'><strong>cum</strong></span> <span class='ocrx_word' id='word_1_168' title='bbox 740 913 881 950; x_wconf 73' lang='lat' dir='ltr'><strong>Apostolus</strong></span> <span class='ocrx_word' id='word_1_169' title='bbox 891 912 1034 950; x_wconf 66' lang='lat' dir='ltr'><strong>cumdicat</strong></span> 
     </span>
    </p>
   </div>
   <div class='ocr_carea' id='block_1_22' title="bbox 244 947 1032 988">
    <p class='ocr_par' dir='ltr' id='par_1_22' title="bbox 244 947 1032 988">
     <span class='ocr_line' id='line_1_22' title="bbox 244 947 1032 988; baseline -0.005 -10"><span class='ocrx_word' id='word_1_170' title='bbox 244 951 293 988; x_wconf 64' lang='lat' dir='ltr'><strong>Dei</strong></span> <span class='ocrx_word' id='word_1_171' title='bbox 308 951 480 988; x_wconf 19' lang='lat' dir='ltr'><strong>Virtutemret</strong></span> <span class='ocrx_word' id='word_1_172' title='bbox 497 947 550 988; x_wconf 71' lang='lat' dir='ltr'><strong>Dei</strong></span> <span class='ocrx_word' id='word_1_173' title='bbox 572 950 734 988; x_wconf 58' lang='lat' dir='ltr'><strong>Sipigntiam</strong></span> <span class='ocrx_word' id='word_1_174' title='bbox 759 950 779 984; x_wconf 90' lang='grc' dir='ltr'><strong>(Ι</strong></span> <span class='ocrx_word' id='word_1_175' title='bbox 794 948 852 988; x_wconf 81' lang='lat' dir='ltr'><strong>Cor_.</strong></span> <span class='ocrx_word' id='word_1_176' title='bbox 868 956 895 981; x_wconf 80' lang='grc' dir='ltr'>ι,</span> <span class='ocrx_word' id='word_1_177' title='bbox 918 947 982 988; x_wconf 58' lang='grc' dir='ltr'><strong>’24η</strong></span> <span class='ocrx_word' id='word_1_178' title='bbox 1004 947 1032 975; x_wconf 92' lang='lat' dir='ltr'><strong>Si</strong></span> 
     </span>
    </p>
   </div>
   <div class='ocr_carea' id='block_1_23' title="bbox 246 984 1033 1020">
    <p class='ocr_par' dir='ltr' id='par_1_23' title="bbox 246 984 1033 1020">
     <span class='ocr_line' id='line_1_23' title="bbox 246 984 1033 1020; baseline -0.005 -7"><span class='ocrx_word' id='word_1_179' title='bbox 246 986 335 1013; x_wconf 78' lang='lat' dir='ltr'><strong>Virtus</strong></span> <span class='ocrx_word' id='word_1_180' title='bbox 350 991 377 1013; x_wconf 88' lang='lat' dir='ltr'><strong>et</strong></span> <span class='ocrx_word' id='word_1_181' title='bbox 386 986 521 1020; x_wconf 78' lang='lat' dir='ltr'><strong>Sapientia</strong></span> <span class='ocrx_word' id='word_1_182' title='bbox 535 984 621 1012; x_wconf 80' lang='lat' dir='ltr'><strong>Patris</strong></span> <span class='ocrx_word' id='word_1_183' title='bbox 634 985 715 1012; x_wconf 84' lang='lat' dir='ltr'><strong>Filius</strong></span> <span class='ocrx_word' id='word_1_184' title='bbox 730 988 786 1015; x_wconf 77' lang='lat' dir='ltr'><strong>est,</strong></span> <span class='ocrx_word' id='word_1_185' title='bbox 803 984 847 1020; x_wconf 79' lang='lat' dir='ltr'><strong>qui</strong></span> <span class='ocrx_word' id='word_1_186' title='bbox 860 991 920 1011; x_wconf 91' lang='lat' dir='ltr'><strong>eum</strong></span> <span class='ocrx_word' id='word_1_187' title='bbox 947 984 1033 1020; x_wconf 83' lang='lat' dir='ltr'><strong>mino-</strong></span> 
     </span>
    </p>
   </div>
   <div class='ocr_carea' id='block_1_24' title="bbox 243 1018 1033 1053">
    <p class='ocr_par' dir='ltr' id='par_1_24' title="bbox 243 1018 1033 1053">
     <span class='ocr_line' id='line_1_24' title="bbox 243 1018 1033 1053; baseline -0.005 -5"><span class='ocrx_word' id='word_1_188' title='bbox 243 1029 300 1049; x_wconf 89' lang='lat' dir='ltr'><strong>rem</strong></span> <span class='ocrx_word' id='word_1_189' title='bbox 314 1021 394 1053; x_wconf 87' lang='lat' dir='ltr'><strong>dicit,</strong></span> <span class='ocrx_word' id='word_1_190' title='bbox 416 1018 471 1048; x_wconf 82' lang='lat' dir='ltr'><strong>Deo</strong></span> <span class='ocrx_word' id='word_1_191' title='bbox 491 1021 561 1048; x_wconf 82' lang='lat' dir='ltr'><strong>Patri</strong></span> <span class='ocrx_word' id='word_1_192' title='bbox 588 1019 777 1048; x_wconf 78' lang='lat' dir='ltr'><strong>contumeliam</strong></span> <span class='ocrx_word' id='word_1_193' title='bbox 804 1019 883 1051; x_wconf 81' lang='lat' dir='ltr'><strong>facit;</strong></span> <span class='ocrx_word' id='word_1_194' title='bbox 908 1018 1033 1053; x_wconf 88' lang='lat' dir='ltr'><strong>quoniam</strong></span> 
     </span>
    </p>
   </div>
   <div class='ocr_carea' id='block_1_25' title="bbox 243 1054 1033 1090">
    <p class='ocr_par' dir='ltr' id='par_1_25' title="bbox 243 1054 1033 1090">
     <span class='ocr_line' id='line_1_25' title="bbox 243 1054 1033 1090; baseline -0.005 -6"><span class='ocrx_word' id='word_1_195' title='bbox 243 1063 303 1084; x_wconf 84' lang='lat' dir='ltr'><strong>eum</strong></span> <span class='ocrx_word' id='word_1_196' title='bbox 330 1061 357 1083; x_wconf 92' lang='lat' dir='ltr'><strong>et</strong></span> <span class='ocrx_word' id='word_1_197' title='bbox 371 1056 499 1083; x_wconf 89' lang='lat' dir='ltr'><strong>minorem</strong></span> <span class='ocrx_word' id='word_1_198' title='bbox 521 1056 676 1090; x_wconf 80' lang='lat' dir='ltr'><strong>sapientiam</strong></span> <span class='ocrx_word' id='word_1_199' title='bbox 690 1060 716 1082; x_wconf 86' lang='lat' dir='ltr'><strong>et</strong></span> <span class='ocrx_word' id='word_1_200' title='bbox 730 1055 860 1090; x_wconf 82' lang='lat' dir='ltr'><strong>infirmam</strong></span> <span class='ocrx_word' id='word_1_201' title='bbox 870 1054 992 1081; x_wconf 85' lang='lat' dir='ltr'><strong>virtutem</strong></span> <span class='ocrx_word' id='word_1_202' title='bbox 1007 1054 1033 1080; x_wconf 93' lang='lat' dir='ltr'><strong>in</strong></span> 
     </span>
    </p>
   </div>
   <div class='ocr_carea' id='block_1_26' title="bbox 244 1089 1033 1125">
    <p class='ocr_par' dir='ltr' id='par_1_26' title="bbox 244 1089 1033 1125">
     <span class='ocr_line' id='line_1_26' title="bbox 244 1089 1033 1125; baseline -0.005 -6"><span class='ocrx_word' id='word_1_203' title='bbox 244 1098 273 1118; x_wconf 89' lang='lat' dir='ltr'><strong>se</strong></span> <span class='ocrx_word' id='word_1_204' title='bbox 287 1092 387 1119; x_wconf 87' lang='lat' dir='ltr'><strong>habere</strong></span> <span class='ocrx_word' id='word_1_205' title='bbox 398 1089 613 1119; x_wconf 50' lang='lat' dir='ltr'><strong>contendithut</strong></span> <span class='ocrx_word' id='word_1_206' title='bbox 623 1089 757 1125; x_wconf 85' lang='lat' dir='ltr'><strong>quomodo</strong></span> <span class='ocrx_word' id='word_1_207' title='bbox 771 1089 898 1125; x_wconf 87' lang='lat' dir='ltr'><strong>Spiritum</strong></span> <span class='ocrx_word' id='word_1_208' title='bbox 912 1092 1033 1125; x_wconf 81' lang='lat' dir='ltr'><strong>sanctum</strong></span> 
     </span>
    </p>
   </div>
   <div class='ocr_carea' id='block_1_27' title="bbox 243 1124 1034 1161">
    <p class='ocr_par' dir='ltr' id='par_1_27' title="bbox 243 1124 1034 1161">
     <span class='ocr_line' id='line_1_27' title="bbox 243 1124 1034 1161; baseline -0.004 -8"><span class='ocrx_word' id='word_1_209' title='bbox 243 1126 373 1153; x_wconf 87' lang='lat' dir='ltr'><strong>minorem</strong></span> <span class='ocrx_word' id='word_1_210' title='bbox 387 1126 512 1161; x_wconf 74' lang='lat' dir='ltr'><strong>przedimt</strong></span> <span class='ocrx_word' id='word_1_211' title='bbox 524 1126 604 1153; x_wconf 87' lang='lat' dir='ltr'><strong>etiam</strong></span> <span class='ocrx_word' id='word_1_212' title='bbox 629 1124 710 1157; x_wconf 80' lang='lat' dir='ltr'><strong>Filio,</strong></span> <span class='ocrx_word' id='word_1_213' title='bbox 726 1132 785 1151; x_wconf 90' lang='lat' dir='ltr'><strong>cum</strong></span> <span class='ocrx_word' id='word_1_214' title='bbox 799 1124 922 1161; x_wconf 66' lang='lat' dir='ltr'><strong>membra</strong></span> <span class='ocrx_word' id='word_1_215' title='bbox 935 1124 1034 1161; x_wconf 82' lang='lat' dir='ltr'><strong>Christi</strong></span> 
     </span>
    </p>
   </div>
   <div class='ocr_carea' id='block_1_28' title="bbox 243 1158 1035 1196">
    <p class='ocr_par' dir='ltr' id='par_1_28' title="bbox 243 1158 1035 1196">
     <span class='ocr_line' id='line_1_28' title="bbox 243 1158 1035 1196; baseline -0.004 -8"><span class='ocrx_word' id='word_1_216' title='bbox 243 1162 372 1196; x_wconf 84' lang='lat' dir='ltr'><strong>templum</strong></span> <span class='ocrx_word' id='word_1_217' title='bbox 387 1158 531 1196; x_wconf 55' lang='lat' dir='ltr'><strong>Apostolus</strong></span> <span class='ocrx_word' id='word_1_218' title='bbox 552 1166 633 1196; x_wconf 89' lang='lat' dir='ltr'><strong>ponat</strong></span> <span class='ocrx_word' id='word_1_219' title='bbox 653 1161 767 1196; x_wconf 77' lang='lat' dir='ltr'><strong>Spiritus</strong></span> <span class='ocrx_word' id='word_1_220' title='bbox 780 1160 882 1196; x_wconf 74' lang='lat' dir='ltr'><strong>sancti?</strong></span> <span class='ocrx_word' id='word_1_221' title='bbox 901 1158 967 1196; x_wconf 54' lang='lat' dir='ltr'><strong>Vos,</strong></span> <span class='ocrx_word' id='word_1_222' title='bbox 994 1159 1035 1186; x_wconf 93' lang='lat' dir='ltr'><strong>in-</strong></span> 
     </span>
    </p>
   </div>
   <div class='ocr_carea' id='block_1_29' title="bbox 244 1194 1035 1231">
    <p class='ocr_par' dir='ltr' id='par_1_29' title="bbox 244 1194 1035 1231">
     <span class='ocr_line' id='line_1_29' title="bbox 244 1194 1035 1231; baseline -0.004 -8"><span class='ocrx_word' id='word_1_223' title='bbox 244 1194 320 1231; x_wconf 64' lang='lat' dir='ltr'><strong>quit,</strong></span> <span class='ocrx_word' id='word_1_224' title='bbox 332 1197 392 1224; x_wconf 71' lang='lat' dir='ltr'><strong>estis</strong></span> <span class='ocrx_word' id='word_1_225' title='bbox 410 1194 501 1231; x_wconf 60' lang='grc' dir='ltr'><strong>ἔδοι-ρης</strong></span> <span class='ocrx_word' id='word_1_226' title='bbox 515 1194 608 1223; x_wconf 70' lang='lat' dir='ltr'><strong>Christi</strong></span> <span class='ocrx_word' id='word_1_227' title='bbox 621 1201 644 1222; x_wconf 81' lang='grc' dir='ltr'>ει</span> <span class='ocrx_word' id='word_1_228' title='bbox 663 1194 772 1222; x_wconf 78' lang='lat' dir='ltr'><strong>membra</strong></span> <span class='ocrx_word' id='word_1_229' title='bbox 788 1194 842 1230; x_wconf 88' lang='lat' dir='ltr'><strong>(Id.</strong></span> <span class='ocrx_word' id='word_1_230' title='bbox 855 1202 890 1221; x_wconf 85' lang='lat' dir='ltr'><strong>xtl</strong></span> <span class='ocrx_word' id='word_1_231' title='bbox 901 1214 908 1227; x_wconf 92' lang='lat'><strong>,</strong></span> <span class='ocrx_word' id='word_1_232' title='bbox 922 1194 969 1228; x_wconf 74' lang='lat'><strong>27)</strong></span> <span class='ocrx_word' id='word_1_233' title='bbox 985 1202 991 1231; x_wconf 67' lang='grc' dir='ltr'>ξ</span> <span class='ocrx_word' id='word_1_234' title='bbox 1008 1198 1035 1221; x_wconf 89' lang='lat' dir='ltr'><strong>et</strong></span> 
     </span>
    </p>
   </div>
   <div class='ocr_carea' id='block_1_30' title="bbox 242 1229 1034 1266">
    <p class='ocr_par' dir='ltr' id='par_1_30' title="bbox 242 1229 1034 1266">
     <span class='ocr_line' id='line_1_30' title="bbox 242 1229 1034 1266; baseline -0.004 -8"><span class='ocrx_word' id='word_1_235' title='bbox 242 1229 362 1259; x_wconf 74' lang='lat' dir='ltr'><strong>alioloco</strong></span> <span class='ocrx_word' id='word_1_236' title='bbox 371 1251 378 1265; x_wconf 88' lang='lat'><strong>,</strong></span> <span class='ocrx_word' id='word_1_237' title='bbox 391 1229 509 1264; x_wconf 78' lang='lat' dir='ltr'><strong>Nescitis,</strong></span> <span class='ocrx_word' id='word_1_238' title='bbox 521 1232 615 1266; x_wconf 89' lang='lat' dir='ltr'><strong>inquit,</strong></span> <span class='ocrx_word' id='word_1_239' title='bbox 627 1229 809 1266; x_wconf 19' lang='lat' dir='ltr'><strong>quiarmembr&#39;a</strong></span> <span class='ocrx_word' id='word_1_240' title='bbox 822 1229 1034 1266; x_wconf 20' lang='lat' dir='ltr'><strong>uestraitemplugn</strong></span> 
     </span>
    </p>
   </div>
   <div class='ocr_carea' id='block_1_31' title="bbox 242 1264 1034 1302">
    <p class='ocr_par' dir='ltr' id='par_1_31' title="bbox 242 1264 1034 1302">
     <span class='ocr_line' id='line_1_31' title="bbox 242 1264 1034 1302; baseline -0.005 -8"><span class='ocrx_word' id='word_1_241' title='bbox 242 1267 269 1302; x_wconf 77' lang='lat' dir='ltr'><strong>in</strong></span> <span class='ocrx_word' id='word_1_242' title='bbox 289 1267 356 1294; x_wconf 80' lang='lat' dir='ltr'><strong>vobis</strong></span> <span class='ocrx_word' id='word_1_243' title='bbox 381 1272 418 1294; x_wconf 82' lang='lat' dir='ltr'><strong>est</strong></span> <span class='ocrx_word' id='word_1_244' title='bbox 439 1264 727 1302; x_wconf 18' lang='lat' dir='ltr'><strong>Spiritus&#39;sanctirtld.</strong></span> <span class='ocrx_word' id='word_1_245' title='bbox 742 1273 784 1297; x_wconf 78' lang='lat' dir='ltr'><strong>vi,</strong></span> <span class='ocrx_word' id='word_1_246' title='bbox 802 1265 869 1299; x_wconf 82' lang='lat' dir='ltr'><strong>l9)?</strong></span> <span class='ocrx_word' id='word_1_247' title='bbox 895 1264 1034 1302; x_wconf 80' lang='lat' dir='ltr'><strong>Quomodo</strong></span> 
     </span>
    </p>
   </div>
   <div class='ocr_carea' id='block_1_32' title="bbox 242 1299 1035 1337">
    <p class='ocr_par' dir='ltr' id='par_1_32' title="bbox 242 1299 1035 1337">
     <span class='ocr_line' id='line_1_32' title="bbox 242 1299 1035 1337; baseline -0.005 -8"><span class='ocrx_word' id='word_1_248' title='bbox 242 1301 313 1329; x_wconf 87' lang='lat' dir='ltr'><strong>Deus</strong></span> <span class='ocrx_word' id='word_1_249' title='bbox 323 1310 375 1329; x_wconf 93' lang='lat' dir='ltr'><strong>non</strong></span> <span class='ocrx_word' id='word_1_250' title='bbox 386 1307 441 1335; x_wconf 89' lang='lat' dir='ltr'><strong>est,</strong></span> <span class='ocrx_word' id='word_1_251' title='bbox 456 1299 502 1337; x_wconf 80' lang='lat' dir='ltr'><strong>qui</strong></span> <span class='ocrx_word' id='word_1_252' title='bbox 517 1303 644 1336; x_wconf 87' lang='lat' dir='ltr'><strong>templum</strong></span> <span class='ocrx_word' id='word_1_253' title='bbox 663 1299 743 1328; x_wconf 85' lang='lat' dir='ltr'><strong>habet</strong></span> <span class='ocrx_word' id='word_1_254' title='bbox 758 1309 764 1326; x_wconf 89' lang='lat'><strong>:</strong></span> <span class='ocrx_word' id='word_1_255' title='bbox 779 1305 824 1337; x_wconf 82' lang='lat' dir='ltr'><strong>aut</strong></span> <span class='ocrx_word' id='word_1_256' title='bbox 837 1299 1035 1337; x_wconf 55' lang='lat' dir='ltr'><strong>quomodorni-</strong></span> 
     </span>
    </p>
   </div>
   <div class='ocr_carea' id='block_1_33' title="bbox 242 1334 1034 1371">
    <p class='ocr_par' dir='ltr' id='par_1_33' title="bbox 242 1334 1034 1371">
     <span class='ocr_line' id='line_1_33' title="bbox 242 1334 1034 1371; baseline -0.003 -7"><span class='ocrx_word' id='word_1_257' title='bbox 242 1344 292 1364; x_wconf 89' lang='lat' dir='ltr'><strong>nor</strong></span> <span class='ocrx_word' id='word_1_258' title='bbox 305 1341 346 1364; x_wconf 90' lang='lat' dir='ltr'><strong>est</strong></span> <span class='ocrx_word' id='word_1_259' title='bbox 357 1334 481 1370; x_wconf 74' lang='lat' dir='ltr'><strong>Christo,</strong></span> <span class='ocrx_word' id='word_1_260' title='bbox 495 1334 705 1371; x_wconf 43' lang='lat' dir='ltr'><strong>cujus-membra</strong></span> <span class='ocrx_word' id='word_1_261' title='bbox 720 1336 846 1369; x_wconf 88' lang='lat' dir='ltr'><strong>templum</strong></span> <span class='ocrx_word' id='word_1_262' title='bbox 864 1334 962 1361; x_wconf 77' lang='lat' dir='ltr'><strong>habet?</strong></span> <span class='ocrx_word' id='word_1_263' title='bbox 977 1334 1034 1362; x_wconf 86' lang='lat' dir='ltr'><strong>Non</strong></span> 
     </span>
    </p>
   </div>
   <div class='ocr_carea' id='block_1_34' title="bbox 242 1370 1035 1406">
    <p class='ocr_par' dir='ltr' id='par_1_34' title="bbox 242 1370 1035 1406">
     <span class='ocr_line' id='line_1_34' title="bbox 242 1370 1035 1406; baseline -0.005 -7"><span class='ocrx_word' id='word_1_264' title='bbox 242 1372 409 1399; x_wconf 82' lang='lat' dir='ltr'><strong>suntdiversi</strong></span> <span class='ocrx_word' id='word_1_265' title='bbox 418 1373 516 1406; x_wconf 91' lang='lat' dir='ltr'><strong>gradus</strong></span> <span class='ocrx_word' id='word_1_266' title='bbox 529 1370 536 1403; x_wconf 62' lang='grc' dir='ltr'>ζ</span> <span class='ocrx_word' id='word_1_267' title='bbox 549 1372 592 1398; x_wconf 92' lang='lat' dir='ltr'><strong>ubi</strong></span> <span class='ocrx_word' id='word_1_268' title='bbox 604 1377 645 1399; x_wconf 89' lang='lat' dir='ltr'><strong>est</strong></span> <span class='ocrx_word' id='word_1_269' title='bbox 658 1378 708 1397; x_wconf 93' lang='lat' dir='ltr'><strong>una</strong></span> <span class='ocrx_word' id='word_1_270' title='bbox 718 1371 832 1397; x_wconf 83' lang='lat' dir='ltr'><strong>Trinitas</strong></span> <span class='ocrx_word' id='word_1_271' title='bbox 843 1374 869 1396; x_wconf 88' lang='lat' dir='ltr'><strong>et</strong></span> <span class='ocrx_word' id='word_1_272' title='bbox 882 1370 947 1406; x_wconf 81' lang='lat' dir='ltr'><strong>trina</strong></span> <span class='ocrx_word' id='word_1_273' title='bbox 957 1374 1035 1396; x_wconf 67' lang='lat' dir='ltr'><strong>reter-</strong></span> 
     </span>
    </p>
   </div>
   <div class='ocr_carea' id='block_1_35' title="bbox 242 1405 1036 1441">
    <p class='ocr_par' dir='ltr' id='par_1_35' title="bbox 242 1405 1036 1441">
     <span class='ocr_line' id='line_1_35' title="bbox 242 1405 1036 1441; baseline -0.005 -7"><span class='ocrx_word' id='word_1_274' title='bbox 242 1408 321 1434; x_wconf 84' lang='lat' dir='ltr'><strong>nitas.</strong></span> <span class='ocrx_word' id='word_1_275' title='bbox 332 1407 381 1440; x_wconf 86' lang='lat' dir='ltr'><strong>Qui</strong></span> <span class='ocrx_word' id='word_1_276' title='bbox 404 1405 474 1434; x_wconf 76' lang='lat' dir='ltr'><strong>enim</strong></span> <span class='ocrx_word' id='word_1_277' title='bbox 488 1407 608 1434; x_wconf 89' lang='lat' dir='ltr'><strong>diversos</strong></span> <span class='ocrx_word' id='word_1_278' title='bbox 630 1406 727 1441; x_wconf 85' lang='lat' dir='ltr'><strong>gradus</strong></span> <span class='ocrx_word' id='word_1_279' title='bbox 749 1405 901 1438; x_wconf 87' lang='lat' dir='ltr'><strong>componit,</strong></span> <span class='ocrx_word' id='word_1_280' title='bbox 929 1405 984 1439; x_wconf 80' lang='lat' dir='ltr'><strong>ipse</strong></span> <span class='ocrx_word' id='word_1_281' title='bbox 1006 1412 1036 1441; x_wconf 75' lang='lat' dir='ltr'><strong>se</strong></span> 
     </span>
    </p>
   </div>
   <div class='ocr_carea' id='block_1_36' title="bbox 242 1440 1035 1477">
    <p class='ocr_par' dir='ltr' id='par_1_36' title="bbox 242 1440 1035 1477">
     <span class='ocr_line' id='line_1_36' title="bbox 242 1440 1035 1477; baseline -0.005 -8"><span class='ocrx_word' id='word_1_282' title='bbox 242 1442 277 1469; x_wconf 78' lang='lat' dir='ltr'><strong>ab</strong></span> <span class='ocrx_word' id='word_1_283' title='bbox 290 1442 390 1469; x_wconf 90' lang='lat' dir='ltr'><strong>unitate</strong></span> <span class='ocrx_word' id='word_1_284' title='bbox 403 1442 530 1477; x_wconf 72' lang='lat' dir='ltr'><strong>przecidit.</strong></span> <span class='ocrx_word' id='word_1_285' title='bbox 554 1440 693 1475; x_wconf 80' lang='lat' dir='ltr'><strong>Quomodo</strong></span> <span class='ocrx_word' id='word_1_286' title='bbox 701 1440 819 1477; x_wconf 78' lang='lat' dir='ltr'><strong>exsultas</strong></span> <span class='ocrx_word' id='word_1_287' title='bbox 829 1461 836 1472; x_wconf 85' lang='lat'><strong>,</strong></span> <span class='ocrx_word' id='word_1_288' title='bbox 852 1441 954 1477; x_wconf 57' lang='lat' dir='ltr'><strong>ariane,</strong></span> <span class='ocrx_word' id='word_1_289' title='bbox 964 1440 1035 1477; x_wconf 87' lang='lat' dir='ltr'><strong>quod</strong></span> 
     </span>
    </p>
   </div>
   <div class='ocr_carea' id='block_1_37' title="bbox 242 1475 1034 1509">
    <p class='ocr_par' dir='ltr' id='par_1_37' title="bbox 242 1475 1034 1509">
     <span class='ocr_line' id='line_1_37' title="bbox 242 1475 1034 1509; baseline -0.003 -5"><span class='ocrx_word' id='word_1_290' title='bbox 242 1482 335 1505; x_wconf 86' lang='lat' dir='ltr'><strong>teneas</strong></span> <span class='ocrx_word' id='word_1_291' title='bbox 349 1475 506 1509; x_wconf 71' lang='lat' dir='ltr'><strong>veritatem,</strong></span> <span class='ocrx_word' id='word_1_292' title='bbox 523 1485 583 1505; x_wconf 94' lang='lat' dir='ltr'><strong>cum</strong></span> <span class='ocrx_word' id='word_1_293' title='bbox 608 1481 633 1503; x_wconf 88' lang='lat' dir='ltr'><strong>te</strong></span> <span class='ocrx_word' id='word_1_294' title='bbox 656 1476 742 1503; x_wconf 89' lang='lat' dir='ltr'><strong>malus</strong></span> <span class='ocrx_word' id='word_1_295' title='bbox 766 1482 841 1502; x_wconf 87' lang='lat' dir='ltr'><strong>error</strong></span> <span class='ocrx_word' id='word_1_296' title='bbox 864 1483 878 1501; x_wconf 87' lang='lat' dir='ltr'><strong>a</strong></span> <span class='ocrx_word' id='word_1_297' title='bbox 904 1475 1034 1502; x_wconf 69' lang='lat' dir='ltr'><strong>catholica</strong></span> 
     </span>
    </p>
   </div>
   <div class='ocr_carea' id='block_1_38' title="bbox 242 1512 1035 1547">
    <p class='ocr_par' dir='ltr' id='par_1_38' title="bbox 242 1512 1035 1547">
     <span class='ocr_line' id='line_1_38' title="bbox 242 1512 1035 1547; baseline -0.005 -7"><span class='ocrx_word' id='word_1_298' title='bbox 242 1512 363 1540; x_wconf 86' lang='lat' dir='ltr'><strong>doctrina</strong></span> <span class='ocrx_word' id='word_1_299' title='bbox 378 1520 505 1547; x_wconf 81' lang='lat' dir='ltr'><strong>separaris</strong></span> <span class='ocrx_word' id='word_1_300' title='bbox 516 1534 522 1544; x_wconf 83' lang='lat'><strong>.</strong></span> <span class='ocrx_word' id='word_1_301' title='bbox 538 1512 744 1546; x_wconf 75' lang='lat' dir='ltr'><strong>luereticumque</strong></span> <span class='ocrx_word' id='word_1_302' title='bbox 760 1514 910 1547; x_wconf 83' lang='lat' dir='ltr'><strong>protestans</strong></span> <span class='ocrx_word' id='word_1_303' title='bbox 933 1518 947 1547; x_wconf 67' lang='grc' dir='ltr'><strong>ξι</strong></span> <span class='ocrx_word' id='word_1_304' title='bbox 962 1518 1035 1537; x_wconf 92' lang='lat' dir='ltr'><strong>com-</strong></span> 
     </span>
    </p>
   </div>
   <div class='ocr_carea' id='block_1_39' title="bbox 242 1545 1035 1579">
    <p class='ocr_par' dir='ltr' id='par_1_39' title="bbox 242 1545 1035 1579">
     <span class='ocr_line' id='line_1_39' title="bbox 242 1545 1035 1579; baseline -0.005 -4"><span class='ocrx_word' id='word_1_305' title='bbox 242 1548 368 1575; x_wconf 89' lang='lat' dir='ltr'><strong>munione</strong></span> <span class='ocrx_word' id='word_1_306' title='bbox 380 1545 460 1575; x_wconf 80' lang='lat' dir='ltr'><strong>totius</strong></span> <span class='ocrx_word' id='word_1_307' title='bbox 473 1548 544 1575; x_wconf 86' lang='lat' dir='ltr'><strong>orbis</strong></span> <span class='ocrx_word' id='word_1_308' title='bbox 559 1545 707 1575; x_wconf 76' lang='lat' dir='ltr'><strong>secernens</strong></span> <span class='ocrx_word' id='word_1_309' title='bbox 716 1547 741 1573; x_wconf 88' lang='lat' dir='ltr'><strong>in</strong></span> <span class='ocrx_word' id='word_1_310' title='bbox 754 1553 806 1572; x_wconf 92' lang='lat' dir='ltr'><strong>uno</strong></span> <span class='ocrx_word' id='word_1_311' title='bbox 818 1545 913 1579; x_wconf 81' lang='lat' dir='ltr'><strong>angulo</strong></span> <span class='ocrx_word' id='word_1_312' title='bbox 925 1545 1035 1572; x_wconf 89' lang='lat' dir='ltr'><strong>damna-</strong></span> 
     </span>
    </p>
   </div>
   <div class='ocr_carea' id='block_1_40' title="bbox 243 1581 1035 1616">
    <p class='ocr_par' dir='ltr' id='par_1_40' title="bbox 243 1581 1035 1616">
     <span class='ocr_line' id='line_1_40' title="bbox 243 1581 1035 1616; baseline -0.003 -7"><span class='ocrx_word' id='word_1_313' title='bbox 243 1583 329 1610; x_wconf 74' lang='lat' dir='ltr'><strong>verit?</strong></span> <span class='ocrx_word' id='word_1_314' title='bbox 343 1583 441 1610; x_wconf 83' lang='lat' dir='ltr'><strong>Cavete</strong></span> <span class='ocrx_word' id='word_1_315' title='bbox 453 1603 460 1616; x_wconf 86' lang='lat'><strong>,</strong></span> <span class='ocrx_word' id='word_1_316' title='bbox 476 1583 572 1610; x_wconf 76' lang='lat' dir='ltr'><strong>fratres</strong></span> <span class='ocrx_word' id='word_1_317' title='bbox 582 1604 588 1616; x_wconf 88' lang='grc'>,</span> <span class='ocrx_word' id='word_1_318' title='bbox 605 1582 740 1609; x_wconf 85' lang='lat' dir='ltr'><strong>doctrinas</strong></span> <span class='ocrx_word' id='word_1_319' title='bbox 755 1581 940 1607; x_wconf 73' lang='lat' dir='ltr'><strong>limreticorum</strong></span> <span class='ocrx_word' id='word_1_320' title='bbox 953 1602 960 1613; x_wconf 80' lang='lat'><strong>,</strong></span> <span class='ocrx_word' id='word_1_321' title='bbox 975 1584 1035 1607; x_wconf 81' lang='lat' dir='ltr'><strong>tan-</strong></span> 
     </span>
    </p>
   </div>
   <div class='ocr_carea' id='block_1_41' title="bbox 241 1616 1035 1653">
    <p class='ocr_par' dir='ltr' id='par_1_41' title="bbox 241 1616 1035 1653">
     <span class='ocr_line' id='line_1_41' title="bbox 241 1616 1035 1653; baseline -0.004 -8"><span class='ocrx_word' id='word_1_322' title='bbox 241 1625 321 1653; x_wconf 87' lang='lat' dir='ltr'><strong>quam</strong></span> <span class='ocrx_word' id='word_1_323' title='bbox 335 1618 443 1646; x_wconf 87' lang='lat' dir='ltr'><strong>insidias</strong></span> <span class='ocrx_word' id='word_1_324' title='bbox 457 1619 588 1653; x_wconf 90' lang='lat' dir='ltr'><strong>luporum.</strong></span> <span class='ocrx_word' id='word_1_325' title='bbox 601 1617 671 1645; x_wconf 82' lang='lat' dir='ltr'><strong>Oves</strong></span> <span class='ocrx_word' id='word_1_326' title='bbox 692 1616 806 1647; x_wconf 79' lang='lat' dir='ltr'><strong>Christi,</strong></span> <span class='ocrx_word' id='word_1_327' title='bbox 831 1616 919 1653; x_wconf 80' lang='lat' dir='ltr'><strong>audite</strong></span> <span class='ocrx_word' id='word_1_328' title='bbox 942 1623 1035 1653; x_wconf 86' lang='lat' dir='ltr'><strong>vocem</strong></span> 
     </span>
    </p>
   </div>
   <div class='ocr_carea' id='block_1_42' title="bbox 241 1651 1033 1694">
    <p class='ocr_par' dir='ltr' id='par_1_42' title="bbox 241 1651 1033 1694">
     <span class='ocr_line' id='line_1_42' title="bbox 241 1651 1033 1694; baseline -0.006 -13"><span class='ocrx_word' id='word_1_329' title='bbox 241 1651 356 1694; x_wconf 51' lang='lat' dir='ltr'><strong>pastoris</strong></span> <span class='ocrx_word' id='word_1_330' title='bbox 371 1654 462 1681; x_wconf 84' lang='lat' dir='ltr'><strong>vestri.</strong></span> <span class='ocrx_word' id='word_1_331' title='bbox 485 1651 541 1694; x_wconf 61' lang='grc' dir='ltr'><strong>ςρυξ</strong></span> <span class='ocrx_word' id='word_1_332' title='bbox 556 1654 632 1693; x_wconf 66' lang='lat' dir='ltr'><strong>iittrat</strong></span> <span class='ocrx_word' id='word_1_333' title='bbox 648 1661 691 1685; x_wconf 87' lang='lat' dir='ltr'><strong>per</strong></span> <span class='ocrx_word' id='word_1_334' title='bbox 700 1652 829 1694; x_wconf 39' lang='lat' dir='ltr'><strong>ostiumpin</strong></span> <span class='ocrx_word' id='word_1_335' title='bbox 851 1651 915 1694; x_wconf 59' lang='lat' dir='ltr'><strong>ovile</strong></span> <span class='ocrx_word' id='word_1_336' title='bbox 929 1651 1013 1677; x_wconf 73' lang='lat' dir='ltr'><strong>ovium</strong></span> <span class='ocrx_word' id='word_1_337' title='bbox 1025 1673 1033 1685; x_wconf 78' lang='lat'><strong>,</strong></span> 
     </span>
    </p>
   </div>
   <div class='ocr_carea' id='block_1_43' title="bbox 241 1685 1032 1723">
    <p class='ocr_par' dir='ltr' id='par_1_43' title="bbox 241 1685 1032 1723">
     <span class='ocr_line' id='line_1_43' title="bbox 241 1685 1032 1723; baseline -0.005 -7"><span class='ocrx_word' id='word_1_338' title='bbox 241 1685 286 1715; x_wconf 66' lang='lat' dir='ltr'><strong>ille</strong></span> <span class='ocrx_word' id='word_1_339' title='bbox 299 1694 385 1723; x_wconf 77' lang='lat' dir='ltr'><strong>pastor</strong></span> <span class='ocrx_word' id='word_1_340' title='bbox 398 1694 434 1715; x_wconf 80' lang='lat' dir='ltr'><strong>est</strong></span> <span class='ocrx_word' id='word_1_341' title='bbox 443 1708 451 1720; x_wconf 81' lang='lat'><strong>,</strong></span> <span class='ocrx_word' id='word_1_342' title='bbox 467 1685 521 1715; x_wconf 77' lang='lat' dir='ltr'><strong>ait:</strong></span> <span class='ocrx_word' id='word_1_343' title='bbox 538 1688 588 1723; x_wconf 20' lang='lat' dir='ltr'><strong>qui,</strong></span> <span class='ocrx_word' id='word_1_344' title='bbox 605 1693 688 1713; x_wconf 79' lang='lat' dir='ltr'><strong>autent</strong></span> <span class='ocrx_word' id='word_1_345' title='bbox 701 1687 811 1723; x_wconf 66' lang='lat' dir='ltr'><strong>ascendit</strong></span> <span class='ocrx_word' id='word_1_346' title='bbox 826 1694 870 1723; x_wconf 58' lang='lat' dir='ltr'><strong>per</strong></span> <span class='ocrx_word' id='word_1_347' title='bbox 880 1685 957 1723; x_wconf 66' lang='lat' dir='ltr'><strong>aliam</strong></span> <span class='ocrx_word' id='word_1_348' title='bbox 971 1695 1032 1720; x_wconf 82' lang='lat' dir='ltr'><strong>par-</strong></span> 
     </span>
    </p>
   </div>
   <div class='ocr_carea' id='block_1_44' title="bbox 241 1720 1031 1758">
    <p class='ocr_par' dir='ltr' id='par_1_44' title="bbox 241 1720 1031 1758">
     <span class='ocr_line' id='line_1_44' title="bbox 241 1720 1031 1758; baseline -0.003 -8"><span class='ocrx_word' id='word_1_349' title='bbox 241 1720 310 1756; x_wconf 62' lang='lat' dir='ltr'><strong>tem,</strong></span> <span class='ocrx_word' id='word_1_350' title='bbox 325 1725 367 1758; x_wconf 78' lang='lat' dir='ltr'><strong>fur</strong></span> <span class='ocrx_word' id='word_1_351' title='bbox 378 1729 413 1750; x_wconf 78' lang='lat' dir='ltr'><strong>est</strong></span> <span class='ocrx_word' id='word_1_352' title='bbox 437 1728 461 1750; x_wconf 82' lang='lat' dir='ltr'><strong>et</strong></span> <span class='ocrx_word' id='word_1_353' title='bbox 482 1720 549 1750; x_wconf 73' lang='lat' dir='ltr'><strong>latro</strong></span> <span class='ocrx_word' id='word_1_354' title='bbox 562 1722 650 1756; x_wconf 85' lang='lat' dir='ltr'><strong>(Joan.</strong></span> <span class='ocrx_word' id='word_1_355' title='bbox 677 1730 710 1758; x_wconf 71' lang='grc' dir='ltr'>ιι,</span> <span class='ocrx_word' id='word_1_356' title='bbox 728 1722 739 1748; x_wconf 82' lang='lat' dir='ltr'><strong>I</strong></span> <span class='ocrx_word' id='word_1_357' title='bbox 753 1742 758 1750; x_wconf 82' lang='lat'><em>.</em></span> <span class='ocrx_word' id='word_1_358' title='bbox 775 1721 813 1755; x_wconf 71' lang='lat'><strong>2).</strong></span> <span class='ocrx_word' id='word_1_359' title='bbox 829 1720 927 1758; x_wconf 79' lang='lat' dir='ltr'><strong>Cavete</strong></span> <span class='ocrx_word' id='word_1_360' title='bbox 941 1721 1012 1748; x_wconf 86' lang='lat' dir='ltr'><strong>fures</strong></span> <span class='ocrx_word' id='word_1_361' title='bbox 1026 1743 1031 1754; x_wconf 90' lang='lat'><strong>,</strong></span> 
     </span>
    </p>
   </div>
   <div class='ocr_carea' id='block_1_45' title="bbox 241 1756 1032 1792">
    <p class='ocr_par' dir='ltr' id='par_1_45' title="bbox 241 1756 1032 1792">
     <span class='ocr_line' id='line_1_45' title="bbox 241 1756 1032 1792; baseline -0.004 -7"><span class='ocrx_word' id='word_1_362' title='bbox 241 1756 334 1785; x_wconf 79' lang='lat' dir='ltr'><strong>cavete</strong></span> <span class='ocrx_word' id='word_1_363' title='bbox 348 1759 465 1785; x_wconf 83' lang='lat' dir='ltr'><strong>latrones</strong></span> <span class='ocrx_word' id='word_1_364' title='bbox 486 1767 493 1784; x_wconf 94' lang='lat'><strong>:</strong></span> <span class='ocrx_word' id='word_1_365' title='bbox 517 1765 570 1785; x_wconf 92' lang='lat' dir='ltr'><strong>non</strong></span> <span class='ocrx_word' id='word_1_366' title='bbox 583 1757 696 1792; x_wconf 80' lang='lat' dir='ltr'><strong>quiescit</strong></span> <span class='ocrx_word' id='word_1_367' title='bbox 712 1761 801 1790; x_wconf 81' lang='lat' dir='ltr'><strong>pastor</strong></span> <span class='ocrx_word' id='word_1_368' title='bbox 815 1756 931 1782; x_wconf 88' lang='lat' dir='ltr'><strong>clamare</strong></span> <span class='ocrx_word' id='word_1_369' title='bbox 942 1777 949 1788; x_wconf 93' lang='lat'><strong>,</strong></span> <span class='ocrx_word' id='word_1_370' title='bbox 980 1764 1032 1783; x_wconf 91' lang='lat' dir='ltr'><strong>non</strong></span> 
     </span>
    </p>
   </div>
   <div class='ocr_carea' id='block_1_46' title="bbox 241 1791 1033 1824">
    <p class='ocr_par' dir='ltr' id='par_1_46' title="bbox 241 1791 1033 1824">
     <span class='ocr_line' id='line_1_46' title="bbox 241 1791 1033 1824; baseline -0.003 -4"><span class='ocrx_word' id='word_1_371' title='bbox 241 1793 306 1820; x_wconf 86' lang='lat' dir='ltr'><strong>sinit</strong></span> <span class='ocrx_word' id='word_1_372' title='bbox 321 1793 400 1820; x_wconf 88' lang='lat' dir='ltr'><strong>etiam</strong></span> <span class='ocrx_word' id='word_1_373' title='bbox 412 1800 474 1820; x_wconf 86' lang='lat' dir='ltr'><strong>suos</strong></span> <span class='ocrx_word' id='word_1_374' title='bbox 487 1800 566 1819; x_wconf 87' lang='lat' dir='ltr'><strong>canes</strong></span> <span class='ocrx_word' id='word_1_375' title='bbox 583 1791 681 1819; x_wconf 82' lang='lat' dir='ltr'><strong>Iacere.</strong></span> <span class='ocrx_word' id='word_1_376' title='bbox 697 1791 755 1818; x_wconf 74' lang='lat' dir='ltr'><strong>Non</strong></span> <span class='ocrx_word' id='word_1_377' title='bbox 771 1798 800 1817; x_wconf 88' lang='lat' dir='ltr'><strong>sc</strong></span> <span class='ocrx_word' id='word_1_378' title='bbox 813 1795 963 1824; x_wconf 85' lang='lat' dir='ltr'><strong>scqucstrct</strong></span> <span class='ocrx_word' id='word_1_379' title='bbox 976 1792 1033 1819; x_wconf 91' lang='lat' dir='ltr'><strong>ovis</strong></span> 
     </span>
    </p>
   </div>
   <div class='ocr_carea' id='block_1_47' title="bbox 241 1825 1034 1862">
    <p class='ocr_par' dir='ltr' id='par_1_47' title="bbox 241 1825 1034 1862">
     <span class='ocr_line' id='line_1_47' title="bbox 241 1825 1034 1862; baseline -0.001 -7"><span class='ocrx_word' id='word_1_380' title='bbox 241 1835 257 1855; x_wconf 84' lang='lat' dir='ltr'><strong>a</strong></span> <span class='ocrx_word' id='word_1_381' title='bbox 270 1835 374 1855; x_wconf 90' lang='lat' dir='ltr'><strong>summo</strong></span> <span class='ocrx_word' id='word_1_382' title='bbox 386 1833 507 1862; x_wconf 79' lang='lat' dir='ltr'><strong>pastore,</strong></span> <span class='ocrx_word' id='word_1_383' title='bbox 521 1835 555 1855; x_wconf 87' lang='lat' dir='ltr'><strong>ne</strong></span> <span class='ocrx_word' id='word_1_384' title='bbox 571 1828 626 1862; x_wconf 87' lang='lat' dir='ltr'><strong>ipsa</strong></span> <span class='ocrx_word' id='word_1_385' title='bbox 642 1835 670 1854; x_wconf 88' lang='lat' dir='ltr'><strong>se</strong></span> <span class='ocrx_word' id='word_1_386' title='bbox 686 1827 711 1853; x_wconf 89' lang='lat' dir='ltr'><strong>in</strong></span> <span class='ocrx_word' id='word_1_387' title='bbox 736 1825 961 1860; x_wconf 76' lang='lat' dir='ltr'><strong>deprccdatiouem</strong></span> <span class='ocrx_word' id='word_1_388' title='bbox 985 1835 1034 1854; x_wconf 89' lang='lat' dir='ltr'><strong>nc-</strong></span> 
     </span>
    </p>
   </div>
   <div class='ocr_carea' id='block_1_48' title="bbox 245 1863 677 1898">
    <p class='ocr_par' dir='ltr' id='par_1_48' title="bbox 245 1863 677 1898">
     <span class='ocr_line' id='line_1_48' title="bbox 245 1863 677 1898; baseline -0.005 -8"><span class='ocrx_word' id='word_1_389' title='bbox 245 1863 365 1898; x_wconf 76' lang='lat' dir='ltr'><strong>quissimi</strong></span> <span class='ocrx_word' id='word_1_390' title='bbox 379 1863 473 1890; x_wconf 78' lang='lat' dir='ltr'><strong>offerat</strong></span> <span class='ocrx_word' id='word_1_391' title='bbox 486 1863 541 1897; x_wconf 87' lang='lat' dir='ltr'><strong>lupi</strong></span> <span class='ocrx_word' id='word_1_392' title='bbox 554 1863 677 1896; x_wconf 86' lang='lat' dir='ltr'><strong>raptoris.</strong></span> 
     </span>
    </p>
   </div>
   <div class='ocr_carea' id='block_1_49' title="bbox 276 1896 1033 1931">
    <p class='ocr_par' dir='ltr' id='par_1_49' title="bbox 276 1896 1033 1931">
     <span class='ocr_line' id='line_1_49' title="bbox 276 1896 1033 1931; baseline -0.001 -6"><span class='ocrx_word' id='word_1_393' title='bbox 276 1898 390 1926; x_wconf 80' lang='lat' dir='ltr'><strong>CAPUT</strong></span> <span class='ocrx_word' id='word_1_394' title='bbox 403 1898 436 1926; x_wconf 76' lang='grc' dir='ltr'><strong>Χ.</strong></span> <span class='ocrx_word' id='word_1_395' title='bbox 452 1913 488 1918; x_wconf 94' lang='lat'><strong>—</strong></span> <span class='ocrx_word' id='word_1_396' title='bbox 502 1896 545 1925; x_wconf 80' lang='grc'><strong>10.</strong></span> <span class='ocrx_word' id='word_1_397' title='bbox 562 1897 600 1924; x_wconf 88' lang='lat' dir='ltr'><strong>De</strong></span> <span class='ocrx_word' id='word_1_398' title='bbox 614 1897 760 1924; x_wconf 76' lang='lat' dir='ltr'><strong>remissione</strong></span> <span class='ocrx_word' id='word_1_399' title='bbox 770 1900 938 1931; x_wconf 81' lang='lat' dir='ltr'><strong>peccatorum.</strong></span> <span class='ocrx_word' id='word_1_400' title='bbox 949 1896 977 1924; x_wconf 88' lang='lat' dir='ltr'><strong>In</strong></span> <span class='ocrx_word' id='word_1_401' title='bbox 989 1905 1033 1924; x_wconf 90' lang='lat' dir='ltr'><strong>rc-</strong></span> 
     </span>
    </p>
   </div>
   <div class='ocr_carea' id='block_1_50' title="bbox 241 1932 1034 1968">
    <p class='ocr_par' dir='ltr' id='par_1_50' title="bbox 241 1932 1034 1968">
     <span class='ocr_line' id='line_1_50' title="bbox 241 1932 1034 1968; baseline -0.003 -6"><span class='ocrx_word' id='word_1_402' title='bbox 241 1934 395 1962; x_wconf 83' lang='lat' dir='ltr'><strong>tnissionem</strong></span> <span class='ocrx_word' id='word_1_403' title='bbox 420 1938 601 1968; x_wconf 82' lang='lat' dir='ltr'><strong>peccatorum.</strong></span> <span class='ocrx_word' id='word_1_404' title='bbox 629 1933 754 1968; x_wconf 75' lang='lat' dir='ltr'><strong>Fortiter</strong></span> <span class='ocrx_word' id='word_1_405' title='bbox 768 1936 859 1968; x_wconf 82' lang='lat' dir='ltr'><strong>tenete</strong></span> <span class='ocrx_word' id='word_1_406' title='bbox 879 1952 901 1968; x_wconf 17' lang='lat'><strong>,7</strong></span> <span class='ocrx_word' id='word_1_407' title='bbox 921 1932 1034 1960; x_wconf 84' lang='lat' dir='ltr'><strong>fideliter</strong></span> 
     </span>
    </p>
   </div>
   <div class='ocr_carea' id='block_1_51' title="bbox 241 1967 1033 2005">
    <p class='ocr_par' dir='ltr' id='par_1_51' title="bbox 241 1967 1033 2005">
     <span class='ocr_line' id='line_1_51' title="bbox 241 1967 1033 2005; baseline -0.003 -8"><span class='ocrx_word' id='word_1_408' title='bbox 241 1973 347 2004; x_wconf 84' lang='lat' dir='ltr'><strong>sperate</strong></span> <span class='ocrx_word' id='word_1_409' title='bbox 359 1991 366 2002; x_wconf 85' lang='lat'><strong>,</strong></span> <span class='ocrx_word' id='word_1_410' title='bbox 376 1967 508 2005; x_wconf 86' lang='lat' dir='ltr'><strong>patienter</strong></span> <span class='ocrx_word' id='word_1_411' title='bbox 520 1972 672 2005; x_wconf 79' lang='lat' dir='ltr'><strong>exspectate</strong></span> <span class='ocrx_word' id='word_1_412' title='bbox 689 1977 694 1993; x_wconf 91' lang='lat'>:</span> <span class='ocrx_word' id='word_1_413' title='bbox 710 1967 835 2005; x_wconf 75' lang='lat' dir='ltr'><strong>reddetur</strong></span> <span class='ocrx_word' id='word_1_414' title='bbox 844 1967 917 2005; x_wconf 72' lang='lat' dir='ltr'><strong>vobis</strong></span> <span class='ocrx_word' id='word_1_415' title='bbox 930 1968 1033 2005; x_wconf 73' lang='lat' dir='ltr'><strong>novitas</strong></span> 
     </span>
    </p>
   </div>
   <div class='ocr_carea' id='block_1_52' title="bbox 241 2002 1033 2040">
    <p class='ocr_par' dir='ltr' id='par_1_52' title="bbox 241 2002 1033 2040">
     <span class='ocr_line' id='line_1_52' title="bbox 241 2002 1033 2040; baseline -0.003 -9"><span class='ocrx_word' id='word_1_416' title='bbox 241 2002 290 2040; x_wconf 80' lang='lat' dir='ltr'><strong>per</strong></span> <span class='ocrx_word' id='word_1_417' title='bbox 302 2002 465 2039; x_wconf 76' lang='lat' dir='ltr'><strong>Baptismum</strong></span> <span class='ocrx_word' id='word_1_418' title='bbox 476 2024 483 2037; x_wconf 92' lang='lat'><strong>,</strong></span> <span class='ocrx_word' id='word_1_419' title='bbox 499 2002 630 2031; x_wconf 59' lang='lat' dir='ltr'><strong>vetustate</strong></span> <span class='ocrx_word' id='word_1_420' title='bbox 644 2003 798 2040; x_wconf 76' lang='lat' dir='ltr'><strong>discedente</strong></span> <span class='ocrx_word' id='word_1_421' title='bbox 811 2011 817 2035; x_wconf 93' lang='lat'><strong>;</strong></span> <span class='ocrx_word' id='word_1_422' title='bbox 846 2002 1033 2040; x_wconf 79' lang='lat' dir='ltr'><strong>dconerabitur</strong></span> 
     </span>
    </p>
   </div>
   <div class='ocr_carea' id='block_1_53' title="bbox 241 2038 1033 2073">
    <p class='ocr_par' dir='ltr' id='par_1_53' title="bbox 241 2038 1033 2073">
     <span class='ocr_line' id='line_1_53' title="bbox 241 2038 1033 2073; baseline -0.003 -6"><span class='ocrx_word' id='word_1_423' title='bbox 241 2038 329 2067; x_wconf 79' lang='lat' dir='ltr'><strong>anima</strong></span> <span class='ocrx_word' id='word_1_424' title='bbox 342 2038 461 2067; x_wconf 73' lang='lat' dir='ltr'><strong>sarcinis</strong></span> <span class='ocrx_word' id='word_1_425' title='bbox 480 2043 649 2073; x_wconf 89' lang='lat' dir='ltr'><strong>peccatorum</strong></span> <span class='ocrx_word' id='word_1_426' title='bbox 660 2059 667 2071; x_wconf 86' lang='lat'><strong>,</strong></span> <span class='ocrx_word' id='word_1_427' title='bbox 683 2043 713 2064; x_wconf 95' lang='lat' dir='ltr'><strong>ut</strong></span> <span class='ocrx_word' id='word_1_428' title='bbox 739 2038 859 2064; x_wconf 79' lang='lat' dir='ltr'><strong>libertate</strong></span> <span class='ocrx_word' id='word_1_429' title='bbox 884 2045 959 2064; x_wconf 66' lang='lat' dir='ltr'><strong>novre</strong></span> <span class='ocrx_word' id='word_1_430' title='bbox 973 2039 1033 2065; x_wconf 70' lang='lat' dir='ltr'><strong>vitm</strong></span> 
     </span>
    </p>
   </div>
   <div class='ocr_carea' id='block_1_54' title="bbox 241 2072 1033 2107">
    <p class='ocr_par' dir='ltr' id='par_1_54' title="bbox 241 2072 1033 2107">
     <span class='ocr_line' id='line_1_54' title="bbox 241 2072 1033 2107; baseline -0.001 -6"><span class='ocrx_word' id='word_1_431' title='bbox 241 2075 348 2107; x_wconf 87' lang='lat' dir='ltr'><strong>induta,</strong></span> <span class='ocrx_word' id='word_1_432' title='bbox 380 2072 506 2101; x_wconf 83' lang='lat' dir='ltr'><strong>adversus</strong></span> <span class='ocrx_word' id='word_1_433' title='bbox 534 2074 668 2101; x_wconf 87' lang='lat' dir='ltr'><strong>diabolum</strong></span> <span class='ocrx_word' id='word_1_434' title='bbox 694 2081 753 2100; x_wconf 91' lang='lat' dir='ltr'><strong>cum</strong></span> <span class='ocrx_word' id='word_1_435' title='bbox 779 2073 911 2107; x_wconf 87' lang='lat' dir='ltr'><strong>adjutorio</strong></span> <span class='ocrx_word' id='word_1_436' title='bbox 942 2072 1033 2100; x_wconf 90' lang='lat' dir='ltr'><strong>divino</strong></span> 
     </span>
    </p>
   </div>
   <div class='ocr_carea' id='block_1_55' title="bbox 241 2108 1033 2142">
    <p class='ocr_par' dir='ltr' id='par_1_55' title="bbox 241 2108 1033 2142">
     <span class='ocr_line' id='line_1_55' title="bbox 241 2108 1033 2142; baseline -0.001 -6"><span class='ocrx_word' id='word_1_437' title='bbox 241 2110 329 2136; x_wconf 86' lang='lat' dir='ltr'><strong>valeat</strong></span> <span class='ocrx_word' id='word_1_438' title='bbox 354 2109 459 2136; x_wconf 83' lang='lat' dir='ltr'><strong>fortiter</strong></span> <span class='ocrx_word' id='word_1_439' title='bbox 483 2108 624 2140; x_wconf 79' lang='lat' dir='ltr'><strong>dimicare,</strong></span> <span class='ocrx_word' id='word_1_440' title='bbox 653 2115 768 2142; x_wconf 90' lang='lat' dir='ltr'><strong>eumque</strong></span> <span class='ocrx_word' id='word_1_441' title='bbox 792 2115 807 2134; x_wconf 88' lang='lat' dir='ltr'><strong>a</strong></span> <span class='ocrx_word' id='word_1_442' title='bbox 833 2115 886 2142; x_wconf 93' lang='lat' dir='ltr'><strong>quo</strong></span> <span class='ocrx_word' id='word_1_443' title='bbox 910 2114 1033 2142; x_wconf 88' lang='lat' dir='ltr'><strong>superata</strong></span> 
     </span>
    </p>
   </div>
   <div class='ocr_carea' id='block_1_56' title="bbox 241 2142 1033 2179">
    <p class='ocr_par' dir='ltr' id='par_1_56' title="bbox 241 2142 1033 2179">
     <span class='ocr_line' id='line_1_56' title="bbox 241 2142 1033 2179; baseline 0 -8"><span class='ocrx_word' id='word_1_444' title='bbox 241 2149 282 2171; x_wconf 87' lang='lat' dir='ltr'><strong>est</strong></span> <span class='ocrx_word' id='word_1_445' title='bbox 308 2145 342 2171; x_wconf 91' lang='lat' dir='ltr'><strong>ita</strong></span> <span class='ocrx_word' id='word_1_446' title='bbox 366 2148 490 2179; x_wconf 85' lang='lat' dir='ltr'><strong>superet,</strong></span> <span class='ocrx_word' id='word_1_447' title='bbox 506 2147 534 2171; x_wconf 91' lang='lat' dir='ltr'><strong>ut</strong></span> <span class='ocrx_word' id='word_1_448' title='bbox 552 2144 578 2170; x_wconf 93' lang='lat' dir='ltr'><strong>in</strong></span> <span class='ocrx_word' id='word_1_449' title='bbox 594 2151 675 2177; x_wconf 83' lang='lat' dir='ltr'><strong>regno</strong></span> <span class='ocrx_word' id='word_1_450' title='bbox 703 2143 749 2169; x_wconf 86' lang='lat' dir='ltr'><strong>Dei</strong></span> <span class='ocrx_word' id='word_1_451' title='bbox 773 2142 962 2179; x_wconf 73' lang='lat' dir='ltr'><strong>translata,dc</strong></span> <span class='ocrx_word' id='word_1_452' title='bbox 985 2143 1033 2171; x_wconf 90' lang='lat' dir='ltr'><strong>ho-</strong></span> 
     </span>
    </p>
   </div>
   <div class='ocr_carea' id='block_1_57' title="bbox 240 2178 1031 2213">
    <p class='ocr_par' dir='ltr' id='par_1_57' title="bbox 240 2178 1031 2213">
     <span class='ocr_line' id='line_1_57' title="bbox 240 2178 1031 2213; baseline -0.001 -7"><span class='ocrx_word' id='word_1_453' title='bbox 240 2183 281 2207; x_wconf 86' lang='lat' dir='ltr'><strong>ste</strong></span> <span class='ocrx_word' id='word_1_454' title='bbox 305 2178 408 2206; x_wconf 88' lang='lat' dir='ltr'><strong>devicto</strong></span> <span class='ocrx_word' id='word_1_455' title='bbox 433 2185 525 2207; x_wconf 90' lang='lat' dir='ltr'><strong>secura</strong></span> <span class='ocrx_word' id='word_1_456' title='bbox 542 2200 548 2210; x_wconf 88' lang='lat'><strong>,</strong></span> <span class='ocrx_word' id='word_1_457' title='bbox 570 2183 664 2213; x_wconf 84' lang='lat' dir='ltr'><strong>regnet</strong></span> <span class='ocrx_word' id='word_1_458' title='bbox 673 2186 732 2205; x_wconf 92' lang='lat' dir='ltr'><strong>cum</strong></span> <span class='ocrx_word' id='word_1_459' title='bbox 747 2185 796 2204; x_wconf 90' lang='lat' dir='ltr'><strong>suo</strong></span> <span class='ocrx_word' id='word_1_460' title='bbox 819 2178 903 2212; x_wconf 86' lang='lat' dir='ltr'><strong>capite</strong></span> <span class='ocrx_word' id='word_1_461' title='bbox 915 2178 1031 2206; x_wconf 87' lang='lat' dir='ltr'><strong>Christo.</strong></span> 
     </span>
    </p>
   </div>
   <div class='ocr_carea' id='block_1_58' title="bbox 276 2213 1032 2242">
    <p class='ocr_par' dir='ltr' id='par_1_58' title="bbox 276 2213 1032 2242">
     <span class='ocr_line' id='line_1_58' title="bbox 276 2213 1032 2242; baseline 0 -1"><span class='ocrx_word' id='word_1_462' title='bbox 276 2213 389 2242; x_wconf 82' lang='lat' dir='ltr'><strong>CAPUT</strong></span> <span class='ocrx_word' id='word_1_463' title='bbox 404 2214 450 2242; x_wconf 81' lang='lat' dir='ltr'><strong>XI.</strong></span> <span class='ocrx_word' id='word_1_464' title='bbox 465 2229 499 2234; x_wconf 90' lang='lat'><strong><em>——</em></strong></span> <span class='ocrx_word' id='word_1_465' title='bbox 514 2215 557 2241; x_wconf 83' lang='grc' dir='ltr'>Η.</span> <span class='ocrx_word' id='word_1_466' title='bbox 575 2214 612 2241; x_wconf 86' lang='lat' dir='ltr'><strong>De</strong></span> <span class='ocrx_word' id='word_1_467' title='bbox 626 2213 807 2240; x_wconf 79' lang='lat' dir='ltr'><strong>resurrectione</strong></span> <span class='ocrx_word' id='word_1_468' title='bbox 831 2213 925 2240; x_wconf 79' lang='lat' dir='ltr'><strong>carnis.</strong></span> <span class='ocrx_word' id='word_1_469' title='bbox 939 2213 1032 2241; x_wconf 88' lang='lat' dir='ltr'><strong>Carnis</strong></span> 
     </span>
    </p>
   </div>
   <div class='ocr_carea' id='block_1_59' title="bbox 241 2249 1031 2284">
    <p class='ocr_par' dir='ltr' id='par_1_59' title="bbox 241 2249 1031 2284">
     <span class='ocr_line' id='line_1_59' title="bbox 241 2249 1031 2284; baseline -0.001 -7"><span class='ocrx_word' id='word_1_470' title='bbox 241 2250 472 2277; x_wconf 83' lang='lat' dir='ltr'><strong>resurrectionem.</strong></span> <span class='ocrx_word' id='word_1_471' title='bbox 485 2249 576 2284; x_wconf 82' lang='lat' dir='ltr'><strong>Magna</strong></span> <span class='ocrx_word' id='word_1_472' title='bbox 593 2249 660 2277; x_wconf 82' lang='lat' dir='ltr'><strong>ﬁdes</strong></span> <span class='ocrx_word' id='word_1_473' title='bbox 670 2253 711 2276; x_wconf 89' lang='lat' dir='ltr'><strong>est</strong></span> <span class='ocrx_word' id='word_1_474' title='bbox 724 2249 873 2284; x_wconf 85' lang='lat' dir='ltr'><strong>necessaria</strong></span> <span class='ocrx_word' id='word_1_475' title='bbox 885 2269 894 2284; x_wconf 22' lang='grc' dir='ltr'><strong>,ν</strong></span> <span class='ocrx_word' id='word_1_476' title='bbox 907 2249 1031 2283; x_wconf 86' lang='lat' dir='ltr'><strong>quoniam</strong></span> 
     </span>
    </p>
   </div>
   <div class='ocr_carea' id='block_1_60' title="bbox 240 2283 1031 2320">
    <p class='ocr_par' dir='ltr' id='par_1_60' title="bbox 240 2283 1031 2320">
     <span class='ocr_line' id='line_1_60' title="bbox 240 2283 1031 2320; baseline -0.001 -8"><span class='ocrx_word' id='word_1_477' title='bbox 240 2292 365 2319; x_wconf 80' lang='lat' dir='ltr'><strong>magnum</strong></span> <span class='ocrx_word' id='word_1_478' title='bbox 380 2285 517 2320; x_wconf 69' lang='lat' dir='ltr'><strong>prrcmium</strong></span> <span class='ocrx_word' id='word_1_479' title='bbox 529 2283 710 2320; x_wconf 72' lang='lat' dir='ltr'><strong>promittitur.</strong></span> <span class='ocrx_word' id='word_1_480' title='bbox 738 2283 793 2320; x_wconf 82' lang='lat' dir='ltr'><strong>Nec</strong></span> <span class='ocrx_word' id='word_1_481' title='bbox 807 2283 949 2311; x_wconf 87' lang='lat' dir='ltr'><strong>attendatis</strong></span> <span class='ocrx_word' id='word_1_482' title='bbox 969 2285 1031 2319; x_wconf 90' lang='lat' dir='ltr'><strong>quid</strong></span> 
     </span>
    </p>
   </div>
   <div class='ocr_carea' id='block_1_61' title="bbox 243 2319 1029 2354">
    <p class='ocr_par' dir='ltr' id='par_1_61' title="bbox 243 2319 1029 2354">
     <span class='ocr_line' id='line_1_61' title="bbox 243 2319 1029 2354; baseline -0.003 -7"><span class='ocrx_word' id='word_1_483' title='bbox 243 2328 312 2347; x_wconf 91' lang='lat' dir='ltr'><strong>nunc</strong></span> <span class='ocrx_word' id='word_1_484' title='bbox 337 2319 386 2353; x_wconf 68' lang='lat' dir='ltr'><strong>ﬁt,</strong></span> <span class='ocrx_word' id='word_1_485' title='bbox 406 2320 452 2347; x_wconf 88' lang='lat' dir='ltr'><strong>sed</strong></span> <span class='ocrx_word' id='word_1_486' title='bbox 464 2319 526 2354; x_wconf 91' lang='lat' dir='ltr'><strong>quid</strong></span> <span class='ocrx_word' id='word_1_487' title='bbox 541 2319 605 2347; x_wconf 80' lang='lat' dir='ltr'><strong>tunc</strong></span> <span class='ocrx_word' id='word_1_488' title='bbox 620 2320 667 2346; x_wconf 83' lang='lat' dir='ltr'><strong>Iitl</strong></span> <span class='ocrx_word' id='word_1_489' title='bbox 681 2329 688 2347; x_wconf 91' lang='lat'><strong>:</strong></span> <span class='ocrx_word' id='word_1_490' title='bbox 703 2319 774 2354; x_wconf 93' lang='lat' dir='ltr'><strong>quod</strong></span> <span class='ocrx_word' id='word_1_491' title='bbox 794 2320 864 2346; x_wconf 87' lang='lat' dir='ltr'><strong>enim</strong></span> <span class='ocrx_word' id='word_1_492' title='bbox 888 2327 959 2346; x_wconf 88' lang='lat' dir='ltr'><strong>nunc</strong></span> <span class='ocrx_word' id='word_1_493' title='bbox 981 2320 1010 2346; x_wconf 85' lang='lat' dir='ltr'><strong>lit</strong></span> <span class='ocrx_word' id='word_1_494' title='bbox 1023 2341 1029 2353; x_wconf 80' lang='grc'><em>,</em></span> 
     </span>
    </p>
   </div>
   <div class='ocr_carea' id='block_1_62' title="bbox 240 2355 1032 2388">
    <p class='ocr_par' dir='ltr' id='par_1_62' title="bbox 240 2355 1032 2388">
     <span class='ocr_line' id='line_1_62' title="bbox 240 2355 1032 2388; baseline 0 -6"><span class='ocrx_word' id='word_1_495' title='bbox 240 2356 338 2382; x_wconf 86' lang='lat' dir='ltr'><strong>multos</strong></span> <span class='ocrx_word' id='word_1_496' title='bbox 351 2361 448 2383; x_wconf 91' lang='lat' dir='ltr'><strong>movet.</strong></span> <span class='ocrx_word' id='word_1_497' title='bbox 464 2355 547 2388; x_wconf 83' lang='lat' dir='ltr'><strong>Quem</strong></span> <span class='ocrx_word' id='word_1_498' title='bbox 570 2355 641 2382; x_wconf 87' lang='lat' dir='ltr'><strong>enim</strong></span> <span class='ocrx_word' id='word_1_499' title='bbox 665 2363 719 2382; x_wconf 88' lang='lat' dir='ltr'><strong>non</strong></span> <span class='ocrx_word' id='word_1_500' title='bbox 743 2359 849 2388; x_wconf 85' lang='lat' dir='ltr'><strong>movet,</strong></span> <span class='ocrx_word' id='word_1_501' title='bbox 872 2362 933 2382; x_wconf 91' lang='lat' dir='ltr'><strong>cum</strong></span> <span class='ocrx_word' id='word_1_502' title='bbox 959 2355 1032 2382; x_wconf 89' lang='lat' dir='ltr'><strong>videt</strong></span> 
     </span>
    </p>
   </div>
   <div class='ocr_carea' id='block_1_63' title="bbox 241 2390 1032 2425">
    <p class='ocr_par' dir='ltr' id='par_1_63' title="bbox 241 2390 1032 2425">
     <span class='ocr_line' id='line_1_63' title="bbox 241 2390 1032 2425; baseline 0 -8"><span class='ocrx_word' id='word_1_503' title='bbox 241 2396 339 2417; x_wconf 83' lang='lat' dir='ltr'><strong>tantam</strong></span> <span class='ocrx_word' id='word_1_504' title='bbox 352 2392 469 2425; x_wconf 85' lang='lat' dir='ltr'><strong>speciem</strong></span> <span class='ocrx_word' id='word_1_505' title='bbox 481 2411 487 2421; x_wconf 83' lang='lat'><strong><em>.</em></strong></span> <span class='ocrx_word' id='word_1_506' title='bbox 503 2395 602 2417; x_wconf 88' lang='lat' dir='ltr'><strong>tantam</strong></span> <span class='ocrx_word' id='word_1_507' title='bbox 618 2390 839 2425; x_wconf 87' lang='lat' dir='ltr'><strong>pulchritudinem</strong></span> <span class='ocrx_word' id='word_1_508' title='bbox 850 2411 858 2422; x_wconf 90' lang='lat'><strong>,</strong></span> <span class='ocrx_word' id='word_1_509' title='bbox 876 2394 1032 2425; x_wconf 90' lang='lat' dir='ltr'><strong>tantumque</strong></span> 
     </span>
    </p>
   </div>
   <div class='ocr_carea' id='block_1_64' title="bbox 240 2425 1029 2459">
    <p class='ocr_par' dir='ltr' id='par_1_64' title="bbox 240 2425 1029 2459">
     <span class='ocr_line' id='line_1_64' title="bbox 240 2425 1029 2459; baseline 0 -7"><span class='ocrx_word' id='word_1_510' title='bbox 240 2426 364 2452; x_wconf 84' lang='lat' dir='ltr'><strong>decorem</strong></span> <span class='ocrx_word' id='word_1_511' title='bbox 375 2447 382 2458; x_wconf 83' lang='lat'><strong>,</strong></span> <span class='ocrx_word' id='word_1_512' title='bbox 397 2426 530 2453; x_wconf 86' lang='lat' dir='ltr'><strong>hominem</strong></span> <span class='ocrx_word' id='word_1_513' title='bbox 545 2426 688 2453; x_wconf 86' lang='lat' dir='ltr'><strong>formatum</strong></span> <span class='ocrx_word' id='word_1_514' title='bbox 712 2425 809 2452; x_wconf 80' lang='lat' dir='ltr'><strong>resolvi</strong></span> <span class='ocrx_word' id='word_1_515' title='bbox 838 2425 864 2452; x_wconf 92' lang='lat' dir='ltr'><strong>in</strong></span> <span class='ocrx_word' id='word_1_516' title='bbox 884 2425 1007 2459; x_wconf 89' lang='lat' dir='ltr'><strong>pulvcrcs</strong></span> <span class='ocrx_word' id='word_1_517' title='bbox 1022 2446 1029 2459; x_wconf 88' lang='lat'><strong>,</strong></span> 
     </span>
    </p>
   </div>
   <div class='ocr_carea' id='block_1_65' title="bbox 240 2459 1029 2496">
    <p class='ocr_par' dir='ltr' id='par_1_65' title="bbox 240 2459 1029 2496">
     <span class='ocr_line' id='line_1_65' title="bbox 240 2459 1029 2496; baseline 0 -9"><span class='ocrx_word' id='word_1_518' title='bbox 240 2468 300 2487; x_wconf 84' lang='lat' dir='ltr'><strong>ossa</strong></span> <span class='ocrx_word' id='word_1_519' title='bbox 313 2461 445 2496; x_wconf 89' lang='lat' dir='ltr'><strong>dispergi,</strong></span> <span class='ocrx_word' id='word_1_520' title='bbox 461 2466 557 2488; x_wconf 92' lang='lat' dir='ltr'><strong>terram</strong></span> <span class='ocrx_word' id='word_1_521' title='bbox 581 2465 658 2487; x_wconf 70' lang='lat' dir='ltr'><strong>terra:</strong></span> <span class='ocrx_word' id='word_1_522' title='bbox 671 2459 809 2488; x_wconf 86' lang='lat' dir='ltr'><strong>mandari?</strong></span> <span class='ocrx_word' id='word_1_523' title='bbox 830 2460 887 2487; x_wconf 88' lang='lat' dir='ltr'><strong>Non</strong></span> <span class='ocrx_word' id='word_1_524' title='bbox 903 2464 929 2488; x_wconf 93' lang='lat' dir='ltr'><strong>te</strong></span> <span class='ocrx_word' id='word_1_525' title='bbox 953 2460 1002 2487; x_wconf 88' lang='lat' dir='ltr'><strong>ista</strong></span> <span class='ocrx_word' id='word_1_526' title='bbox 1022 2481 1029 2493; x_wconf 93' lang='lat'><strong>,</strong></span> 
     </span>
    </p>
   </div>
   <div class='ocr_carea' id='block_1_66' title="bbox 239 2495 1030 2529">
    <p class='ocr_par' dir='ltr' id='par_1_66' title="bbox 239 2495 1030 2529">
     <span class='ocr_line' id='line_1_66' title="bbox 239 2495 1030 2529; baseline 0 -7"><span class='ocrx_word' id='word_1_527' title='bbox 239 2495 400 2527; x_wconf 79' lang='lat' dir='ltr'><strong>christiane.</strong></span> <span class='ocrx_word' id='word_1_528' title='bbox 419 2496 581 2523; x_wconf 86' lang='lat' dir='ltr'><strong>deterreant.</strong></span> <span class='ocrx_word' id='word_1_529' title='bbox 610 2496 760 2523; x_wconf 86' lang='lat' dir='ltr'><strong>Seminatus</strong></span> <span class='ocrx_word' id='word_1_530' title='bbox 788 2500 830 2523; x_wconf 88' lang='lat' dir='ltr'><strong>est</strong></span> <span class='ocrx_word' id='word_1_531' title='bbox 854 2496 950 2529; x_wconf 90' lang='lat' dir='ltr'><strong>homo,</strong></span> <span class='ocrx_word' id='word_1_532' title='bbox 977 2503 1030 2522; x_wconf 93' lang='lat' dir='ltr'><strong>nou</strong></span> 
     </span>
    </p>
   </div>
   <div class='ocr_carea' id='block_1_67' title="bbox 239 2530 1030 2566">
    <p class='ocr_par' dir='ltr' id='par_1_67' title="bbox 239 2530 1030 2566">
     <span class='ocr_line' id='line_1_67' title="bbox 239 2530 1030 2566; baseline 0 -8"><span class='ocrx_word' id='word_1_533' title='bbox 239 2531 369 2565; x_wconf 83' lang='lat' dir='ltr'><strong>perditus.</strong></span> <span class='ocrx_word' id='word_1_534' title='bbox 382 2532 476 2558; x_wconf 80' lang='lat' dir='ltr'><strong>Anima</strong></span> <span class='ocrx_word' id='word_1_535' title='bbox 489 2531 596 2566; x_wconf 90' lang='lat' dir='ltr'><strong>quidem</strong></span> <span class='ocrx_word' id='word_1_536' title='bbox 609 2531 763 2558; x_wconf 84' lang='lat' dir='ltr'><strong>discedente</strong></span> <span class='ocrx_word' id='word_1_537' title='bbox 777 2530 957 2559; x_wconf 84' lang='lat' dir='ltr'><strong>habitaculum</strong></span> <span class='ocrx_word' id='word_1_538' title='bbox 972 2531 1030 2566; x_wconf 86' lang='lat' dir='ltr'><strong>ejus</strong></span> 
     </span>
    </p>
   </div>
   <div class='ocr_carea' id='block_1_68' title="bbox 272 2596 830 2630">
    <p class='ocr_par' dir='ltr' id='par_1_68' title="bbox 272 2596 830 2630">
     <span class='ocr_line' id='line_1_68' title="bbox 272 2596 830 2630; baseline 0 -7"><span class='ocrx_word' id='word_1_539' title='bbox 272 2598 281 2614; x_wconf 85' lang='grc' dir='ltr'><strong>ι</strong></span> <span class='ocrx_word' id='word_1_540' title='bbox 298 2600 396 2629; x_wconf 66' lang='lat' dir='ltr'><strong>Intus,</strong></span> <span class='ocrx_word' id='word_1_541' title='bbox 408 2597 538 2629; x_wconf 70' lang='lat' dir='ltr'><strong>quidam</strong></span> <span class='ocrx_word' id='word_1_542' title='bbox 548 2597 589 2630; x_wconf 72' lang='lat' dir='ltr'><strong>tit,</strong></span> <span class='ocrx_word' id='word_1_543' title='bbox 601 2597 644 2624; x_wconf 82' lang='lat' dir='ltr'><strong>sed</strong></span> <span class='ocrx_word' id='word_1_544' title='bbox 654 2596 830 2630; x_wconf 74' lang='lat' dir='ltr'><strong>nmquidﬁt.</strong></span> 
     </span>
    </p>
   </div>
   <div class='ocr_carea' id='block_1_69' title="bbox 684 184 1399 217">
    <p class='ocr_par' dir='ltr' id='par_1_69' title="bbox 684 184 1399 217">
     <span class='ocr_line' id='line_1_69' title="bbox 684 184 1399 217; baseline -0.008 0"><span class='ocrx_word' id='word_1_545' title='bbox 684 188 729 217; x_wconf 85' lang='lat' dir='ltr'><strong>DE</strong></span> <span class='ocrx_word' id='word_1_546' title='bbox 747 185 904 217; x_wconf 79' lang='lat' dir='ltr'><strong>SYMBOLO</strong></span> <span class='ocrx_word' id='word_1_547' title='bbox 923 184 1036 213; x_wconf 75' lang='lat' dir='ltr'><strong>SEIIMO</strong></span> <span class='ocrx_word' id='word_1_548' title='bbox 1054 184 1100 213; x_wconf 75' lang='lat' dir='ltr'><strong>AD</strong></span> <span class='ocrx_word' id='word_1_549' title='bbox 1117 184 1399 215; x_wconf 79' lang='lat' dir='ltr'><strong>CATECHUMENOS.</strong></span> 
     </span>
    </p>
   </div>
   <div class='ocr_carea' id='block_1_70' title="bbox 1821 185 1878 217">
    <p class='ocr_par' dir='ltr' id='par_1_70' title="bbox 1821 185 1878 217">
     <span class='ocr_line' id='line_1_70' title="bbox 1821 185 1878 217; baseline 0 -2"><span class='ocrx_word' id='word_1_550' title='bbox 1821 185 1878 217; x_wconf 66' lang='lat'><strong>668</strong></span> 
     </span>
    </p>
   </div>
   <div class='ocr_carea' id='block_1_71' title="bbox 1083 241 1874 279">
    <p class='ocr_par' dir='ltr' id='par_1_71' title="bbox 1083 241 1874 279">
     <span class='ocr_line' id='line_1_71' title="bbox 1083 241 1874 279; baseline 0 -8"><span class='ocrx_word' id='word_1_551' title='bbox 1083 244 1213 271; x_wconf 87' lang='lat' dir='ltr'><strong>solvitur:</strong></span> <span class='ocrx_word' id='word_1_552' title='bbox 1229 252 1280 272; x_wconf 92' lang='lat' dir='ltr'><strong>non</strong></span> <span class='ocrx_word' id='word_1_553' title='bbox 1295 249 1335 271; x_wconf 88' lang='lat' dir='ltr'><strong>est</strong></span> <span class='ocrx_word' id='word_1_554' title='bbox 1350 244 1419 271; x_wconf 88' lang='lat' dir='ltr'><strong>enim</strong></span> <span class='ocrx_word' id='word_1_555' title='bbox 1434 247 1531 278; x_wconf 58' lang='lat' dir='ltr'><strong>praesto</strong></span> <span class='ocrx_word' id='word_1_556' title='bbox 1546 242 1589 270; x_wconf 86' lang='lat' dir='ltr'><strong>illa</strong></span> <span class='ocrx_word' id='word_1_557' title='bbox 1604 241 1712 271; x_wconf 81' lang='lat' dir='ltr'><strong>domina</strong></span> <span class='ocrx_word' id='word_1_558' title='bbox 1722 263 1730 275; x_wconf 88' lang='lat'><strong>,</strong></span> <span class='ocrx_word' id='word_1_559' title='bbox 1753 250 1814 279; x_wconf 65' lang='lat' dir='ltr'><strong>quae</strong></span> <span class='ocrx_word' id='word_1_560' title='bbox 1825 251 1874 271; x_wconf 92' lang='lat' dir='ltr'><strong>cu-</strong></span> 
     </span>
    </p>
   </div>
   <div class='ocr_carea' id='block_1_72' title="bbox 1085 278 1872 314">
    <p class='ocr_par' dir='ltr' id='par_1_72' title="bbox 1085 278 1872 314">
     <span class='ocr_line' id='line_1_72' title="bbox 1085 278 1872 314; baseline 0 -8"><span class='ocrx_word' id='word_1_561' title='bbox 1085 287 1140 306; x_wconf 91' lang='lat' dir='ltr'><strong>ram</strong></span> <span class='ocrx_word' id='word_1_562' title='bbox 1153 284 1226 314; x_wconf 82' lang='lat' dir='ltr'><strong>gerat</strong></span> <span class='ocrx_word' id='word_1_563' title='bbox 1246 280 1323 307; x_wconf 70' lang='lat' dir='ltr'><strong>Inter,</strong></span> <span class='ocrx_word' id='word_1_564' title='bbox 1337 280 1430 307; x_wconf 83' lang='lat' dir='ltr'><strong>domus</strong></span> <span class='ocrx_word' id='word_1_565' title='bbox 1440 300 1446 310; x_wconf 95' lang='lat'><strong>,</strong></span> <span class='ocrx_word' id='word_1_566' title='bbox 1461 283 1539 313; x_wconf 89' lang='lat' dir='ltr'><strong>atque</strong></span> <span class='ocrx_word' id='word_1_567' title='bbox 1549 278 1607 312; x_wconf 88' lang='lat' dir='ltr'><strong>ejus</strong></span> <span class='ocrx_word' id='word_1_568' title='bbox 1621 282 1756 307; x_wconf 78' lang='lat' dir='ltr'><strong>restauret</strong></span> <span class='ocrx_word' id='word_1_569' title='bbox 1772 279 1872 307; x_wconf 85' lang='lat' dir='ltr'><strong>ruinas.</strong></span> 
     </span>
    </p>
   </div>
   <div class='ocr_carea' id='block_1_73' title="bbox 1086 314 1874 350">
    <p class='ocr_par' dir='ltr' id='par_1_73' title="bbox 1086 314 1874 350">
     <span class='ocr_line' id='line_1_73' title="bbox 1086 314 1874 350; baseline 0.001 -9"><span class='ocrx_word' id='word_1_570' title='bbox 1086 314 1164 341; x_wconf 86' lang='lat' dir='ltr'><strong>Vadit</strong></span> <span class='ocrx_word' id='word_1_571' title='bbox 1177 316 1268 347; x_wconf 87' lang='lat' dir='ltr'><strong>enim,</strong></span> <span class='ocrx_word' id='word_1_572' title='bbox 1297 319 1324 342; x_wconf 86' lang='lat' dir='ltr'><strong>ut</strong></span> <span class='ocrx_word' id='word_1_573' title='bbox 1350 322 1445 350; x_wconf 79' lang='lat' dir='ltr'><strong>magno</strong></span> <span class='ocrx_word' id='word_1_574' title='bbox 1467 314 1577 350; x_wconf 66' lang='grc' dir='ltr'>ιιι-ωηιῙο</span> <span class='ocrx_word' id='word_1_575' title='bbox 1599 321 1712 350; x_wconf 83' lang='lat' dir='ltr'><strong>regnum</strong></span> <span class='ocrx_word' id='word_1_576' title='bbox 1734 319 1874 350; x_wconf 76' lang='lat' dir='ltr'><strong>comparet</strong></span> 
     </span>
    </p>
   </div>
   <div class='ocr_carea' id='block_1_74' title="bbox 1085 349 1875 384">
    <p class='ocr_par' dir='ltr' id='par_1_74' title="bbox 1085 349 1875 384">
     <span class='ocr_line' id='line_1_74' title="bbox 1085 349 1875 384; baseline 0.003 -8"><span class='ocrx_word' id='word_1_577' title='bbox 1085 350 1284 383; x_wconf 83' lang='lat' dir='ltr'><strong>sempiternum.</strong></span> <span class='ocrx_word' id='word_1_578' title='bbox 1301 350 1367 384; x_wconf 88' lang='lat' dir='ltr'><strong>Quid</strong></span> <span class='ocrx_word' id='word_1_579' title='bbox 1389 357 1452 384; x_wconf 84' lang='lat' dir='ltr'><strong>ergo</strong></span> <span class='ocrx_word' id='word_1_580' title='bbox 1474 349 1585 381; x_wconf 88' lang='lat' dir='ltr'><strong>metuis,</strong></span> <span class='ocrx_word' id='word_1_581' title='bbox 1601 356 1618 376; x_wconf 92' lang='grc' dir='ltr'><strong>ο</strong></span> <span class='ocrx_word' id='word_1_582' title='bbox 1639 349 1746 377; x_wconf 84' lang='lat' dir='ltr'><strong>anima?</strong></span> <span class='ocrx_word' id='word_1_583' title='bbox 1768 349 1875 378; x_wconf 84' lang='lat' dir='ltr'><strong>Christo</strong></span> 
     </span>
    </p>
   </div>
   <div class='ocr_carea' id='block_1_75' title="bbox 1085 384 1873 419">
    <p class='ocr_par' dir='ltr' id='par_1_75' title="bbox 1085 384 1873 419">
     <span class='ocr_line' id='line_1_75' title="bbox 1085 384 1873 419; baseline 0.003 -8"><span class='ocrx_word' id='word_1_584' title='bbox 1085 384 1197 411; x_wconf 92' lang='lat' dir='ltr'><strong>Domino</strong></span> <span class='ocrx_word' id='word_1_585' title='bbox 1211 386 1295 412; x_wconf 87' lang='lat' dir='ltr'><strong>dicata</strong></span> <span class='ocrx_word' id='word_1_586' title='bbox 1308 393 1354 417; x_wconf 84' lang='lat' dir='ltr'><strong>es;</strong></span> <span class='ocrx_word' id='word_1_587' title='bbox 1369 390 1447 419; x_wconf 89' lang='lat' dir='ltr'><strong>atque</strong></span> <span class='ocrx_word' id='word_1_588' title='bbox 1461 384 1518 419; x_wconf 91' lang='lat' dir='ltr'><strong>ipso</strong></span> <span class='ocrx_word' id='word_1_589' title='bbox 1530 384 1646 411; x_wconf 88' lang='lat' dir='ltr'><strong>donante</strong></span> <span class='ocrx_word' id='word_1_590' title='bbox 1667 384 1736 412; x_wconf 89' lang='lat' dir='ltr'><strong>bene</strong></span> <span class='ocrx_word' id='word_1_591' title='bbox 1746 385 1813 412; x_wconf 80' lang='lat' dir='ltr'><strong>vivis</strong></span> <span class='ocrx_word' id='word_1_592' title='bbox 1823 406 1830 417; x_wconf 85' lang='lat'><strong>,</strong></span> <span class='ocrx_word' id='word_1_593' title='bbox 1846 389 1873 413; x_wconf 87' lang='lat' dir='ltr'><strong>et</strong></span> 
     </span>
    </p>
   </div>
   <div class='ocr_carea' id='block_1_76' title="bbox 1084 419 1873 455">
    <p class='ocr_par' dir='ltr' id='par_1_76' title="bbox 1084 419 1873 455">
     <span class='ocr_line' id='line_1_76' title="bbox 1084 419 1873 455; baseline 0.003 -9"><span class='ocrx_word' id='word_1_594' title='bbox 1084 419 1116 446; x_wconf 92' lang='lat' dir='ltr'><strong>ad</strong></span> <span class='ocrx_word' id='word_1_595' title='bbox 1132 428 1241 454; x_wconf 83' lang='lat' dir='ltr'><strong>regnum</strong></span> <span class='ocrx_word' id='word_1_596' title='bbox 1256 421 1302 448; x_wconf 81' lang='lat' dir='ltr'><strong>Dei</strong></span> <span class='ocrx_word' id='word_1_597' title='bbox 1316 421 1455 455; x_wconf 82' lang='lat' dir='ltr'><strong>pervenire</strong></span> <span class='ocrx_word' id='word_1_598' title='bbox 1469 419 1729 455; x_wconf 31' lang='lat' dir='ltr'><strong>contettdisalltquid</strong></span> <span class='ocrx_word' id='word_1_599' title='bbox 1744 419 1873 448; x_wconf 76' lang='lat' dir='ltr'><strong>formidas</strong></span> 
     </span>
    </p>
   </div>
   <div class='ocr_carea' id='block_1_77' title="bbox 1084 453 1875 490">
    <p class='ocr_par' dir='ltr' id='par_1_77' title="bbox 1084 453 1875 490">
     <span class='ocr_line' id='line_1_77' title="bbox 1084 453 1875 490; baseline 0.003 -9"><span class='ocrx_word' id='word_1_600' title='bbox 1084 453 1232 482; x_wconf 82' lang='lat' dir='ltr'><strong>vehiculum</strong></span> <span class='ocrx_word' id='word_1_601' title='bbox 1247 453 1363 482; x_wconf 86' lang='lat' dir='ltr'><strong>mortis?</strong></span> <span class='ocrx_word' id='word_1_602' title='bbox 1376 454 1554 482; x_wconf 60' lang='lat' dir='ltr'><strong>Proticisceris</strong></span> <span class='ocrx_word' id='word_1_603' title='bbox 1565 453 1691 489; x_wconf 48' lang='lat' dir='ltr'><strong>quidem}</strong></span> <span class='ocrx_word' id='word_1_604' title='bbox 1713 460 1740 483; x_wconf 90' lang='lat' dir='ltr'><strong>et</strong></span> <span class='ocrx_word' id='word_1_605' title='bbox 1749 455 1875 490; x_wconf 81' lang='lat' dir='ltr'><strong>injuriam</strong></span> 
     </span>
    </p>
   </div>
   <div class='ocr_carea' id='block_1_78' title="bbox 1085 490 1874 524">
    <p class='ocr_par' dir='ltr' id='par_1_78' title="bbox 1085 490 1874 524">
     <span class='ocr_line' id='line_1_78' title="bbox 1085 490 1874 524; baseline 0 -7"><span class='ocrx_word' id='word_1_606' title='bbox 1085 490 1200 524; x_wconf 91' lang='lat' dir='ltr'><strong>patietur</strong></span> <span class='ocrx_word' id='word_1_607' title='bbox 1212 490 1245 517; x_wconf 91' lang='lat' dir='ltr'><strong>ad</strong></span> <span class='ocrx_word' id='word_1_608' title='bbox 1259 495 1363 524; x_wconf 84' lang='lat' dir='ltr'><strong>tempus</strong></span> <span class='ocrx_word' id='word_1_609' title='bbox 1377 498 1439 517; x_wconf 89' lang='lat' dir='ltr'><strong>caro</strong></span> <span class='ocrx_word' id='word_1_610' title='bbox 1455 494 1497 516; x_wconf 91' lang='lat' dir='ltr'><strong>tua</strong></span> <span class='ocrx_word' id='word_1_611' title='bbox 1513 499 1518 516; x_wconf 90' lang='lat'><strong>:</strong></span> <span class='ocrx_word' id='word_1_612' title='bbox 1536 490 1680 517; x_wconf 83' lang='lat' dir='ltr'><strong>reverteris</strong></span> <span class='ocrx_word' id='word_1_613' title='bbox 1692 497 1752 517; x_wconf 83' lang='lat' dir='ltr'><strong>cum</strong></span> <span class='ocrx_word' id='word_1_614' title='bbox 1767 499 1874 518; x_wconf 88' lang='lat' dir='ltr'><strong>summo</strong></span> 
     </span>
    </p>
   </div>
   <div class='ocr_carea' id='block_1_79' title="bbox 1085 525 1875 560">
    <p class='ocr_par' dir='ltr' id='par_1_79' title="bbox 1085 525 1875 560">
     <span class='ocr_line' id='line_1_79' title="bbox 1085 525 1875 560; baseline 0.001 -8"><span class='ocrx_word' id='word_1_615' title='bbox 1085 525 1157 560; x_wconf 73' lang='lat' dir='ltr'><strong>Rege</strong></span> <span class='ocrx_word' id='word_1_616' title='bbox 1172 533 1285 560; x_wconf 78' lang='lat' dir='ltr'><strong>regnans</strong></span> <span class='ocrx_word' id='word_1_617' title='bbox 1295 546 1301 557; x_wconf 87' lang='lat'><strong>,</strong></span> <span class='ocrx_word' id='word_1_618' title='bbox 1313 531 1338 552; x_wconf 89' lang='lat' dir='ltr'><strong>et</strong></span> <span class='ocrx_word' id='word_1_619' title='bbox 1351 525 1409 552; x_wconf 84' lang='lat' dir='ltr'><strong>talis</strong></span> <span class='ocrx_word' id='word_1_620' title='bbox 1424 525 1468 552; x_wconf 84' lang='lat' dir='ltr'><strong>tibi</strong></span> <span class='ocrx_word' id='word_1_621' title='bbox 1481 525 1606 552; x_wconf 88' lang='lat' dir='ltr'><strong>reddetur</strong></span> <span class='ocrx_word' id='word_1_622' title='bbox 1616 533 1675 560; x_wconf 69' lang='lat' dir='ltr'><strong>qua:</strong></span> <span class='ocrx_word' id='word_1_623' title='bbox 1688 531 1801 560; x_wconf 85' lang='lat' dir='ltr'><strong>nequeat</strong></span> <span class='ocrx_word' id='word_1_624' title='bbox 1814 533 1875 553; x_wconf 81' lang='lat' dir='ltr'><strong>cor-</strong></span> 
     </span>
    </p>
   </div>
   <div class='ocr_carea' id='block_1_80' title="bbox 1083 560 1876 602">
    <p class='ocr_par' dir='ltr' id='par_1_80' title="bbox 1083 560 1876 602">
     <span class='ocr_line' id='line_1_80' title="bbox 1083 560 1876 602; baseline 0.003 -15"><span class='ocrx_word' id='word_1_625' title='bbox 1083 561 1186 602; x_wconf 56' lang='lat' dir='ltr'><strong>rumpi,</strong></span> <span class='ocrx_word' id='word_1_626' title='bbox 1199 565 1321 602; x_wconf 63' lang='lat' dir='ltr'><strong>cttccum</strong></span> <span class='ocrx_word' id='word_1_627' title='bbox 1336 565 1440 601; x_wconf 81' lang='lat' dir='ltr'><strong>maneat</strong></span> <span class='ocrx_word' id='word_1_628' title='bbox 1453 561 1664 602; x_wconf 78' lang='lat' dir='ltr'><strong>scmpiterna._Si</strong></span> <span class='ocrx_word' id='word_1_629' title='bbox 1674 560 1706 589; x_wconf 77' lang='lat' dir='ltr'><strong>ad</strong></span> <span class='ocrx_word' id='word_1_630' title='bbox 1720 560 1770 602; x_wconf 75' lang='lat' dir='ltr'><strong>hoc</strong></span> <span class='ocrx_word' id='word_1_631' title='bbox 1783 560 1876 602; x_wconf 77' lang='lat' dir='ltr'><strong>pergis</strong></span> 
     </span>
    </p>
   </div>
   <div class='ocr_carea' id='block_1_81' title="bbox 1085 595 1875 630">
    <p class='ocr_par' dir='ltr' id='par_1_81' title="bbox 1085 595 1875 630">
     <span class='ocr_line' id='line_1_81' title="bbox 1085 595 1875 630; baseline 0.001 -8"><span class='ocrx_word' id='word_1_632' title='bbox 1085 600 1113 623; x_wconf 89' lang='lat' dir='ltr'><strong>ut</strong></span> <span class='ocrx_word' id='word_1_633' title='bbox 1126 596 1220 623; x_wconf 88' lang='lat' dir='ltr'><strong>melior</strong></span> <span class='ocrx_word' id='word_1_634' title='bbox 1233 595 1372 629; x_wconf 83' lang='lat' dir='ltr'><strong>efficiaris,</strong></span> <span class='ocrx_word' id='word_1_635' title='bbox 1390 603 1441 623; x_wconf 90' lang='lat' dir='ltr'><strong>non</strong></span> <span class='ocrx_word' id='word_1_636' title='bbox 1456 596 1542 623; x_wconf 87' lang='lat' dir='ltr'><strong>credis</strong></span> <span class='ocrx_word' id='word_1_637' title='bbox 1554 596 1678 630; x_wconf 91' lang='lat' dir='ltr'><strong>quoniam</strong></span> <span class='ocrx_word' id='word_1_638' title='bbox 1691 595 1792 623; x_wconf 87' lang='lat' dir='ltr'><strong>meliori</strong></span> <span class='ocrx_word' id='word_1_639' title='bbox 1808 600 1834 623; x_wconf 81' lang='lat' dir='ltr'><strong>et</strong></span> <span class='ocrx_word' id='word_1_640' title='bbox 1848 596 1875 623; x_wconf 91' lang='lat' dir='ltr'><strong>iu</strong></span> 
     </span>
    </p>
   </div>
   <div class='ocr_carea' id='block_1_82' title="bbox 1084 630 1874 665">
    <p class='ocr_par' dir='ltr' id='par_1_82' title="bbox 1084 630 1874 665">
     <span class='ocr_line' id='line_1_82' title="bbox 1084 630 1874 665; baseline 0 -7"><span class='ocrx_word' id='word_1_641' title='bbox 1084 639 1165 663; x_wconf 66' lang='lat' dir='ltr'><strong>regno</strong></span> <span class='ocrx_word' id='word_1_642' title='bbox 1181 631 1308 658; x_wconf 79' lang='lat' dir='ltr'><strong>ccelorum</strong></span> <span class='ocrx_word' id='word_1_643' title='bbox 1326 631 1333 646; x_wconf 82' lang='grc'>¹</span> <span class='ocrx_word' id='word_1_644' title='bbox 1349 631 1463 665; x_wconf 82' lang='lat' dir='ltr'><strong>quodam</strong></span> <span class='ocrx_word' id='word_1_645' title='bbox 1476 630 1555 658; x_wconf 92' lang='lat' dir='ltr'><strong>modo</strong></span> <span class='ocrx_word' id='word_1_646' title='bbox 1568 630 1763 658; x_wconf 87' lang='lat' dir='ltr'><strong>administranti</strong></span> <span class='ocrx_word' id='word_1_647' title='bbox 1778 631 1874 658; x_wconf 86' lang='lat' dir='ltr'><strong>melius</strong></span> 
     </span>
    </p>
   </div>
   <div class='ocr_carea' id='block_1_83' title="bbox 1085 665 1873 701">
    <p class='ocr_par' dir='ltr' id='par_1_83' title="bbox 1085 665 1873 701">
     <span class='ocr_line' id='line_1_83' title="bbox 1085 665 1873 701; baseline 0.001 -9"><span class='ocrx_word' id='word_1_648' title='bbox 1085 666 1131 701; x_wconf 86' lang='lat' dir='ltr'><strong>tibi</strong></span> <span class='ocrx_word' id='word_1_649' title='bbox 1146 666 1335 701; x_wconf 68' lang='lat' dir='ltr'><strong>prmparabitur</strong></span> <span class='ocrx_word' id='word_1_650' title='bbox 1350 666 1491 701; x_wconf 86' lang='lat' dir='ltr'><strong>hospitium</strong></span> <span class='ocrx_word' id='word_1_651' title='bbox 1503 666 1515 692; x_wconf 84' lang='lat'><strong>?</strong></span> <span class='ocrx_word' id='word_1_652' title='bbox 1527 665 1554 693; x_wconf 90' lang='lat' dir='ltr'><strong>Si</strong></span> <span class='ocrx_word' id='word_1_653' title='bbox 1569 666 1625 693; x_wconf 62' lang='lat' dir='ltr'><strong>haec</strong></span> <span class='ocrx_word' id='word_1_654' title='bbox 1639 670 1742 692; x_wconf 72' lang='lat' dir='ltr'><strong>terrena</strong></span> <span class='ocrx_word' id='word_1_655' title='bbox 1754 687 1760 697; x_wconf 90' lang='lat'><strong>,</strong></span> <span class='ocrx_word' id='word_1_656' title='bbox 1782 667 1851 693; x_wconf 83' lang='lat' dir='ltr'><strong>lutea</strong></span> <span class='ocrx_word' id='word_1_657' title='bbox 1866 687 1873 698; x_wconf 90' lang='lat'><strong>,</strong></span> 
     </span>
    </p>
   </div>
   <div class='ocr_carea' id='block_1_84' title="bbox 1084 700 1871 735">
    <p class='ocr_par' dir='ltr' id='par_1_84' title="bbox 1084 700 1871 735">
     <span class='ocr_line' id='line_1_84' title="bbox 1084 700 1871 735; baseline -0.001 -7"><span class='ocrx_word' id='word_1_658' title='bbox 1084 700 1207 733; x_wconf 67' lang='lat' dir='ltr'><strong>fragilis,</strong></span> <span class='ocrx_word' id='word_1_659' title='bbox 1232 707 1331 729; x_wconf 83' lang='lat' dir='ltr'><strong>tantam</strong></span> <span class='ocrx_word' id='word_1_660' title='bbox 1349 702 1394 728; x_wconf 86' lang='lat' dir='ltr'><strong>tibi</strong></span> <span class='ocrx_word' id='word_1_661' title='bbox 1418 700 1539 728; x_wconf 77' lang='lat' dir='ltr'><strong>exhibuit</strong></span> <span class='ocrx_word' id='word_1_662' title='bbox 1567 700 1805 735; x_wconf 80' lang='lat' dir='ltr'><strong>pulchritudinem;</strong></span> <span class='ocrx_word' id='word_1_663' title='bbox 1829 709 1871 727; x_wconf 89' lang='lat' dir='ltr'><strong>re-</strong></span> 
     </span>
    </p>
   </div>
   <div class='ocr_carea' id='block_1_85' title="bbox 1083 736 1874 770">
    <p class='ocr_par' dir='ltr' id='par_1_85' title="bbox 1083 736 1874 770">
     <span class='ocr_line' id='line_1_85' title="bbox 1083 736 1874 770; baseline 0 -8"><span class='ocrx_word' id='word_1_664' title='bbox 1083 741 1199 763; x_wconf 86' lang='lat' dir='ltr'><strong>staurata</strong></span> <span class='ocrx_word' id='word_1_665' title='bbox 1213 741 1238 763; x_wconf 87' lang='lat' dir='ltr'><strong>et</strong></span> <span class='ocrx_word' id='word_1_666' title='bbox 1252 737 1367 764; x_wconf 69' lang='lat' dir='ltr'><strong>cwlcstis</strong></span> <span class='ocrx_word' id='word_1_667' title='bbox 1376 736 1466 764; x_wconf 70' lang='lat' dir='ltr'><strong>effecta</strong></span> <span class='ocrx_word' id='word_1_668' title='bbox 1478 736 1580 770; x_wconf 87' lang='lat' dir='ltr'><strong>qualem</strong></span> <span class='ocrx_word' id='word_1_669' title='bbox 1595 736 1639 763; x_wconf 90' lang='lat' dir='ltr'><strong>tibi</strong></span> <span class='ocrx_word' id='word_1_670' title='bbox 1649 736 1785 763; x_wconf 82' lang='lat' dir='ltr'><strong>exhibebit</strong></span> <span class='ocrx_word' id='word_1_671' title='bbox 1796 737 1874 763; x_wconf 89' lang='lat' dir='ltr'><strong>deco-</strong></span> 
     </span>
    </p>
   </div>
   <div class='ocr_carea' id='block_1_86' title="bbox 1084 772 1877 806">
    <p class='ocr_par' dir='ltr' id='par_1_86' title="bbox 1084 772 1877 806">
     <span class='ocr_line' id='line_1_86' title="bbox 1084 772 1877 806; baseline 0.003 -8"><span class='ocrx_word' id='word_1_672' title='bbox 1084 773 1161 799; x_wconf 84' lang='lat' dir='ltr'><strong>rem?</strong></span> <span class='ocrx_word' id='word_1_673' title='bbox 1174 772 1202 799; x_wconf 92' lang='lat' dir='ltr'><strong>Si</strong></span> <span class='ocrx_word' id='word_1_674' title='bbox 1212 772 1279 799; x_wconf 90' lang='lat' dir='ltr'><strong>hanc</strong></span> <span class='ocrx_word' id='word_1_675' title='bbox 1294 776 1394 798; x_wconf 88' lang='lat' dir='ltr'><strong>tantum</strong></span> <span class='ocrx_word' id='word_1_676' title='bbox 1410 772 1512 805; x_wconf 74' lang='lat' dir='ltr'><strong>diligis,</strong></span> <span class='ocrx_word' id='word_1_677' title='bbox 1530 779 1587 806; x_wconf 68' lang='lat' dir='ltr'><strong>qum</strong></span> <span class='ocrx_word' id='word_1_678' title='bbox 1596 772 1731 806; x_wconf 85' lang='lat' dir='ltr'><strong>paululum</strong></span> <span class='ocrx_word' id='word_1_679' title='bbox 1745 777 1835 799; x_wconf 85' lang='lat' dir='ltr'><strong>manet</strong></span> <span class='ocrx_word' id='word_1_680' title='bbox 1848 776 1877 800; x_wconf 84' lang='lat' dir='ltr'><strong>et</strong></span> 
     </span>
    </p>
   </div>
   <div class='ocr_carea' id='block_1_87' title="bbox 1085 806 1876 842">
    <p class='ocr_par' dir='ltr' id='par_1_87' title="bbox 1085 806 1876 842">
     <span class='ocr_line' id='line_1_87' title="bbox 1085 806 1876 842; baseline 0.001 -9"><span class='ocrx_word' id='word_1_681' title='bbox 1085 808 1176 834; x_wconf 89' lang='lat' dir='ltr'><strong>transit</strong></span> <span class='ocrx_word' id='word_1_682' title='bbox 1187 808 1212 834; x_wconf 93' lang='lat' dir='ltr'><strong>in</strong></span> <span class='ocrx_word' id='word_1_683' title='bbox 1225 813 1342 842; x_wconf 80' lang='lat' dir='ltr'><strong>tempore</strong></span> <span class='ocrx_word' id='word_1_684' title='bbox 1355 816 1361 838; x_wconf 90' lang='lat'><strong>;</strong></span> <span class='ocrx_word' id='word_1_685' title='bbox 1374 807 1443 833; x_wconf 88' lang='lat' dir='ltr'><strong>illam</strong></span> <span class='ocrx_word' id='word_1_686' title='bbox 1454 811 1578 840; x_wconf 87' lang='lat' dir='ltr'><strong>quantum</strong></span> <span class='ocrx_word' id='word_1_687' title='bbox 1588 806 1699 839; x_wconf 85' lang='lat' dir='ltr'><strong>amabis,</strong></span> <span class='ocrx_word' id='word_1_688' title='bbox 1712 815 1770 840; x_wconf 62' lang='lat' dir='ltr'><strong>qum</strong></span> <span class='ocrx_word' id='word_1_689' title='bbox 1778 807 1876 834; x_wconf 86' lang='lat' dir='ltr'><strong>decore</strong></span> 
     </span>
    </p>
   </div>
   <div class='ocr_carea' id='block_1_88' title="bbox 1085 842 1876 876">
    <p class='ocr_par' dir='ltr' id='par_1_88' title="bbox 1085 842 1876 876">
     <span class='ocr_line' id='line_1_88' title="bbox 1085 842 1876 876; baseline 0.001 -8"><span class='ocrx_word' id='word_1_690' title='bbox 1085 849 1132 869; x_wconf 88' lang='lat' dir='ltr'><strong>suo</strong></span> <span class='ocrx_word' id='word_1_691' title='bbox 1140 850 1272 876; x_wconf 88' lang='lat' dir='ltr'><strong>nunquam</strong></span> <span class='ocrx_word' id='word_1_692' title='bbox 1280 842 1515 875; x_wconf 76' lang='lat' dir='ltr'><strong>carebit,qnoniain</strong></span> <span class='ocrx_word' id='word_1_693' title='bbox 1523 842 1548 868; x_wconf 92' lang='lat' dir='ltr'><strong>in</strong></span> <span class='ocrx_word' id='word_1_694' title='bbox 1555 847 1681 869; x_wconf 62' lang='lat' dir='ltr'><strong>aeternum</strong></span> <span class='ocrx_word' id='word_1_695' title='bbox 1689 842 1740 869; x_wconf 91' lang='lat' dir='ltr'><strong>vita</strong></span> <span class='ocrx_word' id='word_1_696' title='bbox 1748 842 1876 869; x_wconf 83' lang='lat' dir='ltr'><strong>manebit?</strong></span> 
     </span>
    </p>
   </div>
   <div class='ocr_carea' id='block_1_89' title="bbox 1119 876 1875 912">
    <p class='ocr_par' dir='ltr' id='par_1_89' title="bbox 1119 876 1875 912">
     <span class='ocr_line' id='line_1_89' title="bbox 1119 876 1875 912; baseline 0 -8"><span class='ocrx_word' id='word_1_697' title='bbox 1119 877 1233 905; x_wconf 69' lang='lat' dir='ltr'><strong>CAPUT</strong></span> <span class='ocrx_word' id='word_1_698' title='bbox 1244 877 1301 904; x_wconf 83' lang='lat' dir='ltr'><strong>XII.</strong></span> <span class='ocrx_word' id='word_1_699' title='bbox 1310 892 1345 896; x_wconf 92' lang='lat'><strong>—</strong></span> <span class='ocrx_word' id='word_1_700' title='bbox 1359 876 1402 904; x_wconf 74' lang='grc'><strong>12.</strong></span> <span class='ocrx_word' id='word_1_701' title='bbox 1414 876 1452 903; x_wconf 88' lang='lat' dir='ltr'><strong>De</strong></span> <span class='ocrx_word' id='word_1_702' title='bbox 1463 877 1512 903; x_wconf 83' lang='lat' dir='ltr'><strong>vim</strong></span> <span class='ocrx_word' id='word_1_703' title='bbox 1523 882 1626 904; x_wconf 77' lang='lat' dir='ltr'><strong>trterna.</strong></span> <span class='ocrx_word' id='word_1_704' title='bbox 1644 877 1699 904; x_wconf 87' lang='lat' dir='ltr'><strong>IIoc</strong></span> <span class='ocrx_word' id='word_1_705' title='bbox 1715 877 1834 912; x_wconf 88' lang='lat' dir='ltr'><strong>sequitur</strong></span> <span class='ocrx_word' id='word_1_706' title='bbox 1847 877 1875 904; x_wconf 91' lang='lat' dir='ltr'><strong>in</strong></span> 
     </span>
    </p>
   </div>
   <div class='ocr_carea' id='block_1_90' title="bbox 1085 912 1875 948">
    <p class='ocr_par' dir='ltr' id='par_1_90' title="bbox 1085 912 1875 948">
     <span class='ocr_line' id='line_1_90' title="bbox 1085 912 1875 948; baseline 0.001 -9"><span class='ocrx_word' id='word_1_707' title='bbox 1085 917 1177 940; x_wconf 89' lang='lat' dir='ltr'><strong>sancto</strong></span> <span class='ocrx_word' id='word_1_708' title='bbox 1191 913 1317 948; x_wconf 78' lang='lat' dir='ltr'><strong>Symbolo</strong></span> <span class='ocrx_word' id='word_1_709' title='bbox 1327 933 1333 942; x_wconf 93' lang='lat'><strong>,</strong></span> <span class='ocrx_word' id='word_1_710' title='bbox 1350 912 1419 946; x_wconf 80' lang='grc' dir='ltr'>(ιιιοό</span> <span class='ocrx_word' id='word_1_711' title='bbox 1433 913 1519 939; x_wconf 90' lang='lat' dir='ltr'><strong>omnia</strong></span> <span class='ocrx_word' id='word_1_712' title='bbox 1534 920 1592 946; x_wconf 73' lang='lat' dir='ltr'><strong>qua:</strong></span> <span class='ocrx_word' id='word_1_713' title='bbox 1606 912 1741 948; x_wconf 84' lang='lat' dir='ltr'><strong>credimus</strong></span> <span class='ocrx_word' id='word_1_714' title='bbox 1762 916 1788 939; x_wconf 87' lang='lat' dir='ltr'><strong>et</strong></span> <span class='ocrx_word' id='word_1_715' title='bbox 1811 920 1875 947; x_wconf 86' lang='lat' dir='ltr'><strong>spe-</strong></span> 
     </span>
    </p>
   </div>
   <div class='ocr_carea' id='block_1_91' title="bbox 1085 947 1874 981">
    <p class='ocr_par' dir='ltr' id='par_1_91' title="bbox 1085 947 1874 981">
     <span class='ocr_line' id='line_1_91' title="bbox 1085 947 1874 981; baseline 0 -7"><span class='ocrx_word' id='word_1_716' title='bbox 1085 956 1175 974; x_wconf 89' lang='lat' dir='ltr'><strong>ramus</strong></span> <span class='ocrx_word' id='word_1_717' title='bbox 1185 969 1191 979; x_wconf 89' lang='lat'><strong>,</strong></span> <span class='ocrx_word' id='word_1_718' title='bbox 1210 947 1235 974; x_wconf 88' lang='lat' dir='ltr'><strong>in</strong></span> <span class='ocrx_word' id='word_1_719' title='bbox 1248 948 1300 974; x_wconf 87' lang='lat' dir='ltr'><strong>vita</strong></span> <span class='ocrx_word' id='word_1_720' title='bbox 1309 952 1408 974; x_wconf 70' lang='lat' dir='ltr'><strong>mtcrna</strong></span> <span class='ocrx_word' id='word_1_721' title='bbox 1423 947 1606 981; x_wconf 84' lang='lat' dir='ltr'><strong>percipiamus.</strong></span> <span class='ocrx_word' id='word_1_722' title='bbox 1624 947 1684 974; x_wconf 86' lang='lat' dir='ltr'><strong>Vita</strong></span> <span class='ocrx_word' id='word_1_723' title='bbox 1701 952 1800 975; x_wconf 65' lang='lat' dir='ltr'><strong>aeterna</strong></span> <span class='ocrx_word' id='word_1_724' title='bbox 1812 968 1820 980; x_wconf 80' lang='grc'>,</span> <span class='ocrx_word' id='word_1_725' title='bbox 1832 948 1874 975; x_wconf 84' lang='lat' dir='ltr'><strong>di-</strong></span> 
     </span>
    </p>
   </div>
   <div class='ocr_carea' id='block_1_92' title="bbox 1085 983 1873 1017">
    <p class='ocr_par' dir='ltr' id='par_1_92' title="bbox 1085 983 1873 1017">
     <span class='ocr_line' id='line_1_92' title="bbox 1085 983 1873 1017; baseline 0 -8"><span class='ocrx_word' id='word_1_726' title='bbox 1085 983 1222 1010; x_wconf 74' lang='lat' dir='ltr'><strong>lectiSsimi</strong></span> <span class='ocrx_word' id='word_1_727' title='bbox 1235 1003 1242 1015; x_wconf 90' lang='lat'><strong>,</strong></span> <span class='ocrx_word' id='word_1_728' title='bbox 1259 990 1391 1017; x_wconf 89' lang='lat' dir='ltr'><strong>nunquam</strong></span> <span class='ocrx_word' id='word_1_729' title='bbox 1407 983 1516 1009; x_wconf 74' lang='lat' dir='ltr'><strong>vilescat</strong></span> <span class='ocrx_word' id='word_1_730' title='bbox 1529 1003 1535 1013; x_wconf 83' lang='grc'><em>,</em></span> <span class='ocrx_word' id='word_1_731' title='bbox 1555 990 1712 1017; x_wconf 83' lang='lat' dir='ltr'><strong>semperque</strong></span> <span class='ocrx_word' id='word_1_732' title='bbox 1727 983 1873 1010; x_wconf 85' lang='lat' dir='ltr'><strong>dulcescat.</strong></span> 
     </span>
    </p>
   </div>
   <div class='ocr_carea' id='block_1_93' title="bbox 1085 1017 1875 1052">
    <p class='ocr_par' dir='ltr' id='par_1_93' title="bbox 1085 1017 1875 1052">
     <span class='ocr_line' id='line_1_93' title="bbox 1085 1017 1875 1052; baseline 0.001 -8"><span class='ocrx_word' id='word_1_733' title='bbox 1085 1017 1113 1045; x_wconf 92' lang='lat' dir='ltr'><strong>Si</strong></span> <span class='ocrx_word' id='word_1_734' title='bbox 1149 1023 1252 1045; x_wconf 90' lang='lat' dir='ltr'><strong>amatur</strong></span> <span class='ocrx_word' id='word_1_735' title='bbox 1274 1019 1327 1044; x_wconf 88' lang='lat' dir='ltr'><strong>vita</strong></span> <span class='ocrx_word' id='word_1_736' title='bbox 1352 1039 1359 1050; x_wconf 90' lang='lat'><strong>,</strong></span> <span class='ocrx_word' id='word_1_737' title='bbox 1398 1025 1480 1052; x_wconf 90' lang='lat' dir='ltr'><strong>quare</strong></span> <span class='ocrx_word' id='word_1_738' title='bbox 1505 1025 1557 1045; x_wconf 93' lang='lat' dir='ltr'><strong>non</strong></span> <span class='ocrx_word' id='word_1_739' title='bbox 1581 1019 1707 1052; x_wconf 81' lang='lat' dir='ltr'><strong>qmcritnr</strong></span> <span class='ocrx_word' id='word_1_740' title='bbox 1732 1018 1820 1045; x_wconf 79' lang='lat' dir='ltr'><strong>vera?</strong></span> <span class='ocrx_word' id='word_1_741' title='bbox 1845 1018 1875 1046; x_wconf 89' lang='lat' dir='ltr'><strong>Si</strong></span> 
     </span>
    </p>
   </div>
   <div class='ocr_carea' id='block_1_94' title="bbox 1085 1053 1873 1088">
    <p class='ocr_par' dir='ltr' id='par_1_94' title="bbox 1085 1053 1873 1088">
     <span class='ocr_line' id='line_1_94' title="bbox 1085 1053 1873 1088; baseline 0.003 -9"><span class='ocrx_word' id='word_1_742' title='bbox 1085 1058 1190 1080; x_wconf 89' lang='lat' dir='ltr'><strong>amatur</strong></span> <span class='ocrx_word' id='word_1_743' title='bbox 1203 1054 1254 1080; x_wconf 88' lang='lat' dir='ltr'><strong>vita</strong></span> <span class='ocrx_word' id='word_1_744' title='bbox 1270 1075 1277 1086; x_wconf 87' lang='lat'><strong>,</strong></span> <span class='ocrx_word' id='word_1_745' title='bbox 1295 1053 1353 1080; x_wconf 88' lang='lat' dir='ltr'><strong>talis</strong></span> <span class='ocrx_word' id='word_1_746' title='bbox 1376 1057 1509 1087; x_wconf 77' lang='lat' dir='ltr'><strong>quzrratur</strong></span> <span class='ocrx_word' id='word_1_747' title='bbox 1528 1062 1586 1087; x_wconf 84' lang='lat' dir='ltr'><strong>qua:</strong></span> <span class='ocrx_word' id='word_1_748' title='bbox 1609 1061 1740 1088; x_wconf 87' lang='lat' dir='ltr'><strong>nunquam</strong></span> <span class='ocrx_word' id='word_1_749' title='bbox 1754 1053 1873 1082; x_wconf 84' lang='lat' dir='ltr'><strong>finiatur.</strong></span> 
     </span>
    </p>
   </div>
   <div class='ocr_carea' id='block_1_95' title="bbox 1086 1088 1872 1123">
    <p class='ocr_par' dir='ltr' id='par_1_95' title="bbox 1086 1088 1872 1123">
     <span class='ocr_line' id='line_1_95' title="bbox 1086 1088 1872 1123; baseline 0 -8"><span class='ocrx_word' id='word_1_750' title='bbox 1086 1088 1119 1115; x_wconf 86' lang='lat' dir='ltr'><strong>Et</strong></span> <span class='ocrx_word' id='word_1_751' title='bbox 1132 1088 1153 1115; x_wconf 89' lang='lat' dir='ltr'><strong>si</strong></span> <span class='ocrx_word' id='word_1_752' title='bbox 1169 1093 1287 1121; x_wconf 84' lang='lat' dir='ltr'><strong>amatur,</strong></span> <span class='ocrx_word' id='word_1_753' title='bbox 1304 1096 1384 1123; x_wconf 88' lang='lat' dir='ltr'><strong>quare</strong></span> <span class='ocrx_word' id='word_1_754' title='bbox 1400 1095 1451 1114; x_wconf 93' lang='lat' dir='ltr'><strong>non</strong></span> <span class='ocrx_word' id='word_1_755' title='bbox 1466 1088 1612 1123; x_wconf 61' lang='lat' dir='ltr'><strong>quaeritur?</strong></span> <span class='ocrx_word' id='word_1_756' title='bbox 1627 1093 1671 1115; x_wconf 89' lang='lat' dir='ltr'><strong>aut</strong></span> <span class='ocrx_word' id='word_1_757' title='bbox 1686 1089 1708 1116; x_wconf 87' lang='lat' dir='ltr'><strong>si</strong></span> <span class='ocrx_word' id='word_1_758' title='bbox 1727 1089 1854 1123; x_wconf 64' lang='lat' dir='ltr'><strong>qumritnr</strong></span> <span class='ocrx_word' id='word_1_759' title='bbox 1864 1109 1872 1122; x_wconf 83' lang='lat'><strong>,</strong></span> 
     </span>
    </p>
   </div>
   <div class='ocr_carea' id='block_1_96' title="bbox 1105 1123 1873 1158">
    <p class='ocr_par' dir='ltr' id='par_1_96' title="bbox 1105 1123 1873 1158">
     <span class='ocr_line' id='line_1_96' title="bbox 1105 1123 1873 1158; baseline 0.001 -8"><span class='ocrx_word' id='word_1_760' title='bbox 1105 1123 1146 1150; x_wconf 90' lang='lat' dir='ltr'><strong>uia</strong></span> <span class='ocrx_word' id='word_1_761' title='bbox 1171 1123 1213 1150; x_wconf 91' lang='lat' dir='ltr'><strong>hic</strong></span> <span class='ocrx_word' id='word_1_762' title='bbox 1230 1131 1282 1150; x_wconf 90' lang='lat' dir='ltr'><strong>non</strong></span> <span class='ocrx_word' id='word_1_763' title='bbox 1303 1128 1360 1155; x_wconf 85' lang='lat' dir='ltr'><strong>est,</strong></span> <span class='ocrx_word' id='word_1_764' title='bbox 1376 1123 1408 1150; x_wconf 80' lang='lat' dir='ltr'><strong>ad</strong></span> <span class='ocrx_word' id='word_1_765' title='bbox 1424 1131 1483 1150; x_wconf 90' lang='lat' dir='ltr'><strong>eum</strong></span> <span class='ocrx_word' id='word_1_766' title='bbox 1499 1124 1585 1150; x_wconf 78' lang='lat' dir='ltr'><strong>locum</strong></span> <span class='ocrx_word' id='word_1_767' title='bbox 1599 1123 1641 1150; x_wconf 92' lang='lat' dir='ltr'><strong>ubi</strong></span> <span class='ocrx_word' id='word_1_768' title='bbox 1656 1129 1697 1151; x_wconf 87' lang='lat' dir='ltr'><strong>est</strong></span> <span class='ocrx_word' id='word_1_769' title='bbox 1711 1131 1790 1158; x_wconf 88' lang='lat' dir='ltr'><strong>quare</strong></span> <span class='ocrx_word' id='word_1_770' title='bbox 1817 1131 1873 1151; x_wconf 90' lang='lat' dir='ltr'><strong>non</strong></span> 
     </span>
    </p>
   </div>
   <div class='ocr_carea' id='block_1_97' title="bbox 1098 1158 1873 1193">
    <p class='ocr_par' dir='ltr' id='par_1_97' title="bbox 1098 1158 1873 1193">
     <span class='ocr_line' id='line_1_97' title="bbox 1098 1158 1873 1193; baseline -0.001 -7"><span class='ocrx_word' id='word_1_771' title='bbox 1098 1159 1244 1186; x_wconf 83' lang='lat' dir='ltr'><strong>&#39;cstinatur?</strong></span> <span class='ocrx_word' id='word_1_772' title='bbox 1257 1159 1338 1193; x_wconf 81' lang='lat' dir='ltr'><strong>Quid,</strong></span> <span class='ocrx_word' id='word_1_773' title='bbox 1354 1158 1422 1193; x_wconf 86' lang='lat' dir='ltr'><strong>quod</strong></span> <span class='ocrx_word' id='word_1_774' title='bbox 1438 1159 1517 1185; x_wconf 87' lang='lat' dir='ltr'><strong>etiam</strong></span> <span class='ocrx_word' id='word_1_775' title='bbox 1535 1159 1604 1185; x_wconf 92' lang='lat' dir='ltr'><strong>ultro</strong></span> <span class='ocrx_word' id='word_1_776' title='bbox 1615 1166 1644 1186; x_wconf 80' lang='lat' dir='ltr'><strong>se</strong></span> <span class='ocrx_word' id='word_1_777' title='bbox 1659 1159 1733 1186; x_wconf 88' lang='lat' dir='ltr'><strong>nobis</strong></span> <span class='ocrx_word' id='word_1_778' title='bbox 1749 1160 1804 1193; x_wconf 87' lang='lat' dir='ltr'><strong>ipsa</strong></span> <span class='ocrx_word' id='word_1_779' title='bbox 1819 1159 1873 1186; x_wconf 84' lang='lat' dir='ltr'><strong>vita</strong></span> 
     </span>
    </p>
   </div>
   <div class='ocr_carea' id='block_1_98' title="bbox 1087 1194 1872 1228">
    <p class='ocr_par' dir='ltr' id='par_1_98' title="bbox 1087 1194 1872 1228">
     <span class='ocr_line' id='line_1_98' title="bbox 1087 1194 1872 1228; baseline 0.001 -8"><span class='ocrx_word' id='word_1_780' title='bbox 1087 1194 1215 1228; x_wconf 78' lang='lat' dir='ltr'><strong>ingessit?</strong></span> <span class='ocrx_word' id='word_1_781' title='bbox 1229 1194 1350 1221; x_wconf 86' lang='lat' dir='ltr'><strong>Christus</strong></span> <span class='ocrx_word' id='word_1_782' title='bbox 1364 1198 1404 1221; x_wconf 87' lang='lat' dir='ltr'><strong>est</strong></span> <span class='ocrx_word' id='word_1_783' title='bbox 1414 1194 1484 1221; x_wconf 90' lang='lat' dir='ltr'><strong>enim</strong></span> <span class='ocrx_word' id='word_1_784' title='bbox 1496 1194 1564 1221; x_wconf 85' lang='lat' dir='ltr'><strong>Deus</strong></span> <span class='ocrx_word' id='word_1_785' title='bbox 1575 1202 1652 1221; x_wconf 86' lang='lat' dir='ltr'><strong>verus</strong></span> <span class='ocrx_word' id='word_1_786' title='bbox 1662 1199 1687 1221; x_wconf 89' lang='lat' dir='ltr'><strong>et</strong></span> <span class='ocrx_word' id='word_1_787' title='bbox 1699 1195 1751 1221; x_wconf 88' lang='lat' dir='ltr'><strong>vita</strong></span> <span class='ocrx_word' id='word_1_788' title='bbox 1762 1199 1872 1221; x_wconf 80' lang='lat' dir='ltr'><strong>:ctcrna.</strong></span> 
     </span>
    </p>
   </div>
   <div class='ocr_carea' id='block_1_99' title="bbox 1086 1229 1875 1264">
    <p class='ocr_par' dir='ltr' id='par_1_99' title="bbox 1086 1229 1875 1264">
     <span class='ocr_line' id='line_1_99' title="bbox 1086 1229 1875 1264; baseline 0.003 -9"><span class='ocrx_word' id='word_1_789' title='bbox 1086 1229 1166 1256; x_wconf 83' lang='lat' dir='ltr'><strong>Venit</strong></span> <span class='ocrx_word' id='word_1_790' title='bbox 1179 1229 1212 1256; x_wconf 92' lang='lat' dir='ltr'><strong>ad</strong></span> <span class='ocrx_word' id='word_1_791' title='bbox 1225 1237 1275 1257; x_wconf 91' lang='lat' dir='ltr'><strong>nos</strong></span> <span class='ocrx_word' id='word_1_792' title='bbox 1289 1229 1406 1264; x_wconf 88' lang='lat' dir='ltr'><strong>perditos</strong></span> <span class='ocrx_word' id='word_1_793' title='bbox 1421 1234 1446 1255; x_wconf 93' lang='lat' dir='ltr'><strong>et</strong></span> <span class='ocrx_word' id='word_1_794' title='bbox 1459 1229 1569 1256; x_wconf 88' lang='lat' dir='ltr'><strong>redemit</strong></span> <span class='ocrx_word' id='word_1_795' title='bbox 1585 1230 1704 1257; x_wconf 88' lang='lat' dir='ltr'><strong>inventos</strong></span> <span class='ocrx_word' id='word_1_796' title='bbox 1720 1238 1726 1255; x_wconf 93' lang='lat'><strong>:</strong></span> <span class='ocrx_word' id='word_1_797' title='bbox 1740 1229 1811 1257; x_wconf 79' lang='lat' dir='ltr'><strong>vertit</strong></span> <span class='ocrx_word' id='word_1_798' title='bbox 1823 1229 1875 1257; x_wconf 91' lang='lat' dir='ltr'><strong>huc</strong></span> 
     </span>
    </p>
   </div>
   <div class='ocr_carea' id='block_1_100' title="bbox 1087 1264 1876 1299">
    <p class='ocr_par' dir='ltr' id='par_1_100' title="bbox 1087 1264 1876 1299">
     <span class='ocr_line' id='line_1_100' title="bbox 1087 1264 1876 1299; baseline 0.001 -8"><span class='ocrx_word' id='word_1_799' title='bbox 1087 1264 1120 1291; x_wconf 90' lang='lat' dir='ltr'><strong>ad</strong></span> <span class='ocrx_word' id='word_1_800' title='bbox 1135 1264 1269 1299; x_wconf 83' lang='lat' dir='ltr'><strong>regionem</strong></span> <span class='ocrx_word' id='word_1_801' title='bbox 1286 1264 1436 1291; x_wconf 84' lang='lat' dir='ltr'><strong>mortalium</strong></span> <span class='ocrx_word' id='word_1_802' title='bbox 1448 1265 1503 1299; x_wconf 89' lang='lat' dir='ltr'><strong>ipsa</strong></span> <span class='ocrx_word' id='word_1_803' title='bbox 1516 1272 1577 1291; x_wconf 88' lang='lat' dir='ltr'><strong>vera</strong></span> <span class='ocrx_word' id='word_1_804' title='bbox 1593 1265 1644 1292; x_wconf 83' lang='lat' dir='ltr'><strong>vita</strong></span> <span class='ocrx_word' id='word_1_805' title='bbox 1662 1274 1667 1291; x_wconf 88' lang='lat'>:</span> <span class='ocrx_word' id='word_1_806' title='bbox 1688 1264 1761 1292; x_wconf 88' lang='lat' dir='ltr'><strong>dedit</strong></span> <span class='ocrx_word' id='word_1_807' title='bbox 1772 1270 1876 1299; x_wconf 88' lang='lat' dir='ltr'><strong>gustum</strong></span> 
     </span>
    </p>
   </div>
   <div class='ocr_carea' id='block_1_101' title="bbox 1087 1299 1874 1334">
    <p class='ocr_par' dir='ltr' id='par_1_101' title="bbox 1087 1299 1874 1334">
     <span class='ocr_line' id='line_1_101' title="bbox 1087 1299 1874 1334; baseline 0.003 -9"><span class='ocrx_word' id='word_1_808' title='bbox 1087 1300 1189 1334; x_wconf 87' lang='lat' dir='ltr'><strong>saporis</strong></span> <span class='ocrx_word' id='word_1_809' title='bbox 1204 1301 1261 1332; x_wconf 91' lang='lat' dir='ltr'><strong>sui;</strong></span> <span class='ocrx_word' id='word_1_810' title='bbox 1278 1300 1440 1333; x_wconf 78' lang='lat' dir='ltr'><strong>gustavimus</strong></span> <span class='ocrx_word' id='word_1_811' title='bbox 1452 1320 1458 1331; x_wconf 89' lang='lat'><strong>,</strong></span> <span class='ocrx_word' id='word_1_812' title='bbox 1473 1299 1587 1327; x_wconf 90' lang='lat' dir='ltr'><strong>vidimus</strong></span> <span class='ocrx_word' id='word_1_813' title='bbox 1598 1300 1720 1334; x_wconf 91' lang='lat' dir='ltr'><strong>quoniam</strong></span> <span class='ocrx_word' id='word_1_814' title='bbox 1727 1300 1816 1327; x_wconf 86' lang='lat' dir='ltr'><strong>suavis</strong></span> <span class='ocrx_word' id='word_1_815' title='bbox 1823 1304 1874 1327; x_wconf 86' lang='lat' dir='ltr'><strong>est.</strong></span> 
     </span>
    </p>
   </div>
   <div class='ocr_carea' id='block_1_102' title="bbox 1087 1334 1877 1369">
    <p class='ocr_par' dir='ltr' id='par_1_102' title="bbox 1087 1334 1877 1369">
     <span class='ocr_line' id='line_1_102' title="bbox 1087 1334 1877 1369; baseline 0.001 -8"><span class='ocrx_word' id='word_1_816' title='bbox 1087 1334 1226 1362; x_wconf 72' lang='lat' dir='ltr'><strong>Prmccssit</strong></span> <span class='ocrx_word' id='word_1_817' title='bbox 1242 1342 1291 1362; x_wconf 89' lang='lat' dir='ltr'><strong>nos</strong></span> <span class='ocrx_word' id='word_1_818' title='bbox 1305 1356 1311 1367; x_wconf 94' lang='lat'><strong>,</strong></span> <span class='ocrx_word' id='word_1_819' title='bbox 1327 1335 1482 1362; x_wconf 84' lang='lat' dir='ltr'><strong>invitavitnt</strong></span> <span class='ocrx_word' id='word_1_820' title='bbox 1496 1342 1654 1369; x_wconf 84' lang='lat' dir='ltr'><strong>sequamur;</strong></span> <span class='ocrx_word' id='word_1_821' title='bbox 1669 1340 1695 1363; x_wconf 88' lang='lat' dir='ltr'><strong>et</strong></span> <span class='ocrx_word' id='word_1_822' title='bbox 1708 1335 1741 1362; x_wconf 90' lang='lat' dir='ltr'><strong>ad</strong></span> <span class='ocrx_word' id='word_1_823' title='bbox 1755 1340 1807 1363; x_wconf 89' lang='lat' dir='ltr'><strong>tam</strong></span> <span class='ocrx_word' id='word_1_824' title='bbox 1821 1343 1877 1362; x_wconf 89' lang='lat' dir='ltr'><strong>ma-</strong></span> 
     </span>
    </p>
   </div>
   <div class='ocr_carea' id='block_1_103' title="bbox 1087 1370 1874 1405">
    <p class='ocr_par' dir='ltr' id='par_1_103' title="bbox 1087 1370 1874 1405">
     <span class='ocr_line' id='line_1_103' title="bbox 1087 1370 1874 1405; baseline 0.003 -9"><span class='ocrx_word' id='word_1_825' title='bbox 1087 1377 1167 1404; x_wconf 84' lang='lat' dir='ltr'><strong>gnum</strong></span> <span class='ocrx_word' id='word_1_826' title='bbox 1186 1370 1247 1397; x_wconf 91' lang='lat' dir='ltr'><strong>illud</strong></span> <span class='ocrx_word' id='word_1_827' title='bbox 1260 1370 1357 1397; x_wconf 91' lang='lat' dir='ltr'><strong>donum</strong></span> <span class='ocrx_word' id='word_1_828' title='bbox 1371 1391 1377 1402; x_wconf 85' lang='lat'><strong>,</strong></span> <span class='ocrx_word' id='word_1_829' title='bbox 1394 1372 1469 1404; x_wconf 88' lang='lat' dir='ltr'><strong>cujus</strong></span> <span class='ocrx_word' id='word_1_830' title='bbox 1485 1370 1563 1397; x_wconf 88' lang='lat' dir='ltr'><strong>talem</strong></span> <span class='ocrx_word' id='word_1_831' title='bbox 1578 1371 1743 1405; x_wconf 89' lang='lat' dir='ltr'><strong>suscepimus</strong></span> <span class='ocrx_word' id='word_1_832' title='bbox 1758 1376 1874 1405; x_wconf 80' lang='lat' dir='ltr'><strong>gustum,</strong></span> 
     </span>
    </p>
   </div>
   <div class='ocr_carea' id='block_1_104' title="bbox 1087 1405 1875 1440">
    <p class='ocr_par' dir='ltr' id='par_1_104' title="bbox 1087 1405 1875 1440">
     <span class='ocr_line' id='line_1_104' title="bbox 1087 1405 1875 1440; baseline 0.001 -9"><span class='ocrx_word' id='word_1_833' title='bbox 1087 1405 1163 1440; x_wconf 88' lang='lat' dir='ltr'><strong>sequi</strong></span> <span class='ocrx_word' id='word_1_834' title='bbox 1178 1405 1370 1432; x_wconf 85' lang='lat' dir='ltr'><strong>formidamus?</strong></span> <span class='ocrx_word' id='word_1_835' title='bbox 1387 1405 1463 1432; x_wconf 83' lang='lat' dir='ltr'><strong>Venit</strong></span> <span class='ocrx_word' id='word_1_836' title='bbox 1477 1405 1510 1432; x_wconf 87' lang='lat' dir='ltr'><strong>ad</strong></span> <span class='ocrx_word' id='word_1_837' title='bbox 1525 1410 1549 1433; x_wconf 89' lang='lat' dir='ltr'><strong>te</strong></span> <span class='ocrx_word' id='word_1_838' title='bbox 1565 1406 1615 1432; x_wconf 88' lang='lat' dir='ltr'><strong>vita</strong></span> <span class='ocrx_word' id='word_1_839' title='bbox 1629 1414 1635 1437; x_wconf 87' lang='lat'><strong>;</strong></span> <span class='ocrx_word' id='word_1_840' title='bbox 1648 1405 1764 1440; x_wconf 80' lang='lat' dir='ltr'><strong>repende</strong></span> <span class='ocrx_word' id='word_1_841' title='bbox 1779 1407 1875 1439; x_wconf 84' lang='lat' dir='ltr'><strong>vicem,</strong></span> 
     </span>
    </p>
   </div>
   <div class='ocr_carea' id='block_1_105' title="bbox 1088 1440 1877 1475">
    <p class='ocr_par' dir='ltr' id='par_1_105' title="bbox 1088 1440 1877 1475">
     <span class='ocr_line' id='line_1_105' title="bbox 1088 1440 1877 1475; baseline 0.005 -11"><span class='ocrx_word' id='word_1_842' title='bbox 1088 1440 1147 1467; x_wconf 85' lang='lat' dir='ltr'><strong>veni</strong></span> <span class='ocrx_word' id='word_1_843' title='bbox 1155 1446 1178 1467; x_wconf 90' lang='lat' dir='ltr'><strong>et</strong></span> <span class='ocrx_word' id='word_1_844' title='bbox 1190 1444 1215 1467; x_wconf 92' lang='lat' dir='ltr'><strong>tu</strong></span> <span class='ocrx_word' id='word_1_845' title='bbox 1222 1440 1254 1467; x_wconf 85' lang='lat' dir='ltr'><strong>ad</strong></span> <span class='ocrx_word' id='word_1_846' title='bbox 1269 1441 1474 1475; x_wconf 84' lang='lat' dir='ltr'><strong>iIIam.Susccpit</strong></span> <span class='ocrx_word' id='word_1_847' title='bbox 1484 1441 1632 1468; x_wconf 86' lang='lat' dir='ltr'><strong>vehiculum</strong></span> <span class='ocrx_word' id='word_1_848' title='bbox 1643 1441 1746 1474; x_wconf 86' lang='lat' dir='ltr'><strong>mortis,</strong></span> <span class='ocrx_word' id='word_1_849' title='bbox 1755 1446 1781 1468; x_wconf 93' lang='lat' dir='ltr'><strong>ut</strong></span> <span class='ocrx_word' id='word_1_850' title='bbox 1795 1446 1877 1468; x_wconf 83' lang='lat' dir='ltr'><strong>trans-</strong></span> 
     </span>
    </p>
   </div>
   <div class='ocr_carea' id='block_1_106' title="bbox 1088 1475 1876 1511">
    <p class='ocr_par' dir='ltr' id='par_1_106' title="bbox 1088 1475 1876 1511">
     <span class='ocr_line' id='line_1_106' title="bbox 1088 1475 1876 1511; baseline 0.001 -9"><span class='ocrx_word' id='word_1_851' title='bbox 1088 1475 1146 1503; x_wconf 88' lang='lat' dir='ltr'><strong>iens</strong></span> <span class='ocrx_word' id='word_1_852' title='bbox 1154 1475 1276 1503; x_wconf 86' lang='lat' dir='ltr'><strong>liberaret</strong></span> <span class='ocrx_word' id='word_1_853' title='bbox 1287 1480 1324 1503; x_wconf 87' lang='lat' dir='ltr'><strong>te:</strong></span> <span class='ocrx_word' id='word_1_854' title='bbox 1336 1477 1440 1511; x_wconf 87' lang='lat' dir='ltr'><strong>suscipe</strong></span> <span class='ocrx_word' id='word_1_855' title='bbox 1452 1481 1477 1503; x_wconf 91' lang='lat' dir='ltr'><strong>et</strong></span> <span class='ocrx_word' id='word_1_856' title='bbox 1485 1480 1510 1503; x_wconf 91' lang='lat' dir='ltr'><strong>tu</strong></span> <span class='ocrx_word' id='word_1_857' title='bbox 1521 1480 1645 1510; x_wconf 81' lang='lat' dir='ltr'><strong>mortem,</strong></span> <span class='ocrx_word' id='word_1_858' title='bbox 1654 1480 1682 1503; x_wconf 94' lang='lat' dir='ltr'><strong>ul</strong></span> <span class='ocrx_word' id='word_1_859' title='bbox 1691 1483 1749 1503; x_wconf 91' lang='lat' dir='ltr'><strong>cum</strong></span> <span class='ocrx_word' id='word_1_860' title='bbox 1761 1476 1794 1503; x_wconf 86' lang='lat' dir='ltr'><strong>ad</strong></span> <span class='ocrx_word' id='word_1_861' title='bbox 1804 1477 1876 1504; x_wconf 89' lang='lat' dir='ltr'><strong>illam</strong></span> 
     </span>
    </p>
   </div>
   <div class='ocr_carea' id='block_1_107' title="bbox 1088 1511 1870 1573">
    <p class='ocr_par' dir='ltr' id='par_1_107' title="bbox 1088 1511 1870 1573">
     <span class='ocr_line' id='line_1_107' title="bbox 1088 1511 1870 1573; baseline 0.003 -37"><span class='ocrx_word' id='word_1_862' title='bbox 1088 1511 1203 1543; x_wconf 87' lang='lat' dir='ltr'><strong>veneris,</strong></span> <span class='ocrx_word' id='word_1_863' title='bbox 1215 1512 1249 1538; x_wconf 90' lang='lat' dir='ltr'><strong>ita</strong></span> <span class='ocrx_word' id='word_1_864' title='bbox 1265 1512 1298 1539; x_wconf 88' lang='lat' dir='ltr'><strong>ab</strong></span> <span class='ocrx_word' id='word_1_865' title='bbox 1312 1511 1354 1538; x_wconf 89' lang='lat' dir='ltr'><strong>illa</strong></span> <span class='ocrx_word' id='word_1_866' title='bbox 1371 1511 1532 1573; x_wconf 65' lang='lat' dir='ltr'><strong>suscip)iaris,</strong></span> <span class='ocrx_word' id='word_1_867' title='bbox 1544 1517 1569 1538; x_wconf 91' lang='lat' dir='ltr'><strong>ut</strong></span> <span class='ocrx_word' id='word_1_868' title='bbox 1585 1519 1716 1546; x_wconf 89' lang='lat' dir='ltr'><strong>nunquam</strong></span> <span class='ocrx_word' id='word_1_869' title='bbox 1739 1512 1870 1539; x_wconf 91' lang='lat' dir='ltr'><strong>moriaris.</strong></span> 
     </span>
     <span class='ocr_line' id='line_1_108' title="bbox 1124 1546 1870 1573; baseline 0.001 -1"><span class='ocrx_word' id='word_1_870' title='bbox 1124 1546 1237 1573; x_wconf 80' lang='lat' dir='ltr'><strong>CAPUT</strong></span> <span class='ocrx_word' id='word_1_871' title='bbox 1250 1546 1319 1573; x_wconf 86' lang='lat' dir='ltr'><strong>XIII.</strong></span> <span class='ocrx_word' id='word_1_872' title='bbox 1336 1561 1370 1566; x_wconf 90' lang='lat'><strong><em>—</em></strong></span> <span class='ocrx_word' id='word_1_873' title='bbox 1385 1547 1428 1573; x_wconf 72' lang='lat' dir='ltr'><strong>I5.</strong></span> <span class='ocrx_word' id='word_1_874' title='bbox 1469 1555 1482 1573; x_wconf 76' lang='grc' dir='ltr'><em>ε</em></span> <span class='ocrx_word' id='word_1_875' title='bbox 1495 1552 1584 1573; x_wconf 85' lang='lat' dir='ltr'><strong>sancta</strong></span> <span class='ocrx_word' id='word_1_876' title='bbox 1599 1546 1724 1573; x_wconf 79' lang='lat' dir='ltr'><strong>Ecclesia.</strong></span> <span class='ocrx_word' id='word_1_877' title='bbox 1752 1547 1870 1573; x_wconf 89' lang='lat' dir='ltr'><strong>Sanctam</strong></span> 
     </span>
    </p>
   </div>
   <div class='ocr_carea' id='block_1_108' title="bbox 1124 1546 1876 1575">
    <p class='ocr_par' dir='ltr' id='par_1_108' title="bbox 1124 1546 1876 1575">
     <span class='ocr_line' id='line_1_109' title="bbox 1124 1546 1876 1575; baseline 0.004 -4"><span class='ocrx_word' id='word_1_878' title='bbox 1124 1546 1237 1574; x_wconf 78' lang='lat' dir='ltr'><strong>CAPUT</strong></span> <span class='ocrx_word' id='word_1_879' title='bbox 1250 1546 1319 1573; x_wconf 86' lang='lat' dir='ltr'><strong>XIII.</strong></span> <span class='ocrx_word' id='word_1_880' title='bbox 1336 1561 1370 1566; x_wconf 90' lang='lat'><strong><em>—</em></strong></span> <span class='ocrx_word' id='word_1_881' title='bbox 1385 1547 1428 1574; x_wconf 74' lang='grc'><strong>15.</strong></span> <span class='ocrx_word' id='word_1_882' title='bbox 1442 1546 1482 1574; x_wconf 87' lang='lat' dir='ltr'><strong>De</strong></span> <span class='ocrx_word' id='word_1_883' title='bbox 1495 1552 1584 1574; x_wconf 85' lang='lat' dir='ltr'><strong>sancta</strong></span> <span class='ocrx_word' id='word_1_884' title='bbox 1599 1546 1724 1574; x_wconf 79' lang='lat' dir='ltr'><strong>Ecclesia.</strong></span> <span class='ocrx_word' id='word_1_885' title='bbox 1752 1547 1876 1575; x_wconf 89' lang='lat' dir='ltr'><strong>Sanctam</strong></span> 
     </span>
    </p>
   </div>
   <div class='ocr_carea' id='block_1_109' title="bbox 1088 1581 1877 1616">
    <p class='ocr_par' dir='ltr' id='par_1_109' title="bbox 1088 1581 1877 1616">
     <span class='ocr_line' id='line_1_110' title="bbox 1088 1581 1877 1616; baseline 0.003 -8"><span class='ocrx_word' id='word_1_886' title='bbox 1088 1581 1243 1608; x_wconf 75' lang='lat' dir='ltr'><strong>Reclcsiam.</strong></span> <span class='ocrx_word' id='word_1_887' title='bbox 1259 1582 1402 1616; x_wconf 81' lang='lat' dir='ltr'><strong>Propterea</strong></span> <span class='ocrx_word' id='word_1_888' title='bbox 1416 1582 1494 1616; x_wconf 79' lang='lat' dir='ltr'><strong>hujus</strong></span> <span class='ocrx_word' id='word_1_889' title='bbox 1506 1582 1641 1610; x_wconf 89' lang='lat' dir='ltr'><strong>conclusio</strong></span> <span class='ocrx_word' id='word_1_890' title='bbox 1655 1582 1812 1609; x_wconf 88' lang='lat' dir='ltr'><strong>sacramenti</strong></span> <span class='ocrx_word' id='word_1_891' title='bbox 1828 1590 1877 1616; x_wconf 85' lang='lat' dir='ltr'><strong>per</strong></span> 
     </span>
    </p>
   </div>
   <div class='ocr_carea' id='block_1_110' title="bbox 1089 1617 1875 1652">
    <p class='ocr_par' dir='ltr' id='par_1_110' title="bbox 1089 1617 1875 1652">
     <span class='ocr_line' id='line_1_111' title="bbox 1089 1617 1875 1652; baseline 0 -9"><span class='ocrx_word' id='word_1_892' title='bbox 1089 1621 1208 1643; x_wconf 84' lang='lat' dir='ltr'><strong>sanctam</strong></span> <span class='ocrx_word' id='word_1_893' title='bbox 1219 1617 1365 1644; x_wconf 87' lang='lat' dir='ltr'><strong>Ecclesiam</strong></span> <span class='ocrx_word' id='word_1_894' title='bbox 1381 1617 1687 1652; x_wconf 84' lang='lat' dir='ltr'><strong>terminatur,quoniam</strong></span> <span class='ocrx_word' id='word_1_895' title='bbox 1704 1618 1726 1644; x_wconf 90' lang='lat' dir='ltr'><strong>si</strong></span> <span class='ocrx_word' id='word_1_896' title='bbox 1740 1618 1799 1652; x_wconf 85' lang='lat' dir='ltr'><strong>quis</strong></span> <span class='ocrx_word' id='word_1_897' title='bbox 1811 1617 1875 1644; x_wconf 90' lang='lat' dir='ltr'><strong>abs-</strong></span> 
     </span>
    </p>
   </div>
   <div class='ocr_carea' id='block_1_111' title="bbox 1087 1652 1877 1686">
    <p class='ocr_par' dir='ltr' id='par_1_111' title="bbox 1087 1652 1877 1686">
     <span class='ocr_line' id='line_1_112' title="bbox 1087 1652 1877 1686; baseline 0.003 -9"><span class='ocrx_word' id='word_1_898' title='bbox 1087 1660 1139 1686; x_wconf 85' lang='lat' dir='ltr'><strong>que</strong></span> <span class='ocrx_word' id='word_1_899' title='bbox 1165 1660 1196 1680; x_wconf 89' lang='lat' dir='ltr'><strong>ea</strong></span> <span class='ocrx_word' id='word_1_900' title='bbox 1221 1652 1343 1679; x_wconf 89' lang='lat' dir='ltr'><strong>inventus</strong></span> <span class='ocrx_word' id='word_1_901' title='bbox 1357 1652 1451 1685; x_wconf 87' lang='lat' dir='ltr'><strong>fuerit,</strong></span> <span class='ocrx_word' id='word_1_902' title='bbox 1466 1652 1569 1680; x_wconf 88' lang='lat' dir='ltr'><strong>alienus</strong></span> <span class='ocrx_word' id='word_1_903' title='bbox 1583 1653 1633 1680; x_wconf 87' lang='lat' dir='ltr'><strong>erit</strong></span> <span class='ocrx_word' id='word_1_904' title='bbox 1646 1660 1660 1679; x_wconf 92' lang='lat' dir='ltr'><strong>a</strong></span> <span class='ocrx_word' id='word_1_905' title='bbox 1683 1660 1794 1680; x_wconf 91' lang='lat' dir='ltr'><strong>numero</strong></span> <span class='ocrx_word' id='word_1_906' title='bbox 1809 1653 1877 1680; x_wconf 78' lang='lat' dir='ltr'><strong>filio-</strong></span> 
     </span>
    </p>
   </div>
   <div class='ocr_carea' id='block_1_112' title="bbox 1088 1687 1877 1723">
    <p class='ocr_par' dir='ltr' id='par_1_112' title="bbox 1088 1687 1877 1723">
     <span class='ocr_line' id='line_1_113' title="bbox 1088 1687 1877 1723; baseline 0.004 -11"><span class='ocrx_word' id='word_1_907' title='bbox 1088 1694 1170 1723; x_wconf 7' lang='lat' dir='ltr'><strong>rumg:</strong></span> <span class='ocrx_word' id='word_1_908' title='bbox 1188 1695 1237 1723; x_wconf 84' lang='lat' dir='ltr'><strong>nec</strong></span> <span class='ocrx_word' id='word_1_909' title='bbox 1251 1687 1357 1715; x_wconf 87' lang='lat' dir='ltr'><strong>habebit</strong></span> <span class='ocrx_word' id='word_1_910' title='bbox 1371 1688 1453 1714; x_wconf 81' lang='lat' dir='ltr'><strong>Deum</strong></span> <span class='ocrx_word' id='word_1_911' title='bbox 1469 1687 1574 1715; x_wconf 70' lang='lat' dir='ltr'><strong>Patren]</strong></span> <span class='ocrx_word' id='word_1_912' title='bbox 1589 1708 1595 1719; x_wconf 93' lang='lat'><strong>,</strong></span> <span class='ocrx_word' id='word_1_913' title='bbox 1612 1688 1655 1723; x_wconf 90' lang='lat' dir='ltr'><strong>qui</strong></span> <span class='ocrx_word' id='word_1_914' title='bbox 1668 1688 1815 1716; x_wconf 87' lang='lat' dir='ltr'><strong>Ecclesiam</strong></span> <span class='ocrx_word' id='word_1_915' title='bbox 1829 1696 1877 1715; x_wconf 92' lang='lat' dir='ltr'><strong>no-</strong></span> 
     </span>
    </p>
   </div>
   <div class='ocr_carea' id='block_1_113' title="bbox 1088 1722 1877 1758">
    <p class='ocr_par' dir='ltr' id='par_1_113' title="bbox 1088 1722 1877 1758">
     <span class='ocr_line' id='line_1_114' title="bbox 1088 1722 1877 1758; baseline 0.004 -10"><span class='ocrx_word' id='word_1_916' title='bbox 1088 1722 1167 1758; x_wconf 83' lang='lat' dir='ltr'><strong>luerit</strong></span> <span class='ocrx_word' id='word_1_917' title='bbox 1195 1722 1295 1750; x_wconf 80' lang='lat' dir='ltr'><strong>liabcre</strong></span> <span class='ocrx_word' id='word_1_918' title='bbox 1321 1727 1449 1755; x_wconf 83' lang='lat' dir='ltr'><strong>matrem;</strong></span> <span class='ocrx_word' id='word_1_919' title='bbox 1481 1724 1599 1757; x_wconf 89' lang='lat' dir='ltr'><strong>nihilque</strong></span> <span class='ocrx_word' id='word_1_920' title='bbox 1622 1722 1650 1750; x_wconf 80' lang='lat' dir='ltr'><strong>ei</strong></span> <span class='ocrx_word' id='word_1_921' title='bbox 1676 1723 1776 1751; x_wconf 83' lang='lat' dir='ltr'><strong>valebit</strong></span> <span class='ocrx_word' id='word_1_922' title='bbox 1805 1723 1877 1758; x_wconf 88' lang='lat' dir='ltr'><strong>quod</strong></span> 
     </span>
    </p>
   </div>
   <div class='ocr_carea' id='block_1_114' title="bbox 1087 1757 1875 1787">
    <p class='ocr_par' dir='ltr' id='par_1_114' title="bbox 1087 1757 1875 1787">
     <span class='ocr_line' id='line_1_115' title="bbox 1087 1757 1875 1787; baseline 0.004 -4"><span class='ocrx_word' id='word_1_923' title='bbox 1087 1757 1200 1784; x_wconf 83' lang='lat' dir='ltr'><strong>credidit</strong></span> <span class='ocrx_word' id='word_1_924' title='bbox 1220 1758 1262 1785; x_wconf 88' lang='lat' dir='ltr'><strong>vel</strong></span> <span class='ocrx_word' id='word_1_925' title='bbox 1285 1757 1345 1785; x_wconf 85' lang='lat' dir='ltr'><strong>fecit</strong></span> <span class='ocrx_word' id='word_1_926' title='bbox 1368 1762 1439 1785; x_wconf 88' lang='lat' dir='ltr'><strong>tanta</strong></span> <span class='ocrx_word' id='word_1_927' title='bbox 1455 1758 1522 1785; x_wconf 89' lang='lat' dir='ltr'><strong>bona</strong></span> <span class='ocrx_word' id='word_1_928' title='bbox 1538 1759 1595 1786; x_wconf 88' lang='lat' dir='ltr'><strong>sine</strong></span> <span class='ocrx_word' id='word_1_929' title='bbox 1610 1759 1661 1786; x_wconf 86' lang='lat' dir='ltr'><strong>fine</strong></span> <span class='ocrx_word' id='word_1_930' title='bbox 1676 1759 1773 1787; x_wconf 89' lang='lat' dir='ltr'><strong>summi</strong></span> <span class='ocrx_word' id='word_1_931' title='bbox 1801 1757 1875 1787; x_wconf 81' lang='lat' dir='ltr'><strong>boni.</strong></span> 
     </span>
    </p>
   </div>
   <div class='ocr_carea' id='block_1_115' title="bbox 1087 1792 1876 1828">
    <p class='ocr_par' dir='ltr' id='par_1_115' title="bbox 1087 1792 1876 1828">
     <span class='ocr_line' id='line_1_116' title="bbox 1087 1792 1876 1828; baseline 0.004 -10"><span class='ocrx_word' id='word_1_932' title='bbox 1087 1792 1221 1828; x_wconf 66' lang='lat' dir='ltr'><strong>Ecclesia,</strong></span> <span class='ocrx_word' id='word_1_933' title='bbox 1247 1798 1333 1820; x_wconf 90' lang='lat' dir='ltr'><strong>mater</strong></span> <span class='ocrx_word' id='word_1_934' title='bbox 1355 1799 1395 1820; x_wconf 90' lang='lat' dir='ltr'><strong>cst</strong></span> <span class='ocrx_word' id='word_1_935' title='bbox 1420 1793 1564 1828; x_wconf 87' lang='lat' dir='ltr'><strong>spiritualis</strong></span> <span class='ocrx_word' id='word_1_936' title='bbox 1587 1802 1594 1820; x_wconf 92' lang='lat'><strong>:</strong></span> <span class='ocrx_word' id='word_1_937' title='bbox 1620 1793 1759 1828; x_wconf 86' lang='lat' dir='ltr'><strong>Ecclesia,</strong></span> <span class='ocrx_word' id='word_1_938' title='bbox 1779 1801 1876 1828; x_wconf 84' lang='lat' dir='ltr'><strong>sponsa</strong></span> 
     </span>
    </p>
   </div>
   <div class='ocr_carea' id='block_1_116' title="bbox 1086 1827 1878 1865">
    <p class='ocr_par' dir='ltr' id='par_1_116' title="bbox 1086 1827 1878 1865">
     <span class='ocr_line' id='line_1_117' title="bbox 1086 1827 1878 1865; baseline 0.004 -12"><span class='ocrx_word' id='word_1_939' title='bbox 1086 1827 1186 1865; x_wconf 79' lang='lat' dir='ltr'><strong>Christi</strong></span> <span class='ocrx_word' id='word_1_940' title='bbox 1203 1832 1263 1865; x_wconf 64' lang='lat' dir='ltr'><strong>est;</strong></span> <span class='ocrx_word' id='word_1_941' title='bbox 1278 1828 1359 1862; x_wconf 79' lang='lat' dir='ltr'><strong>gratia</strong></span> <span class='ocrx_word' id='word_1_942' title='bbox 1375 1827 1570 1865; x_wconf 41' lang='lat' dir='ltr'><strong>ejns&#39;dealbata</strong></span> <span class='ocrx_word' id='word_1_943' title='bbox 1583 1849 1590 1860; x_wconf 85' lang='lat'><strong><em>.</em></strong></span> <span class='ocrx_word' id='word_1_944' title='bbox 1608 1830 1723 1864; x_wconf 86' lang='lat' dir='ltr'><strong>pretioso</strong></span> <span class='ocrx_word' id='word_1_945' title='bbox 1748 1827 1878 1865; x_wconf 70' lang='lat' dir='ltr'><strong>Sanguine</strong></span> 
     </span>
    </p>
   </div>
   <div class='ocr_carea' id='block_1_117' title="bbox 1086 1862 1877 1900">
    <p class='ocr_par' dir='ltr' id='par_1_117' title="bbox 1086 1862 1877 1900">
     <span class='ocr_line' id='line_1_118' title="bbox 1086 1862 1877 1900; baseline 0.004 -11"><span class='ocrx_word' id='word_1_946' title='bbox 1086 1862 1186 1900; x_wconf 69' lang='lat' dir='ltr'><strong>dotata.</strong></span> <span class='ocrx_word' id='word_1_947' title='bbox 1203 1863 1297 1900; x_wconf 87' lang='lat' dir='ltr'><strong>Totum</strong></span> <span class='ocrx_word' id='word_1_948' title='bbox 1314 1862 1433 1900; x_wconf 78' lang='lat' dir='ltr'><strong>poSsidet</strong></span> <span class='ocrx_word' id='word_1_949' title='bbox 1444 1864 1514 1898; x_wconf 91' lang='lat' dir='ltr'><strong>quod</strong></span> <span class='ocrx_word' id='word_1_950' title='bbox 1538 1872 1553 1891; x_wconf 89' lang='lat' dir='ltr'><strong>a</strong></span> <span class='ocrx_word' id='word_1_951' title='bbox 1569 1862 1626 1891; x_wconf 85' lang='lat' dir='ltr'><strong>viro</strong></span> <span class='ocrx_word' id='word_1_952' title='bbox 1650 1872 1699 1892; x_wconf 88' lang='lat' dir='ltr'><strong>suo</strong></span> <span class='ocrx_word' id='word_1_953' title='bbox 1722 1862 1824 1900; x_wconf 78' lang='lat' dir='ltr'><strong>accepit</strong></span> <span class='ocrx_word' id='word_1_954' title='bbox 1850 1864 1877 1892; x_wconf 90' lang='lat' dir='ltr'><strong>in</strong></span> 
     </span>
    </p>
   </div>
   <div class='ocr_carea' id='block_1_118' title="bbox 1086 1897 1877 1933">
    <p class='ocr_par' dir='ltr' id='par_1_118' title="bbox 1086 1897 1877 1933">
     <span class='ocr_line' id='line_1_119' title="bbox 1086 1897 1877 1933; baseline 0.004 -9"><span class='ocrx_word' id='word_1_955' title='bbox 1086 1897 1159 1925; x_wconf 88' lang='lat' dir='ltr'><strong>dote.</strong></span> <span class='ocrx_word' id='word_1_956' title='bbox 1169 1898 1240 1933; x_wconf 84' lang='lat' dir='ltr'><strong>Lego</strong></span> <span class='ocrx_word' id='word_1_957' title='bbox 1254 1899 1356 1925; x_wconf 89' lang='lat' dir='ltr'><strong>tabulas</strong></span> <span class='ocrx_word' id='word_1_958' title='bbox 1373 1897 1579 1926; x_wconf 82' lang='lat' dir='ltr'><strong>matrimonialcs</strong></span> <span class='ocrx_word' id='word_1_959' title='bbox 1590 1900 1648 1932; x_wconf 87' lang='lat' dir='ltr'><strong>ejus</strong></span> <span class='ocrx_word' id='word_1_960' title='bbox 1660 1920 1667 1931; x_wconf 83' lang='lat'><strong>,</strong></span> <span class='ocrx_word' id='word_1_961' title='bbox 1679 1897 1807 1927; x_wconf 80' lang='lat' dir='ltr'><strong>recitabo.</strong></span> <span class='ocrx_word' id='word_1_962' title='bbox 1822 1901 1877 1927; x_wconf 83' lang='lat' dir='ltr'><strong>Au-</strong></span> 
     </span>
    </p>
   </div>
   <div class='ocr_carea' id='block_1_119' title="bbox 1086 1933 1875 1970">
    <p class='ocr_par' dir='ltr' id='par_1_119' title="bbox 1086 1933 1875 1970">
     <span class='ocr_line' id='line_1_120' title="bbox 1086 1933 1875 1970; baseline 0.004 -11"><span class='ocrx_word' id='word_1_963' title='bbox 1086 1933 1156 1970; x_wconf 83' lang='lat' dir='ltr'><strong>dite,</strong></span> <span class='ocrx_word' id='word_1_964' title='bbox 1170 1933 1296 1965; x_wconf 75' lang='lat' dir='ltr'><strong>Incrctici,</strong></span> <span class='ocrx_word' id='word_1_965' title='bbox 1313 1934 1374 1968; x_wconf 92' lang='lat' dir='ltr'><strong>quid</strong></span> <span class='ocrx_word' id='word_1_966' title='bbox 1384 1935 1511 1968; x_wconf 87' lang='lat' dir='ltr'><strong>scriptum</strong></span> <span class='ocrx_word' id='word_1_967' title='bbox 1526 1935 1560 1961; x_wconf 87' lang='lat' dir='ltr'><strong>sit</strong></span> <span class='ocrx_word' id='word_1_968' title='bbox 1572 1944 1578 1960; x_wconf 88' lang='lat'><strong>:</strong></span> <span class='ocrx_word' id='word_1_969' title='bbox 1597 1935 1733 1970; x_wconf 82' lang='lat' dir='ltr'><strong>Oportebat</strong></span> <span class='ocrx_word' id='word_1_970' title='bbox 1746 1934 1875 1962; x_wconf 78' lang='lat' dir='ltr'><strong>Christum</strong></span> 
     </span>
    </p>
   </div>
   <div class='ocr_carea' id='block_1_120' title="bbox 1087 1968 1875 2006">
    <p class='ocr_par' dir='ltr' id='par_1_120' title="bbox 1087 1968 1875 2006">
     <span class='ocr_line' id='line_1_121' title="bbox 1087 1968 1875 2006; baseline 0.004 -12"><span class='ocrx_word' id='word_1_971' title='bbox 1087 1968 1139 2003; x_wconf 81' lang='lat' dir='ltr'><strong>pati</strong></span> <span class='ocrx_word' id='word_1_972' title='bbox 1149 1973 1171 2006; x_wconf 73' lang='lat' dir='ltr'><strong>ct</strong></span> <span class='ocrx_word' id='word_1_973' title='bbox 1182 1977 1310 2006; x_wconf 77' lang='lat' dir='ltr'><strong>resurgere</strong></span> <span class='ocrx_word' id='word_1_974' title='bbox 1322 1977 1337 1995; x_wconf 79' lang='grc' dir='ltr'>(ι</span> <span class='ocrx_word' id='word_1_975' title='bbox 1350 1970 1454 1996; x_wconf 83' lang='lat' dir='ltr'><strong>mortuis</strong></span> <span class='ocrx_word' id='word_1_976' title='bbox 1465 1991 1471 2002; x_wconf 92' lang='lat'><strong>,</strong></span> <span class='ocrx_word' id='word_1_977' title='bbox 1489 1975 1511 1997; x_wconf 83' lang='lat' dir='ltr'><strong>et</strong></span> <span class='ocrx_word' id='word_1_978' title='bbox 1525 1968 1657 2004; x_wconf 69' lang='lat' dir='ltr'><strong>pra’dicuri</strong></span> <span class='ocrx_word' id='word_1_979' title='bbox 1668 1971 1694 1996; x_wconf 77' lang='lat' dir='ltr'><strong>in</strong></span> <span class='ocrx_word' id='word_1_980' title='bbox 1707 1970 1808 1997; x_wconf 80' lang='lat' dir='ltr'><strong>nomine</strong></span> <span class='ocrx_word' id='word_1_981' title='bbox 1821 1971 1875 2006; x_wconf 69' lang='lat' dir='ltr'><strong>ejus</strong></span> 
     </span>
    </p>
   </div>
   <div class='ocr_carea' id='block_1_121' title="bbox 1086 2004 1878 2041">
    <p class='ocr_par' dir='ltr' id='par_1_121' title="bbox 1086 2004 1878 2041">
     <span class='ocr_line' id='line_1_122' title="bbox 1086 2004 1878 2041; baseline 0.004 -12"><span class='ocrx_word' id='word_1_982' title='bbox 1086 2004 1256 2041; x_wconf 70' lang='lat' dir='ltr'><strong>pwnitcntiam</strong></span> <span class='ocrx_word' id='word_1_983' title='bbox 1271 2009 1294 2031; x_wconf 87' lang='lat' dir='ltr'><strong>et</strong></span> <span class='ocrx_word' id='word_1_984' title='bbox 1306 2006 1475 2041; x_wconf 76' lang='lat' dir='ltr'><strong>remissionem</strong></span> <span class='ocrx_word' id='word_1_985' title='bbox 1488 2012 1643 2039; x_wconf 51' lang='lat' dir='ltr'><strong>percu/orum</strong></span> <span class='ocrx_word' id='word_1_986' title='bbox 1655 2013 1698 2039; x_wconf 78' lang='lat' dir='ltr'><strong>per</strong></span> <span class='ocrx_word' id='word_1_987' title='bbox 1716 2013 1801 2041; x_wconf 65' lang='lat' dir='ltr'><strong>omnes</strong></span> <span class='ocrx_word' id='word_1_988' title='bbox 1813 2004 1878 2041; x_wconf 76' lang='lat' dir='ltr'><strong>gen-</strong></span> 
     </span>
    </p>
   </div>
   <div class='ocr_carea' id='block_1_122' title="bbox 1086 2039 1876 2074">
    <p class='ocr_par' dir='ltr' id='par_1_122' title="bbox 1086 2039 1876 2074">
     <span class='ocr_line' id='line_1_123' title="bbox 1086 2039 1876 2074; baseline 0.005 -10"><span class='ocrx_word' id='word_1_989' title='bbox 1086 2044 1121 2065; x_wconf 75' lang='lat' dir='ltr'><strong>tes</strong></span> <span class='ocrx_word' id='word_1_990' title='bbox 1135 2039 1207 2072; x_wconf 85' lang='lat' dir='ltr'><strong>(Luc.</strong></span> <span class='ocrx_word' id='word_1_991' title='bbox 1223 2048 1297 2071; x_wconf 87' lang='lat' dir='ltr'><strong>xxtv,</strong></span> <span class='ocrx_word' id='word_1_992' title='bbox 1311 2039 1368 2074; x_wconf 73' lang='grc'><strong>47).</strong></span> <span class='ocrx_word' id='word_1_993' title='bbox 1383 2039 1481 2067; x_wconf 82' lang='lat' dir='ltr'><strong>Omnes</strong></span> <span class='ocrx_word' id='word_1_994' title='bbox 1498 2047 1588 2072; x_wconf 56' lang='lat' dir='ltr'><strong>ccum</strong></span> <span class='ocrx_word' id='word_1_995' title='bbox 1614 2045 1682 2066; x_wconf 80' lang='lat' dir='ltr'><strong>lotus</strong></span> <span class='ocrx_word' id='word_1_996' title='bbox 1699 2039 1876 2068; x_wconf 16' lang='lat' dir='ltr'><strong>mundnsﬁest.</strong></span> 
     </span>
    </p>
   </div>
   <div class='ocr_carea' id='block_1_123' title="bbox 1086 2074 1878 2110">
    <p class='ocr_par' dir='ltr' id='par_1_123' title="bbox 1086 2074 1878 2110">
     <span class='ocr_line' id='line_1_124' title="bbox 1086 2074 1878 2110; baseline 0.003 -9"><span class='ocrx_word' id='word_1_997' title='bbox 1086 2074 1205 2101; x_wconf 69' lang='lat' dir='ltr'><strong>Ecclesia</strong></span> <span class='ocrx_word' id='word_1_998' title='bbox 1217 2079 1298 2101; x_wconf 92' lang='lat' dir='ltr'><strong>totum</strong></span> <span class='ocrx_word' id='word_1_999' title='bbox 1309 2075 1435 2108; x_wconf 82' lang='lat' dir='ltr'><strong>possidet,</strong></span> <span class='ocrx_word' id='word_1_1000' title='bbox 1445 2077 1511 2110; x_wconf 78' lang='lat' dir='ltr'><strong>quod</strong></span> <span class='ocrx_word' id='word_1_1001' title='bbox 1523 2085 1534 2100; x_wconf 84' lang='lat' dir='ltr'><strong>a</strong></span> <span class='ocrx_word' id='word_1_1002' title='bbox 1546 2085 1554 2101; x_wconf 84' lang='lat'><em>\</em></span> <span class='ocrx_word' id='word_1_1003' title='bbox 1563 2076 1600 2102; x_wconf 68' lang='lat' dir='ltr'><strong>ira</strong></span> <span class='ocrx_word' id='word_1_1004' title='bbox 1608 2076 1763 2110; x_wconf 76' lang='lat' dir='ltr'><strong>snoaceepit</strong></span> <span class='ocrx_word' id='word_1_1005' title='bbox 1773 2075 1878 2104; x_wconf 87' lang='lat' dir='ltr'><strong>iudote.</strong></span> 
     </span>
    </p>
   </div>
   <div class='ocr_carea' id='block_1_124' title="bbox 1086 2109 1877 2146">
    <p class='ocr_par' dir='ltr' id='par_1_124' title="bbox 1086 2109 1877 2146">
     <span class='ocr_line' id='line_1_125' title="bbox 1086 2109 1877 2146; baseline 0.005 -11"><span class='ocrx_word' id='word_1_1006' title='bbox 1086 2109 1265 2146; x_wconf 69' lang='lat' dir='ltr'><strong>Quarcumquc</strong></span> <span class='ocrx_word' id='word_1_1007' title='bbox 1277 2109 1599 2146; x_wconf 28' lang='lat' dir='ltr'><strong>congregatio’anuslibet</strong></span> <span class='ocrx_word' id='word_1_1008' title='bbox 1612 2112 1720 2137; x_wconf 67' lang='lat' dir='ltr'><strong>ha-rc~is</strong></span> <span class='ocrx_word' id='word_1_1009' title='bbox 1736 2112 1761 2138; x_wconf 89' lang='lat' dir='ltr'><strong>in</strong></span> <span class='ocrx_word' id='word_1_1010' title='bbox 1772 2111 1877 2146; x_wconf 77' lang='lat' dir='ltr'><strong>angulis</strong></span> 
     </span>
    </p>
   </div>
   <div class='ocr_carea' id='block_1_125' title="bbox 1086 2145 1875 2178">
    <p class='ocr_par' dir='ltr' id='par_1_125' title="bbox 1086 2145 1875 2178">
     <span class='ocr_line' id='line_1_126' title="bbox 1086 2145 1875 2178; baseline 0.001 -7"><span class='ocrx_word' id='word_1_1011' title='bbox 1086 2145 1161 2172; x_wconf 85' lang='lat' dir='ltr'><strong>sedet</strong></span> <span class='ocrx_word' id='word_1_1012' title='bbox 1173 2154 1178 2171; x_wconf 91' lang='lat'>:</span> <span class='ocrx_word' id='word_1_1013' title='bbox 1191 2145 1336 2172; x_wconf 89' lang='lat' dir='ltr'><strong>concubina</strong></span> <span class='ocrx_word' id='word_1_1014' title='bbox 1347 2151 1388 2172; x_wconf 78' lang='lat' dir='ltr'><strong>est</strong></span> <span class='ocrx_word' id='word_1_1015' title='bbox 1397 2167 1404 2178; x_wconf 86' lang='grc'><em>,</em></span> <span class='ocrx_word' id='word_1_1016' title='bbox 1417 2154 1468 2172; x_wconf 83' lang='lat' dir='ltr'><strong>non</strong></span> <span class='ocrx_word' id='word_1_1017' title='bbox 1480 2152 1609 2174; x_wconf 83' lang='lat' dir='ltr'><strong>matrona.</strong></span> <span class='ocrx_word' id='word_1_1018' title='bbox 1619 2147 1641 2174; x_wconf 81' lang='grc'><strong>0</strong></span> <span class='ocrx_word' id='word_1_1019' title='bbox 1652 2147 1761 2173; x_wconf 73' lang='lat' dir='ltr'><strong>lncresis</strong></span> <span class='ocrx_word' id='word_1_1020' title='bbox 1773 2148 1875 2177; x_wconf 79' lang='lat' dir='ltr'><strong>ariana,</strong></span> 
     </span>
    </p>
   </div>
   <div class='ocr_carea' id='block_1_126' title="bbox 1085 2180 1876 2216">
    <p class='ocr_par' dir='ltr' id='par_1_126' title="bbox 1085 2180 1876 2216">
     <span class='ocr_line' id='line_1_127' title="bbox 1085 2180 1876 2216; baseline 0.003 -10"><span class='ocrx_word' id='word_1_1021' title='bbox 1085 2180 1147 2214; x_wconf 84' lang='lat' dir='ltr'><strong>quid</strong></span> <span class='ocrx_word' id='word_1_1022' title='bbox 1164 2181 1274 2207; x_wconf 88' lang='lat' dir='ltr'><strong>insultas</strong></span> <span class='ocrx_word' id='word_1_1023' title='bbox 1285 2201 1291 2210; x_wconf 80' lang='grc'><em>,</em></span> <span class='ocrx_word' id='word_1_1024' title='bbox 1305 2180 1370 2216; x_wconf 87' lang='lat' dir='ltr'><strong>quid</strong></span> <span class='ocrx_word' id='word_1_1025' title='bbox 1390 2181 1515 2208; x_wconf 80' lang='lat' dir='ltr'><strong>cvsufllas</strong></span> <span class='ocrx_word' id='word_1_1026' title='bbox 1526 2203 1533 2213; x_wconf 87' lang='lat'><strong>,</strong></span> <span class='ocrx_word' id='word_1_1027' title='bbox 1550 2182 1612 2216; x_wconf 85' lang='lat' dir='ltr'><strong>quid</strong></span> <span class='ocrx_word' id='word_1_1028' title='bbox 1626 2182 1705 2208; x_wconf 87' lang='lat' dir='ltr'><strong>etiam</strong></span> <span class='ocrx_word' id='word_1_1029' title='bbox 1719 2181 1753 2208; x_wconf 87' lang='lat' dir='ltr'><strong>ad</strong></span> <span class='ocrx_word' id='word_1_1030' title='bbox 1770 2185 1876 2215; x_wconf 88' lang='lat' dir='ltr'><strong>tempus</strong></span> 
     </span>
    </p>
   </div>
   <div class='ocr_carea' id='block_1_127' title="bbox 1085 2215 1877 2250">
    <p class='ocr_par' dir='ltr' id='par_1_127' title="bbox 1085 2215 1877 2250">
     <span class='ocr_line' id='line_1_128' title="bbox 1085 2215 1877 2250; baseline 0.003 -9"><span class='ocrx_word' id='word_1_1031' title='bbox 1085 2216 1168 2242; x_wconf 88' lang='lat' dir='ltr'><strong>multa</strong></span> <span class='ocrx_word' id='word_1_1032' title='bbox 1183 2215 1314 2250; x_wconf 76' lang='lat' dir='ltr'><strong>usurpas?</strong></span> <span class='ocrx_word' id='word_1_1033' title='bbox 1328 2215 1452 2250; x_wconf 81' lang='lat' dir='ltr'><strong>Injnriam</strong></span> <span class='ocrx_word' id='word_1_1034' title='bbox 1467 2224 1480 2243; x_wconf 92' lang='lat' dir='ltr'><strong>a</strong></span> <span class='ocrx_word' id='word_1_1035' title='bbox 1497 2221 1522 2242; x_wconf 87' lang='lat' dir='ltr'><strong>te</strong></span> <span class='ocrx_word' id='word_1_1036' title='bbox 1538 2215 1635 2250; x_wconf 79' lang='lat' dir='ltr'><strong>patitur</strong></span> <span class='ocrx_word' id='word_1_1037' title='bbox 1651 2215 1758 2242; x_wconf 89' lang='lat' dir='ltr'><strong>domina</strong></span> <span class='ocrx_word' id='word_1_1038' title='bbox 1772 2216 1806 2243; x_wconf 87' lang='lat' dir='ltr'><strong>ab</strong></span> <span class='ocrx_word' id='word_1_1039' title='bbox 1825 2224 1877 2243; x_wconf 88' lang='lat' dir='ltr'><strong>an-</strong></span> 
     </span>
    </p>
   </div>
   <div class='ocr_carea' id='block_1_128' title="bbox 1085 2250 1875 2285">
    <p class='ocr_par' dir='ltr' id='par_1_128' title="bbox 1085 2250 1875 2285">
     <span class='ocr_line' id='line_1_129' title="bbox 1085 2250 1875 2285; baseline 0.003 -8"><span class='ocrx_word' id='word_1_1040' title='bbox 1085 2251 1145 2277; x_wconf 88' lang='lat' dir='ltr'><strong>cilla</strong></span> <span class='ocrx_word' id='word_1_1041' title='bbox 1158 2260 1165 2282; x_wconf 83' lang='lat'><strong>;</strong></span> <span class='ocrx_word' id='word_1_1042' title='bbox 1180 2252 1275 2277; x_wconf 84' lang='lat' dir='ltr'><strong>umltas</strong></span> <span class='ocrx_word' id='word_1_1043' title='bbox 1285 2252 1309 2277; x_wconf 90' lang='lat' dir='ltr'><strong>ci</strong></span> <span class='ocrx_word' id='word_1_1044' title='bbox 1326 2251 1423 2285; x_wconf 77' lang='lat' dir='ltr'><strong>ingeris</strong></span> <span class='ocrx_word' id='word_1_1045' title='bbox 1437 2252 1611 2278; x_wconf 84' lang='lat' dir='ltr'><strong>contumelias</strong></span> <span class='ocrx_word' id='word_1_1046' title='bbox 1623 2260 1628 2277; x_wconf 94' lang='lat'>:</span> <span class='ocrx_word' id='word_1_1047' title='bbox 1638 2251 1700 2278; x_wconf 71' lang='lat' dir='ltr'><strong>licet</strong></span> <span class='ocrx_word' id='word_1_1048' title='bbox 1711 2250 1875 2285; x_wconf 76' lang='lat' dir='ltr'><strong>haecdoleat,</strong></span> 
     </span>
    </p>
   </div>
   <div class='ocr_carea' id='block_1_129' title="bbox 1085 2285 1875 2320">
    <p class='ocr_par' dir='ltr' id='par_1_129' title="bbox 1085 2285 1875 2320">
     <span class='ocr_line' id='line_1_130' title="bbox 1085 2285 1875 2320; baseline 0.003 -8"><span class='ocrx_word' id='word_1_1049' title='bbox 1085 2294 1136 2312; x_wconf 92' lang='lat' dir='ltr'><strong>non</strong></span> <span class='ocrx_word' id='word_1_1050' title='bbox 1152 2290 1176 2312; x_wconf 94' lang='lat' dir='ltr'><strong>tc</strong></span> <span class='ocrx_word' id='word_1_1051' title='bbox 1189 2294 1284 2320; x_wconf 79' lang='lat' dir='ltr'><strong>magno</strong></span> <span class='ocrx_word' id='word_1_1052' title='bbox 1299 2287 1391 2313; x_wconf 87' lang='lat' dir='ltr'><strong>metuit</strong></span> <span class='ocrx_word' id='word_1_1053' title='bbox 1404 2294 1499 2320; x_wconf 85' lang='lat' dir='ltr'><strong>sponsa</strong></span> <span class='ocrx_word' id='word_1_1054' title='bbox 1509 2286 1607 2313; x_wconf 86' lang='lat' dir='ltr'><strong>Christi</strong></span> <span class='ocrx_word' id='word_1_1055' title='bbox 1623 2290 1712 2312; x_wconf 86' lang='lat' dir='ltr'><strong>sancta</strong></span> <span class='ocrx_word' id='word_1_1056' title='bbox 1727 2285 1875 2314; x_wconf 81' lang='lat' dir='ltr'><strong>Catholica.</strong></span> 
     </span>
    </p>
   </div>
   <div class='ocr_carea' id='block_1_130' title="bbox 1085 2321 1869 2356">
    <p class='ocr_par' dir='ltr' id='par_1_130' title="bbox 1085 2321 1869 2356">
     <span class='ocr_line' id='line_1_131' title="bbox 1085 2321 1869 2356; baseline 0.003 -9"><span class='ocrx_word' id='word_1_1057' title='bbox 1085 2321 1149 2347; x_wconf 88' lang='lat' dir='ltr'><strong>Cum</strong></span> <span class='ocrx_word' id='word_1_1058' title='bbox 1164 2322 1233 2348; x_wconf 87' lang='lat' dir='ltr'><strong>cnim</strong></span> <span class='ocrx_word' id='word_1_1059' title='bbox 1248 2322 1395 2356; x_wconf 84' lang='lat' dir='ltr'><strong>respexerit</strong></span> <span class='ocrx_word' id='word_1_1060' title='bbox 1410 2322 1452 2348; x_wconf 85' lang='lat' dir='ltr'><strong>ille</strong></span> <span class='ocrx_word' id='word_1_1061' title='bbox 1464 2328 1596 2355; x_wconf 87' lang='lat' dir='ltr'><strong>sponsus,</strong></span> <span class='ocrx_word' id='word_1_1062' title='bbox 1611 2321 1725 2355; x_wconf 89' lang='lat' dir='ltr'><strong>ejicieris</strong></span> <span class='ocrx_word' id='word_1_1063' title='bbox 1737 2325 1765 2348; x_wconf 89' lang='lat' dir='ltr'><strong>tu</strong></span> <span class='ocrx_word' id='word_1_1064' title='bbox 1781 2326 1810 2348; x_wconf 91' lang='lat' dir='ltr'><strong>ut</strong></span> <span class='ocrx_word' id='word_1_1065' title='bbox 1818 2330 1869 2349; x_wconf 90' lang='lat' dir='ltr'><strong>an-</strong></span> 
     </span>
    </p>
   </div>
   <div class='ocr_carea' id='block_1_131' title="bbox 1085 2356 1874 2391">
    <p class='ocr_par' dir='ltr' id='par_1_131' title="bbox 1085 2356 1874 2391">
     <span class='ocr_line' id='line_1_132' title="bbox 1085 2356 1874 2391; baseline 0.001 -8"><span class='ocrx_word' id='word_1_1066' title='bbox 1085 2356 1143 2383; x_wconf 81' lang='lat' dir='ltr'><strong>cilla</strong></span> <span class='ocrx_word' id='word_1_1067' title='bbox 1160 2364 1219 2382; x_wconf 92' lang='lat' dir='ltr'><strong>cum</strong></span> <span class='ocrx_word' id='word_1_1068' title='bbox 1236 2356 1296 2383; x_wconf 83' lang='lat' dir='ltr'><strong>ﬁliis</strong></span> <span class='ocrx_word' id='word_1_1069' title='bbox 1312 2357 1382 2387; x_wconf 86' lang='lat' dir='ltr'><strong>tuis;</strong></span> <span class='ocrx_word' id='word_1_1070' title='bbox 1398 2356 1520 2391; x_wconf 78' lang='lat' dir='ltr'><strong>quoniam</strong></span> <span class='ocrx_word' id='word_1_1071' title='bbox 1536 2364 1588 2382; x_wconf 91' lang='lat' dir='ltr'><strong>non</strong></span> <span class='ocrx_word' id='word_1_1072' title='bbox 1603 2360 1681 2383; x_wconf 79' lang='lat' dir='ltr'><strong>erunt</strong></span> <span class='ocrx_word' id='word_1_1073' title='bbox 1692 2356 1815 2384; x_wconf 68' lang='lat' dir='ltr'><strong>Itmredes</strong></span> <span class='ocrx_word' id='word_1_1074' title='bbox 1828 2357 1874 2384; x_wconf 87' lang='lat' dir='ltr'><strong>lilii</strong></span> 
     </span>
    </p>
   </div>
   <div class='ocr_carea' id='block_1_132' title="bbox 1084 2390 1875 2427">
    <p class='ocr_par' dir='ltr' id='par_1_132' title="bbox 1084 2390 1875 2427">
     <span class='ocr_line' id='line_1_133' title="bbox 1084 2390 1875 2427; baseline 0.003 -10"><span class='ocrx_word' id='word_1_1075' title='bbox 1084 2392 1185 2418; x_wconf 71' lang='lat' dir='ltr'><strong>ancilla:</strong></span> <span class='ocrx_word' id='word_1_1076' title='bbox 1199 2399 1257 2418; x_wconf 91' lang='lat' dir='ltr'><strong>cum</strong></span> <span class='ocrx_word' id='word_1_1077' title='bbox 1275 2392 1333 2419; x_wconf 83' lang='lat' dir='ltr'><strong>filiis</strong></span> <span class='ocrx_word' id='word_1_1078' title='bbox 1346 2390 1434 2419; x_wconf 69' lang='lat' dir='ltr'><strong>libera:</strong></span> <span class='ocrx_word' id='word_1_1079' title='bbox 1448 2390 1523 2426; x_wconf 83' lang='lat' dir='ltr'><strong>(Gen.</strong></span> <span class='ocrx_word' id='word_1_1080' title='bbox 1538 2399 1604 2424; x_wconf 71' lang='lat' dir='ltr'><strong>XXI,</strong></span> <span class='ocrx_word' id='word_1_1081' title='bbox 1620 2391 1675 2427; x_wconf 86' lang='lat' dir='ltr'><strong>I0).</strong></span> <span class='ocrx_word' id='word_1_1082' title='bbox 1692 2391 1875 2426; x_wconf 83' lang='lat' dir='ltr'><strong>Cognoscatur</strong></span> 
     </span>
    </p>
   </div>
   <div class='ocr_carea' id='block_1_133' title="bbox 1084 2427 1876 2462">
    <p class='ocr_par' dir='ltr' id='par_1_133' title="bbox 1084 2427 1876 2462">
     <span class='ocr_line' id='line_1_134' title="bbox 1084 2427 1876 2462; baseline 0.001 -8"><span class='ocrx_word' id='word_1_1083' title='bbox 1084 2435 1135 2454; x_wconf 92' lang='lat' dir='ltr'><strong>una</strong></span> <span class='ocrx_word' id='word_1_1084' title='bbox 1163 2432 1252 2454; x_wconf 86' lang='lat' dir='ltr'><strong>sancta</strong></span> <span class='ocrx_word' id='word_1_1085' title='bbox 1279 2432 1305 2454; x_wconf 83' lang='lat' dir='ltr'><strong>et</strong></span> <span class='ocrx_word' id='word_1_1086' title='bbox 1323 2434 1383 2454; x_wconf 89' lang='lat' dir='ltr'><strong>vera</strong></span> <span class='ocrx_word' id='word_1_1087' title='bbox 1404 2428 1493 2461; x_wconf 80' lang='lat' dir='ltr'><strong>regina</strong></span> <span class='ocrx_word' id='word_1_1088' title='bbox 1518 2427 1669 2458; x_wconf 84' lang='lat' dir='ltr'><strong>Catholica,</strong></span> <span class='ocrx_word' id='word_1_1089' title='bbox 1698 2427 1739 2453; x_wconf 91' lang='lat' dir='ltr'><strong>cui</strong></span> <span class='ocrx_word' id='word_1_1090' title='bbox 1764 2435 1876 2462; x_wconf 83' lang='lat' dir='ltr'><strong>regnum</strong></span> 
     </span>
    </p>
   </div>
   <div class='ocr_carea' id='block_1_134' title="bbox 1083 2461 1875 2497">
    <p class='ocr_par' dir='ltr' id='par_1_134' title="bbox 1083 2461 1875 2497">
     <span class='ocr_line' id='line_1_135' title="bbox 1083 2461 1875 2497; baseline 0.003 -10"><span class='ocrx_word' id='word_1_1091' title='bbox 1083 2461 1205 2488; x_wconf 85' lang='lat' dir='ltr'><strong>Christus</strong></span> <span class='ocrx_word' id='word_1_1092' title='bbox 1219 2462 1270 2489; x_wconf 87' lang='lat' dir='ltr'><strong>tale</strong></span> <span class='ocrx_word' id='word_1_1093' title='bbox 1294 2462 1383 2493; x_wconf 83' lang='lat' dir='ltr'><strong>dedit,</strong></span> <span class='ocrx_word' id='word_1_1094' title='bbox 1409 2461 1479 2497; x_wconf 83' lang='lat' dir='ltr'><strong>quod</strong></span> <span class='ocrx_word' id='word_1_1095' title='bbox 1506 2469 1564 2489; x_wconf 85' lang='lat' dir='ltr'><strong>eam</strong></span> <span class='ocrx_word' id='word_1_1096' title='bbox 1591 2469 1637 2496; x_wconf 88' lang='lat' dir='ltr'><strong>per</strong></span> <span class='ocrx_word' id='word_1_1097' title='bbox 1651 2466 1734 2489; x_wconf 90' lang='lat' dir='ltr'><strong>totum</strong></span> <span class='ocrx_word' id='word_1_1098' title='bbox 1749 2463 1875 2490; x_wconf 81' lang='lat' dir='ltr'><strong>mundum</strong></span> 
     </span>
    </p>
   </div>
   <div class='ocr_carea' id='block_1_135' title="bbox 1083 2497 1878 2532">
    <p class='ocr_par' dir='ltr' id='par_1_135' title="bbox 1083 2497 1878 2532">
     <span class='ocr_line' id='line_1_136' title="bbox 1083 2497 1878 2532; baseline 0 -8"><span class='ocrx_word' id='word_1_1099' title='bbox 1083 2497 1234 2524; x_wconf 89' lang='lat' dir='ltr'><strong>diffundens</strong></span> <span class='ocrx_word' id='word_1_1100' title='bbox 1246 2518 1253 2530; x_wconf 88' lang='lat'><strong>,</strong></span> <span class='ocrx_word' id='word_1_1101' title='bbox 1265 2497 1298 2524; x_wconf 93' lang='lat' dir='ltr'><strong>ab</strong></span> <span class='ocrx_word' id='word_1_1102' title='bbox 1309 2498 1380 2523; x_wconf 91' lang='lat' dir='ltr'><strong>omni</strong></span> <span class='ocrx_word' id='word_1_1103' title='bbox 1397 2497 1502 2524; x_wconf 85' lang='lat' dir='ltr'><strong>macula</strong></span> <span class='ocrx_word' id='word_1_1104' title='bbox 1514 2502 1540 2524; x_wconf 87' lang='lat' dir='ltr'><strong>et</strong></span> <span class='ocrx_word' id='word_1_1105' title='bbox 1553 2505 1617 2532; x_wconf 87' lang='lat' dir='ltr'><strong>ruga</strong></span> <span class='ocrx_word' id='word_1_1106' title='bbox 1632 2497 1773 2530; x_wconf 79' lang='lat' dir='ltr'><strong>mundatis,</strong></span> <span class='ocrx_word' id='word_1_1107' title='bbox 1794 2502 1878 2528; x_wconf 85' lang='lat' dir='ltr'><strong>totam</strong></span> 
     </span>
    </p>
   </div>
   <div class='ocr_carea' id='block_1_136' title="bbox 1083 2532 1592 2568">
    <p class='ocr_par' dir='ltr' id='par_1_136' title="bbox 1083 2532 1592 2568">
     <span class='ocr_line' id='line_1_137' title="bbox 1083 2532 1592 2568; baseline 0 -9"><span class='ocrx_word' id='word_1_1108' title='bbox 1083 2532 1221 2568; x_wconf 85' lang='lat' dir='ltr'><strong>pulchram</strong></span> <span class='ocrx_word' id='word_1_1109' title='bbox 1237 2540 1285 2559; x_wconf 87' lang='lat' dir='ltr'><strong>suo</strong></span> <span class='ocrx_word' id='word_1_1110' title='bbox 1297 2533 1411 2560; x_wconf 85' lang='lat' dir='ltr'><strong>adventu</strong></span> <span class='ocrx_word' id='word_1_1111' title='bbox 1425 2533 1592 2567; x_wconf 61' lang='lat' dir='ltr'><strong>prtcparavit.</strong></span> 
     </span>
    </p>
   </div>
   <div class='ocr_carea' id='block_1_137' title="bbox 1115 2597 1668 2631">
    <p class='ocr_par' dir='ltr' id='par_1_137' title="bbox 1115 2597 1668 2631">
     <span class='ocr_line' id='line_1_138' title="bbox 1115 2597 1668 2631; baseline -0.004 -7"><span class='ocrx_word' id='word_1_1112' title='bbox 1115 2600 1123 2615; x_wconf 85' lang='grc' dir='ltr'><strong>ι</strong></span> <span class='ocrx_word' id='word_1_1113' title='bbox 1140 2599 1338 2625; x_wconf 85' lang='lat' dir='ltr'><strong>Gemmeticencis</strong></span> <span class='ocrx_word' id='word_1_1114' title='bbox 1352 2602 1393 2624; x_wconf 77' lang='lat' dir='ltr'><strong>Its.</strong></span> <span class='ocrx_word' id='word_1_1115' title='bbox 1400 2616 1408 2631; x_wconf 90' lang='lat'><strong>,</strong></span> <span class='ocrx_word' id='word_1_1116' title='bbox 1420 2598 1446 2624; x_wconf 80' lang='lat' dir='ltr'><strong>in</strong></span> <span class='ocrx_word' id='word_1_1117' title='bbox 1457 2605 1532 2631; x_wconf 81' lang='lat' dir='ltr'><strong>regna</strong></span> <span class='ocrx_word' id='word_1_1118' title='bbox 1543 2597 1668 2626; x_wconf 74' lang='lat' dir='ltr'><strong>caelorum.</strong></span> 
     </span>
    </p>
   </div>
  </div>
