4140 6216
461 382 946 390 .-———4——-————-—‘—~
979 384 1050 389 ——
1063 384 1094 389 -—
1131 386 1136 387 ν
1151 383 1522 389 ———-———-————-
1541 383 1650 389 ο--
1659 383 1838 390 -——-—-——
1859 383 3188 403 ‘————-—-——.—_—___—____
3353 402 3470 407 ___
3487 404 3494 407 _

459 413 470 415 Α
483 413 528 417 -—
537 412 710 417 —_‘_
737 413 758 415 ”-“
875 412 928 417 *“
1260 416 1325 422 -ν-
1352 415 1578 425 ——-——~
1594 416 1617 422 ι-
1845 411 2044 419 ‘~—-'
2119 418 2135 427 οι
2146 420 2183 426 —-
2246 421 2797 433 ————.~——_—_—_..
3151 426 3182 430 ,κ
3193 428 3228 431 η-.
3239 429 3242 431 .
3255 428 3264 431 -
3305 430 3308 431 ,
3403 430 3456 434 ____
3617 433 3668 438 ,κ-

2146 420 2793 433 —-——__._.~—————____..

1574 659 2081 725 HIPPONENSIS
2121 663 2477 729 EPISCOPI

1861 798 2262 882 SERMO

554 925 826 1071 DE
951 922 2099 1073 DISCIPLINA
2212 925 3560 1085 CHRISTIANA‘.

1806 1125 2299 1164 mm—

476 1201 707 1260 (IABU'I‘
764 1199 1049 1259 ΡΜἋΗΜ.
1102 1228 1178 1241 —-
1212 1200 1270 1254 ‘i.
1319 1199 1581 1256 Sermonis
1619 1210 1993 1274 argumentum.

2105 1205 2239 1274 Qua:
2267 1205 2437 1263 voluit
2488 1216 2667 1264 tamen
2697 1207 2861 1276 Deus,
2888 1215 3112 1281 propter
3133 1224 3228 1269 eos
3270 1214 3361 1285 qui
3400 1229 3459 1272 se
3486 1225 3708 1289 possent

404 1292 642 1349 Locutus
701 1301 784 1348 est
836 1293 912 1347 ad
964 1305 1064 1347 nos
1115 1305 1296 1346 set-tuo
1345 1292 1488 1359 Dei,
1545 1301 1599 1349 et
1654 1294 2000 1364 depromptae
2110 1312 2407 1367 excusare,
2455 1299 2541 1355 vel
2584 1300 2705 1370 quia
2763 1300 2842 1357 eis
2870 1316 2975 1357 non
3002 1311 3158 1360 vacat
3178 1305 3365 1378 legere
3391 1349 3407 1376 ,
3454 1310 3539 1365 vel
3581 1313 3704 1380 quia

406 1393 494 1443 est
518 1384 587 1441 ad
636 1384 1066 1446 “hortationem
1108 1392 1343 1439 nostram
1369 1426 1384 1451 ,
1432 1383 1645 1441 dicente
1689 1385 1961 1457 Scriptura
1983 1428 1999 1452 ,

407 1475 634 1549 Accipite
661 1476 985 1544 disciplinam
1014 1476 1069 1535 in
1104 1474 1257 1530 domo
1285 1474 1569 1546 disciplina:
1599 1476 1783 1550 (Eceli.
1815 1494 1886 1545 LI,
1908 1479 1999 1545 Si,

408 1569 520 1640 56).
542 1570 859 1642 Disciplina,
880 1584 917 1624 a
946 1568 1205 1626 discendo
1233 1568 1374 1624 dicta
1396 1577 1481 1624 est
1522 1586 1535 1623 :
1568 1569 1866 1641 disciplima
1895 1571 1995 1626 do-

374 1674 560 1728 -mus,
607 1669 691 1716 est
735 1660 979 1717 Ecclesia
1025 1656 1240 1715 Christi.
1282 1659 1423 1727 Quid
1449 1676 1578 1732 ergo
1606 1661 1696 1717 hic
1739 1661 1995 1731 discitur,

404 1751 492 1813 rei
515 1767 681 1822 quare
699 1751 925 1807 discitur
941 1751 965 1805 i
979 1750 1089 1819 Qui
1108 1759 1235 1806 sunt
1251 1750 1344 1821 qui
1368 1751 1617 1819 discunt,
1648 1762 1701 1808 et
1729 1768 1759 1808 a
1786 1768 1891 1824 quo
1912 1753 1996 1808 di-

398 1844 600 1903 scunt?
625 1841 856 1899 Discitur
876 1842 1232 1907 benevivere.
1256 1841 1483 1912 Propter
1503 1843 1607 1898 hoc
1620 1842 1846 1899 discitur
1856 1844 1998 1901 bene

401 1935 606 1999 vivere,
638 1941 696 1989 ut
747 1932 1092 2003 perveniatur
1133 1931 1203 1987 ad
1253 1946 1473 2003 semper
1517 1934 1717 1990 vivere.
1772 1935 1998 1991 Discunt

397 2023 713 2091 Christiani,
742 2022 899 2080 docet
920 2024 1187 2079 Christus.
1217 2021 1398 2079 Primo
1423 2037 1574 2096 ergo,
1602 2025 1729 2096 quid
1757 2026 1827 2082 sit
1858 2028 1996 2084 bene

396 2118 610 2183 vivere;
640 2115 854 2183 deinde,
884 2130 1007 2187 quae
1048 2117 1121 2171 sit
1167 2110 1380 2172 merces
1423 2116 1578 2173 bona:
1607 2120 1761 2186 vitae;
1797 2122 1952 2176 tertio
1975 2162 1992 2189 ,

376 2210 491 2281 —qui
506 2210 615 2264 sint
639 2210 751 2265 veri
778 2209 1102 2276 Christiani;
1130 2218 1324 2281 quarto
1344 2252 1360 2277 ,
1392 2210 1513 2281 quis
1540 2211 1609 2266 sit
1636 2228 1795 2267 verus
1824 2215 1995 2285 magi-

396 2310 530 2369 ster,
552 2314 721 2370 pauca
752 2299 1100 2371 loquentibus
1129 2300 1286 2357 nobis
1303 2344 1319 2368 ,
1344 2301 1483 2356 sicut
1508 2299 1674 2357 donat
1694 2302 1954 2359 Dominus
1971 2347 1987 2373 ,

394 2393 582 2449 audire
606 2391 920 2465 dignemini.
948 2390 1149 2449 Omnes
1171 2393 1227 2448 in
1256 2393 1418 2449 domo
1446 2393 1745 2465 disciplina:
1771 2410 1986 2461 sumus,

391 2485 494 2541 sed
514 2484 667 2545 multi
692 2481 882 2540 nolunt
901 2484 1105 2540 habere
1117 2483 1487 2555 disciplinam;
1510 2493 1565 2540 et
1595 2484 1736 2556 quod
1759 2495 1841 2542 est
1859 2501 1985 2557 per-

396 2577 625 2645 versius,
654 2590 759 2639 nec
784 2577 838 2632 in
862 2575 1023 2631 domo
1058 2575 1357 2646 disciplina:
1383 2576 1570 2631 volunt
1600 2564 1799 2632 habere
1824 2575 1991 2632 disci-

388 2670 617 2741 plinam.
641 2670 775 2725 Cum
801 2678 1081 2741 propterea
1116 2669 1345 2725 debeant
1390 2668 1447 2724 iu
1474 2668 1640 2724 domo
1695 2668 1991 2739 disciplinae

390 2762 641 2833 accipere
663 2759 999 2831 disciplinam
1016 2802 1031 2826 ,
1065 2767 1123 2815 ut
1153 2767 1367 2815 servent
1403 2759 1546 2814 illam
1573 2767 1628 2814 et
1656 2759 1712 2814 in
1736 2759 1986 2815 domibus

395 2854 535 2919 suis;
558 2853 660 2923 ipsi
685 2861 895 2921 contra,
918 2852 1464 2923 indisciplinationcm
1484 2867 1593 2906 non
1611 2852 1783 2907 solum
1816 2852 1869 2907 in
1894 2851 1992 2908 do-

388 2945 573 3004 nribus
598 2946 712 3002 suis
738 2944 937 3001 habere
965 2946 1169 3012 volunt,
1197 2943 1292 3000 sed
1315 2943 1461 3001 ferre
1480 2945 1626 2998 illam
1643 2959 1826 3000 secum
1845 2953 1898 3000 et
1914 2945 1982 3000 ad

388 3037 613 3095 domum
636 3034 1093 3108 disciplinanldeo
1121 3034 1263 3106 apud
1290 3049 1425 3105 quos
1445 3049 1554 3090 non
1578 3043 1733 3090 vacat
1756 3035 1988 3091 verbum

388 3130 493 3188 Dei
513 3171 530 3199 ,
560 3130 651 3202 qui
675 3144 771 3186 cor
794 3128 911 3183 auri
937 3128 1302 3199 coniungunt;
1330 3125 1422 3198 qui
1448 3141 1555 3181 non
1584 3136 1711 3182 sunt
1734 3127 1852 3191 via,
1897 3127 1988 3182 ubi

390 3237 585 3281 semen
611 3236 733 3278 eum
780 3221 1035 3278 ceciderit
1059 3219 1128 3274 ab
1177 3219 1364 3274 avibus
1410 3217 1712 3289 colligitur;
1760 3218 1850 3288 qui
1881 3233 1990 3273 non

390 3322 521 3373 sunt
544 3322 758 3386 petrosa
781 3313 899 3369 loca
926 3355 942 3381 ,
972 3312 1060 3368 ubi
1090 3325 1275 3368 semen
1316 3310 1477 3364 altam
1523 3308 1759 3364 radicem
1791 3308 2015 3395 habere‘

394 3421 507 3466 non
532 3415 733 3479 potest,
753 3414 809 3461 et
833 3404 901 3461 ad
926 3405 1111 3462 horam
1139 3402 1269 3470 exit,
1301 3410 1358 3457 et
1382 3402 1439 3456 in
1480 3408 1615 3456 aestu
1644 3401 1868 3463 arescit;
1898 3402 1989 3471 qui

394 3513 504 3557 non
518 3506 649 3555 sunt
674 3512 803 3571 ager
826 3495 1098 3570 spinosus,
1125 3494 1215 3550 ubi
1235 3507 1423 3549 semen
1449 3505 1574 3547 eum
1608 3490 1990 3563 germinaverit

396 3592 523 3650 etin
543 3606 699 3648 auras
725 3604 945 3663 surgere
973 3587 1219 3658 coeperit,
1248 3586 1527 3657 spinarum
1546 3583 1811 3639 densitate
1823 3581 1988 3663 suil‘o-

393 3692 549 3743 catur
575 3700 590 3738 :
618 3682 714 3739 sed
738 3662 833 3753 qui
851 3688 976 3739 sunt
998 3687 1136 3735 terra
1163 3678 1303 3734 bona
1327 3684 1513 3748 parata
1544 3688 1730 3731 semen
1771 3662 1985 3745 accipe-

394 3790 457 3833 re
475 3816 490 3845 ,
520 3781 576 3832 et
596 3773 824 3830 fructum
842 3770 1070 3828 reddere
1088 3770 1177 3826 vel
1197 3774 1504 3833 centenum,
1522 3767 1606 3824 vel
1632 3780 1983 3836 sexagenum,

396 3868 483 3924 vel
509 3868 771 3924 tricenum
803 3863 1200 3938 (recordamini,
1232 3861 1323 3933 qui
1353 3875 1461 3916 non
1482 3859 1599 3915 sine
1628 3872 1789 3914 causa
1817 3858 1986 3911 intra-

396 3962 468 4019 tis
484 3960 782 4034 disciplinae
801 3957 1037 4019 scholam
1056 3996 1071 4023 ,
1091 3956 1190 4011 has
1216 3967 1307 4010 me
1325 3950 1700 4035 similitudines
1723 3963 1789 4002 ex
1812 3948 1988 4002 Evan-

396 4053 538 4126 gelio
560 4062 1011 4107 commemorasse
1053 4045 1266 4119 [Matth
1293 4058 1408 4109 xm,
1451 4038 1684 4112 5-23]):
1715 4037 1807 4108 qui
1852 4052 1986 4109 ergo

400 4147 534 4202 tales
562 4152 706 4213 sunt,
734 4142 995 4213 accipiant
1045 4138 1187 4210 quod
1230 4152 1327 4209 per
1368 4149 1457 4190 me
1511 4131 1771 4188 Dominus
1807 4131 1988 4187 dicere

399 4237 665 4309 dignatur.
695 4236 809 4307 Ego
827 4233 971 4291 enim
988 4274 1003 4300 ,
1025 4230 1280 4302 quoniam
1300 4228 1390 4283 ille
1414 4225 1660 4290 seminat,
1681 4223 1807 4294 quid
1821 4223 1983 4303 sum?

398 4328 500 4385 Vix
523 4326 784 4399 cophinus
807 4322 1137 4381 seminantis.
1162 4320 1283 4390 ipse
1326 4319 1380 4374 in
1425 4331 1512 4372 me
1552 4329 1755 4386 ponere
1796 4313 1986 4385 digna-

398 4430 489 4480 tur
505 4424 529 4457 ³
553 4418 695 4494 quod
723 4418 876 4475 vobis
892 4420 1127 4488 spargat.
1158 4412 1336 4468 Nolite
1361 4425 1490 4481 ergo
1513 4408 1789 4464 attendere
1809 4406 1877 4462 ad
1902 4407 1984 4462 vi-

395 4516 600 4575 litatem
620 4512 833 4585 cophini
853 4552 869 4578 ,
894 4509 988 4566 sed
1010 4507 1079 4564 ad
1106 4507 1420 4563 charitatem
1444 4502 1673 4562 seminis
1697 4508 1752 4558 et
1782 4500 1848 4557 ad
1879 4515 1981 4570 po-

396 4615 644 4664 testatem
671 4601 1035 4661 seminatoris.

468 4695 696 4756 CAPUT
726 4692 793 4749 il.
826 4720 900 4735 --
934 4692 992 4747 2.
1040 4688 1327 4747 Dicendum
1369 4685 1493 4759 quid
1537 4686 1605 4742 sit
1640 4686 1762 4741 bene
1801 4685 1983 4741 vivere.

398 4782 812 4857 Prteceptabene
837 4783 1034 4838 uiuendi
1046 4798 1148 4838 uno
1163 4782 1300 4837 brevi
1322 4789 1370 4835 et
1389 4786 1566 4851 aperto
1589 4778 1829 4834 mandato
1851 4794 1989 4834 eom-

400 4878 667 4954 pre/tensa.
701 4874 850 4943 Quid
897 4882 981 4931 est
1044 4887 1174 4945 ergo
1226 4873 1366 4928 bene
1424 4870 1607 4927 vivere
1633 4912 1649 4939 ,
1709 4869 1852 4942 quod
1903 4868 1991 4926 hic

400 4967 660 5030 discitur?
671 4966 944 5037 Praecpta
954 4962 1121 5018 multa
1134 4970 1259 5017 sunt
1270 4962 1327 5018 in
1340 4960 1503 5033 Lege,
1516 4961 1708 5033 quibus
1719 4961 1831 5032 ipsa
1846 4960 1989 5017 bona

401 5063 510 5119 vita
545 5059 869 5128 continetur,
898 5056 1192 5127 imperatur
1215 5062 1273 5109 et
1298 5052 1540 5110 discitur.
1567 5051 1729 5108 Multa
1761 5052 1982 5109 omnino

400 5162 667 5229 precepts
690 5156 851 5220 sunt,
882 5144 1310 5205 innumerabilia.
1332 5145 1727 5216 Praeceptorum
1745 5145 1985 5216 ipsorum

401 5248 624 5321 paginas
648 5245 738 5305 vix
762 5242 1047 5316 quisquam
1071 5245 1371 5308 enumerat,
1399 5246 1600 5310 quanto
1622 5238 1793 5309 magis
1819 5237 1935 5310 ipsa
1961 5238 1986 5294 ?

2109 1406 2216 1446 non
2264 1400 2459 1446 norunt
2517 1392 2697 1464 legere
2723 1433 2739 1458 ,
2805 1393 2888 1448 vel
2937 1395 3060 1465 quia
3110 1412 3220 1454 non
3261 1409 3495 1483 possunt
3550 1400 3703 1457 facile

2096 1483 2447 1554 intelligere,
2508 1492 2565 1538 ut
2615 1486 3017 1543 excusationem
3071 1503 3233 1546 nemo
3275 1490 3469 1547 habeat
3502 1492 3568 1545 ‘in
3617 1491 3706 1548 die

2066 1574 2328 1646 -judicii,
2380 1574 2587 1643 voluit“,
2640 1577 2777 1633 sicut
2828 1580 3090 1650 scriptum
3154 1588 3271 1649 est,
3327 1597 3704 1640 consummare
3766 1620 3770 1623 -

2106 1675 2160 1722 et
2214 1665 2459 1723 breviare
2509 1668 2735 1724 verbum
2793 1685 2956 1741 super
3011 1680 3245 1739 terram,
3301 1674 3439 1731 sicut
3487 1675 3556 1732 de
3602 1676 3703 1733 illo

2105 1758 2368 1827 propheta
2428 1759 2750 1829 praedixerat
2796 1779 2810 1815 :
2863 1759 3086 1817 Verbum
3146 1764 3278 1819 enim
3347 1774 3702 1825 consummant

2105 1862 2151 1905 et
2172 1851 2399 1908 brevians
2425 1854 2581 1925 faciet
2600 1852 2850 1909 Dominus
2879 1872 3033 1926 super
3060 1866 3244 1913 terram
3286 1858 3448 1932 (Isai.
3494 1877 3551 1927 ι,
3576 1861 3699 1933 25).

2100 1942 2219 1999 Hoc
2242 1942 2419 2013 ipsum
2448 1946 2673 2001 verbum
2702 1956 3131 2004 consummatum
3162 1957 3217 2005 et
3248 1949 3566 2022 breviatum,
3596 1969 3699 2012 nec

2102 2033 2389 2090 obscurum
2424 2049 2546 2092 esse
2575 2034 2719 2093 Deus
2741 2038 2926 2094 voluit.
2954 2037 3083 2095 ideo
3111 2040 3296 2107 breve,
3318 2056 3388 2098 ne
3414 2057 3518 2097 non
3536 2058 3694 2109 vaea-

2102 2132 2184 2180 ret
2204 2126 2383 2196 legere
2414 2144 2427 2179 :
2459 2126 2581 2182 ideo
2609 2137 2855 2198 apertum
2873 2171 2886 2194 ,
2935 2144 3005 2186 ne
3033 2129 3211 2198 dicat,
3240 2130 3368 2187 Mihi
3406 2148 3513 2190 non
3534 2134 3690 2193 licuit

2101 2214 2418 2288 intelligere.
2466 2217 2775 2275 Thesaurns
2821 2235 2949 2291 ergo
2992 2228 3076 2277 est
3117 2236 3342 2292 magnus
3387 2223 3687 2293 divinarum

2099 2306 2515 2380 Scripturarum,
2547 2311 2747 2368 habens
2770 2312 2824 2367 in
2847 2326 2907 2369 se
2930 2313 3194 2370 mirabilia
3218 2324 3485 2386 praecepta
3497 2318 3686 2384 multa,

2100 2405 2351 2470 tanquam
2382 2403 2575 2457 multas
2601 2418 2859 2473 gemmas,
2888 2413 2942 2460 et
2969 2406 3201 2476 pretiosa
3228 2406 3471 2485 monilia,
3490 2415 3686 2465 etvasa

2100 2491 2332 2562 ingentia
2360 2500 2413 2549 et
2446 2495 2622 2565 magni
2670 2497 2891 2551 metalli.
2944 2496 3052 2554 Sed
3097 2498 3216 2569 quis
3245 2507 3423 2570 potest
3462 2504 3694 2557 scrutari

2098 2585 2409 2641 thesaurum
2434 2587 2591 2642 istum
2612 2629 2628 2657 ,
2657 2596 2713 2644 et
2750 2589 2827 2643 uti
2857 2604 2923 2645 co
2944 2631 2958 2657 ,
3001 2599 3056 2645 et
3083 2590 3367 2660 pervenire
3414 2591 3481 2648 ad
3510 2592 3691 2649 omnia

2097 2687 2218 2743 quae
2242 2674 2314 2729 ibi
2345 2675 2513 2730 sunt?
2537 2676 2760 2745 Quando
2785 2679 2925 2735 hanc
2974 2680 3379 2736 similitudinem
3431 2680 3690 2743 Dominus

2097 2763 2246 2819 dedit
2270 2766 2320 2820 in
2354 2766 2638 2837 Evangelia
2660 2782 2777 2835 suo,
2810 2778 2865 2825 et
2887 2770 3038 2835 dixit,
3064 2769 3244 2828 Simile
3266 2779 3342 2826 est
3360 2788 3569 2845 regnum
3590 2788 3696 2829 eoe-

2099 2856 2263 2911 lorum
2288 2858 2520 2913 thesauro
2541 2861 2740 2915 invento
2763 2862 2813 2915 in
2840 2877 2985 2933 agro;
3007 2876 3074 2917 ne
3097 2862 3216 2933 quis
3258 2876 3317 2919 se
3344 2863 3522 2920 minus
3566 2864 3683 2925 ido-

2097 2962 2256 3003 neum
2287 2948 2488 3006 diceret
2513 2951 2577 3006 ad
2599 2953 3043 3022 perscrutandum
3064 2954 3373 3011 thesaurum
3394 2998 3409 3024 ,
3431 2957 3686 3023 continuo

2096 3038 2243 3094 dedit
2275 3040 2430 3096 aliam
2463 3043 2887 3108 similitudinem,
2935 3045 3116 3101 Simile
3153 3056 3262 3115 est,
3294 3045 3575 3118 inquiens,
3602 3066 3689 3105 re-
3720 3070 3723 3071 '

2096 3145 2251 3200 gnum
2279 3131 2518 3185 scelerum
2546 3132 2738 3187 homini
2765 3135 3063 3205 negotiatori
3091 3137 3334 3205 quarenti
3354 3135 3511 3192 bonas
3545 3154 3685 3195 mar-

2096 3221 2322 3291 garitas,
2376 3223 2463 3292 qui
2503 3223 2691 3277 invenit
2734 3241 2889 3278 unam
2934 3226 3209 3297 pretiosam
3238 3229 3602 3298 margaritam,
3634 3238 3683 3285 et

2095 3312 2319 3365 vendidit
2345 3313 2514 3367 omnia
2533 3329 2646 3383 quia
2665 3314 2860 3382 habuit,
2883 3324 2932 3370 et
2969 3316 3085 3370 emit
3119 3316 3265 3371 illam
3296 3316 3509 3391 (Matth.
3552 3334 3685 3387 xm,

2096 3403 2289 3477 ιιι-16)
2307 3414 2393 3461 :ut
2417 3406 2461 3460 si
2481 3406 2628 3477 piger
2652 3422 2772 3463 eras
2795 3407 2861 3461 ad
2874 3408 3325 3477 perscrutandum
3353 3409 3684 3483 thesadrum,

2095 3510 2203 3550 non
2228 3497 2302 3551 sis
2327 3497 2474 3570 piger
2500 3514 2661 3554 unam
2701 3501 3043 3571 margaritam
3086 3503 3188 3559 sub
3218 3502 3397 3575 lingua
3424 3504 3567 3570 ferre
3584 3547 3599 3576 ,
3622 3513 3680 3575 et

2092 3600 2201 3656 quo
2222 3588 2300 3642 vis
2325 3603 2547 3644 securus
2576 3591 2850 3645 ambulare
2878 3592 2918 3645 ⁸.
3410 3602 3411 3607 ‘

2165 3677 2394 3735 CAPUT
2421 3678 2506 3734 lli.
2537 3711 2608 3721 —
2627 3682 2681 3735 '5.
2716 3681 3019 3736 Mandatum
3040 3683 3285 3755 diligendi
3313 3683 3478 3740 Deum
3499 3693 3547 3741 et
3563 3702 3686 3759 pro-

2094 3767 2589 3824 mimum.Pro:eimns
2613 3771 2743 3841 quis.
2767 3771 2919 3839 Quod
2940 3781 3022 3827 est
3045 3786 3171 3843 ergo
3196 3774 3417 3829 verbum
3435 3790 3688 3832 consum-

2096 3873 2250 3913 mans
2264 3868 2318 3913 et
2333 3860 2618 3914 hrevians?
2639 3859 2834 3931 Diliges
2861 3860 3137 3916 Dominum
3154 3862 3313 3917 Deum
3334 3873 3473 3918 tuum
3495 3881 3559 3920 ea:
3584 3875 3688 3922 toto

2095 3949 2246 4001 corde
2274 3957 2380 4015 tuo,
2413 3958 2459 4003 et
2487 3966 2548 4003 ea:
2572 3959 2677 4004 tota
2703 3952 2874 4005 anima
2894 3961 3010 4019 tua,
3034 3962 3082 4007 et
3101 3968 3164 4008 ea:
3192 3962 3298 4008 tota
3323 3965 3488 4012 mente
3507 3965 3617 4024 tua;
3640 3966 3689 4013 et

2096 4038 2277 4109 diliges
2302 4041 2587 4109 proximum
2612 4051 2756 4096 tuum
2785 4042 2919 4098 sicut
2944 4052 2990 4098 te
3033 4048 3223 4115 ipsum.
3264 4043 3333 4101 In
3374 4045 3454 4102 his
3493 4047 3689 4104 duobus

2092 4133 2360 4205 praceptis
2389 4141 2493 4188 tota
2535 4134 2644 4190 Lex
2691 4137 2874 4206 pendet
2914 4147 2961 4193 et
2989 4136 3263 4211 PrOphettr
3299 4138 3410 4215 (Id.
3439 4143 3690 4211 xxu,57-

2094 4223 2213 4294 κιο).
2241 4225 2380 4281 Ecce
2394 4225 2536 4297 quod
2565 4227 2788 4284 discitur
2808 4232 2861 4285 in
2890 4229 3052 4286 domo
3078 4231 3377 4305 disciplina:
3407 4250 3420 4288 :
3456 4233 3689 4307 Diligere

2098 4317 2287 4386 Deum,
2318 4319 2538 4391 diligere
2586 4325 2919 4392 proximum;
2969 4325 3134 4380 Deum
3190 4335 3439 4399 tanquam
3470 4328 3676 4399 Deum,

2096 4412 2397 4479 proximum
2426 4421 2675 4485 tanquam
2700 4424 2771 4469 te.
2800 4413 2913 4470 Non
2942 4419 3085 4472 enim
3114 4417 3323 4477 invenis
3344 4434 3522 4491 parem
3547 4421 3678 4491 Deo,

2096 4511 2155 4557 ut
2180 4506 2350 4574 possit
2373 4505 2464 4560 tibi
2489 4506 2614 4573 dici,
2635 4507 2805 4578 Dilige
2833 4508 3000 4564 Deum
3031 4510 3173 4567 sicut
3210 4511 3388 4585 diligis
3409 4514 3576 4569 illum.
3607 4516 3687 4586 De

2098 4595 2341 4664 proximo
2368 4595 2581 4651 inventa
2625 4607 2707 4652 est
2763 4599 2857 4653 tibi
2908 4600 3130 4671 regula,
3160 4603 3284 4673 quia
3329 4604 3577 4671 inventus
3630 4618 3688 4675 es

2096 4687 2343 4756 proximo
2368 4695 2461 4742 tuo
2489 4702 2586 4757 par
2632 4696 2687 4743 tu
2743 4689 2877 4771 ipse.
2923 4691 3132 4759 Quaeris
3185 4693 3456 4765 quomodo
3499 4695 3689 4773 diligas

2096 4780 2397 4849 proximum
2419 4780 2686 4849 iAttende
2708 4791 2759 4837 te
2788 4783 2993 4851 ipsum;
3014 4792 3069 4839 et
3102 4785 3371 4855 quomodo
3403 4793 3458 4845 te
3488 4787 3686 4864 diligis,

2097 4870 2176 4927 sic
2203 4870 2362 4943 dilige
2388 4874 2715 4942 proximum.
2760 4872 2875 4929 Non
2921 4883 3003 4930 est
3043 4874 3133 4930 ubi
3174 4882 3345 4932 erres.
3402 4876 3541 4943 Yolo
3576 4877 3688 4953 jam

2098 4976 2227 5036 ergo
2264 4971 2318 5020 et
2365 4964 2461 5020 tibi
2482 4965 2821 5022 committere
2850 4967 3152 5038 proximum
3180 4974 3329 5023 tuum
3352 5008 3367 5033 ,
3398 4976 3457 5022 ut
3497 4966 3688 5039 diligas

2098 5069 2222 5114 eum
2251 5064 2502 5127 tanquam
2532 5063 2584 5112 te
2609 5056 2781 5127 ipsum
2807 5075 2819 5111 :
2849 5058 2991 5124 volo,
3020 5057 3113 5114 sed
3144 5057 3315 5113 adhuc
3340 5058 3524 5119 timeo.
3552 5056 3686 5112 Volo

2099 5148 2196 5206 tibi
2233 5149 2412 5207 dicere
2439 5189 2456 5216 ,
2498 5148 2669 5219 Dilige
2723 5149 3023 5220 proximum
3078 5159 3228 5213 tuum
3259 5151 3398 5209 sicut
3427 5149 3601 5221 diligis
3633 5156 3686 5213 te

2100 5238 2376 5313 ipsum;et
2392 5241 2552 5297 timeo
2570 5256 2586 5295 :
2604 5239 2779 5297 adhuc
2811 5241 2951 5297 enim
2981 5240 3247 5297 discutere
3276 5238 3401 5296 volo
3421 5230 3687 5311 quomodo
3784 5278 3791 5283 -

1572 5344 1859 5389 ADIONITIO
1894 5347 1977 5389 PP.
2017 5348 2498 5391 BENEDICTINORUI.

463 5444 630 5491 sermo
644 5435 710 5486 de
726 5430 983 5502 meum
994 5428 1535 5502 ριιιίαωρεθιίειιωε
1555 5432 1635 5477 εει
1654 5426 2318 5502 desideraremus!!!
2338 5434 2453 5502 ante
2474 5437 2628 5502 annos
2645 5423 2946 5502 circiter???
2954 5425 3210 5502 tetris)";
3223 5423 3684 5502 adﬁenasnem:

1214 5492 1279 5557 sd
1299 5487 1636 5553 mnsam
1654 5490 1864 5541 abbauaa
1884 5496 1931 5540 ε.
1954 5491 2121 5553 Mauri,
2143 5490 2206 5543 ad
2223 5491 2573 5543 Cistercienses
2591 5490 2734 5552 duos,
2759 5495 2814 5540 et
2832 5489 2893 5539 ad
2914 5487 3158 5539 editiones
3179 5494 3255 5539 Er.
3278 5493 3332 5537 et
3350 5494 3461 5539 ων.

482 5580 996 5665 Camertium“;
1018 5585 1326 5661 pratum
1354 5595 1459 5643 eos
1484 5592 1696 5640 omnes
1724 5573 2027 5639 editiones
2055 5575 2243 5642 initio
2273 5577 2444 5639 Retr.
2468 5580 2524 5637 et
2549 5571 2865 5650 Confess.,
2884 5582 2931 5634 t.
2962 5573 3023 5647 1,
3051 5578 3440 5633 memoratas.
3515 5569 3602 5633 Μ.

458 5691 574 5759 μη
592 5696 701 5759 κει-
720 5687 976 5759 ριεξςίεωξει
1010 5683 1282 5759 audeat
1306 5681 1486 5759 Hm.
1500 5677 1997 5759 is!

400 5738 1201 5815 stitide‘ﬁse'iplina'bhris'tiana,
1214 5738 1322 5815 sive
1342 5747 1405 5815 de
1420 5738 1997 5815 piseiplinaghristiano-

406 5869 415 5891 ί
473 5877 498 5915 ‘
528 5873 719 5942 enim
736 5879 867 5942 υδθοο
893 5869 1143 5956 milito.

2164 5671 3325 5749 ινιθιίιιιιουεεηασκουὺιωοαηοηῡυια
