4140 6216
441 315 546 381 671

442 435 635 508 diligas
650 441 704 491 te
722 430 917 504 ipsum.
934 427 1049 485 Noli
1063 442 1192 499 ergo
1207 440 1348 497 (egre
1364 425 1522 480 ferre.
1541 422 1657 478 Non
1675 437 1732 476 es
1750 430 1803 475 tu
1823 421 1934 491 ipse
1951 417 2032 472 fa-

443 529 548 586 cile
562 523 926 588 dimittendus,
955 520 1040 576 cui
1061 527 1144 575 est
1163 513 1898 589 proximuscommittendus:
1927 527 2036 566 non

443 618 752 678 transitorie
775 625 948 672 tecum
977 611 1240 684 agendum
1267 618 1368 664 est.
1383 608 1464 664 Tu
1479 624 1613 662 unus
1630 606 1794 661 homo
1811 621 1890 671 es,
1911 619 2041 674 pro.

444 699 576 772 ximi
595 711 667 768 tui
684 710 832 765 multi
850 715 992 764 sunt.
1010 705 1127 761 Non
1146 705 1286 761 enim
1306 703 1478 774 primo
1495 703 1571 757 sic
1588 701 1751 756 debes
1769 700 2034 768 intellige-

444 800 935 877 reproximutn,vel
953 799 1201 863 fratrem,
1231 796 1315 852 vel
1336 804 1618 866 cognatum
1640 834 1653 857 ,
1684 793 1767 847 vel
1795 789 2030 846 affinem.

444 897 730 955 Proximus
753 892 896 949 enim
919 899 1002 947 est
1017 889 1160 945 omni
1180 887 1383 944 homini
1405 887 1578 941 omnis
1598 885 1778 940 homo.
1797 883 2034 938 Proximi

443 991 548 1047 sibi
579 989 828 1044 dicuntur
849 994 998 1056 pater
1027 993 1081 1040 et
1109 983 1266 1048 filius,
1289 995 1442 1037 socer
1469 989 1522 1035 et
1550 994 1733 1048 gener.
1763 976 1905 1031 Nihil
1929 985 2036 1030 tam

442 1083 746 1157 proximum
771 1122 785 1145 ,
808 1094 966 1150 quam
994 1077 1154 1132 homo
1182 1085 1236 1131 et
1265 1073 1444 1128 homo.
1464 1071 1568 1128 Sed
1589 1071 1632 1125 si
1662 1080 1906 1140 putamus
1931 1084 2037 1124 non

442 1193 568 1234 esse
588 1175 880 1248 proximos,
917 1171 1018 1227 nisi
1044 1170 1133 1242 qui
1163 1169 1230 1224 de
1258 1167 1446 1223 iisdem
1473 1165 1781 1236 parentibus
1808 1179 2038 1218 nascun-

443 1279 564 1336 tur;
605 1267 772 1323 Adam
818 1275 873 1321 et
904 1265 1068 1320 Evam
1104 1260 1472 1324 attendamus;
1502 1267 1556 1313 et
1605 1271 1793 1311 omnes
1845 1255 2036 1309 fratres

443 1377 652 1419 sumus.
683 1361 751 1416 Et
778 1358 989 1430 quidem
1030 1355 1220 1410 fratres
1261 1352 1556 1410 secundum
1600 1349 1738 1420 quod
1791 1347 2036 1402 homines

442 1467 650 1520 sumus,
681 1459 878 1522 quanto
913 1446 1078 1519 magis
1123 1443 1414 1501 secundum
1443 1441 1584 1513 quod
1621 1437 1896 1496 christiani
1941 1451 2036 1492 su-

444 1545 613 1604 mus?
639 1546 708 1600 At
735 1543 784 1598 id
809 1540 948 1611 quod
992 1540 1152 1594 homo
1195 1553 1286 1604 es,
1335 1551 1470 1591 unus
1502 1542 1654 1606 pater
1705 1531 1802 1587 fuit
1831 1529 2034 1597 Adam,

445 1653 552 1693 una
579 1646 745 1693 mater
770 1635 880 1691 Eva
908 1651 922 1688 :
951 1633 1018 1689 ad
1049 1632 1100 1688 id
1144 1630 1285 1701 quod
1314 1627 1636 1683 ehristianus
1656 1640 1714 1680 es
1733 1665 1748 1692 ,
1773 1639 1910 1679 unus
1937 1636 2034 1696 pa-

446 1739 530 1786 ter
549 1739 630 1786 est
647 1731 806 1794 Deus,
835 1741 939 1782 una
969 1733 1140 1780 mater
1167 1720 1429 1777 Ecclesia.

521 1819 749 1877 CAPUT
782 1817 870 1872 1V.
895 1816 1042 1870 â€”-4.
1076 1812 1341 1881 Quomodo
1381 1810 1589 1881 diligere
1616 1825 1668 1864 se
1713 1807 1911 1874 debeat,
1955 1805 2036 1859 cui

445 1912 658 1986 jubetur
700 1909 910 1980 diligere
941 1907 1229 1976 proximum
1276 1913 1515 1972 tanquam
1556 1917 1627 1954 se.
1663 1899 1853 1954 Videte
1907 1910 2036 1968 ergo

447 2009 676 2073 quantos
705 1998 976 2069 proximos
1000 1995 1190 2050 habeat
1213 2009 1349 2048 unus
1362 1993 1549 2047 homo.
1568 1991 1768 2046 Omnes
1790 1989 2038 2045 homines

449 2093 506 2147 in
543 2105 678 2162 quos
705 2087 1026 2154 incurrerit,
1075 2085 1268 2156 quibus
1303 2082 1454 2154 jungi
1485 2081 1753 2152 potuerit,
1809 2078 2038 2146 proximi

446 2182 564 2254 ejus
594 2189 737 2236 sunt.
769 2176 1048 2248 Quomodo
1073 2190 1202 2246 ergo
1226 2172 1591 2230 discutiendus
1616 2180 1698 2226 est
1739 2180 1918 2226 utrum
1948 2169 2034 2224 di-

446 2273 576 2343 ligat
600 2287 678 2334 se,
710 2272 794 2325 cui
820 2266 1188 2324 committendi
1218 2275 1342 2320 sunt
1371 2272 1449 2319 tot
1477 2263 1734 2334 proximi,
1759 2271 1815 2316 nt
1841 2262 1921 2318 sic
1943 2274 2039 2316 eos

445 2362 633 2432 diligat
660 2370 906 2431 tanquam
936 2358 1029 2413 se?
1048 2357 1164 2412 Non
1195 2371 1323 2426 ergo
1354 2356 1615 2410 irascatur
1648 2353 2035 2424 unusquisque,

451 2453 500 2510 si
521 2452 751 2508 discutio
777 2449 1044 2522 quomodo
1069 2463 1129 2504 se
1174 2447 1377 2518 diligat.
1432 2447 1588 2500 Certe
1630 2459 1729 2513 ego
1770 2442 2033 2507 diseutio,

445 2545 562 2616 ipse
586 2559 644 2600 se
666 2542 916 2598 inveniat.
939 2540 1138 2611 thuid
1181 2540 1323 2594 enim
1350 2537 1619 2593 discutio?
1649 2536 1772 2606 quia
1815 2549 1914 2605 ego
1955 2532 2038 2588 in-

443 2647 706 2693 venturus
733 2635 898 2692 sum?
925 2635 1048 2689 ldeo
1079 2631 1328 2697 discutio,
1364 2639 1420 2684 ut
1469 2631 1582 2699 ipse
1624 2644 1683 2683 se
1711 2628 2033 2696 interroget,

445 2727 563 2799 ipse
592 2727 691 2782 sibi
722 2735 993 2796 appareat,
1014 2723 1129 2793 ipse
1153 2737 1211 2777 se
1239 2737 1343 2775 non
1376 2721 1560 2786 lateat,
1581 2720 1694 2788 ipse
1721 2718 1820 2772 sibi
1849 2733 1909 2771 se
1928 2731 2035 2771 non

443 2817 772 2883 abscondat,
831 2818 945 2888 ipse
975 2815 1076 2869 sibi
1115 2829 1174 2869 se
1202 2821 1326 2867 ante
1353 2812 1538 2867 oculos
1567 2825 1694 2865 suos
1719 2851 1734 2875 ,
1769 2825 1874 2862 non
1917 2815 2036 2878 post

445 2910 668 2966 dorsum
698 2915 878 2978 ponat.
911 2906 993 2962 Me
1021 2906 1270 2976 loquente
1301 2905 1458 2960 faciat
1489 2903 1612 2968 hoc,
1643 2916 1729 2956 me
1759 2900 2035 2956 nesciente

444 3001 609 3058 faciat
635 3001 756 3058 hoc.
783 2999 1065 3070 Quomodo
1097 3008 1147 3053 te
1171 2997 1348 3068 diligis
1377 2996 1400 3049 ?
1427 2994 1681 3065 Quisquis
1709 3009 1795 3048 me
1834 2991 1989 3047 audis
2010 3029 2028 3058 ,

446 3095 556 3150 imo
582 3092 820 3164 quisquis
849 3092 1013 3148 Deum
1043 3106 1137 3160 per
1153 3105 1240 3145 me
1264 3089 1437 3154 audis,
1463 3087 1514 3143 in
1536 3087 1637 3142 hac
1666 3085 1827 3141 domo
1868 3085 2032 3140 disci-

444 3187 625 3258 plinm.
650 3184 866 3240 attende
902 3193 954 3240 te
978 3225 992 3246 ,
1027 3181 1297 3254 quomodo
1331 3191 1381 3237 te
1401 3179 1595 3250 diligis.
1627 3179 1872 3234 Profecto
1889 3176 2031 3233 enim

443 3279 490 3334 si
516 3287 566 3334 te
593 3277 914 3346 interrogem
940 3283 1117 3330 utrum
1146 3273 1338 3343 diligas
1371 3283 1440 3335 te,
1471 3270 1768 3341 reSpondes
1796 3273 1918 3341 quia
1946 3271 2031 3326 di-

443 3369 586 3438 ligis.
633 3369 762 3437 Quis
807 3367 950 3422 enim
988 3381 1048 3421 se
1074 3364 1186 3420 odit
1223 3363 1246 3416 ?
1296 3365 1406 3418 lloc
1454 3363 1692 3419 dicturus
1734 3380 1794 3420 es
1838 3381 1850 3418 :
1901 3364 2030 3434 Quis

444 3461 589 3515 enim
637 3475 696 3512 sc
759 3456 875 3511 odit
914 3457 938 3509 ?
982 3455 1122 3525 Ergo
1168 3469 1272 3509 non
1333 3454 1507 3525 diligis
1562 3455 1933 3526 iniquitatem,
1983 3457 2030 3513 si

443 3559 500 3606 te
520 3548 712 3617 diligis.
744 3546 877 3602 Nam
917 3546 961 3600 si
987 3545 1162 3616 diligis
1205 3545 1533 3615 iniquitatem
1561 3587 1574 3612 ,
1608 3563 1713 3602 non
1741 3564 1841 3619 ego
1870 3548 2026 3617 dico,

443 3640 712 3698 Psaltnum
743 3637 886 3705 audi,
920 3638 1021 3704 Qui
1047 3637 1214 3708 diligit
1241 3637 1592 3709 iniquitatem,
1642 3640 1748 3694 odit
1803 3641 2029 3694 animam

441 3749 589 3788 suam
616 3730 786 3802 (Psal.
811 3746 864 3796 Ï‡,
908 3729 987 3801 6).
1019 3729 1157 3800 Ergo
1183 3728 1227 3783 si
1258 3728 1433 3798 diligis
1487 3729 1853 3799 iniquitatem,
1903 3732 2027 3787 audi

442 3826 756 3888 veritatem;
788 3823 1063 3878 veritatem
1106 3836 1212 3876 non
1236 3831 1287 3876 te
1315 3821 1618 3891 palpantem
1645 3863 1661 3889 ,
1704 3823 1798 3878 sed
1843 3833 2029 3893 aperte

441 3916 539 3972 tibi
566 3916 864 3982 dicentem,
887 3913 1015 3970 0dis
1045 3923 1117 3969 te.
1149 3911 1358 3981 Quanto
1377 3912 1544 3984 magis
1573 3913 1708 3968 dicis
1731 3914 1851 3984 quia
1879 3929 2027 3971 amas

441 4020 516 4075 te,
549 4009 666 4064 odis
688 4016 741 4064 te
770 4025 783 4061 :
819 4005 920 4072 Qui
944 4006 1086 4061 enim
1117 4004 1644 4076 diligitiniquitatem,
1675 4005 1780 4059 odit
1803 4006 2029 4062 animam

439 4117 607 4157 suam.
635 4098 772 4167 Quid
791 4098 962 4153 dicam
986 4097 1053 4152 de
1082 4110 1266 4163 carne,
1295 4111 1412 4166 qua:
1430 4111 1552 4166 pars
1579 4096 1735 4152 vilior
1753 4107 1836 4152 est
1854 4098 2028 4154 homi-

444 4191 530 4248 nis
557 4191 580 4243 ?
609 4189 663 4245 Si
691 4189 922 4243 animam
946 4187 1078 4252 odit,
1101 4201 1314 4242 carnem
1340 4186 1610 4258 quomodo
1635 4187 1850 4259 diligit?
1874 4190 2031 4246 Deni-

441 4297 548 4352 que
568 4281 657 4351 qui
679 4287 860 4336 amant
886 4277 1240 4349 iniquitatem,
1260 4286 1314 4334 et
1343 4277 1572 4334 oderunt
1596 4279 1828 4334 animam
1847 4295 2021 4347 suam,

440 4389 655 4430 omnem
701 4373 1079 4446 turpitudinem
1127 4382 1380 4431 exercent
1426 4372 1495 4428 de
1538 4387 1699 4429 carne
1742 4388 1859 4428 sua.
1904 4374 2022 4431 Jam

440 4482 594 4541 ergo,
630 4468 718 4539 qui
747 4467 923 4538 diligis
973 4466 1332 4539 iniquitatem,
1379 4465 1648 4536 quomodo
1690 4466 1783 4520 tibi
1812 4465 2025 4523 volebas

437 4558 699 4618 committi
747 4559 1054 4631 proximum
1075 4601 1090 4626 ,
1121 4566 1180 4614 ut
1206 4557 1455 4630 diligercs
1481 4572 1604 4612 eum
1632 4564 1885 4628 tanquam
1925 4567 1976 4614 te
2001 4558 2024 4612 ?

438 4650 647 4718 Homo,
670 4650 795 4722 quid
837 4648 1015 4721 perdis
1053 4649 1150 4704 te?
1186 4648 1240 4704 Si
1271 4648 1414 4703 enim
1447 4655 1499 4702 tu
1526 4648 1641 4718 ipse
1667 4647 1743 4703 sic
1772 4655 1822 4704 te
1847 4649 2024 4720 diligis

437 4752 499 4800 ut
521 4743 714 4815 perdas
745 4753 832 4810 te;
856 4744 933 4798 sic
963 4742 1203 4813 profecto
1229 4741 1539 4813 perditurus
1560 4757 1619 4797 es
1648 4750 1702 4797 et
1719 4757 1838 4796 eum
1863 4759 2024 4813 quem

437 4833 620 4906 diligis
639 4835 779 4891 sicut
804 4842 876 4890 te.
907 4833 1040 4890 Nolo
1066 4848 1194 4904 ergo
1221 4848 1541 4903 quemquam
1567 4833 1788 4903 diligas:
1812 4835 1897 4888 vel
1933 4850 2023 4889 so-

435 4924 998 4998 lus;peri.Autcorrige
1026 4925 1364 4987 dilectionem
1394 4965 1408 4990 ,
1446 4933 1536 4980 aut
1573 4940 1765 4995 respue
1799 4926 2024 4981 societa-

437 5026 542 5074 tem
551 5058 566 5075 Î¿

505 5109 732 5166 CAPUT
769 5108 834 5162 V.
858 5139 927 5150 -â€”â€”
947 5109 998 5166 5.
1029 5107 1153 5173 Quis
1197 5108 1472 5178 perniciose
1513 5109 1688 5179 diligat
1711 5113 2020 5181 proximum.

435 5199 700 5257 Belluinus
729 5202 897 5256 homo.
940 5201 1184 5256 Dicturus
1229 5201 1355 5254 mihi
1390 5216 1448 5255 es
1475 5221 1486 5253 :
1518 5202 1686 5273 Diligo
1726 5205 2022 5272 proximum

436 5302 684 5366 tanquam
712 5310 797 5350 me
820 5294 1011 5364 ipsum.
1045 5293 1218 5348 Audio
1253 5294 1429 5363 plane,
1458 5294 1634 5349 audio.
1661 5295 1914 5351 lnebriari
1946 5298 2024 5352 vis

433 5402 552 5441 cum
581 5387 691 5451 illo,
715 5402 870 5458 quem
906 5384 1080 5456 diligis
1109 5392 1358 5455 tanquam
1394 5395 1442 5440 te
1471 5387 1659 5455 ipsum.
1689 5388 1830 5442 Bene
1873 5389 2023 5442 nobis

433 5476 688 5534 faciamus
732 5477 924 5540 hodie,
971 5486 1222 5547 quantum
1269 5491 1547 5545 posstnnus
1585 5480 1848 5535 bibamus.
1892 5481 2024 5536 Vide

431 5571 556 5640 quia
589 5571 666 5626 sic
694 5579 744 5626 te
769 5569 976 5640 diligis,
1007 5578 1055 5624 et
1087 5569 1232 5624 illum
1272 5570 1336 5624 ad
1383 5579 1434 5625 te
1469 5571 1635 5625 trahis
1657 5614 1671 5639 ,
1702 5582 1754 5627 et
1783 5574 1847 5627 ad
1879 5575 2021 5643 quod

440 5677 588 5719 amas
615 5678 794 5718 vocas.
817 5661 1046 5717 Necesse
1072 5669 1154 5715 est
1184 5670 1240 5716 ut
1274 5676 1430 5732 quem
1466 5662 1640 5732 diligis
1681 5673 1930 5734 tanquam
1969 5675 2019 5722 te

436 5769 617 5824 psum,
643 5752 771 5810 illuc
804 5751 952 5810 illum
982 5752 1163 5810 trahas
1188 5752 1255 5810 ad
1283 5753 1423 5825 quod
1454 5765 1507 5811 et
1536 5765 1589 5811 tu
1628 5764 1680 5812 te
1713 5771 1878 5813 amas.
1909 5759 2020 5815 llu-

1673 304 1730 362 8.
1772 300 2139 362 AUGUSTINI
2178 305 2483 367 EPISCOPI

3627 328 3737 388 Î¸Î·

2149 437 2337 479 manus
2371 426 2548 494 homo,
2574 429 2682 486 imo
2709 432 2992 503 belluinus,
3015 436 3244 495 amando
3265 439 3388 496 talia
3409 442 3582 513 qualia
3613 445 3732 502 bel-

2148 513 2267 568 luae.
2300 516 2512 574 Belluas
2549 523 2690 576 enim
2724 525 2863 580 Deus
2901 537 3192 598 prostratas
3231 532 3285 586 in
3328 531 3516 590 faciem
3565 535 3728 604 fecit,

2145 615 2352 673 pastum
2388 623 2690 678 quaerentes
2715 615 2781 671 de
2809 627 2948 672 terra
2977 637 2990 673 :
3025 629 3077 675 te
3107 621 3158 675 in
3189 621 3322 678 duos
3365 625 3531 695 pedes
3559 629 3732 683 erexit

2145 694 2212 750 de
2241 705 2398 752 terra.
2433 701 2598 758 Tuam
2627 705 2814 762 faciem
2845 723 3058 764 sursum
3090 694 3378 769 attendere,
3399 715 3581 773 voluit.
3612 718 3727 773 Non

2144 785 2411 846 discordet
2449 807 2543 848 cor
2573 805 2718 852 tuum
2758 813 2788 853 a
2831 800 2964 856 facie
3004 810 3113 857 tua.
3144 803 3258 860 Non
3297 807 3496 864 habeas
3541 810 3727 865 faciem

2145 892 2378 948 sursum,
2411 892 2464 938 et
2490 899 2584 940 cor
2612 888 2861 945 deorsum
2895 910 2906 946 :
2938 893 3044 950 imo
3081 911 3268 950 verum
3296 899 3420 953 audi
3456 911 3509 955 et
3538 917 3722 956 verum

2144 968 2245 1035 fac,
2278 970 2498 1027 Sursum
2528 990 2659 1042 cor;
2699 995 2767 1034 ne
2806 983 3078 1038 mentiaris
3119 986 3169 1039 in
3211 986 3372 1041 domo
3410 989 3728 1061 disciplinzc.

2142 1062 2367 1129 Quando
2401 1068 2542 1121 enim
2573 1070 2755 1136 audis,
2797 1075 3060 1143 responde
3087 1095 3100 1129 :
3131 1078 3226 1133 sed
3257 1080 3327 1133 sit
3364 1097 3549 1138 verum
3585 1085 3751 1154 quod.

2142 1157 2454 1225 respondes.
2473 1159 2558 1215 Sic
2586 1171 2636 1217 te
2667 1162 2847 1234 dilige,
2874 1175 2927 1219 et
2948 1165 3134 1237 diliges
3155 1170 3454 1237 proximum
3474 1181 3728 1242 tanquam

2141 1254 2194 1301 te
2222 1248 2413 1318 ipsum.
2436 1252 2570 1320 Quid
2602 1263 2683 1308 est
2704 1256 2845 1310 enim
2869 1272 3080 1312 sursum
3099 1259 3296 1316 habere
3323 1277 3439 1326 cor,
3459 1263 3560 1318 nisi
3590 1266 3729 1336 quod

2140 1339 2340 1397 dictum
2371 1353 2453 1399 est
2483 1346 2646 1415 prius,
2679 1347 2870 1420 Diliges
2893 1349 3164 1406 Dominum
3202 1352 3364 1407 Deum
3387 1365 3528 1410 tuum
3548 1374 3610 1412 ea:
3629 1369 3729 1414 toto

2139 1431 2292 1486 corde
2321 1443 2427 1501 tuo,
2464 1444 2512 1488 et
2539 1453 2601 1490 ea:
2629 1447 2734 1491 tota
2765 1441 2936 1494 anima
2961 1449 3071 1509 tua,
3104 1451 3150 1496 et
3182 1459 3247 1498 ea:
3275 1452 3379 1499 tota
3408 1456 3570 1502 mente
3599 1449 3727 1503 tua?

2139 1521 2274 1587 Quia
2317 1537 2445 1594 ergo
2483 1524 2591 1580 duo
2630 1539 2897 1599 prmcepta
2929 1539 3073 1597 sunt,
3103 1533 3148 1588 si
3170 1548 3333 1588 unum
3359 1533 3597 1602 diceret,
3619 1554 3726 1595 non

2140 1611 2450 1670 sufï¬ceret?
2476 1615 2686 1673 Sufficit
2709 1627 2764 1674 et
2789 1636 2952 1676 unum
2975 1663 2990 1688 ,
3014 1623 3059 1678 si
3090 1623 3432 1696 intelligatur.
3463 1628 3593 1683 Nam
3621 1631 3724 1687 ali-

2141 1706 2351 1775 quando
2377 1708 2454 1765 sic
2479 1707 2714 1781 loquitur
2732 1711 3027 1783 Scriptum,
3045 1716 3184 1772 sicut
3209 1717 3406 1775 Paulus
3424 1725 3723 1792 apostolus:

2142 1796 2263 1852 Non
2289 1798 2624 1871 adulterabis,
2655 1821 2756 1859 non
2776 1805 3101 1862 homicidium
3147 1811 3326 1881 facies,
3356 1829 3455 1867 non
3490 1817 3728 1888 concupi-

2139 1902 2247 1943 sces
2267 1905 2286 1945 :
2310 1899 2356 1944 et
2384 1892 2429 1945 si
2447 1894 2584 1962 quod
2603 1903 2677 1950 est
2708 1896 2854 1950 aliud
2881 1899 3373 1966 mandatum,iuhoc
3387 1920 3612 1962 sermone
3646 1925 3727 1963 re-

2142 1981 2472 2050 capitulatur,
2505 1983 2701 2056 Diliges
2731 1989 3018 2055 proximum
3049 2000 3189 2046 tuum
3207 2002 3447 2065 tanquam
3469 2005 3516 2051 te
3537 1997 3723 2068 ipsum.

2141 2069 2359 2127 Dilectio
2383 2075 2598 2143 proximi
2627 2077 2817 2132 malum
2841 2095 2942 2133 non
2969 2091 3226 2150 operatur.
3259 2083 3536 2141 Plenitudo
3560 2098 3726 2144 autent

2144 2161 2292 2234 Legis
2335 2177 2407 2220 est
2442 2166 2663 2223 charitas
2690 2168 2864 2238 (Rom.
2898 2186 2992 2226 xui
3014 2213 3028 2236 ,
3059 2172 3247 2246 9,-10).
3277 2175 3412 2244 Quid
3444 2188 3526 2233 est
3549 2179 3727 2238 chari-

2142 2257 2259 2310 tasâ€˜t
2285 2257 2527 2313 Dilectio.
2550 2259 2689 2314 l\'ihil
2737 2261 2945 2317 videtur
2977 2263 3184 2320 dixisse
3209 2266 3275 2321 de
3301 2267 3585 2326 dilectione
3611 2271 3724 2339 Dei,

2143 2345 2236 2400 sed
2276 2348 2442 2402 solam
2479 2351 2707 2419 proximi
2732 2352 3071 2409 dilectionem
3102 2355 3234 2411 dixit
3259 2358 3504 2416 sufficere
3530 2362 3596 2417 ad
3623 2363 3725 2418 im-

2145 2439 2386 2508 plendam
2410 2442 2600 2512 legem.
2630 2444 2894 2516 Quidquid
2921 2456 3002 2502 est
3021 2449 3162 2504 aliud
3189 2451 3520 2521 mandatum,
3554 2455 3605 2510 in
3627 2455 3728 2512 hoc

2141 2543 2390 2586 sermone
2416 2535 2810 2604 recapitulatur,
2843 2538 2893 2592 in
2928 2539 3028 2594 hoc
3069 2555 3320 2599 sermone
3363 2544 3635 2616 impletur.
3668 2547 3724 2604 In

2141 2621 2286 2691 quo?
2315 2621 2502 2693 Diliges
2523 2626 2809 2694 proximum
2835 2638 2978 2684 tuum
3004 2640 3244 2702 tanquam
3285 2643 3332 2688 te
3368 2635 3554 2706 ipsum.
3590 2638 3726 2695 Ecce

2140 2726 2302 2766 unum
2345 2721 2448 2769 est.
2479 2715 2635 2772 Certe
2663 2717 2769 2774 duo
2796 2729 3060 2791 praecepta
3100 2733 3260 2790 sunt,
3302 2725 3355 2780 in
3382 2728 3574 2797 quibus
3614 2737 3725 2786 tota

2140 2801 2249 2858 Lex
2278 2804 2471 2872 pendet
2496 2806 2866 2878 etProphetre.
3703 2853 3705 2856 â€¹

2210 2895 2434 2954 CAPUT
2463 2897 2548 2953 Vl.
2568 2930 2639 2940 â€”
2654 2899 2794 2956 Deus
2810 2903 3020 2971 homini,
3043 2915 3096 2960 ut
3117 2907 3287 2963 beatus
3311 2909 3392 2971 sit,
3417 2909 3721 2981 diligendus.

2139 2987 2364 3044 Pecunia
2389 3008 2489 3046 non
2517 2993 2590 3047 sic
2607 2994 2847 3063 amanda,
2871 3005 2927 3050 ut
2946 3015 3043 3052 non
3059 2999 3129 3054 sis
3150 3010 3354 3070 paratus
3374 3002 3594 3059 dividere
3609 3021 3721 3062 cm

2139 3082 2390 3150 proximo.
2419 3082 2605 3140 Videte
2640 3088 2910 3156 quomodo
2935 3089 3054 3160 plus
3077 3091 3371 3148 breviatum
3410 3104 3522 3162 est,
3550 3106 3603 3151 et
3625 3095 3723 3151 ad-

2138 3173 2243 3232 huc
2271 3175 2404 3247 pigri
2431 3193 2632 3233 sumus.
2662 3179 2799 3235 Ecce
2836 3197 2954 3250 qua:
2979 3181 3084 3236 duo
3111 3194 3295 3250 erant,
3329 3202 3492 3241 unum
3526 3188 3721 3244 factum

2136 3277 2240 3321 est.
2263 3267 2489 3324 Prorsus
2515 3270 2810 3338 proximum
2837 3271 2998 3340 dilige
3019 3313 3032 3338 ,
3074 3280 3130 3328 et
3167 3274 3382 3330 sufficit.
3423 3276 3528 3333 Sed
3564 3279 3722 3350 dilige

2135 3358 2403 3428 quomodo
2447 3369 2498 3414 te
2537 3359 2707 3429 ipsum
2755 3360 2950 3431 diligis,
2999 3377 3108 3418 non
3151 3367 3420 3436 quomodo
3467 3377 3520 3423 te
3547 3371 3719 3440 ipsum

2135 3450 2310 3506 odisti.
2343 3450 2508 3521 Dilige
2530 3451 2826 3520 proximum
2857 3461 3006 3509 tuum
3034 3462 3281 3527 tanquam
3309 3466 3361 3514 te
3388 3460 3594 3529 ipsum:
3621 3463 3714 3518 sed

2135 3539 2282 3609 prius
2307 3549 2388 3596 est
2413 3551 2470 3596 ut
2497 3542 2686 3613 diligas
2709 3553 2759 3600 te
2779 3544 2975 3614 ipsum.

2208 3631 2259 3683 6.
2297 3629 2550 3698 Quaerere
2587 3631 2754 3690 habes
2795 3637 3064 3706 quomodo
3101 3638 3293 3712 diligas
3335 3650 3386 3698 te
3433 3643 3638 3714 ipsum;
3669 3655 3722 3702 et

2133 3721 2318 3778 audire
2362 3722 2548 3792 habes,
2574 3725 2768 3796 Diliges
2814 3726 3092 3785 Dominum
3132 3731 3294 3787 Deum
3338 3745 3479 3789 tuum
3517 3754 3579 3792 ea:
3620 3747 3722 3794 toto

2133 3815 2284 3868 corde
2312 3824 2419 3881 tuo,
2461 3825 2506 3869 et
2541 3831 2604 3871 ea:
2641 3827 2746 3872 tota
2773 3821 2945 3874 anima
2969 3831 3076 3886 tua,
3104 3831 3153 3877 et
3176 3839 3239 3878 ea:
3263 3833 3366 3878 tota
3405 3837 3567 3880 mente
3611 3838 3718 3884 tua.

2135 3907 2306 3964 llomo
2326 3909 2468 3964 enim
2495 3911 2761 3980 quomodo
2797 3927 2830 3967 a
2873 3929 2932 3968 se
2975 3914 3088 3970 fieri
3131 3931 3236 3971 non
3279 3919 3482 3988 potuit,
3514 3919 3591 3975 sic
3621 3936 3721 3978 nec

2133 3997 2320 4054 beatus
2347 4000 2460 4056 fieri
2481 4016 2511 4056 a
2547 4015 2606 4056 se
2635 4012 2826 4072 potest.
2859 4004 2977 4060 Alia
3006 4021 3090 4061 res
3120 4022 3240 4061 eum
3272 4007 3396 4062 fecit
3424 4008 3718 4078 hominem,

2133 4091 2274 4162 quod
2293 4107 2398 4147 non
2420 4102 2502 4150 est
2528 4095 2642 4165 ipse
2659 4095 2818 4152 homo
2849 4097 2984 4152 :alia
3010 4113 3096 4154 res
3122 4115 3244 4155 eum
3274 4101 3469 4157 factura
3499 4103 3720 4161 cstbea-

2132 4190 2267 4251 tum,
2295 4184 2438 4254 quod
2469 4201 2574 4241 non
2601 4196 2683 4242 est
2722 4187 2836 4258 ipse
2872 4187 3053 4244 homo.
3088 4191 3326 4262 Denique
3354 4207 3544 4249 errans
3574 4195 3720 4252 videt

2133 4275 2267 4344 ipse,
2291 4277 2412 4347 quia
2443 4292 2538 4347 per
2553 4293 2614 4334 se
2635 4295 2738 4336 non
2760 4290 2934 4350 potest
2959 4282 3142 4339 beatus
3168 4300 3307 4352 esse,
3331 4295 3384 4340 et
3413 4296 3551 4341 amat
3572 4289 3717 4344 aliud

2133 4367 2274 4423 unde
2293 4369 2362 4424 sit
2387 4369 2590 4426 beatus.
2612 4371 2764 4428 Unde
2789 4387 2849 4429 se
2870 4373 2981 4430 fieri
2999 4376 3398 4445 putatbeatum,
3424 4379 3526 4433 hoc
3553 4387 3716 4436 amat.

2131 4458 2290 4526 Quid,
2324 4468 2590 4531 putamus,
2635 4473 2797 4530 amat,
2830 4464 2971 4520 unde
3017 4475 3164 4534 putat
3207 4483 3266 4523 se
3308 4468 3422 4524 fieri
3469 4470 3719 4526 beatum?

2132 4548 2440 4615 Pecuniam,
2472 4569 2682 4617 aurum,
2711 4565 3009 4624 argentum,
3042 4560 3412 4627 possessiones
3443 4579 3455 4614 :
3487 4562 3721 4620 breviter

2131 4642 2267 4710 dico,
2301 4645 2807 4714 pecuniam.Totum
2833 4649 2976 4703 enim
3003 4650 3256 4722 quidquid
3283 4653 3526 4714 homines
3552 4660 3717 4729 possi-

2129 4735 2258 4792 dent
2301 4737 2354 4790 in
2396 4745 2556 4804 terra,
2587 4739 2764 4793 omnia
2808 4755 3036 4810 quorum
3071 4742 3274 4800 domini
3306 4757 3452 4817 sunt,
3492 4751 3716 4820 pecunia

2128 4839 2367 4886 vocatur.
2397 4831 2592 4887 Servus
2616 4832 2703 4899 sit,
2726 4848 2841 4900 vas,
2861 4850 3006 4906 ager,
3030 4837 3210 4906 arbor,
3236 4854 3429 4910 pecus;
3459 4842 3715 4913 quidquid

2129 4921 2319 4976 borum
2346 4930 2450 4986 est,
2484 4924 2704 4991 pecunia
2732 4923 2945 4981 dicitur.
2970 4927 3039 4982 Et.
3065 4928 3205 4985 unde
3229 4940 3311 4988 est
3345 4933 3574 5002 primum
3615 4948 3715 4987 vo-

2127 5021 2244 5068 cata
2266 5015 2512 5085 pecunia.
2545 5014 2668 5071 Ideo
2694 5017 2940 5086 pecunia,
2966 5019 3087 5090 quia
3126 5021 3325 5092 antiqui
3357 5031 3526 5077 totum
3564 5024 3709 5092 quod

2130 5107 2422 5170 hab-ebant,
2455 5114 2502 5164 in
2536 5111 2814 5179 pecoribus
2857 5111 3141 5167 habebant.
3180 5118 3222 5168 A
3263 5129 3453 5181 pecore
3484 5117 3709 5184 pecunia

2127 5209 2362 5255 vocatur.
2394 5202 2642 5270 Legimus
2677 5204 2926 5272 antiquos
2967 5215 3142 5274 patres
3185 5203 3349 5260 fuisse
3385 5205 3577 5262 divites
3613 5223 3712 5278 pa-

2127 5301 2319 5349 stores.
2347 5292 2490 5362 Ergo
2523 5295 2801 5364 pecuniam
2842 5293 3038 5365 diligis,
3068 5309 3101 5348 Î¿
3138 5294 3298 5349 homo
3330 5313 3344 5354 :
3372 5296 3515 5351 unde
3556 5307 3713 5368 putas

2129 5394 2182 5442 te
2212 5387 2322 5440 fieri
2354 5386 2586 5450 beatum,
2624 5386 2844 5455 pecunia
2869 5396 2970 5452 est,
3001 5396 3056 5441 et
3086 5386 3308 5442 multum
3351 5403 3470 5444 eam
3510 5389 3709 5462 diligis.

2128 5476 2356 5532 Volebas
2381 5476 2600 5546 diligere
2624 5476 2921 5544 proximum
2945 5485 3198 5546 tanquam
3221 5486 3272 5532 te
3294 5479 3463 5548 ipsum
3484 5520 3499 5547 ,
3531 5480 3730 5536 divide

2127 5583 2247 5624 cum
2270 5568 2360 5624 illo
2383 5567 2656 5638 pecuniam
2681 5575 2842 5620 tuam.
2873 5565 3008 5634 Quid
3035 5582 3184 5625 esses
3209 5567 3556 5628 discutiebam
3586 5590 3600 5628 :
3630 5573 3712 5630 in-

2126 5671 2314 5719 ventus
2350 5677 2443 5726 es;
2473 5660 2759 5732 apparuisti
2785 5659 2900 5728 tibi,
2928 5659 3108 5716 vidisti
3138 5670 3189 5718 te
3207 5701 3224 5730 ,
3252 5659 3602 5722 considerasti
3631 5661 3708 5724 te.

2129 5759 2240 5816 Non
2269 5776 2327 5819 cs
2344 5766 2557 5832 paratus
2578 5752 2813 5816 dividere
2839 5765 2959 5842 cum
2977 5753 3222 5847 proximo
3240 5757 3520 5830 pecuniam
3538 5767 3708 5847 tuam.
