4140 6216
867 214 895 238 δ

455 266 561 325 673

454 385 561 444 Sed
587 384 712 456 quid
739 384 871 440 mihi
901 386 1188 457 respondet
1210 387 1436 458 benigna
1458 389 1714 445 avaritia?
1739 389 1877 457 Quid
1906 390 2037 444 mihi

451 480 776 551 respondet?
805 479 863 535 Si
887 480 1120 535 divisere
1149 497 1270 535 cum
1312 482 1423 547 illo,
1456 484 1632 538 minus
1672 485 1776 538 erit
1810 494 1865 539 et
1905 483 2031 539 mihi

448 582 501 626 et
526 571 599 625 illi
626 588 639 625 :
670 568 940 624 minuetur
973 571 1114 641 quod
1142 586 1283 635 amo,
1320 588 1417 627 nec
1458 581 1622 627 totum
1667 573 1882 629 habebit
1908 573 2030 641 ille,

448 678 545 719 nec
575 671 741 717 totum
763 661 973 716 habebo
994 677 1113 731 ego.
1136 661 1240 717 Sed
1270 663 1392 733 quia
1429 661 1592 732 diligo
1628 678 1747 718 eum
1781 674 2028 735 tanquam

448 771 533 812 me
557 756 751 825 ipsum,
789 764 916 823 opto
946 754 1019 808 illi
1050 762 1109 807 ut
1142 762 1347 808 tantum
1378 753 1604 820 habeat;
1634 762 1695 810 ut
1726 770 1824 810 nec
1850 770 2029 812 meum

446 854 731 908 minuatur,
759 854 811 900 et
839 846 953 913 ipse
978 845 1106 898 mihi
1132 853 1455 914 coaequetur.

514 934 737 992 C.~\PUT
776 933 975 989 VII.-——
998 936 1049 989 7.
1082 932 1368 988 Invidentia
1404 935 1578 988 vitium
1611 936 1915 992 diabolicum
1942 952 2024 991 ve-

446 1029 583 1080 niens
603 1043 666 1081 sa:
678 1026 930 1095 superbia.
950 1024 1085 1079 Bene
1100 1034 1329 1095 optantes
1346 1027 1527 1097 egenti,
1549 1044 1639 1081 nec
1660 1037 1824 1082 tamen
1834 1029 2028 1099 aliquid

442 1118 636 1170 dantes.
656 1115 821 1185 Optas
836 1114 975 1170 unde
992 1115 1124 1169 nihil
1152 1117 1342 1184 perdas
1368 1135 1380 1171 :
1405 1126 1564 1188 atque
1590 1120 1789 1174 utinam
1808 1119 1908 1175 hoc
1928 1136 2022 1176 ve-

442 1224 558 1261 rum
585 1207 750 1272 dicas,
780 1206 865 1262 vel
892 1216 1063 1275 optes.
1094 1206 1278 1261 Timeo
1313 1208 1455 1263 enim
1484 1224 1552 1264 ne
1581 1210 1838 1266 invideas.
1871 1211 2025 1278 Quo-

443 1297 603 1354 .nodo
642 1297 779 1351 enim
808 1297 1018 1352 socialis
1056 1296 1157 1353 erit
1196 1297 1422 1354 felicitas
1456 1308 1543 1355 tua
1566 1341 1581 1365 ,
1609 1316 1768 1371 quam
1810 1311 2023 1373 torquet

440 1390 662 1444 felicitas
688 1389 896 1444 aliena?
921 1388 1106 1445 Nonne
1131 1405 1251 1444 cum
1280 1392 1506 1461 cmperit
1527 1392 1791 1450 ditescere
1814 1395 2019 1451 vicinus

438 1489 577 1546 tuus,
609 1489 663 1534 et
696 1482 927 1550 incipere
954 1483 1105 1551 quasi
1148 1497 1388 1552 surgere,
1419 1492 1474 1538 et
1496 1484 1574 1539 ire
1603 1494 1725 1554 post
1764 1494 1834 1551 te,
1862 1488 2019 1544 times

436 1586 504 1624 ne
549 1580 800 1636 sequatur
840 1581 920 1637 te,
956 1573 1114 1627 times
1160 1588 1229 1626 ne
1269 1582 1504 1629 transeat
1530 1574 1621 1629 te?
1647 1575 1804 1631 Certe
1844 1577 2019 1648 diligis

436 1663 732 1729 proximum
768 1672 1013 1732 tanquam
1047 1672 1098 1715 te
1128 1663 1321 1732 ipsum.
1346 1663 1451 1718 Sed
1484 1678 1587 1719 non
1616 1664 1806 1736 loquor
1831 1666 1900 1722 de
1938 1668 2020 1723 in-

431 1751 624 1803 vidis’.
653 1752 871 1806 Avertat
916 1753 1059 1806 enim
1105 1752 1245 1807 Deus
1287 1752 1426 1808 hanc
1470 1763 1671 1823 pestem
1716 1757 1784 1812 ab
1823 1758 2017 1816 animis

430 1843 667 1897 omnium
716 1843 1023 1908 hominum,
1074 1845 1268 1900 nedum
1323 1842 1775 1912 Christianorum;
1827 1849 2013 1905 vitium

429 1934 770 2000 diabolicum,
799 1948 903 2003 quo
924 1935 1069 1988 solus
1089 1934 1331 1989 diabolus
1362 1950 1486 1990 reus
1511 1944 1614 2002 est,
1646 1947 1699 1993 et
1719 1938 2013 2009 inexpiabi-

430 2026 550 2080 liter
594 2040 734 2080 reus.
781 2025 896 2080 Non
942 2026 1086 2081 enim
1131 2026 1323 2081 dicitur
1361 2027 1574 2082 diabolo
1613 2039 1672 2083 ut
1706 2028 2005 2097 damnetur,

428 2117 756 2172 Adulterium
778 2117 1113 2181 commisisti,
1138 2116 1332 2171 furtum
1355 2116 1547 2182 fecisti,
1572 2118 1749 2174 villam
1780 2120 2007 2177 alienam

426 2207 678 2275 rapuisti:
702 2206 820 2273 sed,
847 2206 1055 2262 Homini
1081 2209 1238 2261 stanti
1268 2207 1449 2276 lapsus
1478 2207 1730 2264 invidisti.
1764 2210 2012 2266 Inviden-

427 2297 496 2351 tia
539 2296 860 2353 diabolicum
890 2296 1074 2352 vitium
1100 2306 1179 2351 est
1206 2314 1221 2351 :
1249 2297 1343 2352 sed
1375 2297 1535 2353 habet
1573 2308 1799 2354 matrem
1829 2316 2004 2356 suam.

424 2389 679 2462 Superbia
707 2399 927 2445 vocatur
951 2399 1120 2445 mater
1144 2390 1467 2445 invidentiae.
1497 2390 1759 2460 Superbia
1791 2393 1999 2450 invidos

423 2481 563 2538 facit.
595 2481 805 2537 Sufi‘oca
832 2490 1054 2535 matrem
1075 2521 1090 2547 ,
1117 2490 1172 2535 et
1201 2496 1305 2536 non
1343 2481 1447 2537 erit
1474 2481 1602 2537 ﬁlia.
1632 2482 1759 2540 Ideo
1784 2483 2002 2539 humili-

424 2582 582 2628 tatem
608 2572 790 2629 docuit
812 2572 1071 2629 Christus.
1098 2570 1216 2626 Non
1246 2587 1374 2643 ergo
1402 2573 1592 2644 loquor
1622 2574 1837 2643 invidis,
1863 2575 2001 2632 bene

420 2666 723 2735 optantibus
744 2667 951 2736 loquor.
981 2664 1087 2719 Illis
1110 2664 1298 2735 loquor
1317 2666 1404 2735 qui
1432 2674 1616 2735 optant
1636 2667 1773 2722 bene
1790 2667 1994 2734 amicis,

420 2766 478 2811 ut
519 2757 986 2811 habeanttantum
1018 2765 1272 2827 quantum
1296 2756 1515 2812 habent
1559 2768 1613 2813 et
1652 2758 1771 2828 ipsi.
1804 2759 2002 2829 Optant

417 2847 557 2902 bene
583 2847 877 2917 egentibus,
902 2857 958 2902 ut
978 2847 1206 2903 habeant
1231 2857 1485 2917 quantum
1515 2858 1574 2903 et
1600 2850 1700 2919 ipsi
1729 2866 1743 2903 :
1778 2850 1871 2905 sed
1896 2866 1996 2906 no-

417 2936 533 2991 lunt
576 2937 683 2991 illis
723 2936 849 2992 dare
886 2952 951 2992 ex
987 2952 1053 2994 eo
1094 2937 1237 3009 quod
1275 2937 1491 2993 habent.
1537 2938 1663 2994 Inde
1713 2949 1765 2994 te
1802 2939 1994 3010 iactas,

416 3030 579 3086 homo
606 3029 917 3098 christiane,
935 3031 1056 3101 quia
1073 3040 1224 3101 optas
1250 3029 1431 3087 bene?
1456 3030 1642 3087 Melior
1668 3039 1720 3085 te
1748 3040 1831 3087 est
1855 3046 1997 3087 men-

415 3121 587 3186 dicus,
634 3121 721 3192 qui
753 3122 905 3192 plura
952 3122 1044 3177 tibi
1082 3130 1251 3192 optat,
1276 3130 1331 3177 et
1372 3121 1501 3176 nihil
1538 3121 1716 3176 habet.
1742 3121 1889 3178 Bene
1917 3124 1997 3178 vis

414 3223 599 3284 optare
626 3214 755 3269 nihil
784 3230 813 3267 a
845 3224 896 3270 te
920 3214 1198 3283 accipienti
1229 3232 1242 3268 :
1270 3213 1337 3268 da
1363 3213 1564 3285 aliquid
1603 3214 1740 3269 bene
1764 3216 1990 3285 optanti.

412 3307 469 3364 Si
504 3309 699 3364 bonum
739 3318 822 3363 est
864 3309 1000 3364 bene
1028 3317 1242 3379 optare,
1274 3307 1439 3364 redde
1469 3308 1795 3364 mercedem.
1829 3307 1991 3379 Optat

414 3402 508 3458 tibi
554 3404 689 3457 bene
725 3416 957 3473 pauper,
1002 3401 1125 3472 quid
1167 3401 1439 3471 trepidas?
1472 3400 1620 3458 Addo
1658 3401 1856 3472 aliquid
1886 3419 1899 3454 :
1935 3401 1993 3456 In

412 3494 572 3551 domo
598 3494 893 3563 disciplina:
921 3509 999 3548 es.
1032 3493 1183 3548 Addo
1207 3492 1404 3563 aliquid
1451 3493 1534 3547 his
1566 3508 1685 3563 qua:
1710 3492 1819 3547 dixi
1842 3494 1883 3561 ²,
1917 3492 1992 3548 Da

412 3588 547 3643 bene
576 3589 813 3657 optanti;
836 3585 1079 3642 Christus
1103 3595 1204 3641 est.
1233 3586 1349 3656 Ipse
1376 3600 1405 3639 a
1429 3595 1479 3641 te
1498 3585 1627 3656 petit
1655 3586 1744 3657 qui
1772 3586 1863 3641 tibi
1891 3586 1993 3642 de-

410 3675 505 3734 dit.
539 3678 829 3734 Erubesce.
862 3677 957 3732 Ille
982 3677 1137 3732 dives
1162 3692 1365 3746 pauper
1383 3692 1503 3733 esse
1531 3678 1718 3741 voluit,
1745 3688 1801 3733 ut
1825 3678 1991 3734 habe-

409 3783 497 3823 res
539 3783 799 3839 pauperes
825 3769 1017 3839 quibus
1043 3767 1217 3823 dares.
1251 3769 1326 3823 Da
1361 3768 1560 3838 aliquid
1591 3768 1739 3823 fratri
1769 3778 1891 3837 tuo,
1922 3769 1989 3825 da

408 3860 604 3931 aliquid
650 3861 889 3930 proximo
916 3872 1026 3926 tuo,
1057 3860 1122 3915 da
1151 3860 1349 3932 aliquid
1377 3861 1557 3917 comiti
1586 3871 1695 3915 tuo.
1722 3862 1803 3916 Tu
1840 3861 1989 3918 dives

408 3965 467 4008 es
489 3993 503 4018 ,
531 3953 619 4007 ille
647 3966 846 4023 pauper
870 3962 967 4008 est.
997 3952 1114 4008 Vita
1144 3955 1240 4009 ista
1262 3954 1343 4008 via
1371 3963 1475 4020 est,
1500 3954 1656 4008 simul
1683 3953 1991 4013 ambulatis.

426 4092 429 4093 ν
480 4043 599 4103 CAP
616 4045 702 4101 UT
726 4044 988 4101 Vlll.—8.
1010 4046 1227 4101 Sarcina
1248 4045 1535 4099 divitiarum
1562 4045 1852 4109 minuenda,
1887 4044 1989 4098 lar-

408 4134 587 4204 giendo
623 4137 852 4207 pauperi.
887 4135 1158 4190 Excusatio
1201 4134 1420 4189 crudelis
1471 4149 1740 4187 avarorum
1791 4136 1989 4202 pietatis

407 4228 604 4281 nomine
626 4228 804 4281 velata.
839 4228 944 4282 Sed
966 4227 1101 4282 forte
1121 4227 1254 4281 dicis
1285 4247 1298 4278 :
1330 4225 1443 4294 Ego
1470 4224 1637 4291 dives,
1670 4224 1759 4278 ille
1783 4240 1986 4295 pauper

405 4328 508 4373 est.
555 4318 723 4373 Simul
765 4318 1067 4383 ambulatis,
1116 4316 1338 4371 annon?
1372 4314 1507 4382 Quid
1537 4323 1620 4370 est
1645 4315 1784 4385 quod
1827 4315 1980 4382 dicis,

404 4413 515 4482 Ego
543 4412 712 4483 dives,
745 4413 835 4468 ille
865 4425 1096 4482 pauper;
1126 4411 1251 4475 nisi,
1272 4410 1383 4480 Ego
1412 4416 1684 4474 oneratus,
1717 4407 1808 4464 ille
1824 4408 1982 4465 levis?

406 4504 515 4574 Ego
541 4504 711 4568 dives,
735 4503 826 4558 ille
852 4517 1069 4572 pauper.
1088 4500 1362 4558 Sarcinam
1395 4510 1539 4556 tuam
1566 4514 1980 4569 commemoras,

402 4594 611 4663 pondus
643 4604 787 4648 tuum
818 4592 1024 4649 laudas.
1053 4592 1122 4648 Et
1160 4591 1302 4664 quod
1330 4593 1544 4663 gravius
1573 4599 1687 4657 est,
1712 4589 1980 4647 constrin-

401 4689 525 4743 xisti
556 4687 621 4741 ad
652 4699 702 4741 te
728 4688 992 4742 sarcinam
1023 4698 1164 4742 tuam
1199 4705 1211 4740 :
1248 4686 1367 4742 ideo
1396 4701 1502 4741 non
1534 4694 1685 4755 potes
1711 4686 1982 4755 porrigere

398 4792 640 4835 manum.
664 4777 914 4843 Onerate,
943 4780 1122 4849 ligate,
1154 4779 1277 4849 quid
1310 4788 1361 4834 te
1381 4779 1596 4849 jactas?
1625 4778 1754 4849 quid
1780 4788 1831 4832 te
1870 4777 1981 4831 lau-

408 4867 544 4927 das?
581 4867 739 4923 Solve
783 4867 993 4923 vincula
1031 4880 1139 4937 tua,
1178 4872 1359 4925 minue
1391 4870 1459 4925 de
1501 4871 1708 4926 sarcina
1754 4878 1860 4925 tua.
1904 4868 1981 4924 Da

399 4960 605 5026 comiti,
644 4968 700 5014 et
725 4958 873 5013 illum
900 4958 1138 5028 adjuvas,
1170 4970 1226 5015 et
1248 4969 1298 5015 te
1320 4960 1546 5015 relevas.
1588 4960 1729 5015 Inter
1757 4962 1855 5014 bas
1884 4975 1977 5014 vo-

398 5067 487 5108 ces
515 5061 631 5107 tuas
679 5049 954 5106 laudantes
990 5050 1252 5105 sarcinam
1296 5060 1472 5117 tuam,
1504 5051 1677 5105 adhuc
1721 5050 1970 5105 Christus

399 5144 554 5213 petit,
582 5153 637 5198 et
658 5158 761 5197 non
789 5140 982 5211 accipit
1007 5159 1019 5196 ε
1050 5150 1105 5195 et
1128 5141 1374 5196 obtendis
1394 5156 1587 5197 nomen
1610 5141 1821 5211 pietatis
1859 5156 1980 5195 cru-

398 5233 603 5290 delibus
625 5236 863 5301 vocibus,
898 5245 954 5289 et
982 5234 1147 5298 dicis,
1177 5234 1245 5290 Et
1281 5234 1408 5303 quid
1439 5248 1596 5289 servo
1632 5234 1755 5287 filiis
1800 5234 1979 5288 meis?

397 5326 663 5383 Christum
705 5330 779 5384 illi
816 5344 1028 5399 oppono
1052 5370 1069 5397 ,
1094 5327 1234 5383 filios
1271 5342 1398 5383 suos
1436 5327 1565 5381 mihi
1600 5327 1828 5394 reponit.
1872 5325 1976 5381 Ista

396 5434 524 5473 vero
561 5434 748 5489 magna
784 5420 1008 5487 iustitia,
1043 5431 1098 5474 ut
1131 5419 1322 5476 habeat
1349 5418 1488 5473 unde
1519 5418 1815 5472 luxurietur
1836 5416 1977 5471 filius

397 5517 537 5575 tuus,
571 5519 723 5579 egeat
752 5511 1008 5567 Dominus
1034 5511 1193 5565 tuus?
1220 5510 1345 5565 Cum
1374 5513 1505 5563 enim
1547 5510 1636 5563 uni
1663 5525 1725 5563 ea:
1753 5510 1973 5563 minimis

457 5662 475 5731 ξ
507 5667 648 5731 iuxta
670 5670 726 5711 Er
742 5664 892 5731 Lugd.
910 5672 1047 5713 Ven.:
1071 5665 1174 5731 Sed
1185 5679 1279 5731 non
1297 5665 1462 5731 loquar
1485 5664 1544 5731 de
1564 5662 1758 5731 invidis.
1825 5670 1882 5715 Μ.

454 5725 478 5754 ³
508 5729 650 5777 Juxta
669 5731 743 5777 Β.
768 5724 913 5789 Lugd.
936 5734 1076 5777 Ven.:
1103 5727 1241 5779 Addo
1261 5724 1394 5779 aliud
1416 5727 1544 5793 qttod
1568 5724 1693 5779 dixi.
1755 5732 1815 5776 It.

1470 269 1700 330 SERMO
1736 271 1826 329 DE
1868 271 2245 333 DlSCIPLINA
2283 275 2718 341 CHRISTIANA.

3624 293 3731 357 674

2147 394 2268 448 meis
2288 397 2495 467 fecistis,
2527 401 2652 455 mihi
2678 400 2883 473 fecistis.
2910 404 3025 462 Non
3049 406 3246 479 legisti,
3271 422 3377 468 non
3404 410 3677 471 advertisti
3696 416 3725 472 ἲ

2143 483 2269 541 Cum
2298 490 2386 543 uni
2412 507 2473 545 ea:
2499 494 2724 549 minimis
2749 498 2872 552 meis
2896 514 2998 553 non
3025 501 3232 570 fecistis,
3260 519 3351 557 nec
3380 504 3506 558 mihi
3533 506 3722 577 fecistis

2145 576 2352 648 (Matth.
2386 598 2511 649 xxv,
2542 584 2629 648 40,
2653 586 2769 657 45).
2799 587 2913 643 Non
2941 588 3135 661 legisti,
3154 608 3258 647 non
3288 596 3553 651 timuisti?
3580 597 3723 656 Ecce

2138 670 2256 738 quis
2288 682 2423 742 eget,
2452 681 2506 730 et
2533 675 2673 731 filios
2712 686 2830 734 tuos
2873 681 3158 737 numeras?
3185 684 3464 741 Postremo
3498 702 3722 745 numera

2137 759 2275 818 filios
2322 772 2459 831 tuos,
2501 766 2639 823 adde
2674 785 2836 824 unum
2880 771 3018 828 inter
3041 773 3180 840 illos,
3216 775 3498 832 Dominum
3545 787 3719 835 tuum.

2136 850 2309 909 Unum
2337 853 2522 925 habes,
2561 858 2632 913 sit
2677 860 2768 916 ille
2806 862 3108 931 secundus;
3139 865 3275 922 duos
3312 866 3498 933 habes,
3529 870 3601 925 sit
3626 870 3719 926 ille

2135 946 2350 1011 tertius;
2386 956 2495 1003 tres
2517 948 2701 1016 habes,
2733 952 2803 1008 sit
2827 953 2916 1009 ille
2952 966 3209 1026 quartus:
3234 958 3365 1015 nihil
3393 959 3584 1017 horum
3613 962 3715 1020 vis.

2132 1038 2272 1094 Ecce
2302 1043 2569 1110 quomodo
2590 1044 2764 1116 diligis
2794 1049 3095 1117 proximum
3123 1061 3290 1120 tuum,
3320 1069 3479 1125 quem
3504 1054 3602 1112 tibi
3631 1054 3717 1113 fa-

2131 1131 2240 1186 cias
2268 1133 2472 1188 socium
2500 1135 2566 1190 ad
2597 1137 2753 1192 istam
2782 1141 3157 1209 perditionem.

2202 1225 2257 1279 9.
2282 1225 2420 1292 Quid
2445 1228 2536 1283 tibi
2564 1229 2802 1287 dicturus
2830 1246 2967 1301 sum,
3000 1235 3183 1306 Diligis
3203 1239 3505 1309 proximum
3533 1242 3718 1299 tuum?

2128 1315 2264 1385 Quid
2286 1318 2361 1374 illi
2388 1320 2438 1374 in
2456 1336 2614 1377 aures
2635 1323 3013 1397 insusurrabis,
3036 1328 3197 1386 homo
3217 1346 3410 1400 avare;
3434 1335 3557 1402 nisi,
3587 1335 3713 1406 Fili,

2126 1416 2217 1462 aut
2242 1408 2423 1477 frater,
2453 1421 2542 1468 aut
2571 1423 2742 1483 pater,
2767 1415 2963 1472 bonum
2992 1428 3073 1475 est
3098 1421 3252 1478 nobis
3278 1433 3337 1479 ut
3363 1439 3482 1481 cum
3514 1426 3605 1483 hic
3631 1427 3711 1483 vi-

2126 1498 2317 1567 vimus,
2346 1500 2482 1557 bene
2509 1503 2579 1557 sit
2599 1503 2792 1561 nobis?
2814 1505 3078 1573 Quantum
3101 1510 3346 1580 habebis,
3368 1523 3545 1571 tantus
3574 1517 3706 1573 eris.

2124 1587 2332 1661 Frange
2362 1592 2561 1660 lunam,
2580 1603 2633 1649 et
2657 1596 2738 1651 fac
2759 1594 3042 1654 fortunam.
3069 1599 3172 1656 Ista
3191 1605 3495 1661 susurrabis
3525 1607 3709 1677 proxi-

2123 1694 2211 1734 mo
2248 1690 2357 1749 tuo,
2386 1699 2507 1753 qure
2550 1700 2656 1742 non
2702 1684 2934 1745 didicisti
2978 1692 3034 1747 in
3060 1693 3219 1749 domo
3248 1695 3579 1770 disciplinae,
3608 1712 3711 1758 nec

2120 1772 2311 1827 audisti
2343 1773 2448 1831 hic.

2189 1863 2416 1920 CAPUT
2454 1865 2546 1921 IX.
2569 1894 2643 1909 ο·-
2680 1870 2954 1927 Αυανοναηι
2996 1875 3277 1942 perniciosa
3321 1878 3571 1951 colloquia
3612 1898 3706 1937 ca-

2117 1955 2295 2008 venda.
2338 1955 2470 2012 Nolo
2498 1958 2577 2013 sic
2601 1960 2790 2031 diligas
2818 1964 3121 2032 proximum
3144 1974 3316 2024 tuum.
3347 1968 3391 2025 0
3419 1971 3462 2026 si
3485 1987 3705 2043 possem

2118 2043 2313 2112 facere,
2357 2055 2416 2101 ut
2459 2049 2587 2103 nulli
2628 2050 2958 2123 jungererisl
2993 2054 3335 2129 Corrumpunt
3364 2062 3507 2118 enim
3540 2081 3707 2120 mores

2114 2132 2271 2225 vanos
2297 2137 2550 2210 colloquia
2577 2143 2713 2195 mala
2742 2142 2784 2212 (Ι
2806 2143 2924 2198 Cor.
2954 2162 3045 2213 xv,
3071 2148 3183 2219 53).
3208 2148 3315 2207 Sed
3345 2167 3451 2209 non
3483 2169 3704 2225 possum

2112 2223 2288 2280 facere
2314 2235 2371 2281 ut
2396 2230 2594 2284 nemini
2628 2230 2871 2304 jungaris
2889 2277 2903 2300 ,
2932 2236 3017 2291 cni
3044 2239 3183 2295 mala
3207 2240 3306 2296 ista
3333 2258 3451 2314 quas
3478 2223 3587 2300 non
3612 2246 3697 2303 vis

2110 2311 2387 2371 dediscere
2426 2317 2756 2386 insusurres;
2786 2332 2841 2378 et
2883 2338 2991 2379 non
3035 2327 3209 2383 solum
3252 2311 3392 2387 nolis
3424 2332 3699 2406 dedoceri,

2108 2404 2205 2459 sed
2247 2405 2461 2463 aﬂ‘ectes
2502 2410 2663 2465 etiam
2689 2412 2904 2471 docere.
2946 2415 3100 2485 Nolo,
3145 2419 3252 2476 imo
3281 2422 3435 2488 volo,
3464 2424 3559 2479 sed
3588 2404 3698 2482 non

2110 2508 2350 2563 possum,
2377 2497 2685 2571 disjungere
2711 2511 2762 2557 te
2787 2503 2856 2559 ab
2881 2507 3100 2563 auribus
3133 2508 3382 2566 aliorum.
3420 2512 3568 2569 Alios
3594 2515 3695 2572 ad-

2107 2602 2375 2653 moneam,
2398 2592 2464 2647 ad
2493 2584 2721 2662 qudrum
2744 2610 2904 2654 aures
2930 2600 3122 2665 ambis,
3153 2617 3381 2673 quorum
3413 2620 3570 2662 aures
3600 2621 3696 2677 pe-

2107 2688 2321 2737 netrare
2350 2684 2577 2750 moliris,
2618 2686 2685 2742 ad
2713 2704 2941 2759 quorum
2972 2692 3133 2747 corda
3166 2708 3263 2764 per
3306 2711 3465 2752 aures
3494 2698 3698 2757 intrare

2105 2772 2364 2844 disponis.
2394 2777 2440 2832 Ο
2459 2777 2550 2848 qui
2585 2780 2783 2851 accipis
2805 2783 3027 2838 verbum
3053 2798 3239 2841 sanum
3268 2787 3321 2841 in
3348 2786 3511 2843 domo
3534 2790 3697 2846 disci-

2104 2863 2284 2934 plina},
2313 2866 2438 2937 Sepi
2465 2882 2613 2924 aures
2638 2880 2751 2925 tuas
2786 2873 2948 2942 spinis
2988 2873 3175 2945 (Eccli.
3199 2891 3395 2944 xxvm,
3420 2877 3535 2948 28).
3558 2878 3692 2935 Cor-

2101 2967 2341 3023 rumpunt
2367 2957 2523 3015 bonos
2549 2976 2712 3016 mores
2739 2962 2992 3035 colloquia
3024 2968 3162 3021 mala
3189 2983 3208 3022 :
3245 2970 3355 3039 sepi
3392 2986 3538 3025 aures
3581 2979 3698 3027 tuas

2101 3046 2281 3115 spinis.
2310 3046 2455 3117 Sepi,
2479 3058 2533 3103 et
2558 3050 2726 3119 spinis
2758 3053 2907 3123 sepi;
2941 3062 3001 3109 ut
3030 3055 3116 3111 ille
3145 3056 3236 3125 qui
3278 3058 3582 3128 importune
3611 3060 3698 3116 in-

2101 3142 2245 3191 trare
2286 3150 2449 3192 ausus
2480 3138 2657 3205 fuerit,
2681 3157 2789 3196 non
2835 3142 3008 3198 solum
3044 3146 3354 3215 repellatur,
3387 3149 3482 3204 sed
3523 3150 3694 3208 etiam

2100 3236 2506 3299 compungatur.
2552 3230 2774 3301 Repelle
2816 3233 2964 3289 illum
3000 3250 3030 3290 a
3078 3244 3150 3292 te.
3187 3237 3281 3293 Dic
3311 3257 3327 3294 :
3354 3239 3693 3300 Christianus

2099 3330 2179 3383 es,
2210 3316 2547 3374 Christianus
2585 3334 2702 3376 sum
2733 3338 2746 3377 :
2780 3338 2887 3379 non
2931 3324 3033 3381 hoc
3073 3329 3377 3397 accepimus
3416 3331 3469 3386 in
3518 3332 3691 3389 domo

2097 3410 2418 3481 disciplinae,
2451 3427 2557 3469 non
2597 3412 2698 3469 hoc
2735 3414 3020 3472 didicimus
3067 3417 3123 3474 in
3168 3418 3260 3474 illa
3297 3420 3480 3478 schola
3523 3438 3693 3493 quam

2096 3504 2263 3574 gratis
2301 3504 2648 3573 intravimus;
2680 3521 2785 3562 non
2824 3506 2925 3563 hoc
2950 3507 3233 3565 didicimus
3262 3511 3363 3567 sub
3390 3512 3482 3568 illo
3520 3513 3699 3585 magi-—

2098 3603 2209 3649 stro
2237 3595 2388 3665 cujus
2414 3595 2665 3651 cathedra
2692 3597 2743 3652 in
2766 3599 2904 3655 caelo
2924 3607 3024 3654 est.
3048 3598 3168 3655 Noli
3196 3601 3325 3657 mihi
3352 3602 3451 3659 ista
3476 3603 3687 3672 dicere,

2096 3692 2188 3739 aut
2215 3685 2325 3740 noli
2359 3684 2425 3741 ad
2453 3702 2539 3743 me
2571 3689 2846 3746 accedere.
2876 3689 2988 3746 Hoc
3023 3699 3107 3746 est
3143 3692 3323 3761 enim,
3369 3695 3496 3767 Seps“
3533 3712 3695 3754 aures

2096 3784 2207 3831 tuas
2234 3778 2413 3847 spinis.

2167 3864 2255 3919 10.
2294 3866 2615 3923 Convertam
2639 3883 2726 3924 me
2747 3869 2812 3925 ad
2842 3870 3014 3925 illum.
3037 3871 3243 3927 Avarus
3270 3887 3330 3928 es
3352 3912 3368 3938 ,
3396 3876 3688 3943 pecuniam

2094 3970 2242 4011 amas
2274 3974 2287 4010 :
2318 3958 2504 4013 beatus
2528 3974 2650 4014 esse
2674 3960 2794 4015 vis?
2820 3961 2985 4017 Deum
3015 3970 3161 4018 tuum
3192 3978 3332 4018 ama.
3361 3964 3589 4021 Pecunia
3624 3976 3690 4025 te

2094 4060 2202 4101 non
2227 4046 2350 4101 facit
2374 4047 2589 4103 beatum
2620 4067 2633 4102 :
2664 4058 2718 4104 tu
2747 4066 2863 4106 eam
2894 4051 3024 4107 facis
3054 4062 3296 4110 ornatam
3317 4096 3332 4122 ,
3368 4071 3475 4112 non
3507 4057 3595 4112 illa
3624 4066 3687 4114 te

2092 4137 2326 4193 beatum.
2356 4137 2463 4194 Sed
2488 4140 2609 4210 quia
2636 4142 2859 4197 multum
2898 4157 3047 4199 amas
3082 4147 3360 4215 pecuniam
3381 4190 3399 4215 ,
3440 4157 3495 4203 et
3520 4149 3690 4205 video

2091 4231 2213 4301 quia
2245 4233 2419 4302 pergis
2454 4247 2560 4303 quo
2600 4235 2818 4304 jusserit
2849 4237 3152 4307 cupiditas;
3178 4239 3346 4311 piger,
3375 4256 3533 4312 perge
3570 4258 3689 4313 quo-

2086 4321 2237 4393 jubet
2256 4324 2487 4380 charitas
2509 4342 2524 4379 :
2548 4327 2777 4397 respice,
2807 4336 2861 4383 et
2881 4328 3000 4384 vide
3024 4340 3275 4400 quantum
3301 4332 3512 4389 intersit
3535 4335 3688 4391 inter

2090 4416 2370 4484 pecuniam
2400 4424 2545 4472 tuam
2576 4427 2631 4474 et
2653 4419 2818 4474 Deum
2853 4429 3021 4475 tuum.
3048 4420 3330 4477 Pulchrior
3355 4434 3437 4479 est
3464 4424 3564 4480 iste
3594 4426 3683 4482 soli

2090 4519 2248 4576 quam
2294 4510 2517 4577 pecunia
2562 4518 2672 4575 tua,
2709 4519 2763 4564 et
2804 4519 2978 4566 tamen
3010 4512 3087 4565 sol
3130 4514 3230 4567 iste
3273 4530 3379 4568 non
3418 4522 3500 4568 est
3532 4508 3704 4571 Deus?

2091 4606 2228 4654 tuus.
2253 4597 2422 4654 Porro
2441 4599 2486 4653 si
2508 4598 2776 4667 pulchrior
2793 4609 2876 4652 est
2896 4600 2984 4653 lux
3005 4601 3103 4654 ista
3124 4616 3284 4669 quam
3313 4604 3533 4670 pecunia
3559 4613 3680 4659 tua.

2088 4696 2341 4760 quantum
2367 4698 2451 4744 est
2474 4688 2744 4757 pulchrior
2770 4689 2857 4757 qui
2886 4689 3010 4743 fecit
3036 4688 3170 4742 hanc
3191 4689 3401 4744 lucem?
3427 4695 3507 4745 An
3534 4694 3682 4749 forte:

2088 4791 2399 4847 comparare
2426 4778 2504 4832 vis
2529 4777 2807 4846 pecuniam
2829 4784 2972 4831 tuam
3008 4778 3153 4832 luci?
3174 4780 3309 4834 Ecce
3329 4781 3522 4835 occidit
3551 4783 3631 4837 sol
3651 4800 3675 4849 ;

2087 4867 2311 4924 ostende
2357 4868 2488 4922 mihi
2526 4868 2803 4936 pecuniam
2847 4875 3013 4922 tuam.
3044 4867 3217 4933 Nitet,
3245 4880 3299 4923 et
3341 4880 3495 4925 nocte
3539 4872 3676 4926 sub—

2089 4962 2241 5017 traho
2260 4961 2563 5025 lucernam;
2596 4975 2722 5016 ecce
2746 4960 2895 5015 dives
2920 4975 2980 5015 es
2998 5001 3015 5026 ,
3043 4961 3265 5017 ostende
3295 4962 3424 5015 mihi
3452 4964 3673 5018 divitias

2087 5064 2224 5109 tuas.
2255 5053 2371 5109 Jam
2396 5056 2437 5108 si
2467 5054 2665 5108 lumine
2691 5053 2936 5124 priveris,
2959 5053 3067 5123 jam
3099 5054 3141 5107 si
3165 5068 3270 5107 non
3302 5055 3496 5109 habeas
3525 5056 3673 5110 unde

2084 5147 2225 5219 quod
2258 5148 2422 5202 habes
2453 5145 2652 5209 videas,
2684 5145 2772 5200 ubi
2795 5157 2916 5199 sunt
2937 5146 3134 5200 divitiae
3164 5147 3311 5200 tunc?

2155 5236 2381 5291 CAPUT
2420 5236 2487 5291 Χ.
2504 5237 2746 5289 —-Acute
2766 5236 2820 5289 in
2849 5252 3006 5290 cteros
3025 5238 3267 5308 quosdam
3300 5253 3495 5291 avaros.
3524 5238 3666 5305 Qua-

2084 5330 2233 5384 modo
2277 5330 2566 5401 prcecipitur
2602 5327 2739 5382 Deus
2778 5331 2940 5391 amari
2979 5339 3215 5400 tmtquam
3256 5333 3489 5401 pecunia.
3531 5332 3672 5385 Tun-

2084 5426 2206 5478 dens
2234 5433 2421 5493 pectus,
2448 5439 2537 5477 nec
2557 5439 2611 5477 se
2635 5424 2909 5491 corrigens,
2936 5424 3119 5477 solidat
3142 5435 3361 5493 peccata,
3386 5442 3486 5478 non
3514 5423 3667 5480 toﬂil.

2084 5517 2151 5570 Et
2170 5516 2245 5569 sic
2272 5526 2447 5568 tamen
2469 5513 2735 5567 horrenda
2765 5512 3092 5581 profunditas
3128 5514 3366 5567 avaritiae
3395 5530 3499 5568 non
3524 5524 3669 5584 patet

2083 5607 2270 5670 oculis,
2303 5615 2355 5659 et
2381 5614 2548 5659 scatet
2584 5605 2775 5658 animis
2797 5604 2835 5658 ¹.
2862 5603 3100 5658 Vidimus
3139 5613 3191 5658 et
3227 5620 3395 5661 caecos
3433 5618 3666 5664 avaros:

2149 5724 2167 5759 ι
2202 5715 2796 5787 Mss.,nmpatetocutus,
2821 5717 3261 5772 etscatetanimw.
