4140 6216
444 270 548 326 6ἵὸ

445 379 654 435 dicatur
694 375 823 432 mihi
866 374 1006 430 unde
1046 375 1189 428 avari
1229 384 1352 428 sunt
1380 373 1507 428 czeei
1529 416 1544 436 ,
1575 373 1664 442 qui
1693 385 1797 425 non
1826 370 2026 426 vident.

445 469 596 538 Quod
629 469 790 523 habet
831 481 929 520 nec
965 465 1141 529 habet,
1171 473 1225 519 et
1257 475 1431 518 tamen
1483 478 1675 518 avarus
1714 471 1796 516 est
1833 475 2028 516 caecus.

447 560 662 627 Quare?
684 558 815 627 Quia
843 557 1011 612 credit
1044 572 1102 610 se
1130 555 1345 622 habere,
1373 570 1564 610 avarus
1593 563 1693 609 est.
1714 553 1872 609 Fides
1911 568 2034 608 eum

447 651 573 706 facit
627 650 838 705 divitem
897 667 910 703 :
963 646 1229 703 credendo
1279 647 1428 701 dives
1452 656 1573 713 est,
1628 661 1735 701 non
1782 644 2031 700 videndo.

447 744 653 814 Quanto
681 742 870 796 melius
898 740 1052 795 [idem
1081 740 1340 794 convertit
1369 739 1435 792 ad
1470 740 1634 792 Deum
1659 738 1716 791 '?
1744 736 1860 791 Non
1883 736 2033 792 vides

446 835 585 906 quod
617 834 874 904 possides,
897 842 951 887 et
981 833 1145 886 Deum
1178 831 1270 886 tibi
1299 832 1376 885 sic
1404 830 1652 899 prredico.
1682 827 1926 882 Nondum
1957 827 2036 881 vi-

446 929 540 984 des
570 946 583 983 :
609 942 749 990 ama,
784 935 836 981 et
865 924 1088 980 videbis.
1122 924 1282 977 Amas
1303 923 1602 992 pecuniam,
1627 937 1659 976 o
1688 935 1846 983 eteee,
1876 933 2035 988 quam

446 1034 714 1089 nunquam
743 1017 968 1072 videbis.
1001 1017 1185 1069 Caecus
1212 1013 1456 1084 possides
1481 1055 1495 1079 ,
1527 1026 1703 1066 caecus
1745 1011 2036 1065 moriturus

447 1126 526 1176 es,
572 1109 712 1179 quod
757 1107 999 1177 possides
1030 1107 1116 1161 hic
1145 1105 1428 1160 relicturus
1456 1119 1534 1158 es.
1564 1102 1683 1157 Non
1717 1101 1937 1156 tenebas
1983 1108 2038 1156 et

446 1201 655 1271 quando
678 1201 892 1256 vivebas
911 1202 962 1266 ²;
993 1199 1114 1269 quia
1143 1213 1250 1252 non
1274 1196 1488 1251 videbas
1521 1194 1664 1265 quod
1692 1194 1944 1249 habebas.

518 1292 604 1346 11.
631 1291 706 1345 De
755 1291 862 1346 Deo
904 1288 1030 1359 quid
1075 1288 1167 1342 tibi
1194 1287 1425 1341 dicitur?
1473 1287 1609 1341 Ecce
1653 1285 1754 1339 hoc
1776 1285 1868 1340 tibi
1909 1283 2038 1338 dicit

447 1381 558 1453 ipsa
590 1380 894 1450 Sapientia:
928 1380 1061 1433 Ama
1092 1378 1240 1432 illum
1269 1387 1508 1447 tanquam
1547 1376 1811 1447 pecuniam
1852 1374 2034 1444 (Prov.

449 1491 512 1541 ll,
545 1474 620 1547 4).
653 1474 924 1543 Indignum
952 1480 1062 1537 est,
1093 1471 1406 1540 injuriosum
1435 1477 1548 1533 est,
1579 1478 1635 1523 ut
1662 1467 1917 1537 sapientia
1946 1481 2039 1536 pe-

447 1567 618 1622 cuniae
658 1572 998 1635 comparetur
1047 1582 1059 1618 :
1105 1563 1198 1618 sed
1261 1578 1411 1616 amor
1454 1561 1625 1615 amori
1677 1568 2034 1629 comparatur.

449 1658 615 1714 Video
641 1659 780 1713 enim
808 1657 893 1712 hic
919 1672 1014 1711 vos
1052 1655 1129 1710 sic
1171 1671 1352 1708 amare
1390 1653 1670 1723 pecuniam
1694 1693 1708 1719 ,
1739 1663 1796 1706 ut
1817 1651 2038 1722 jubente

447 1764 628 1804 amore
652 1748 892 1818 pecunia:
933 1747 1145 1802 labores
1175 1746 1478 1814 suscipiatis
1499 1788 1512 1812 ,
1534 1745 1734 1814 jejunia
1765 1743 2035 1813 toleretis,

449 1857 596 1896 mare
635 1841 950 1906 transeatis,
985 1840 1156 1894 ventis
1184 1847 1235 1893 et
1263 1837 1510 1893 ﬂuetibus
1551 1851 1644 1891 vos
1674 1836 2035 1891 committatis.

449 1934 631 1988 Habeo
670 1933 812 1988 unde
871 1933 1063 2001 eligam
1108 1932 1248 2001 quod
1295 1931 1518 1995 ametis,
1566 1929 1658 1984 sed
1707 1944 1812 1984 non
1868 1928 2039 1984 habeo

449 2023 593 2094 quod
618 2023 807 2078 addam
834 2023 899 2077 ad
927 2038 1163 2078 amorem
1203 2038 1307 2092 quo
1334 2022 1541 2074 amatis.
1573 2022 1661 2075 Sic
1707 2038 1792 2074 me
1823 2033 1998 2076 amate
2017 2062 2034 2089 ,

447 2115 568 2187 plus
597 2114 720 2170 nolo
743 2131 832 2169 tne
854 2116 1052 2181 amari,
1079 2115 1151 2168 ait
1179 2115 1334 2168 Deus.
1363 2111 1622 2182 lmprobis
1652 2114 1843 2182 loquor
1867 2155 1881 2176 ,
1909 2128 2036 2167 ava-

448 2205 523 2260 ris
572 2205 758 2275 loquor
788 2224 801 2258 :
835 2205 1119 2260 Pecuniam
1163 2205 1411 2273 diligitis,
1447 2213 1649 2260 tantum
1695 2221 1781 2258 me
1809 2204 2033 2273 diligite.

449 2296 606 2352 Certe
651 2297 840 2352 melior
878 2312 998 2352 sum
1036 2297 1522 2366 incomparabiliter
1568 2316 1580 2350 ε
1630 2298 1754 2351 nolo
1799 2313 1827 2350 a
1884 2296 2037 2351 vobis

450 2389 768 2460 ampliorem
832 2403 1104 2452 amorem;
1149 2397 1401 2457 quantum
1451 2389 1668 2459 diligitis
1719 2388 2035 2457 pecuniam,

450 2489 651 2536 tantum
693 2496 781 2535 me
823 2490 1016 2536 amate.
1071 2480 1460 2535 Erubescimus
1508 2481 1728 2543 saltem,
1778 2478 2035 2534 confitea-

448 2587 605 2639 ntur,
637 2581 692 2626 et
744 2582 958 2640 pectora
1010 2571 1325 2636 tundamus,
1369 2587 1474 2626 non
1516 2580 1573 2626 ut
1615 2587 1778 2640 super
1823 2579 2034 2640 peccata

446 2672 630 2718 nostra
677 2662 1036 2732 pavimentum
1080 2662 1387 2716 solidemus.
1433 2661 1565 2715 Nam
1609 2661 1698 2730 qui
1730 2661 1902 2715 tundit
1940 2677 2036 2729 pec

446 2765 564 2811 ctus
603 2764 658 2811 et
701 2771 805 2810 non
853 2755 1171 2823 corrigitur,
1218 2753 1411 2808 solidat
1444 2763 1690 2820 peccata,
1723 2767 1831 2806 non
1880 2751 2033 2804 tollit.

446 2846 757 2904 Tundamus
802 2855 1016 2916 pectus,
1063 2846 1427 2901 ct'czedamus
1464 2843 2036 2912 nos,‘etcorrigamur

445 2955 476 2996 a
499 2941 681 3006 nobis,
711 2955 778 2994 ne
822 2939 911 2994 ille
941 2949 1120 3007 postea
1149 2952 1248 2992 nos
1290 2937 1462 2991 caedat
1481 2978 1494 3001 ,
1523 2936 1612 3004 qui
1655 2937 1908 3004 magister
1929 2944 2035 2990 est;

447 3033 692 3092 Diximus
715 3033 859 3090 enim
889 3031 1014 3102 quid
1053 3031 1140 3085 hic
1183 3029 1421 3086 discatur
1451 3045 1464 3081 :
1494 3028 1603 3098 jam
1649 3043 1816 3098 quare
1861 3028 2037 3083 disea-

447 3133 532 3180 tur
558 3124 600 3178 ³.

514 3215 740 3275 CAPUT
777 3215 870 3271 XI.
911 3243 983 3254 —
1032 3213 1120 3270 12.
1174 3211 1378 3267 Discere
1413 3213 1606 3268 litteras
1652 3227 1744 3281 spe
1786 3213 2038 3266 commodi

448 3309 738 3380 temporalis
777 3323 932 3379 quam
975 3307 1197 3362 solemne
1231 3315 1305 3361 est
1334 3315 1380 3360 et
1430 3322 1581 3377 quam
1627 3320 1830 3358 vanum.
1868 3303 2041 3359 Metu:

443 3403 639 3459 mortis.
667 3403 845 3469 Quare
865 3401 1009 3456 ivisti
1035 3401 1088 3455 in
1116 3399 1354 3454 scholam
1379 3439 1392 3462 ,
1423 3411 1588 3467 quare
1613 3397 1894 3466 vapulasti,
1923 3406 1978 3451 et
2000 3413 2031 3450 a

444 3494 752 3566 parentibus
776 3493 966 3549 ductus
985 3531 1000 3558 ,
1041 3500 1096 3546 et
1122 3489 1352 3560 fugitans
1383 3489 1665 3558 quaesitus,
1695 3495 1748 3542 et
1789 3489 2042 3543 inventus

443 3593 699 3642 attractus
741 3596 835 3649 es,
885 3592 939 3638 et
997 3581 1257 3637 adductus
1299 3587 1550 3635 extensus
1591 3578 1682 3634 es?
1719 3578 1894 3646 Quare
1936 3591 2033 3632 va-

443 3676 670 3749 pulanti?
708 3691 876 3748 quare
922 3683 1066 3731 tanta
1097 3673 1232 3729 mala
1259 3673 1316 3727 in
1361 3672 1587 3742 pueritia
1623 3670 1923 3741 pertulisti?
1962 3668 2033 3725 Ut

442 3771 695 3826 diseeres.
739 3767 878 3840 Quid
916 3767 1190 3825 diseeres?
1217 3766 1466 3821 Litteras.
1512 3764 1724 3833 Quare?
1751 3762 1821 3819 Ut
1864 3762 2042 3819 habe-

442 3870 590 3918 retur
613 3861 871 3931 pecunia,
914 3866 1103 3916 aut-ut
1157 3865 1555 3928 contpararetur
1591 3855 1796 3923 honor,
1851 3861 1907 3910 et
1946 3861 2030 3909 te-

444 3962 658 4008 neretur
693 3951 992 4010 sublimitas
1029 3949 1323 4020 dignitatis.
1384 3949 1514 4004 Vide
1560 3949 1681 4019 quia
1725 3947 2029 4019 periturus,

443 4055 663 4116 propter
692 4045 981 4114 perituram
1026 4058 1139 4097 rem
1164 4084 1179 4107 ,
1230 4043 1517 4111 perituram
1561 4057 1673 4097 rem
1720 4055 1840 4096 cum
1884 4049 2033 4094 tanta

445 4135 628 4191 labore
671 4133 902 4188 didicisti
950 4133 1005 4185 in
1051 4131 1210 4184 tantis
1233 4132 1406 4198 pinnis
1425 4171 1438 4194 ,
1467 4140 1521 4184 et
1548 4131 1761 4186 amabat
1787 4141 1839 4184 te
1863 4131 1951 4201 qui
1979 4139 2032 4186 te

442 4225 508 4282 ad
553 4239 740 4296 poenas
765 4221 1014 4277 trahebat
1041 4239 1053 4274 :
1085 4221 1197 4288 ipse
1227 4221 1315 4289 qui
1362 4230 1414 4276 te
1439 4223 1683 4289 amabat,
1715 4224 1829 4291 ipse
1869 4233 1918 4279 te
1962 4224 2034 4279 ad

444 4327 628 4385 prunas
655 4310 927 4375 trahebat;
967 4317 1024 4365 ut
1052 4308 1362 4378 vapulares,
1410 4310 1638 4363 amando
1675 4309 1942 4376 faciebat;
1972 4320 2054 4366 ut-

443 4404 710 4467 disceres,
731 4400 900 4472 quid?
935 4401 1184 4457 Litteras.
1214 4399 1376 4456 Bonae
1416 4408 1542 4454 sunt
1585 4400 1816 4455 litteris?
1847 4402 2027 4458 Bonae.

443 4495 608 4561 Novi,
640 4494 880 4550 dicturus
915 4507 975 4549 es
1001 4492 1131 4548 mihi
1161 4510 1174 4547 :
1205 4507 1369 4563 quare
1397 4499 1452 4547 et
1478 4505 1603 4557 vos,
1639 4490 1907 4562 episcopi,
1940 4493 2030 4548 lit-

445 4600 586 4647 teras
611 4587 845 4660 legistis;
893 4601 1060 4659 quare
1105 4600 1246 4642 nunc
1270 4585 1478 4640 divinas
1503 4583 1806 4654 Seripturas
1834 4585 1886 4638 in
1915 4584 2030 4655 ipsa

444 4681 737 4736 litteratura
763 4678 999 4734 tractatis
1021 4677 1064 4729 ⁸.
1091 4676 1165 4731 lta
1191 4689 1322 4730 vero
1349 4693 1362 4729 :
1396 4674 1490 4730 sed
1516 4689 1625 4730 non
1661 4674 1729 4729 ad
1769 4673 2031 4730 hoc-didi-

444 4772 614 4826 cimus
652 4769 873 4826 litteras.
913 4767 1029 4825 Non
1074 4768 1219 4823 enim
1263 4773 1518 4838 parentes
1559 4766 1758 4833 nostri,
1815 4766 2034 4836 quando

445 4878 542 4918 nos
586 4863 640 4916 in
682 4861 919 4916 scholam
950 4861 1260 4924 mittebant,
1291 4858 1393 4914 hoc
1420 4858 1573 4914 nobis
1610 4857 1861 4915 dicebant
1889 4876 1902 4912 :
1932 4859 2028 4913 Di-

444 4955 574 5011 scite
595 4954 831 5020 litteras,
865 4961 924 5008 ut
949 4951 1188 5008 habeatis
1231 4951 1372 5006 unde
1421 4951 1596 5021 legere
1633 4951 1849 5021 possitis
1881 4951 1901 4983 ⁵
1931 4963 2028 5006 co-

507 5112 523 5203 :
551 5109 886 5203 gis;terciensis
927 5115 1045 5160 Ms:
1093 5111 1273 5169 ouante
1308 5105 1477 5158 mlius
1526 5103 1649 5172 ﬁdes
1688 5105 1916 5160 convertit
1957 5108 2028 5159 ad

445 5179 640 5283 Πευᾜὶξέ
664 5231 781 5284 editi
801 5230 998 5294 addunt,
1018 5237 1193 5296 quanto
1226 5231 1381 5295 mgis
1418 5230 1585 5296 perdis
1600 5244 1618 5294 ,'
1640 5231 1771 5295 quod
1817 5232 1960 5282 abest
1996 5244 2028 5282 a

443 5303 629 5406 ΜεΞἘιε.
657 5355 961 5417 I.ugd.'ven.:
995 5353 1214 5405 Dixinth
1236 5354 1363 5406 enim
1383 5355 1491 5416 jam
1536 5355 1655 5416 quid
1686 5354 1763 5405 hic
1788 5354 2028 5416 discatur,

441 5431 590 5482 quare
613 5416 846 5470 discatur.
871 5417 1003 5479 Apud
1026 5425 1136 5466 ων.
1159 5417 1336 5466 desunt
1374 5417 1541 5466 ultima
1576 5420 1742 5478 verba,
1770 5431 1922 5480 quare
1945 5416 2029 5468 di-

442 5484 790 5592 δαίιῇζιὶιεῃέιι.
817 5539 964 5603 Lugd.
985 5547 1187 5604 etven.,
1205 5552 1294 5590 non
1321 5539 1500 5604 legistis
1522 5539 1545 5590 ?
1567 5553 1658 5591 non
1682 5538 2023 5590 tractastisht.

500 5605 519 5636 '
551 5606 625 5654 sic
649 5605 788 5665 juxta
810 5609 884 5650 Er.
909 5603 1054 5666 Lugd.
1093 5610 1208 5666 Ven.
1235 5609 1342 5653 ων.
1364 5603 1460 5650 ⁷ΡΡ.
1500 5604 1795 5666 Benedictini
1812 5604 2026 5666 nonhba-

438 5661 559 5714 hent
581 5667 630 5714 in
650 5661 804 5729 textu
824 5661 1011 5725 vocetﬁ,
1036 5662 1256 5729 possitis;
1279 5671 1392 5716 nota
1414 5677 1533 5715 vero
1554 5663 1829 5728 marginalis
1849 5664 2030 5720 indicat

440 5735 550 5778 eam
570 5725 886 5790 supplendam
909 5725 1046 5778 esse;
1104 5733 1143 5775 Μ

2009 5810 2056 5856 ευ
2097 5825 2116 5837 ι

1047 263 1105 321 s.
1147 260 1522 321 AUGUSTINI’
1552 254 1851 316 EPISCOPI
1891 255 2123 315 suam
2162 259 2248 315 DE
2290 258 2664 320 DlSClPLINA
2700 243 3139 324 cumsuam:

3595 249 3698 326 67‘s

2138 375 2284 431 dices
2326 378 2640 438 dominicos.
2687 381 2797 438 Nec
2840 383 2941 453 ipsi
2991 381 3278 438 Christiani
3309 381 3429 440 ﬁliis
3471 384 3583 438 suis
3612 384 3713 440 hoc

2137 467 2338 522 dicunt.
2389 470 2494 526 Sed
2538 472 2699 542 quid?
2735 474 2928 529 Discite
2983 475 3207 530 litteras.
3256 473 3466 543 Quare?
3519 475 3588 531 Ut
3641 476 3714 530 s'is

2138 559 2318 614 homo.
2349 560 2484 629 Quid
2512 563 2693 618 enim?
2722 565 2880 620 modo
2905 581 3068 636 pecus
3108 565 3266 621 sum?
3293 565 3445 635 Quod
3471 565 3589 621 dico
3614 609 3626 630 ,
3660 574 3717 622 ut

2139 650 2212 704 sis
2238 651 2430 716 homo,
2477 652 2581 708 hoc
2619 661 2732 722 est,
2781 664 2838 710 ut
2864 656 2939 710 sis
2983 657 3226 711 eminens
3269 658 3412 711 inter
3451 657 3712 712 homines.

2141 742 2291 798 Unde
2335 753 2386 799 et
2430 745 2555 800 illud
2590 747 2929 816 proverbium
2965 765 2978 801 :
3007 747 3272 816 Quantum
3305 750 3550 810 habebis.
3596 759 3715 804 tan-

2141 843 2225 887 tus
2266 834 2391 889 eris.
2425 834 2496 891 Ut
2541 837 2736 892 habeas
2779 848 3032 908 quantum
3070 839 3286 903 caeteri,
3332 848 3422 894 aut
3463 847 3716 909 quantum

2140 924 2324 992 pauci;
2359 933 2450 978 aut
2476 926 2596 995 plus
2623 942 2780 996 quam
2807 930 3020 993 caeteri,
3066 936 3154 982 aut
3183 930 3300 998 plus
3335 945 3492 999 quam
3527 931 3715 1000 pauci;

2140 1014 2338 1069 habeas
2381 1016 2503 1071 inde
2544 1017 2833 1085 honorem,
2883 1019 3076 1073 habeas
3122 1019 3246 1074 inde
3286 1021 3616 1089 dignitatem.
3652 1020 3723 1076 Et

2142 1106 2230 1160 ubi
2250 1116 2409 1162 erunt
2451 1107 2548 1162 ista
2575 1110 2782 1175 omnia,
2827 1124 2948 1163 cum
2979 1125 3124 1164 mors
3152 1111 3394 1166 venerit?
3435 1112 3719 1180 Quomodo

2142 1199 2413 1266 stimulat,
2447 1201 2713 1270 quomodo
2747 1211 2922 1256 metus
2960 1201 3059 1255 iste
3084 1202 3415 1271 interpellat?
3440 1203 3724 1270 Quomodo

2142 1305 2336 1345 nomen
2377 1292 2549 1361 ipsum
2587 1307 2618 1346 a
2646 1305 2733 1347 me
2775 1299 3245 1346 commemoratum
3291 1293 3528 1347 omnium
3557 1294 3720 1349 corda

2143 1382 2440 1450 percussit?
2479 1383 2758 1452 Quomodo
2795 1385 3039 1438 timorem
3068 1393 3300 1438 vestrum
3347 1393 3481 1439 teste
3521 1387 3720 1454 gemitu

2142 1472 2490 1528 declarastis?
2529 1473 2756 1540 Audivi,
2809 1473 2984 1528 audivi
3016 1492 3028 1527 :
3056 1475 3360 1544 gemuistis,
3391 1485 3614 1531 mortem
3647 1475 3715 1531 ti-

2142 1564 2318 1617 metis.
2361 1563 2418 1618 Si
2463 1565 2692 1631 timetis,
2736 1579 2902 1634 quare
2945 1581 3048 1619 non
3099 1565 3336 1620 cavetis?
3384 1565 3604 1622 Mortem
3655 1567 3722 1623 ti-

2142 1655 2300 1709 metis
2330 1671 2342 1706 :
2374 1655 2500 1723 quid
2545 1655 2785 1709 timetis?
2812 1655 3044 1711 Ventura
3084 1667 3164 1711 est
3195 1675 3209 1711 :
3243 1657 3490 1725 timeam,
3521 1673 3624 1712 non
3653 1658 3722 1712 ti-

2142 1760 2352 1813 meam,
2398 1747 2579 1803 venire
2617 1747 2812 1813 habet;
2859 1762 3008 1814 sero,
3066 1749 3204 1813 cito,
3257 1760 3475 1804 ventura
3503 1757 3601 1804 cst.
3658 1745 3718 1805 Si

2145 1838 2360 1901 timeas,
2389 1853 2494 1892 non
2519 1838 2721 1894 efﬁcies
2749 1848 2806 1893 ut
2833 1853 2938 1893 non
2970 1840 3034 1893 sit
3064 1841 3204 1907 quod
3234 1841 3412 1896 times.

2215 1927 2438 1983 CAPUT
2479 1929 2592 1983 ΧΠ.
2622 1959 2694 1969 —
2723 1929 2809 1983 15.
2860 1929 3003 1984 Mors
3045 1930 3175 1983 bona
3199 1972 3212 1992 ,
3243 1933 3288 1984 si
3315 1933 3416 1984 vita
3440 1934 3566 1985 bona
3593 1948 3724 2002 pra:—

2145 2024 2312 2076 cessit.
2360 2022 2490 2077 Illud
2533 2022 2709 2093 potius
2755 2024 2914 2087 time,
2963 2024 3102 2092 quod
3151 2025 3196 2078 si
3241 2026 3412 2091 nolis,
3444 2043 3546 2079 non
3592 2025 3716 2081 erit".

2144 2117 2316 2184 Quid?
2346 2118 2592 2173 Peccare.
2626 2118 2854 2173 Peccare
2885 2117 3043 2181 time,
3074 2120 3191 2187 quia
3222 2119 3264 2172 si
3295 2121 3554 2174 amavi-ris
3597 2133 3721 2188 pec-

2145 2219 2296 2273 cata,
2348 2210 2399 2263 in
2431 2209 2588 2263 aliam
2632 2218 2859 2264 mortem
2889 2211 3093 2274 irrues;
3136 2225 3239 2278 quo
3269 2225 3449 2278 posses
3490 2225 3591 2264 non
3638 2225 3728 2264 ve-

2146 2299 2292 2365 nire,
2322 2300 2365 2353 si
2410 2315 2514 2354 non
2542 2313 2750 2354 amares
2778 2309 3015 2370 peccata.
3047 2299 3202 2352 Modo
3242 2310 3417 2355 autem
3446 2313 3730 2370 perversus

2145 2390 2265 2459 plus
2293 2405 2442 2444 amas
2468 2397 2692 2445 mortem
2721 2406 2879 2459 quam
2927 2390 3111 2444 vitam.
3146 2390 3325 2454 Absit,
3376 2392 3567 2462 inquis.
3599 2392 3728 2460 Quis

2145 2490 2230 2536 est
2267 2483 2537 2536 hominum
2575 2481 2664 2550 qui
2706 2481 2822 2551 plus
2868 2487 3010 2536 amet
3054 2490 3278 2536 mortem
3327 2497 3482 2552 quant
3525 2482 3728 2538 vitam?

2145 2572 2306 2626 Forte
2352 2573 2608 2626 convinco
2649 2582 2732 2639 te,
2778 2573 2898 2642 quia
2941 2573 3059 2642 plus
3107 2585 3253 2628 amas
3297 2584 3519 2628 mortem
3572 2589 3727 2644 quam

2143 2663 2324 2717 vitam.
2363 2664 2499 2717 Ecce
2527 2663 2664 2717 unde
2696 2671 2744 2718 te
2769 2662 3050 2718 convinco.
3093 2665 3253 2718 Amas
3285 2667 3513 2719 tunicam
3545 2675 3686 2720 tuam
3707 2707 3724 2734 ,

2143 2756 2336 2810 bonam
2368 2771 2484 2808 eam
2515 2755 2595 2808 vis
2629 2772 2642 2807 :
2667 2769 2814 2809 amas
2841 2754 3015 2808 villam
3045 2765 3221 2819 tuam,
3248 2755 3436 2809 bonam
3464 2770 3579 2810 eam
3609 2757 3726 2810 vis:

2146 2858 2294 2898 amas
2324 2845 2488 2898 tilium
2530 2854 2710 2908 tuum,
2746 2845 2942 2899 bonum
2984 2859 3104 2899 eum
3131 2847 3209 2898 vis
3255 2861 3270 2897 :
3315 2860 3462 2900 amas
3499 2846 3727 2902 amicum

2147 2948 2325 3001 tuum,
2354 2938 2550 2992 bonum
2581 2952 2703 2992 cum
2733 2937 2814 2991 vis
2845 2951 3033 2992 :amas
3069 2937 3281 2991 domum
3313 2947 3451 2991 tuam
3471 2979 3486 3003 ,
3531 2938 3725 2992 bonam

2146 3045 2265 3086 eam
2320 3031 2419 3085 vis.
2477 3031 2613 3098 Quid
2665 3039 2749 3086 est
2793 3030 2934 3101 quod
2978 3031 3137 3086 etiam
3178 3031 3368 3085 bonam
3410 3031 3488 3085 vis
3530 3030 3726 3087 habere

2145 3124 2412 3178 mortem?
2450 3123 2696 3189 Quotidie
2744 3125 2886 3178 enim
2939 3139 3126 3194 rogas,
3180 3133 3237 3180 ut
3279 3126 3527 3196 quoniam
3583 3139 3729 3182 mors

2147 3223 2372 3268 ventura
2393 3224 2475 3268 est
2497 3256 2511 3278 ,
2537 3215 2728 3267 bonam
2759 3223 2982 3266 mortem
3010 3213 3102 3266 tibi
3133 3214 3269 3268 Deus
3298 3215 3421 3281 det;
3442 3252 3445 3254 -
3466 3223 3521 3272 et
3558 3215 3691 3271 dicis
3709 3256 3729 3285 ,

2145 3307 2287 3361 Deus
2328 3315 2532 3360 avertat
2558 3323 2584 3358 a
2617 3322 2700 3360 me
2725 3305 2918 3359 malam
2963 3315 3210 3360 mortem.
3244 3305 3369 3361 Plus
3412 3322 3540 3376 ergo
3581 3319 3732 3362 amas

2146 3404 2371 3451 mortem
2405 3406 2577 3463 tuam,
2602 3411 2758 3465 quam
2800 3396 2962 3450 vitm
2992 3404 3156 3450 tuam.
3186 3395 3319 3451 Mori
3363 3397 3501 3452 male
3532 3398 3688 3453 times
3709 3441 3725 3468 ,

2144 3488 2282 3540 male
2324 3487 2502 3540 vivere
2552 3501 2655 3539 non
2704 3486 2878 3540 times.
2921 3485 3143 3556 Corrige
3187 3487 3325 3542 male
3362 3487 3730 3557 vivere,time

2143 3579 2283 3633 male
2312 3577 2468 3633 mori.
2495 3578 2601 3633 Sed
2631 3579 2738 3633 noli
2779 3579 2967 3634 timere
3000 3599 3011 3633 :
3038 3596 3145 3636 non
3174 3590 3350 3652 potest
3385 3583 3525 3638 male
3551 3584 3726 3654 mori,

2144 3671 2234 3740 qui
2270 3672 2405 3725 bene
2443 3671 2652 3725 vixerit.
2703 3671 2931 3726 Prorsus
2973 3671 3264 3742 conﬁrmo,
3311 3676 3482 3732 audeo
3509 3671 3726 3746 dicere,

2145 3760 2384 3826 Credidi,
2426 3770 2632 3832 propter
2659 3761 2794 3832 quod
2824 3763 3020 3817 locutus
3051 3780 3164 3818 sum
3188 3781 3208 3820 :
3238 3779 3344 3820 non
3376 3773 3553 3836 potest
3591 3767 3730 3822 male

2144 3855 2315 3921 mori,
2364 3855 2457 3925 qui
2503 3854 2638 3910 bene
2681 3853 2892 3910 vixerit.
2947 3855 3065 3911 Jam
3120 3868 3175 3911 tu
3215 3857 3348 3913 dicis
3397 3857 3488 3914 tibi
3520 3877 3532 3912 :
3560 3857 3679 3914 Non
3709 3847 3738 3891 ⁸⁵

2144 3947 2299 4001 multi
2347 3947 2478 4016 justi
2537 3945 2808 4016 naufragio
2851 3947 3161 4016 perierunt?
3204 3947 3360 4004 Certe
3397 3951 3502 4004 non
3552 3949 3738 4019 potest

2144 4041 2285 4094 male
2335 4040 2504 4104 mori,
2550 4041 2640 4110 qui
2682 4040 2818 4094 bene
2881 4040 3092 4096 vixerit.
3149 4037 3264 4096 Non
3321 4041 3516 4094 multos
3557 4040 3730 4109 justos

2141 4130 2353 4201 gladius
2379 4131 2604 4201 peremit
2634 4130 2878 4187 hostilis?
2921 4132 3078 4187 Certe
3105 4147 3210 4187 non
3238 4141 3419 4204 potest
3438 4134 3576 4188 male
3616 4145 3734 4188 tuo-

2143 4222 2226 4288 ri,
2256 4221 2344 4288 qui
2376 4222 2512 4277 bene
2539 4223 2750 4277 vixerit.
2780 4219 2895 4276 Non
2941 4223 3138 4278 multos
3159 4223 3331 4293 justos
3362 4223 3592 4278 latrones
3634 4235 3740 4278 oe-‘

2145 4311 2423 4366 eiderunt?
2468 4312 2583 4367 Non
2647 4311 2843 4367 multos
2882 4313 3058 4382 justos
3119 4313 3304 4369 bestia:
3358 4313 3742 4368 laniaverant?

2143 4399 2308 4457 Certe
2347 4415 2453 4457 non
2489 4409 2665 4472 potest
2712 4402 2853 4456 male
2901 4403 3070 4470 mori,
3116 4401 3372 4472 qut'bene
3418 4403 3626 4458 vixerit.
3665 4401 3738 4456 Et

2143 4509 2248 4564 ego
2286 4494 2584 4564 respondeo
2630 4511 2644 4549 :
2677 4495 2803 4550 Htee
2842 4494 2936 4550 tibi
2972 4494 3115 4549 enim
3143 4493 3354 4549 videtur
3379 4494 3519 4550 mala
3547 4492 3732 4550 mors?

2145 4584 2424 4655 nauli‘agio
2468 4585 2675 4654 perire,
2721 4584 2894 4654 gladio
2931 4585 3172 4653 percuti,
3218 4599 3247 4636 a
3285 4583 3474 4641 bestiis
3503 4586 3686 4642 laniari
3709 4627 3726 4652 ,

2144 4689 2293 4732 mors
2318 4677 2454 4731 mala
2483 4677 2577 4731 tibi
2608 4675 2850 4730 videtur?
2869 4675 3057 4731 Nonne
3082 4675 3210 4731 istas
3242 4686 3443 4734 mortes
3470 4690 3729 4751 martyres

2144 4769 2452 4832 subierunt,
2486 4780 2714 4836 quorum
2757 4765 2992 4821 natalitia
3040 4767 3414 4825 celebramus?
3440 4771 3594 4840 Quod
3637 4785 3729 4841 ge-

2146 4871 2249 4913 nus
2275 4857 2462 4912 mortis
2490 4870 2594 4911 non
2625 4857 2940 4912 subierunt?
2968 4859 3033 4914 Et
3064 4868 3240 4916 tamen
3265 4860 3312 4916 si
3332 4860 3603 4916 christiani
3633 4875 3726 4914 su-

2146 4963 2302 5015 mus,
2343 4947 2389 5002 si
2433 4947 2486 5002 in
2513 4947 2676 5003 domo
2719 4947 3013 5019 disciplima
3054 4966 3152 5006 nos
3196 4964 3316 5008 esse
3358 4952 3731 5018 meminimus9

2147 5042 2234 5098 vel
2259 5055 2379 5097 cum
2408 5041 2494 5096 hie
2522 5055 2707 5096 sumus
2727 5083 2740 5108 ,
2767 5041 2852 5096 vel
2880 5055 3001 5098 cum
3033 5041 3120 5097 hic
3163 5043 3434 5110 audimus,
3461 5043 3506 5097 si
3527 5055 3722 5096 exeun-

2146 5143 2231 5192 tes
2247 5135 2370 5190 hinc
2398 5149 2503 5190 non
2527 5133 2909 5201 obliviseimur,
2939 5135 2983 5190 si
3011 5134 3350 5189 meminimus
3369 5132 3509 5203 quod
3527 5131 3614 5186 hic
3635 5145 3732 5186 aur

2145 5230 2359 5297 dlmus,
2405 5243 2584 5285 nonne
2626 5238 2890 5300 martyres
2931 5224 3540 5293 beatiﬁcamusiQuzere
3581 5235 3733 5279 mor-

2151 5334 2232 5380 tes
2257 5324 2576 5395 Martyrum;
2601 5324 2785 5379 oculos
2824 5321 3001 5376 carnis
3029 5323 3289 5390 interroga
3320 5337 3333 5372 :
3363 5318 3501 5374 male
3537 5315 3735 5372 mortui

2151 5426 2294 5473 sunt.
2353 5416 2545 5472 Oculos
2595 5415 2717 5469 lldei
2769 5415 3031 5483 interroga
3065 5431 3078 5466 :
3107 5412 3342 5467 Pretiosa
3384 5412 3438 5465 in
3467 5419 3735 5480 conspectu

2153 5510 2390 5578 Domini,
2437 5524 2572 5562 mors
2624 5513 2910 5560 sanctorum
2939 5505 3050 5572 ejus
3082 5502 3251 5576 (Psal.
3295 5517 3436 5571 cxv,
3471 5502 3564 5568 10,
3613 5499 3727 5571 15).
3797 5524 3800 5527 ·

2219 5669 2235 5698 ι
2272 5663 2636 5770 Ετὲὲυςᾱλνοῐι.
2648 5667 2760 5712 Lov.
2772 5659 2850 5710 hic
2867 5664 2918 5709 et
2941 5655 3140 5711 inferius
3161 5658 3335 5725 legunt
3355 5666 3451 5723 ter,
3468 5667 3602 5722 nunt,
3619 5667 3727 5725 pro.

2219 5742 2263 5770 ιι.

2147 5742 2263 5780 71011.
