4166 6208
379 208 481 265 677

308 335 326 363 ε
377 323 641 396 Quidquid
666 339 794 394 ergo
819 333 902 379 est
943 324 1084 394 quod
1111 324 1370 380 exhorres
1413 324 1464 378 in
1509 333 1710 387 morte,
1743 322 1962 378 omnino

378 432 484 471 non
507 415 828 482 ert-horreas,
858 415 902 470 si
929 428 1023 470 eos
1053 415 1294 468 imitaris.
1322 413 1378 468 1d
1407 428 1502 484 age
1522 454 1536 481 ,
1569 422 1626 467 ut
1659 413 1851 466 bonam
1880 413 1963 466 vi-

379 518 492 563 tam
535 507 766 572 habeas;
793 515 849 562 et
872 521 1219 577 quaecumque
1264 507 1476 562 occasio
1521 504 1679 561 fuerit
1704 513 1762 559 ut
1799 519 1961 564 exeas

375 599 444 654 de
471 599 572 655 hoc
599 612 857 669 corpore,
903 599 1018 654 exis
1041 599 1107 654 ad
1134 599 1372 669 requiem
1391 640 1404 663 ,
1434 599 1548 654 exis
1575 598 1640 652 ad
1670 597 1956 652 beatitudi-

376 704 532 755 nem,
561 705 681 761 quae
703 703 812 746 non
850 688 1013 745 habet
1039 691 1290 745 timorem
1320 704 1419 744 nec
1443 689 1623 745 ﬁnem.
1651 688 1783 743 Nam
1811 689 1961 758 quasi

375 782 516 838 bona
540 796 686 838 mors
729 781 908 837 divitis
952 781 1008 836 in
1053 795 1284 852 purpura
1329 789 1382 836 et
1407 781 1566 852 bysso
1618 799 1631 834 :
1689 779 1788 835 sed:
1823 780 1960 836 mala

377 890 522 932 mors
547 875 777 931 sitientis
801 883 855 930 et
890 875 1032 931 inter
1052 883 1315 930 tormenta
1343 881 1544 944 guttam
1569 887 1721 943 aqua:
1750 873 1958 928 deside-

376 966 562 1022 rantis.
591 966 752 1033 Quasi
783 966 926 1020 mala‘
967 979 1111 1020 mors
1153 966 1379 1034 jacentis
1425 965 1672 1034 pauperis
1715 971 1839 1018 ante
1880 964 1960 1032 ja-

377 1070 544 1113 nuam-
581 1057 794 1125 divitis,
839 1058 980 1112 inter
1025 1057 1233 1126 linguas
1261 1069 1448 1110 canum
1471 1096 1484 1119 ,
1539 1056 1590 1109 in
1624 1054 1761 1110 fame
1792 1063 1843 1110 et
1874 1055 1959 1109 siti

377 1150 548 1205 micas
569 1150 636 1205 de
661 1158 844 1205 mensa
886 1149 1240 1204 desiderantis
1277 1165 1289 1201 :
1325 1147 1460 1201 mala
1507 1162 1650 1200 mors
1671 1189 1685 1214 ,
1715 1159 1963 1200 aversan-

378 1240 445 1294 da
475 1254 640 1295 mors.
673 1240 861 1296 Finem
911 1241 1120 1309 respice
1156 1258 1166 1292 :
1197 1240 1518 1293 ehristianus
1544 1253 1602 1293 es
1623 1281 1637 1305 ,
1687 1238 1807 1292 ﬁdei
1837 1253 1964 1293 ocu-

380 1331 487 1388 lum
537 1333 768 1388 intende.
814 1332 1034 1402 Contigit
1075 1333 1204 1385 mori
1249 1333 1450 1399 inopem
1495 1331 1680 1395 illum,
1712 1340 1758 1384 et
1797 1327 1964 1396 efferri

376 1423 446 1477 alr
465 1423 668 1494 Angelis
694 1425 747 1477 in
772 1423 938 1478 sinum
962 1422 1204 1476 Abrahw.
1249 1421 1383 1489 Quid
1417 1419 1667 1488 proderat
1695 1419 1842 1473 diviti
1879 1435 1964 1474 se-

377 1515 622 1583 pulcrum
680 1528 1034 1570 marmoreum
1087 1512 1288 1567 sitienti
1345 1512 1482 1580 apud
1529 1510 1760 1566 inferos?
1821 1511 1958 1576 Quid

378 1606 600 1660 aberant
639 1605 863 1675 pauperi
888 1605 1045 1673 panni
1089 1617 1209 1657 eum
1252 1603 1400 1657 sanie
1442 1603 1674 1656 ulcerum
1701 1601 1845 1670 ejus,
1874 1615 1960 1656 re-

378 1696 683 1766 quiescenti
713 1697 765 1751 in
794 1695 1205 1766 sinuAbrahae?
1241 1695 1418 1765 Longe
1443 1694 1572 1748 vidit
1601 1709 1720 1749 eum
1761 1695 1965 1763 requie-

379 1796 618 1842 scentem
641 1829 655 1852 ,
689 1801 851 1858 quem
897 1795 1291 1854 contempserat
1335 1785 1600 1855 iacentem
1647 1783 1795 1853 (Luc.
1827 1799 1922 1839 xvr
1944 1825 1959 1852 ,

379 1878 575 1948 1924).
631 1877 789 1932 Modo
827 1877 960 1946 elige
1002 1885 1226 1930 mortem
1274 1893 1285 1927 :
1337 1875 1421 1929 dic
1458 1876 1616 1938 mihi,
1662 1877 1779 1943 quis
1827 1877 1963 1932 bene

378 1980 622 2024 mortuus
649 1977 733 2023 est
755 2008 769 2034 ,
801 1967 920 2036 quis
945 1966 1118 2020 male?
1157 1966 1292 2019 Puto
1326 1966 1446 2034 quia
1478 1965 1669 2020 melius
1699 1966 1790 2020 ille
1828 1981 1963 2035 pau-

377 2067 507 2129 per,
559 2069 726 2127 quam
766 2056 853 2111 ille
883 2055 1055 2110 dives.
1110 2057 1190 2108 An
1233 2054 1311 2107 vis
1357 2054 1683 2108 aromatibus
1714 2055 1960 2124 sepeliri,

377 2157 433 2204 et
481 2147 622 2219 apud
673 2145 872 2220 hrl‘eros
915 2147 1100 2201 sitire?
1140 2145 1452 2215 Respondes
1499 2164 1513 2199 :
1565 2146 1714 2199 Absit
1767 2161 1796 2198 a
1845 2162 1951 2201 me.

380 2239 524 2296 Puto
546 2239 690 2310 quod
731 2239 832 2294 hoc
853 2239 1020 2294 dices.
1053 2239 1239 2294 Disces
1282 2251 1408 2308 ergo
1438 2238 1573 2293 bene
1612 2239 1782 2303 mori,
1811 2239 1852 2292 si
1881 2238 1966 2292 di-

381 2330 716 2388 dicerisbene
757 2331 957 2388 vivere.
1001 2329 1204 2385 Merces
1235 2330 1377 2385 enim
1413 2329 1566 2384 bonne
1609 2330 1966 2396 vit-.e,azterna

381 2430 484 2484 est.

450 2511 676 2572 CAPUT
713 2512 852 2569 XIH.
881 2537 953 2554 —-
979 2513 1067 2568 M.
1095 2512 1361 2566 Auditores
1407 2512 1540 2565 verbi
1569 2512 1658 2564 alii
1685 2512 1930 2565 discentes
1948 2552 1964 2580 ,

381 2607 472 2662 alii
515 2605 648 2660 male
688 2607 1007 2676 excipientes.
1051 2603 1151 2672 Qui
1191 2603 1434 2668 discunt,
1479 2603 1752 2657 christiani
1797 2613 1960 2656 smit:

381 2703 472 2772 qui
497 2701 717 2757 audiunt
763 2710 819 2757 et
841 2715 947 2756 non
997 2699 1240 2767 discunt,
1298 2699 1422 2770 quid
1462 2699 1531 2754 ad“
1579 2699 1963 2755 seminantem?

379 2790 709 2852 Seminantis
736 2807 948 2849 manum
984 2806 1090 2846 non
1120 2800 1282 2846 terret
1306 2793 1386 2845 via
1406 2832 1420 2856 ,
1465 2807 1570 2845 non
1602 2800 1801 2845 terrent
1834 2791 1968 2859 lapi-

382 2886 512 2952 des,
537 2895 644 2941 non
673 2885 840 2954 spina:
889 2899 908 2939 :‘
942 2884 1108 2953 jactat
1144 2884 1230 2938 ille
1272 2883 1409 2952 quod
1460 2897 1610 2936 suum
1639 2891 1738 2937 est.
1764 2883 1864 2949 Qui
1899 2882 1966 2935 ti-

381 2978 576 3034 muerit
604 2989 670 3032 ne
701 2976 854 3032 cadat
898 2977 950 3031 in
999 2985 1195 3031 terram
1221 2974 1414 3028 malam
1436 3016 1451 3040 ,
1497 2987 1604 3027 non
1635 2973 1872 3042 pervenit
1898 2972 1964 3027 ad

383 3079 580 3127 terram
629 3069 842 3125 bonam.
890 3067 958 3124 Et
1007 3083 1106 3123 nos
1133 3068 1388 3130 dicimus,
1432 3066 1694 3136 jactamus
1721 3069 1960 3131 semina,

382 3161 680 3232 spargimus
723 3159 948 3216 semina.
981 3156 1116 3215 Sunt
1158 3159 1245 3228 qui
1298 3167 1676 3223 contemnunt,
1702 3165 1827 3212 sunt
1875 3156 1967 3225 qui

384 3251 815 3324 reprehendunt,
844 3251 1076 3322 suntqui
1104 3248 1346 3304 irrident.
1393 3247 1528 3303 Istos
1555 3250 1598 3303 si
1640 3263 1739 3303 nos
1776 3247 1967 3301 timue-

809 206 895 263 DE
933 205 1226 264 CANTICO
1263 206 1467 275 NOVO,
1509 222 1658 275 me,
1703 206 1759 262 S.
1802 203 2164 265 AUGUSTINI
2205 203 2432 266 SERth
2471 204 2562 264 AD
2606 207 3177 269 CATECHUMENOS.

3547 220 3654 279 678

2069 325 2268 390 rimus,
2320 324 2448 380 nihil
2476 325 2731 382 habemus
2777 328 3070 397 seminare,
3113 326 3246 384 etin
3275 343 3449 386 messe
3489 330 3654 390 habe-

2069 432 2186 471 mus
2226 417 2446 471 esurire.
2498 418 2636 487 Ergo
2667 419 2843 474 veniat
2879 435 3062 476 semen
3091 421 3157 475 ad
3191 430 3383 477 terram
3423 423 3644 482 bonam.

2041 506 2189 562 'Scio
2219 509 2340 579 quia
2367 509 2456 580 qui
2485 508 2632 564 audit
2657 519 2710 564 et
2748 510 2883 565 bene
2908 510 3081 577 audit,
3129 512 3340 581 deﬁcit,
3392 523 3445 572 et
3486 515 3648 586 proﬁ-

2069 599 2141 656 cit
2172 619 2184 654 :
2217 600 2394 656 deﬁcit
2425 601 2722 671 iniquitati,
2750 601 2962 672 proﬁcit
2985 603 3195 658 veritati
3225 621 3240 657 :
3265 604 3442 660 deﬁcit
3479 621 3649 662 szecu-

2068 691 2121 747 lo
2142 734 2155 758 ,
2189 691 2396 761 proﬁcit
2418 691 2550 747 Deo.

2138 781 2362 837 CAPUT
2399 781 2538 837 XIV.
2563 781 2746 839 -15.
2795 783 2921 849 Quis
2957 785 3021 837 sit
3061 801 3206 840 verus
3233 786 3486 858 magister.
3521 785 3650 856 Quis

2068 881 2149 927 est
2174 872 2314 927 enim
2345 874 2597 944 magister
2623 874 2710 943 qui
2754 873 2950 929 docet?
2977 873 3092 930 Non
3113 875 3514 946 qualiscumque
3561 876 3650 932 hoc

2070 978 2188 1028 mo,
2222 962 2315 1017 sed
2356 964 2658 1033 Apostolus.
2706 964 2868 1020 Plane
2896 966 3199 1035 apostolus,
3233 976 3289 1023 et
3329 976 3503 1022 tamen
3543 983 3646 1024 non

2066 1056 2356 1125 apostolus.
2404 1056 2483 1110 An
2531 1056 2714 1123 vultis,
2751 1058 2954 1126 inquit,
2988 1060 3381 1130 experimentum
3429 1062 3537 1131 ejus
3565 1078 3645 1114 ac-

2067 1148 2260 1215 cipere,
2293 1148 2379 1218 qui
2421 1149 2473 1200 in
2521 1165 2600 1201 me
2649 1149 2870 1218 loquitur
2893 1148 3120 1206 Christus
3153 1150 3220 1223 (II
3241 1152 3356 1206 Cor.
3388 1169 3513 1216 xm,
3548 1153 3643 1224 5)?

2067 1235 2308 1292 Christus
2333 1246 2414 1292 est
2439 1239 2525 1308 qui
2556 1239 2740 1305 docet;
2770 1240 3076 1295 cathedram
3106 1241 3159 1296 in
3203 1243 3338 1298 coelo
3367 1243 3558 1309 habet,
3589 1253 3649 1299 ut

2069 1331 2224 1397 paulo
2249 1337 2368 1384 ante
2398 1330 2524 1383 dixi.
2563 1330 2752 1386 Sehola
2783 1331 2947 1401 ipsius
2976 1332 3027 1387 iu
3058 1341 3196 1388 terra
3233 1343 3346 1399 est,
3392 1345 3444 1388 et
3466 1333 3646 1390 schola

2068 1420 2232 1490 ipsius
2261 1435 2451 1490 corpus
2483 1421 2644 1490 ipsius
2674 1431 2774 1477 est.
2822 1420 2990 1492 Caput
3029 1424 3186 1478 docet
3225 1425 3465 1479 membra
3510 1441 3602 1479 sua
3627 1467 3642 1492 ,

2067 1515 2243 1583 lingua
2276 1514 2506 1583 loquitur
2533 1515 2752 1584 pedibus
2778 1516 2905 1570 suis.
2934 1515 3179 1570 Christus
3205 1523 3286 1570 est
3321 1517 3410 1586 qui
3440 1502 3593 1572 docet
3624 1535 3637 1571 :

2067 1605 2372 1671 audiamus,
2404 1606 2681 1661 timeamus
2705 1648 2719 1672 ,
2750 1607 3022 1661 faciamus.
3057 1607 3122 1662 Et
3148 1623 3215 1664 ne
3239 1618 3546 1663 contemnas
3593 1617 3647 1664 et

2068 1696 2238 1765 ipsum
2278 1694 2581 1764 Christum,
2630 1698 2720 1767 qui
2751 1707 2965 1767 propter
2991 1708 3040 1753 te
3072 1699 3122 1752 in
3153 1715 3312 1752 carne
3338 1709 3491 1753 natus
3521 1710 3603 1754 est
3626 1742 3642 1766 ,

2069 1789 2257 1857 pannis
2298 1787 2633 1842 mortalitatis
2663 1789 3051 1855 circumdatus;
3082 1798 3297 1859 propter
3340 1800 3388 1844 te
3427 1790 3647 1845 esurivit

2067 1889 2119 1935 et
2147 1879 2348 1945 sitivit,
2383 1890 2598 1949 propter
2627 1890 2677 1934 te
2729 1881 2956 1936 lassatus
2983 1881 3047 1936 ad
3086 1891 3298 1952 puteum
3339 1881 3505 1948 sedit;
3537 1897 3648 1952 pro-

2071 1981 2185 2040 pter
2215 1982 2264 2026 te
2306 1970 2550 2041 fatigatus
2580 1972 2630 2024 in
2662 1973 2779 2025 navi
2824 1971 3109 2040 dormivit,
3143 1983 3358 2042 propter
3387 1981 3436 2028 te
3461 1983 3647 2028 contu-

2068 2065 2251 2118 melias
2295 2063 2535 2133 indignas
2561 2064 2788 2131 audivit;
2819 2075 3035 2135 preptcr
3070 2074 3120 2119 te
3159 2079 3187 2118 a
3213 2065 3349 2121 facie
3375 2080 3470 2120 sua
3495 2074 3646 2135 sputa

2070 2154 2342 2210 hominum
2381 2171 2484 2210 non
2525 2156 2736 2226 abegit;
2779 2167 2996 2228 propter
3042 2167 3094 2212 te
3139 2158 3320 2227 alapas
3365 2159 3416 2213 in
3460 2158 3646 2212 faciem

2071 2248 2306 2314 accepit;
2336 2255 2549 2316 propter
2572 2256 2620 2301 te
2652 2249 2702 2300 in
2736 2247 2877 2317 ligno
2907 2247 3192 2316 pependit;
3222 2256 3437 2316 propter
3465 2257 3514 2302 te
3543 2248 3648 2300 ani-

2073 2350 2212 2388 mam
2238 2335 2454 2400 etl‘udit;
2493 2347 2708 2405 pr0pter
2731 2345 2778 2391 te
2814 2338 2864 2390 in
2894 2338 3137 2406 sepulcro
3168 2339 3368 2405 positus
3393 2347 3496 2392 est.
3525 2338 3648 2392 llaec

2072 2427 2245 2480 omnia
2271 2427 2403 2481 forte
2431 2427 2737 2481 contemnis
2755 2428 2806 2481 in
2829 2427 3075 2480 Christo?
3101 2426 3194 2482 Vis
3219 2441 3376 2482 nosse
3400 2428 3517 2497 quis
3544 2426 3648 2483 sit?

2073 2516 2268 2571 Recole
2297 2517 2635 2587 Evangelium
2666 2517 2805 2586 quod
2829 2516 3023 2572 audisti
3055 2534 3068 2571 :
3098 2515 3210 2589 Ego
3239 2527 3285 2571 et
3311 2516 3470 2572 Pater
3492 2532 3648 2572 unum

2069 2623 2239 2660 sumus
2271 2605 2446 2677 (Joan.
2475 2624 2505 2660 x
2528 2649 2542 2674 ,
2568 2605 2747 2678 50).~~

2145 2700 2228 2754 16.
2259 2699 2513 2754 Conversi
2539 2701 2606 2754 ad
2638 2701 2918 2754 Dominum
2940 2741 2954 2766 ,
2985 2701 3156 2768 ipsum
3184 2698 3532 2769 deprecemur
3551 2714 3652 2771 pro

2070 2791 2255 2855 nobis,
2285 2800 2338 2844 et
2369 2806 2462 2860 pro
2493 2791 2636 2846 onmi
2680 2790 2834 2860 plebe
2881 2805 2977 2846 sua
3020 2800 3227 2846 astante
3279 2791 3552 2846 nobiscum
3596 2791 3652 2846 in

2071 2881 2220 2935 atriis
2249 2880 2438 2935 domus
2484 2897 2592 2935 sua:
2621 2899 2632 2935 :
2661 2896 2819 2951 quam
2847 2880 3113 2936 custodire
3140 2889 3523 2951 protegereque
3561 2880 3650 2935 di-

2071 2984 2288 3044 gnetur;
2320 2990 2415 3044 per
2440 2973 2621 3030 Jesnm
2648 2975 2916 3029 Christum
2942 2975 3137 3030 Filium
3166 2990 3342 3039 suum,
3373 2975 3652 3028 Dominum

2071 3075 2312 3120 nostrum
2333 3105 2347 3129 ,
2376 3065 2467 3134 qui
2495 3080 2614 3120 cum
2647 3079 2713 3120 eo
2739 3065 2868 3120 vivit
2890 3074 2945 3120 et
2973 3073 3162 3134 regnat
3181 3065 3235 3120 in
3267 3065 3462 3120 saecula
3487 3069 3654 3118 saecu-

2072 3157 2265 3212 lorum.
2297 3157 2489 3213 Amen.

399 3357 3640 3430 ω

984 3511 1138 3628 5..
1211 3507 1970 3626 AUBELII

2071 3501 2311 3618 ΔΙ]
2321 3497 3055 3618 απετιιιῐι

1561 3691 2075 3761 HIPPONENSIS
2114 3690 2467 3756 EPISCOPI

574 3869 986 4094 DE
1119 3854 2490 4088 CANTICO
2602 3847 3468 4081 NOVO

951 4211 1040 4272 ET
1077 4211 1170 4270 DE
1204 4206 1463 4267 REDITU
1501 4206 1593 4262 AD
1630 4201 2029 4263 C(ELESTEM
2063 4198 2375 4258 P‘ATBlA-M-
2409 4199 2496 4256 AC
2534 4197 2672 4254 ἮιΕ
2708 4195 3094 4265 PERICUHS,

1197 4354 1600 4444 SERMO
1654 4353 1812 4436 AD
1887 4339 2874 4434 CATECHUMENOS.

1711 4485 2323 4565 «nam

462 4612 688 4680 CAPUT
725 4615 1010 4679 PRIMUM.
1056 4645 1127 4662 --
1155 4619 1208 4675 1.
1251 4615 1515 4673 Transitus
1556 4628 1589 4668 α
1625 4620 1868 4669 vetustate
1905 4608 1972 4663 ad

391 4716 682 4772 novitatem.
729 4711 914 4768 Omnis
944 4711 1034 4780 qui
1071 4703 1390 4780 baptismum
1423 4706 1617 4764 Christi
1671 4703 1972 4769 desiderat,

391 4810 555 4865 vitam
580 4811 771 4860 novam
795 4802 1142 4871 concupiscit.
1174 4801 1432 4857 Transeat
1456 4814 1583 4871 ergo
1610 4814 1642 4854 a
1666 4803 1928 4851 vetustate
1953 4835 1969 4861 ,

395 4909 455 4956 ut
479 4897 758 4971 perveniat
784 4893 852 4950 ad
879 4894 1186 4948 novitatem.
1218 4893 1369 4947 Prius
1397 4892 1540 4946 enim
1567 4891 1662 4946 fuit
1689 4899 1977 4946 testamen-

397 5001 509 5064 tum
533 4999 711 5057 vetus,
740 4987 1004 5044 canticum
1032 4992 1203 5048 vetus,
1233 4984 1392 5038 homo
1419 4994 1569 5038 vetus
1594 5001 1606 5036 :
1632 4996 1771 5036 nunc
1797 4989 1974 5035 autem

399 5092 771 5141 testamentum
797 5094 1015 5144 novum,
1039 5075 1299 5132 canticum
1325 5089 1540 5140 novum,
1571 5082 1786 5143 pr0pter
1808 5071 1978 5126 homi-
2011 5095 2014 5098 ι

399 5192 522 5233 nem
558 5189 768 5232 nOVum.
795 5173 1226 5230 Demonstremus
1254 5167 1353 5222 lioc
1382 5164 1520 5235 quod
1561 5165 1784 5218 dicimus
1829 5163 1976 5218 testi-

401 5267 594 5322 moniis
614 5276 912 5320 sanctarum
945 5263 1353 5331 Scripturarum.
1393 5255 1649 5312 Jeremias
1699 5255 1974 5324 propheta,

403 5351 556 5425 Ecce,
587 5357 775 5426 inquit,
805 5356 909 5409 dies
937 5355 1155 5418 veniunt,
1199 5353 1319 5406 dicit
1359 5348 1628 5412 Dominus,
1670 5356 1714 5400 et
1745 5359 1977 5398 consum-

2075 4607 2218 4660 mabo
2247 4620 2394 4674 super
2423 4603 2626 4658 domum
2661 4597 2696 4654 J
2701 4601 2800 4653 uda
2836 4604 3180 4653 testamentum
3220 4613 3403 4652 novum
3438 4591 3648 4667 (ferent.

2082 4711 2236 4764 xxxi,
2266 4695 2378 4766 51)..
2409 4693 2570 4748 David
2616 4706 2824 4762 quoque
2862 4688 3137 4761 propheta,
3195 4685 3355 4755 Deus,
3405 4689 3658 4744 canticum

2078 4803 2259 4841 novum
2294 4783 2501 4838 cantabo
2533 4783 2619 4837 tibi
2647 4780 2815 4854 (Psal.
2844 4794 3029 4848 cxun,
3067 4777 3122 4852 9)
3156 4796 3169 4834 :
3202 4788 3258 4836 et
3282 4779 3493 4846 iterum,
3527 4777 3662 4834 Can-

2081 4890 2179 4934 tate
2208 4878 2423 4933 Domino
2449 4875 2697 4931 canticum
2722 4890 2903 4930 novum
2928 4871 3097 4948 (Psal.
3119 4888 3244 4940 xcv,
3270 4872 3345 4943 1).
3374 4871 3660 4941 Apostolus

2081 4973 2239 5028 etiam
2280 4969 2494 5034 Paulus,
2525 4965 2902 5037 Exspeliant‘es,
2930 4963 3122 5033 inquit,
3155 4975 3244 5018 vos
3259 4971 3473 5017 veterem
3499 4960 3663 5014 homi-

2081 5079 2212 5128 nem,
2242 5061 2435 5116 induite
2454 5073 2633 5113 novum
2665 5055 2878 5130 (Coloss.
2906 5071 2984 5122 nr,
3014 5054 3084 5121 9',
3119 5051 3207 5125 10)
3243 5070 3254 5105 :
3289 5060 3343 5107 et
3365 5051 3513 5120 alibi,
3565 5047 3664 5107 Ve-

2085 5163 2189 5209 tera
2218 5153 2542 5214 transi'ertmt,
2581 5165 2691 5204 ecce
2718 5151 2854 5220 facta
2894 5155 3011 5202 sunt
3055 5157 3185 5200 nova
3228 5143 3293 5219 (Ἠ
3316 5142 3434 5199 Cor.
3464 5153 3518 5210 v,
3549 5139 3663 5214 Π)-

2083 5247 2212 5313 Qme
2233 5256 2418 5300 vetera
2442 5241 2810 5297 transierunt?
2831 5255 2946 5309 quae
2959 5237 3093 5294 facta
3116 5244 3239 5292 sunt
3257 5235 3442 5292 nova‘i'
3457 5223 3671 5290 Si'ad‘sit

2085 5337 2369 5409 spiritualis
2399 5335 2626 5399 auditor,
2659 5343 2767 5388 non
2797 5330 2970 5386 solum
3013 5328 3278 5401 intelligit,
3306 5329 3488 5382 verum
3511 5324 3669 5380 etiam

1576 5452 1860 5494 ADIONITIO
1896 5452 1976 5491 PP.
2017 5442 2494 5490 BENEDICTINORUI.

467 5551 725 5595 Sermones
743 5538 808 5590 de
828 5539 1016 5589 cantico
1036 5545 1180 5598 Novo,
1202 5538 1267 5588 de
1289 5541 1461 5596 Quarta
1483 5534 1636 5592 Feria,
1661 5528 2051 5598 de‘Cataclysmo,
2079 5524 2214 5598 etde
2229 5517 2761 5598 fr‘emporefarbarieo,
2785 5517 2837 5566 in
2864 5513 3040 5567 iisdem
3059 5509 3322 5572 aditibus;
3360 5505 3544 5574 quill!!!I
3559 5506 3668 5555 ser-

403 5580 807 5666 udiéé‘ﬁﬁiiu;
821 5580 1126 5663 cia—sigma
1137 5580 1603 5649 aii—Eat‘eEbuinenos
1622 5580 1946 5652 continentur,
1964 5580 2157 5641 inventi?
2173 5591 2293 5635 sunt
2303 5580 2367 5633 ac
2379 5580 2635 5644 recogniti.

382 5733 387 5743 .
486 5659 993 5764 Comparavimus
1023 5690 1325 5762 praetereat
1351 5699 1448 5744 eas
1480 5695 1684 5743 omnes
1709 5673 2006 5745 editiones
2031 5669 2217 5739 initio
2247 5667 2417 5730 κω.
2444 5680 2500 5734 et
2522 5670 2607 5732 Ge
2618 5665 2899 5740 nfess.,-l.
2934 5659 3003 5735 ις
3030 5660 3425 5725 memoratas.-

3499 5649 3616 5718 ην
3697 5610 3749 5687 b
