4140 6216
584 297 688 360 6‘79

586 417 726 470 videt
747 431 862 484 qttt-
887 411 1017 468 facta
1048 422 1164 465 sunt
1192 426 1342 464 nova.
1369 409 1423 465 Si
1449 418 1622 464 autem
1650 408 1875 463 carnalis
1900 407 2055 471 adsit,
2077 408 2162 477 qui

588 521 754 564 totum
789 524 879 576 per
907 507 1085 561 oculos
1118 503 1311 568 carnis,
1344 501 1474 556 nihil
1506 518 1596 569 per
1634 502 1799 555 aciem
1845 501 2037 554 mentis
2081 499 2164 552 in-

588 604 791 668 telligit,
822 597 1046 653 irridens
1083 595 1409 666 respondet:
1445 593 1591 663 Rogo
1619 601 1690 656 te,
1732 592 1816 647 dic
1861 607 1979 662 quae
2027 591 2161 647 facta

585 703 706 746 sunt
726 690 896 745 nova?
917 686 1178 757 Numquid
1198 685 1337 740 aliud
1357 685 1546 739 coelum
1566 685 1790 753 respicio
1807 698 1962 752 quam
1983 691 2158 748 antea,

583 793 673 836 aut
693 782 865 836 sidera
920 781 970 834 in
1020 794 1212 833 novum
1257 776 1594 846 splendorem
1642 775 1926 831 micantia?
1975 775 2163 830 Nonne

584 873 766 926 iisdem
798 870 1041 925 cursibus
1070 870 1149 924 sol
1179 867 1381 939 peragit
1401 868 1561 931 diem.
1591 867 1901 936 eisdemque
1928 867 2166 922 curricu-

584 964 648 1017 lis
694 963 813 1016 luna
843 961 1047 1032 peragit
1097 960 1342 1014 noctem?
1387 957 1650 1028 Numquid
1710 973 1854 1011 mare
1907 957 2162 1012 terminos

584 1067 711 1106 suos
741 1052 978 1122 ﬁnesque
1021 1060 1411 1120 transgressum
1440 1057 1539 1115 est,
1573 1057 1665 1102 aut
1693 1057 1848 1102 terrae
1876 1047 2036 1103 facies
2061 1047 2162 1100 im-

583 1154 779 1198 mutata
809 1144 910 1198 alia
942 1143 1148 1197 insolita
1188 1141 1425 1210 germina
1450 1140 1783 1209 procreavit?
1811 1138 1996 1194 Nonne
2025 1139 2164 1194 sicut

581 1251 645 1290 ex
674 1235 822 1290 initio
849 1234 993 1288 horis
1033 1232 1312 1286 duodecim
1359 1231 1622 1301 peragitur
1665 1229 1802 1296 dies,
1853 1229 2162 1298 eisdemque

581 1325 865 1381 crementis
891 1323 1088 1377 mstatis
1118 1331 1323 1390 tempus
1345 1362 1359 1386 ,
1405 1319 1594 1389 quibus
1617 1318 1949 1373 detrimentis
1993 1317 2162 1372 hiems

582 1416 884 1486 peragitur?
905 1413 1190 1483 Progenies
1215 1426 1424 1482 quoque
1456 1411 1568 1479 ipsa
1597 1408 1898 1463 mortalium
1928 1408 2044 1463 aliis
2068 1407 2163 1462 de-

581 1507 924 1573 cedentibus,
979 1505 1096 1558 aliis
1147 1501 1548 1558 succedentibus
1600 1501 1909 1555 terminatos
1975 1498 2162 1553 ﬁniunt

582 1599 717 1654 dies.
746 1597 879 1652 Cum
902 1610 1028 1665 ergo
1049 1595 1247 1658 omnia,
1277 1593 1412 1646 sicut
1435 1607 1499 1647 ex
1526 1591 1674 1646 initio
1702 1590 1991 1644 constituta
2013 1597 2157 1656 sunt,

583 1691 654 1744 ita
679 1695 1023 1754 concurrunt,
1052 1700 1177 1740 suos
1213 1692 1389 1739 motus
1416 1682 1656 1752 ﬁnesque
1699 1681 1997 1744 servantia;
2037 1681 2160 1750 quid

581 1778 823 1849 estquod
861 1777 1011 1832 nobis
1052 1774 1386 1844 prmdicatur,
1445 1771 1623 1825 Vetera
1671 1771 2000 1837 transierunt,
2053 1785 2163 1824 ecce

582 1861 715 1943 facta
740 1879 853 1926 sunt
883 1867 1052 1922 nova?
1079 1865 1379 1934 Responde,
1411 1879 1443 1917 ο
1487 1862 1668 1926 Paule,
1727 1861 1846 1916 talia
1895 1860 1960 1915 de
2010 1859 2164 1913 nobis

581 1959 906 2030 requirenti;
933 1967 985 2011 et
1006 1957 1128 2026 quia
1163 1957 1336 2008 minus
1366 1951 1517 2007 valeo
1543 1952 1609 2006 ad
1636 1949 2078 2021 respondendum,
2113 1957 2163 2003 te

581 2051 823 2112 obsecro.
849 2045 1111 2117 responde
1153 2059 1246 2114 pro
1288 2059 1393 2098 me.
1441 2041 1580 2096 Ecce
1626 2040 1746 2094 audi
1803 2038 2157 2109 Apostolum:

581 2140 720 2209 Quid
741 2139 954 2209 quaeris,
982 2136 1208 2191 carnalis
1237 2133 1443 2188 auditor
1461 2173 1478 2201 ,
1523 2146 1616 2200 per
1645 2130 1825 2184 oculos
1851 2129 2026 2183 carnis
2071 2144 2158 2184 re—

586 2230 833 2302 spicere?
855 2229 1009 2299 Erige
1054 2227 1246 2282 mentis
1270 2224 1460 2289 aciem,
1489 2230 1547 2276 ut
1574 2220 1714 2291 quod
1749 2219 1943 2274 dicitur
1992 2219 2161 2288 possis

581 2323 902 2393 intelligere,
939 2318 1119 2373 Vetera
1161 2316 1484 2380 transierunt,
1536 2328 1648 2366 ecce
1695 2315 1832 2382 facta
1867 2318 1980 2364 sunt
2011 2323 2158 2362 nova.

580 2413 710 2480 Quae
755 2420 938 2467 vetera
995 2403 1360 2464 transierunt?
1409 2418 1527 2474 quae
1580 2401 1717 2456 facta
1792 2409 1915 2454 sunt
1984 2397 2161 2452 nova?

582 2506 789 2562 Primus
810 2504 975 2567 homo,
997 2501 1185 2570 inquit,
1208 2498 1268 2552 de
1281 2508 1431 2565 terra,
1461 2506 1685 2549 terrenus
1703 2510 1722 2559 ;
1739 2491 1985 2548 secundus
2011 2492 2160 2543 homo

583 2599 644 2652 de
668 2598 813 2663 caelo,
843 2595 1052 2649 caelestis
1079 2593 1120 2662 (l
1147 2591 1264 2647 Cor.
1286 2607 1372 2654 xv,
1400 2587 1510 2663 47).
1532 2586 1763 2643 Transiit
1787 2585 1976 2648 Adam,
2000 2582 2160 2638 homo

581 2696 734 2741 vetus
762 2661 929 2738 factus
954 2700 1020 2737 ex
1046 2661 1173 2738 limo
1203 2699 1216 2731 :
1245 2681 1390 2734 venit
1410 2661 1672 2734 christus.
1695 2676 1836 2729 Deus
1855 2673 2013 2727 homo
2034 2673 2161 2727 mis-

581 2793 674 2832 sus
693 2793 723 2831 e
752 2774 908 2830 caelo.
942 2774 1175 2828 Transiit
1199 2781 1430 2826 vetustas
1457 2769 1736 2832 mentium,
1763 2765 1987 2820 accessit
2013 2764 2160 2818 novi-

585 2881 664 2925 tas
694 2866 1024 2923 credentium
1058 2881 1072 2918 :
1103 2863 1311 2919 transiit
1353 2861 1457 2916 vita
1491 2859 1737 2922 carnalis,
1769 2857 2024 2912 successit
2053 2857 2162 2927 spi-

488 3009 494 3019 ,
581 2957 803 3014 ritualis.
843 2961 923 3010 An
957 2969 1114 3025 parva
1144 2961 1225 3008 est
1266 2952 1472 3006 novitas
1499 2951 1631 3014 hinc,
1682 2949 1754 3003 ita
1801 2947 2159 3002 demonstrata

581 3064 680 3122 per
710 3047 976 3103 hominem
1005 3045 1194 3110 Deum,
1218 3051 1273 3096 ut
1301 3039 1578 3096 moriendo
1606 3038 1900 3107 susciperet
1928 3045 2161 3091 vetusta-

582 3151 690 3198 tem
731 3150 894 3206 tuam,
924 3136 1248 3207 resurgendo
1295 3133 1599 3189 ostenderet
1652 3131 1938 3186 novitatem
1995 3138 2157 3195 tuam,

582 3229 921 3288 ascendendo
965 3229 1201 3283 ﬁrmaret
1229 3225 1523 3280 claritatem
1564 3221 1739 3276 tuam?
1761 3219 1954 3274 Vetera
1981 3227 2159 3274 trans-

582 3327 946 3393 ieruntzqum
984 3329 1164 3375 vetera
1221 3316 1584 3372 transierunt?
1634 3313 1785 3383 Quod
1857 3312 2017 3368 eratis
2067 3310 2160 3366 ﬁlii

583 3416 774 3478 Adam,
800 3414 889 3468 ﬁlii
925 3411 1189 3467 carnales.
1236 3409 1379 3463 Nova
1418 3415 1757 3462 accesserunt
1785 3421 1799 3460 :
1823 3419 1941 3475 qua:
1986 3404 2160 3458 novat

583 3505 733 3573 Quod
754 3503 1024 3560 efﬁcimini
1053 3501 1148 3556 ﬁlii
1180 3500 1400 3564 Dei,ﬁlii
1427 3495 1947 3568 spirituales.Vctera
1979 3502 2157 3550 trans-

585 3598 798 3661 ierunt;
827 3606 966 3651 terra
1017 3593 1179 3650 eratis
1211 3609 1224 3646 :
1254 3606 1380 3647 ecce
1405 3590 1540 3645 facta
1567 3598 1690 3645 sunt
1718 3603 1881 3653 nova;
1906 3589 2027 3644 εωιί
2052 3589 2159 3658 jam

584 3702 721 3759 pene
744 3684 918 3742 eﬁ'ecti
965 3684 1112 3739 estis.
1165 3679 1291 3738 Caeli
1337 3681 1478 3736 enim
1524 3688 1762 3734 enarrant
1805 3678 2018 3749 gloriam
2066 3677 2161 3732 Dei

586 3778 756 3852 (Prol.
789 3791 936 3843 xvtn,
962 3774 1039 3846 i).
1065 3772 1182 3830 Non
1207 3772 1358 3828 vobis
1387 3770 1716 3841 impossibile
1735 3769 1997 3836 videatur,
2020 3768 2160 3838 quod

583 3885 704 3926 cum
750 3869 866 3924 sitis
889 3874 1190 3933 terrestres,
1242 3863 1545 3921 efﬁciamini
1588 3861 1851 3917 caelestes.
1899 3859 1976 3913 De
2023 3867 2160 3914 terra

585 3975 691 4015 non
716 3959 841 4014 facit
863 3957 1080 4022 cmlum,
1109 3956 1198 4025 qui
1216 3953 1282 4009 de
1307 3953 1473 4008 nihilo
1501 3950 1622 4006 fecit
1663 3961 1855 4006 terram
1873 3959 1922 4006 et
1933 3948 2162 4005 caelum?

587 4051 780 4105 Vetera
808 4049 1165 4110 transierunt;
1197 4043 1399 4112 lapides
1430 4043 1717 4098 colebatis:
1747 4055 1881 4097 nova
1923 4053 2163 4096 accesse-

589 4148 744 4200 runt;
789 4138 954 4189 Deum
1005 4147 1190 4187 verum
1258 4131 1507 4185 adoratis.
1562 4130 1753 4185 Vetera
1801 4131 2158 4197 transierunt;

590 4226 797 4281 transiit
840 4223 1169 4277 mortalitas:
1197 4234 1331 4274 nova
1366 4231 1730 4286 accesserunt;
1768 4222 2028 4290 promissa
2079 4231 2164 4276 est

589 4314 980 4375 immortalitas.
1017 4311 1204 4366 Vetera
1237 4311 1590 4375 transierunt;
1621 4312 1852 4381 perierat
1875 4312 2046 4365 omnis
2076 4327 2165 4367 ca-

590 4425 652 4465 ro
695 4425 788 4480 per
831 4406 1107 4461 mulierem
1151 4404 1307 4460 simul
1359 4417 1482 4460 cum
1535 4404 1652 4458 viro
1705 4414 1959 4473 peccante
1989 4421 2000 4458 :
2027 4421 2163 4461 nova

591 4505 964 4564 accesserunt;
990 4503 1231 4566 reparata
1254 4502 1337 4551 est
1361 4509 1507 4558 caro,
1537 4494 1652 4550 sine
1689 4493 1804 4548 viro
1830 4493 2033 4564 virgine
2067 4511 2162 4567 pa-

592 4593 778 4647 riente.
811 4589 999 4644 Vetera
1028 4587 1380 4654 transierunt;
1419 4584 1626 4640 transiit
1663 4585 1809 4655 regio
1842 4587 2118 4641 vetustatis
2145 4603 2161 4638 :

592 4700 722 4739 nova
751 4689 1128 4748 accesserunt;
1160 4679 1394 4736 succedit
1412 4677 1706 4734 Jerusalem
1724 4679 1910 4734 civitas
1932 4680 2166 4736 caelestis

593 4775 856 4830 novitatis.
882 4773 962 4828 Ad
989 4773 1125 4827 hanc
1145 4772 1412 4827 civitatem
1434 4786 1621 4825 novam
1647 4772 1928 4844 pervenire
1948 4773 2160 4843 cupitis,

590 4871 678 4940 qui
710 4869 920 4924 nomina
950 4876 1126 4922 vestra
1161 4864 1542 4923 conscribenda
1568 4864 1808 4920 dedistis.

659 4983 883 5042 CAPUT
918 4981 1131 5038 ll.—-—2.
1158 4980 1469 5038 Festinemus
1487 4979 1556 5034 ad
1585 4981 1820 5049 patriam.
1857 4978 2067 5051 Navigii
2087 4980 2165 5034 in-

590 5078 819 5133 structio.
844 5075 960 5142 Eia,
989 5073 1180 5130 fratres
1204 5074 1330 5140 mei,
1370 5072 1618 5129 ardenter
1649 5071 2016 5128 desideremus
2039 5085 2163 5142 pro-

591 5168 758 5240 priam
788 5167 1045 5236 patriam;
1077 5165 1553 5235 peregrinationem
1581 5164 1759 5231 istam,
1795 5178 1913 5234 qua:
1959 5177 2056 5218 nos
2098 5162 2166 5218 ab

505 5294 519 5308 .
591 5275 654 5314 ea
679 5257 854 5314 adhuc
891 5256 1112 5320 detinet,
1137 5256 1444 5323 toleremus,
1495 5269 1603 5310 non
1638 5270 1878 5310 amemus
1907 5272 1922 5309 :
1951 5254 2167 5311 festine-

593 5367 714 5407 mus
745 5361 943 5406 tamen.
967 5347 1082 5404 Non
1111 5358 1192 5405 est
1214 5364 1377 5420 quare
1407 5349 1493 5404 hic
1524 5358 1702 5415 stare;
1731 5362 1829 5405 nec
1862 5349 2066 5404 invenis
2111 5349 2166 5404 ln

591 5442 810 5510 saeculo,
842 5439 983 5512 quod
1009 5440 1119 5511 jam
1145 5441 1317 5512 possis
1345 5455 1546 5496 amare.
1573 5440 1692 5511 Ipse
1717 5441 1860 5496 enim
1889 5457 2041 5497 amor
2078 5455 2168 5511 ρει-

591 5537 823 5601 mutum,
850 5531 1155 5604 coniugum,
1177 5529 1776 5597 ﬁliorum,facultatum,
1807 5543 1898 5588 aut
1920 5549 2167 5604 magnum

591 5622 912 5696 quibusdam
929 5625 1269 5682 incusserunt
1295 5624 1556 5691 laborem,
1587 5633 1677 5680 aut
1693 5639 1937 5696 magnum
1960 5625 2172 5697 pariunt

592 5712 843 5776 timorm
867 5729 883 5776 :
911 5725 1119 5793 nouat
1140 5726 1308 5792 quare
1334 5711 1424 5774 hic
1442 5721 1606 5775 stare.
1637 5713 1824 5775 Itelius
1849 5716 1993 5774 enim
2023 5717 2171 5774 festi-

1519 294 1607 353 DE
1647 291 1934 353 CANTICO
1971 293 2186 362 NOVO,
2234 307 2375 360 που
2417 291 2472 350 S.
2507 289 2874 352 AUGUSTINI

3750 292 3861 356 680

2275 427 2450 482 nando
2484 429 2782 497 appetimus
2811 431 3153 497 sempiterna,
3189 445 3345 499 quam
3403 434 3483 483 hic
3530 434 3858 485 ιουίιιεηις-ιιάο

2272 519 2449 572 saeculi
2473 533 2570 573 nos
2598 520 2962 589 apprehendat
2985 520 3155 574 ruina.
3185 521 3516 590 Prtepareinu
3561 536 3719 574 ματη-«ι
3762 541 3852 585 «ευ,

2271 609 2736 678 apprehendamus
2771 621 2826 664 et
2855 612 3206 666 ascettdamtts
3257 627 3441 664 timent
3491 615 3640 665 titln.
3703 617 3853 664 munt

2271 707 2326 754 et
2351 714 2565 755 crucem
2599 701 2638 766 ί,
2671 715 2768 755 nec
2794 701 2932 755 desit
2971 700 3201 754 anchora
3241 717 3364 770 spes
3403 713 3596 754 no~tra-
3647 720 3700 755 sa
3727 706 3851 764 ιιιις,

2270 791 2618 847 extendamus
2662 793 2813 848 funes
2851 792 3089 847 diversas
3135 794 3378 857 virtutes,
3427 795 3536 848 vela
3579 796 3857 846 ciuilitatis

2269 883 2579 952 colligamus
2595 885 2639 950 ',
2677 883 2988 938 invocemus
3013 893 3226 937 ventum
3269 899 3580 952 prosperum
3626 885 3851 937 verbum

2270 972 2395 1040 Dei;
2424 973 2795 1028 exhauriamus
2816 974 3080 1028 sentinam
3107 989 3134 1026 a
3160 973 3408 1041 peccatis,
3433 989 3528 1041 per
3550 974 3852 1043 eleemosy-

2269 1081 2364 1120 nas
2393 1065 2678 1120 mundetnr
2704 1066 3045 1120 conscientia.
3078 1063 3194 1118 Non
3223 1065 3540 1132 impediatur
3562 1065 3721 1133 hujus
3749 1079 3856 1118 no-

2268 1157 2366 1211 stri
2409 1170 2596 1211 cursus
2628 1156 2842 1226 navigii,
2873 1163 3122 1224 Operetur
3147 1154 3389 1208 manibus
3423 1163 3478 1208 ut
3505 1169 3794 1222 possumus
3807 1153 3853 1208 ³.

2268 1247 2510 1302 Manibus
2537 1247 2647 1302 suis
2673 1246 2935 1301 sentinam
2967 1245 3312 1299 exhauriebat
3333 1245 3422 1314 qui
3446 1244 3656 1298 dicebat
3682 1262 3694 1298 :
3728 1242 3853 1297 Ma-

2267 1339 2413 1392 nibus
2440 1339 2561 1392 meis
2586 1353 2753 1392 coram
2773 1354 2830 1392 eo
2855 1345 3014 1399 nocte,
3047 1345 3090 1390 et
3129 1351 3227 1389 non
3268 1351 3379 1389 sum
3414 1335 3648 1405 deceptus
3673 1334 3846 1407 (Psal.

2268 1444 2424 1483 1.xva
2449 1470 2462 1495 ,
2517 1428 2590 1497 5).
2639 1428 2753 1482 Non
2794 1427 3120 1497 negliganius
3149 1436 3329 1481 nostra
3360 1435 3575 1496 peccata
3605 1443 3617 1479 :
3647 1427 3849 1482 minuta

2266 1529 2410 1585 sunt,
2433 1519 2525 1574 sed
2548 1517 2710 1572 multa
2732 1527 2872 1572 sunt.
2899 1516 3116 1572 Fluctus
3138 1532 3272 1571 unus
3292 1517 3497 1571 validus
3518 1517 3726 1571 irruens
3749 1517 3848 1572 ob-

2265 1611 2370 1665 ruit
2406 1625 2591 1664 navem
2616 1651 2632 1678 ,
2667 1610 3001 1679 minaturque
3043 1608 3372 1679 naufragium
3408 1625 3420 1662 ε
3455 1608 3646 1662 humor
3667 1617 3843 1663 autem

2268 1714 2361 1770 per
2388 1700 2550 1755 rimas
2577 1698 2802 1754 inﬂuens
2835 1707 2892 1753 et
2925 1699 2976 1752 in
3007 1699 3270 1753 sentinam
3297 1699 3539 1763 veniens,
3577 1697 3678 1752 nisi
3715 1697 3842 1752 sub-

2266 1790 2388 1845 inde
2416 1791 2663 1856 siccetur,
2697 1789 2798 1844 hoc
2827 1788 2967 1843 idem
2997 1787 3142 1843 facit.
3188 1789 3328 1859 Ergo
3349 1788 3690 1843 exhauriatur
3715 1804 3842 1844 sen-

2268 1882 2394 1947 tina,
2423 1896 2529 1936 non
2550 1881 2842 1950 negligatur
2869 1879 3265 1944 misericordia;
3295 1878 3417 1949 quia
3446 1879 3782 1949 eleemosyna
3811 1893 3846 1934 a

2265 1984 2436 2029 morte
2469 1975 2677 2038 linerat,
2710 1985 2764 2030 et
2791 1976 2902 2044 ipsa
2929 1984 3118 2045 purgat
3156 1982 3369 2043 peccata
3396 1975 3414 2044 (
3439 1973 3567 2028 Tob.
3597 1989 3680 2039 tv,
3717 1974 3777 2027 ll
3797 1972 3843 2044 ).

2269 2064 2421 2120 Adsit
2458 2074 2635 2119 nostra
2667 2066 2828 2120 tutela
2857 2065 3052 2121 Christi
3096 2067 3286 2135 gratia,
3327 2065 3568 2121 celeuma
3599 2074 3843 2118 nostrum

2265 2155 2420 2210 dulce
2461 2165 2738 2210 cantemus
2770 2155 3029 2220 Alleluia;
3076 2164 3133 2210 ut
3160 2155 3266 2209 lani
3291 2169 3354 2210 ac
3374 2155 3546 2209 securi
3577 2153 3846 2224 ingredia-

2265 2260 2384 2298 mur
2421 2246 2796 2315 sempiternam
2826 2261 2890 2302 ac
2919 2245 3276 2300 felicissimam
3315 2245 3556 2314 patriam.
3585 2244 3702 2299 Non
3733 2259 3845 2302 meo

2264 2340 2377 2387 tuat
2396 2335 2571 2388 anima
2604 2350 2749 2390 mare
2781 2336 2880 2390 hoc
2907 2350 3156 2405 magnum
3175 2375 3191 2402 ,
3223 2335 3474 2390 smculum
3501 2335 3721 2401 scilicet,
3747 2351 3846 2392 cu-

2258 2425 2345 2496 jus
2369 2425 2556 2480 ﬁuctus
2586 2443 2647 2481 ac
2681 2427 2916 2482 turbines
2942 2427 3202 2482 sentimus
3228 2427 3466 2481 inimicas
3487 2427 3666 2482 saeculi
3696 2437 3847 2498 pote-

2263 2525 2447 2572 states.
2495 2516 2549 2570 ln
2581 2517 2690 2572 Deo
2723 2526 2998 2587 sperantes
3024 2518 3178 2571 multi
3202 2515 3312 2586 jam
3341 2517 3507 2571 sancti
3535 2516 3632 2570 bos
3656 2517 3845 2573 ﬂuctus

2262 2617 2599 2676 spreverunt,
2625 2609 2772 2662 multi
2801 2610 3158 2673 calcaverunt,
3188 2609 3338 2663 multi
3366 2623 3526 2678 super
3542 2610 3656 2678 ejus
3680 2623 3845 2678 aquas

2262 2698 2592 2752 ambulantes
2605 2702 2776 2754 securi
2791 2700 2856 2754 ad
2873 2701 3090 2768 patriam
3106 2708 3476 2770 pervenerunt.
3493 2700 3596 2754 Sed
3609 2700 3846 2770 exsurgit

2262 2796 2449 2841 ventus
2467 2787 2672 2844 validus
2688 2797 2741 2843 et
2767 2805 2956 2859 magna
2986 2798 3289 2859 tempestas,
3312 2803 3407 2844 sua
3423 2790 3679 2860 cujusque
3699 2789 3846 2859 cupi-

2263 2877 2418 2934 ditas.
2440 2879 2651 2933 'l‘itubat
2667 2879 2797 2934 ﬁdes
2813 2881 2864 2935 in
2878 2880 3229 2946 mari,clamet
3248 2879 3302 2934 in
3316 2889 3366 2934 te
3383 2880 3843 2948 Petrus,Domine,

2262 2983 2456 3038 pereo:
2480 2967 2626 3023 dabit
2659 2984 2871 3025 manum
2902 2971 3179 3040 mergenti,
3199 2983 3296 3024 nec
3309 2971 3433 3024 sinit
3458 2969 3633 3037 perire
3649 2969 3737 3024 ille
3753 2968 3845 3039 qui

2261 3068 2480 3129 propter
2501 3075 2598 3116 nos
2632 3075 2793 3132 super
2811 3076 2974 3131 aquas
2988 3061 3236 3132 dignatus
3251 3060 3608 3116 estambulare
3624 3057 3706 3132 (11
3710 3059 3842 3121 αιιΙι,

2261 3168 2369 3220 xiv,
2397 3151 2630 3226 25—52).
2676 3152 2806 3209 Vide
2845 3152 3144 3222 apostolum
3174 3153 3418 3215 Paulum,
3442 3152 3544 3207 hoc
3578 3151 3844 3222 navigium

2263 3262 2372 3303 non
2414 3246 2587 3302 solum
2627 3244 3074 3298 demonstrantem
3096 3283 3111 3308 ,
3143 3256 3328 3296 verum
3359 3243 3518 3296 etiam
3545 3241 3842 3298 ascenden-

2263 3348 2392 3406 tem,
2423 3347 2478 3394 et
2511 3351 2666 3408 quam
2704 3335 2956 3406 plurimos
2980 3333 3318 3389 invitantem.
3361 3333 3581 3401 Quando
3608 3334 3843 3402 dicebat,

2263 3429 2518 3484 Habentes
2554 3429 2738 3482 victum
2789 3437 2835 3480 et
2877 3434 3240 3497 tegumentum,
3289 3425 3366 3478 his
3423 3425 3643 3478 contenti
3685 3427 3844 3482 simus

2264 3519 2319 3594 (Ι
2352 3519 2482 3574 Tim.
2512 3536 2588 3588 vi,
2617 3518 2722 3590 8);
2751 3517 2877 3589 quid
2905 3516 3047 3572 aliud
3075 3531 3234 3587 quam
3258 3525 3650 3586 competentem
3675 3518 3838 3572 sitar-

2262 3613 2398 3668 ciam
2428 3611 2798 3682 imponendam
2825 3625 2944 3666 esse
2970 3609 3333 3665 monstrabat?
3357 3609 3580 3677 Quando
3607 3609 3842 3675 dicebat,

2264 3704 2394 3758 Mihi
2419 3714 2586 3757 autem
2611 3704 2738 3757 absit
2764 3703 2970 3774 gloriari
2997 3745 3011 3770 ,
3044 3703 3139 3756 nisi
3179 3702 3231 3756 in
3271 3717 3416 3755 cruce
3457 3702 3657 3755 Domini
3685 3699 3845 3754 nostri

2261 3792 2385 3849 Iesu
2411 3793 2593 3848 Christi
2634 3809 2720 3863 per
2756 3809 2900 3862 quem
2944 3793 3068 3846 mihi
3111 3793 3327 3847 mundus
3366 3793 3638 3861 cruciﬁxus
3677 3800 3771 3858 est,
3796 3798 3845 3844 et

2263 3900 2354 3956 ego
2377 3884 2562 3938 mundo
2585 3882 2777 3953 (Galat.
2799 3898 2874 3950 vt,
2897 3884 3010 3954 M);
3034 3897 3219 3937 navem
3245 3881 3584 3938 ascendebat.
3613 3881 3836 3949 Quando

2265 3977 2490 4043 dicebat,
2521 3974 2721 4029 lnduite
2745 3991 2829 4030 vos
2854 3976 2979 4029 sicut
3008 3976 3148 4028 electi
3177 3974 3290 4040 Dei,
3325 3975 3642 4045 benignitate,
3675 3974 3845 4029 humi-

2267 4070 2438 4134 litate,
2477 4069 2886 4139 longanimitate,
2922 4065 3300 4121 mansuetudine
3333 4065 3568 4137 (Coloss.
3599 4081 3678 4133 ιιι,
3708 4065 3777 4122 12
3797 4066 3841 4136 );

2265 4160 2390 4230 quid
2416 4159 2556 4214 aliud
2581 4176 2737 4229 quam
2774 4160 2924 4215 funes
2950 4157 3301 4214 extendebat?
3337 4156 3559 4224 Quando
3597 4156 3837 4223 dicebat,

2267 4250 2440 4304 Manet
2477 4250 2636 4320 ﬁdes,
2681 4267 2827 4322 spes,
2874 4250 3125 4315 Charitas;
3179 4251 3342 4320 major
3394 4250 3572 4302 horum
3621 4249 3843 4302 charitas

2267 4339 2327 4413 (l
2361 4340 2477 4395 Cor.
2526 4356 2639 4407 xm,
2674 4340 2801 4411 l5);
2849 4342 2962 4394 vela
3002 4341 3301 4410 colligebat.
3345 4339 3568 4406 Quando
3610 4339 3839 4406 dicebat,

2274 4430 2488 4485 Verbum
2512 4431 2603 4484 Dei
2629 4432 2811 4485 habitet
2831 4432 2882 4484 in
2910 4432 3043 4485 vobis
3064 4432 3375 4484 abundanter
3402 4429 3596 4500 (Coloss
3636 4429 3840 4500 "1,16);

2266 4531 2478 4576 ventum
2501 4535 2808 4589 prosperum
2837 4519 3132 4572 invocabat.
3179 4519 3399 4585 Quando
3427 4519 3657 4585 dicebat,
3691 4520 3844 4589 Infa-

2267 4611 2492 4681 tigabiles
2513 4615 2694 4679 itaque,
2718 4611 2838 4662 dum
2861 4620 3053 4677 tempus
3081 4608 3339 4672 habemus,
3366 4626 3632 4679 operemur
3657 4611 3844 4664 bonum

2266 4701 2332 4754 ad
2353 4715 2520 4753 omnes
2552 4698 2742 4769 (Galat.
2766 4715 2841 4761 Vl,
2867 4697 2979 4769 10);
3008 4710 3082 4765 et,
3115 4698 3391 4769 Operantes
3424 4703 3642 4772 propriis
3668 4703 3837 4756 mani-

2267 4790 2356 4843 bus
2379 4790 2552 4843 uestris
2591 4787 2641 4858 (ι
2673 4788 2844 4843 Thess.
2877 4805 2948 4854 tv,
2981 4790 3039 4847 il
3067 4792 3084 4857 )
3114 4806 3127 4844 :
3160 4790 3286 4861 quid
3315 4793 3455 4846 aliud
3484 4809 3640 4864 quam
3680 4792 3845 4847 senti-

2267 4897 2386 4936 nam
2417 4879 2687 4936 exhauriri
2723 4883 3099 4951 przecipiebat?
3141 4882 3367 4950 Quando
3405 4884 3632 4949 dicebat,
3664 4881 3846 4937 Gratia

2266 4973 2389 5028 salvi
2417 4973 2535 5045 facti
2557 4975 2672 5028 estis
2696 4972 2912 5045 (Ephes.
2937 4991 2994 5036 tt.
3019 4975 3097 5044 8);
3126 4976 3343 5030 tutelam
3365 4975 3638 5030 exorabat.
3667 4974 3848 5042 Quan-

2268 5064 2336 5120 do
2360 5065 2567 5121 dicebat
2590 5108 2604 5133 ,
2637 5065 2703 5120 lu
2733 5067 2939 5136 psalmis
2965 5077 3011 5121 et
3042 5068 3239 5138 hymnis
3263 5075 3518 5120 cantantes
3541 5066 3592 5119 in
3612 5069 3847 5124 cordibus

2269 5157 2440 5211 vestris
2468 5155 2682 5211 Domino
2703 5155 2814 5228 (Id.
2848 5173 2901 5224 v,
2931 5157 3045 5229 l9);
3073 5157 3306 5212 celeuma
3329 5153 3566 5210 sanctum
3593 5157 3841 5214 docebat.

2269 5246 2488 5317 Quando
2514 5249 2742 5318 dicebat,
2767 5249 2872 5321 Spe
2893 5251 3020 5304 salvi
3045 5250 3165 5321 facti
3193 5265 3361 5302 sumus
3385 5247 3559 5320 (Rom.
3589 5267 3705 5317 vttt,
3731 5252 3844 5324 24);

2270 5343 2557 5399 anchoram
2579 5344 2630 5398 iu
2651 5344 2901 5399 cordibus
2930 5343 3260 5399 credentium
3284 5341 3493 5413 ﬁgebat.
3521 5344 3744 5410 Quando
3769 5343 3850 5400 di-

2337 5484 2354 5515 ί
2387 5490 2460 5533 Sic
2478 5487 2585 5533 Mss.
2609 5490 2664 5533 At
2686 5489 2778 5544 δικ,
2804 5480 2903 5546 ﬁde
2933 5482 3142 5535 simulet
3163 5494 3325 5534 cruce.
3349 5490 3479 5544 mm,
3505 5481 3625 5548 ﬁdei
3643 5483 3856 5536 simulet

2336 5565 2686 5676 mionensis
2701 5610 2804 5676 ius,
2829 5602 3141 5676 collocemus;
3161 5614 3213 5657 et
3230 5604 3474 5676 aliquanto
3491 5613 3615 5676 post,
3632 5603 3856 5676 pelami-

2276 5665 2474 5731 locabat.
2507 5666 2934 5731 Gemmeticensis,_
2951 5665 3157 5718 colemus
3169 5681 3188 5730 ;
3209 5673 3262 5718 et
3281 5665 3422 5731 infra,
3445 5665 3549 5719 vela
3569 5665 3771 5719 celabat.

2342 5724 3058 5790 'tnllss.,uthocpossimus.
