4140 6216
302 440 401 502 681

300 559 477 626 cebat,
502 555 786 613 Jerusalem
821 566 934 626 quin
975 563 1173 608 sursum
1212 551 1283 603 est
1306 589 1319 613 ,
1363 544 1518 600 libera
1556 552 1650 609 est,
1677 557 1788 613 qua:
1813 549 1885 597 est

300 661 461 708 mater
485 664 658 705 nostra
688 650 705 719 (
732 648 902 703 Calat.
936 662 1006 712 tv,
1033 646 1103 701 26
1126 643 1179 714 );
1212 643 1379 713 ipsam
1412 640 1633 710 patriam
1663 638 1887 692 demen-

298 745 518 801 strabat.
552 742 776 810 Quando
796 741 1022 805 dicebat,
1062 737 1159 793 Ubi
1186 746 1279 802 est,
1308 750 1463 799 mors,
1495 734 1747 787 contentio
1771 727 1886 782 tua?

300 835 502 892 Gratias
542 833 651 889 Deo
672 875 688 900 ,
737 833 823 903 qui
856 830 995 886 dedit
1033 829 1176 883 nobis
1203 825 1463 881 uictoriam
1492 840 1582 895 per
1606 821 1885 875 Dominum

296 937 523 982 nostrum
538 925 715 980 Iesum
732 924 989 981 Christum
1016 920 1058 992 (ι
1079 920 1196 976 Cor.
1219 936 1308 988 xv,
1331 919 1421 984 55,
1440 918 1555 985 57);
1584 930 1690 969 non
1712 913 1884 968 adhuc

295 1018 351 1073 in
374 1018 505 1073 mari
535 1015 951 1088 periclitabatur,
980 1011 1076 1069 sed
1098 1011 1207 1082 jam
1230 1011 1283 1065 in
1306 1008 1518 1079 propria
1544 1006 1713 1077 patria
1736 1004 1882 1059 ltela-

293 1100 469 1165 batui'.
500 1109 546 1164 Ο
575 1108 777 1179 optime
799 1106 1145 1180 gubernator,
1174 1118 1207 1157 ο
1236 1100 1595 1171 pulcherrime
1630 1095 1883 1168 magister

292 1206 349 1255 et
375 1197 585 1263 doctor,
613 1198 861 1263 docuisti,
894 1194 1094 1260 fecisti;
1136 1201 1190 1248 ct
1219 1192 1340 1248 ideo
1363 1191 1608 1247 celeriter
1636 1188 1880 1260 perveni-

291 1288 383 1356 sti,
406 1291 527 1361 quia
553 1303 672 1359 quae
719 1287 971 1349 docuisti,
994 1285 1142 1356 prior
1161 1284 1274 1353 ipse
1297 1283 1485 1339 fecisti.

363 1378 594 1436 CAPUT
632 1378 722 1435 ill.
750 1408 820 1419 —-
846 1378 899 1434 5.
933 1376 1009 1431 De
1032 1376 1112 1430 via
1137 1375 1355 1429 terrestri
1376 1374 1445 1428 ad
1473 1373 1710 1445 patriam,
1744 1381 1791 1426 et
1818 1371 1881 1426 de

282 1472 516 1544 iumento
540 1477 842 1542 opportuno.
874 1467 930 1525 Si
973 1467 1091 1538 quis
1137 1465 1294 1534 forte,
1343 1473 1402 1521 ut
1440 1466 1655 1532 assolet,
1687 1464 1880 1535 refugit

292 1560 580 1632 navigium,
613 1568 669 1615 et
719 1558 960 1615 insolitos
1010 1557 1200 1612 ﬂuctus
1229 1556 1391 1611 maris
1427 1555 1707 1619 horrescit,
1738 1554 1878 1610 desi~

289 1652 546 1725 deratque
582 1653 684 1713 iter
701 1652 989 1717 coniicere,
1015 1664 1141 1720 quo,
1165 1649 1264 1705 etsi
1292 1648 1510 1713 tardius,
1540 1647 1607 1703 ad
1648 1647 1874 1717 patriam

291 1745 468 1803 valeat
496 1744 818 1816 pervenire;
862 1742 1240 1799 demonstrabo
1288 1742 1449 1806 viam,
1490 1740 1598 1795 imo
1651 1740 1765 1810 ipsa
1819 1755 1877 1795 se

289 1835 621 1894 demonstrat
645 1836 752 1892 via.
780 1835 917 1892 Ecce
941 1834 994 1890 in
1033 1834 1321 1904 Evangelio
1375 1834 1568 1889 clamat
1610 1832 1872 1901 Salvator,

292 1924 407 2001 Ego
429 1943 542 1984 sum
561 1925 873 1999 via(.lonn.
925 1940 1039 1992 xiv,
1086 1925 1119 1980 6
1148 1923 1189 1997 ).
1223 1925 1399 1980 liabes
1446 1925 1605 1993 viam,
1639 1925 1872 1991 ambula,

290 2018 554 2075 sollicitus
575 2026 752 2074 tamen
772 2018 928 2074 doma
944 2016 1240 2088 jumentum
1261 2026 1427 2082 tuum,
1452 2032 1665 2072 carnem
1690 2026 1830 2072 tuam
1856 2033 1871 2083 ;

289 2110 394 2184 ipsi
415 2111 558 2167 enim
594 2109 787 2167 insidet
832 2110 1005 2166 anima
1035 2120 1141 2166 tua.
1171 2110 1449 2178 Quomodo
1496 2110 1539 2164 si
1570 2111 1620 2165 in
1662 2110 1761 2166 hac
1787 2111 1874 2166 via

289 2202 505 2259 mortali
543 2203 785 2274 jumento
809 2201 1090 2269 insideres,
1148 2201 1288 2272 quod
1319 2211 1368 2256 te
1414 2202 1690 2272 gestiendo
1717 2202 1878 2257 vellet

289 2295 669 2366 praecipitare;
711 2310 890 2352 nonne
930 2304 989 2351 ut
1013 2309 1235 2352 securus
1281 2297 1381 2350 iter
1426 2310 1632 2367 ageres,
1678 2294 1875 2350 cibaria

289 2385 568 2444 ferocienti
596 2387 957 2455 subtraheres,
979 2397 1035 2444 et
1078 2388 1217 2442 fame
1256 2386 1503 2442 domares
1540 2385 1680 2457 quod
1723 2385 1875 2441 freno

287 2492 396 2536 non
414 2479 640 2551 posses?
676 2480 812 2536 Caro
862 2489 1043 2536 nostra
1093 2480 1394 2551 jumentum
1449 2490 1688 2535 nostrum
1739 2487 1865 2535 est:

286 2569 392 2628 iter
413 2571 620 2642 agimus
644 2570 696 2627 in
717 2571 1015 2633 Jerusalem
1043 2587 1060 2638 ;
1104 2572 1415 2643 plerumque
1435 2587 1531 2628 nos
1557 2573 1694 2643 rapit
1719 2588 1866 2642 caro,

286 2671 342 2719 et
360 2662 427 2719 de
442 2663 525 2718 via
553 2671 777 2719 conatur
793 2664 1123 2721 excludere'.
1148 2663 1278 2720 Tale
1298 2680 1425 2735 ergo
1448 2665 1746 2735 jumentum
1777 2680 1871 2722 co-

286 2752 566 2812 hibeamus
586 2755 820 2828 jejuniis.
847 2756 980 2813 Vide
1005 2756 1150 2812 illum
1169 2762 1580 2839 gubernatorem
1598 2758 1872 2815 eumdem-

283 2865 389 2922 que
405 2851 662 2907 viatorem
683 2852 979 2924 apostolum
996 2850 1237 2918 Paulum,
1259 2850 1381 2906 vide
1412 2851 1554 2905 illum
1576 2853 1870 2922 iumentum

283 2959 438 3001 suum
451 2946 848 3003 domantemJn
860 2947 1012 3016 fante,
1029 2944 1215 3014 inquit,
1231 2952 1274 2997 et
1289 2942 1390 3008 siti,
1408 2945 1459 2997 in
1464 2944 1678 3013 jejuniis
1688 2946 1872 3014 saepius

289 3035 352 3109 (ll
366 3035 484 3094 Cor.
500 3054 575 3104 ιιι,
588 3038 704 3110 27),
718 3038 906 3108 castigo
922 3052 1102 3106 corpus
1118 3052 1300 3100 meum,
1320 3045 1367 3089 et
1383 3035 1435 3089 in
1446 3036 1724 3090 servitutem
1735 3036 1842 3090 redi
1849 3062 1872 3076 -

284 3145 345 3201 go
369 3127 543 3202 (lCor.
557 3128 763 3199 1x37).
782 3129 856 3183 ita
876 3143 1002 3200 ergo
1017 3136 1069 3183 et
1085 3136 1159 3195 tu,
1176 3128 1263 3198 qui
1283 3127 1556 3183 ambulare
1575 3128 1865 3196 desideras,

285 3220 445 3277 doma
462 3235 677 3277 carnem
694 3229 857 3288 tuam,
877 3220 1171 3276 etambula.
1191 3219 1446 3275 Ambulas
1458 3218 1620 3286 enim,
1635 3219 1680 3275 si
1699 3234 1866 3276 amas.

283 3312 400 3370 Non
417 3314 558 3369 enim
571 3313 638 3369 ad
657 3312 823 3369 Deum
838 3312 1100 3385 passibus,
1117 3311 1210 3368 sed
1227 3298 1503 3367 affectibus
1516 3311 1795 3367 currimus.

355 3403 585 3462 CAPUT
622 3403 711 3461 1V.
729 3435 800 3447 —
826 3404 879 3460 4.
908 3403 986 3460 De
1010 3404 1377 3459 antbulantium
1405 3403 1673 3473 multiplici
1713 3420 1865 3476 gene-

282 3513 358 3553 re.
389 3496 484 3553 Via
506 3512 633 3568 ergo
653 3498 752 3553 ista
773 3505 953 3553 nostra
974 3496 1306 3552 ambulantes
1339 3497 1551 3567 quaerit.
1581 3496 1704 3552 Tria
1745 3505 1869 3552 sunt

283 3588 561 3644 hominum
583 3602 775 3659 genera
801 3604 919 3659 quae
966 3587 1116 3644 odit:
1155 3597 1538 3652 remanentem,
1590 3597 1735 3645 retro
1784 3605 1869 3646 re-

282 3678 930 3745 demitem,aberrantem.
959 3679 1042 3735 Ab
1088 3680 1171 3736 his
1216 3681 1384 3737 tribus
1408 3682 1689 3753 generibus
1711 3682 1868 3739 malis

284 3767 516 3825 Domino
539 3768 824 3840 adjuvante
866 3770 1162 3827 vindicetur
1214 3782 1267 3827 et
1312 3772 1626 3830 defendatur
1650 3791 1867 3847 gressus

284 3870 487 3917 noster.
527 3859 645 3918 lam
677 3875 804 3919 vero
828 3877 949 3919 cum
989 3864 1321 3920 ambulantes
1358 3880 1562 3930 sumus,
1591 3866 1730 3922 alius
1755 3874 1867 3921 tar-

284 3954 675 4024 diusambulat,
706 3956 841 4012 alius
890 3957 1116 4014 celerius
1161 3958 1415 4023 ambulat,
1469 3967 1646 4014 tamen
1674 3958 1859 4014 ambu-

286 4043 417 4102 lant.
447 4046 721 4103 Excitandi
735 4057 857 4103 sunt
895 4063 1022 4121 ergo
1058 4056 1416 4112 remanentcs,
1447 4056 1591 4103 retro
1639 4048 1868 4104 redeun-

285 4144 368 4193 tes
391 4138 696 4208 revocandi,
723 4147 965 4195 errantes
985 4139 1035 4194 in
1056 4139 1195 4194 viam
1211 4137 1458 4202 ducendi,
1492 4138 1629 4193 tardi
1672 4139 1867 4194 exhor-

284 4229 451 4299 tandi,
482 4231 686 4288 celeres
714 4231 974 4287 imitandi.
1001 4231 1102 4301 Qui
1140 4246 1245 4287 non
1276 4231 1502 4302 proﬁcit,
1532 4233 1792 4288 remansit
1812 4232 1863 4289 in

284 4321 368 4378 via
389 4338 402 4376 :
420 4322 510 4394 qui
531 4320 670 4379 forte
693 4338 724 4378 a
751 4322 971 4379 meliore
996 4322 1268 4394 preposito
1296 4321 1525 4379 declinat
1561 4322 1627 4378 ad
1651 4323 1702 4379 id
1724 4322 1862 4392 quod

284 4411 517 4469 deterius
557 4414 883 4487 reliquerat,
933 4429 1177 4470 reversus
1216 4423 1297 4470 est
1345 4425 1531 4470 retro:
1565 4417 1654 4488 qui
1705 4415 1862 4490 fidem

283 4504 501 4573 deserit,
530 4522 561 4563 a
581 4508 667 4564 via
692 4508 909 4565 erravit.
937 4506 1069 4564 Cum
1099 4507 1263 4564 tardis
1290 4508 1528 4565 sitnobis
1549 4517 1603 4564 et
1627 4525 1747 4564 cum
1774 4525 1865 4565 ce-

281 4595 562 4655 lerioribus
598 4599 755 4668 ratio,
806 4615 927 4656 cum
950 4598 1346 4657 ambulantibus
1396 4608 1590 4655 tamen.
1621 4601 1752 4668 Quis
1780 4611 1862 4658 est

281 4687 371 4760 qui
401 4703 506 4743 non
534 4689 908 4759 ιιι-οἰὶοίιῖρυί
953 4707 1013 4747 se
1050 4693 1311 4762 putaverit
1360 4707 1481 4749 esse
1528 4694 1858 4764 sapientem;

282 4780 370 4851 q‘ui
397 4778 612 4844 dixerit,
638 4778 843 4835 Sufficit
863 4781 990 4836 mihi
1018 4784 1157 4852 quod
1185 4800 1335 4851 sum;
1368 4784 1456 4854 qui
1486 4801 1589 4839 non
1616 4785 1859 4840 attende-

280 4872 350 4928 rit
368 4886 491 4929 eum
508 4870 598 4942 qui
619 4870 766 4938 dicit,
794 4871 920 4937 Qua:
950 4882 1082 4928 retro
1102 4876 1302 4941 oblitus,
1328 4876 1379 4929 in
1403 4894 1461 4930 ea
1479 4893 1592 4948 qua:
1615 4888 1729 4932 ante
1747 4887 1861 4932 sunt

281 4974 524 5031 extentus,
549 4961 825 5032 secundum
872 4964 1191 5019 intentionem
1213 4984 1394 5035 sequor
1428 4970 1496 5021 ad
1537 4972 1862 5041 palmantvo-

282 5056 493 5109 rationis
522 5052 619 5109 Dei
660 5053 714 5109 in
764 5052 960 5109 Christo
1001 5052 1125 5108 Jesu
1155 5053 1429 5125 (Philipp.
1470 5074 1546 5124 ιιι,
1601 5061 1688 5128 15,
1723 5061 1789 5115 ib
1818 5061 1859 5123 ).

281 5142 593 5201 Currentem
627 5159 687 5201 se
707 5142 859 5213 dixit,
881 5152 1191 5216 sequentem
1230 5158 1289 5200 se
1309 5143 1440 5200 dixit
1465 5163 1479 5212 ;
1510 5162 1617 5204 non
1645 5164 1860 5203 reman-

282 5236 370 5300 sit,
404 5253 507 5292 non
530 5246 674 5293 retro
697 5237 935 5308 respexit
963 5254 976 5292 :
1005 5235 1144 5291 absit
1163 5245 1221 5292 ut
1257 5238 1536 5305 erraverit,
1574 5240 1696 5309 quia
1723 5241 1860 5295 viam

284 5329 395 5397 ipse
420 5327 664 5399 docebat,
686 5330 775 5401 qui
803 5340 857 5388 et
882 5331 1095 5413 tenebat
1134 5338 1189 5387 et
1237 5330 1568 5387 ostendebat.
1598 5332 1859 5389 Celerita-

284 5429 387 5475 tem
417 5429 594 5477 autem
639 5419 755 5493 ejus
781 5430 841 5477 ut
888 5423 1235 5489 imitaremur,
1287 5423 1404 5478 ait:
1453 5422 1742 5480 Imitatores
1768 5428 1864 5480 mei

280 5519 455 5580 estote,
488 5512 616 5567 sicut
637 5522 685 5569 et
719 5529 812 5586 ego
845 5512 1073 5588 Christi(
1098 5514 1120 5571 Ι
1149 5514 1266 5572 Cor.
1297 5532 1374 5585 tu,
1404 5519 1427 5573 l
1460 5516 1502 5590 ).
1531 5518 1864 5576 Arbitrantur

280 5615 408 5671 ergo
434 5616 553 5671 nos,
579 5602 947 5673 dilectissimi,
973 5606 1025 5663 in
1049 5608 1134 5663 via
1161 5608 1435 5664 vobiscum
1478 5609 1787 5666 ambulare:
1817 5609 1863 5667 si

283 5693 418 5748 tardi
446 5708 649 5764 sumus,
680 5698 970 5768 prtevenite
996 5713 1093 5755 nos
1121 5717 1135 5765 ;
1165 5716 1268 5756 non
1315 5701 1635 5769 invidemus,
1667 5703 1864 5773 quaeri-

279 5800 400 5842 mus
429 5801 562 5857 quos
588 5803 895 5861 sequamur.
925 5790 982 5848 Si
1010 5802 1187 5849 autem
1228 5810 1326 5852 nos
1372 5796 1566 5867 putatis
1615 5796 1865 5854 celeriter

342 5880 361 5914 ι
394 5885 556 5945 Forte,
574 5886 819 5934 excidere.
982 5950 985 5953 Δ

605 5967 832 6033 Sanc'r.
861 5966 1137 6032 Auens'r.
1177 5972 1280 6034 VI.

1467 416 1700 486 SERMO
1737 424 1831 482 AD
1867 421 2441 485 CATECHUMENOS.

3477 428 3586 496 θεὲ

2001 538 2224 609 ingredi,
2255 540 2449 595 currite
2479 542 2752 598 nobiseum
2788 561 2799 597 :
2847 558 3008 600 unum
3030 545 3195 603 estad
3220 547 3362 618 quod
3388 563 3582 608 omnes

1994 629 2327 696 festinamus,
2352 643 2403 688 et
2432 637 2518 704 qui
2550 635 2746 690 tardius
2771 645 2824 691 et
2848 638 2935 707 qui
2961 638 3187 693 celerius
3224 640 3579 701 ambulamus.

1994 723 2092 790 Qui
2134 736 2257 780 sunt
2301 735 2353 781 et
2383 736 2523 781 retro
2552 730 2834 785 redeuntes
2860 730 2883 784 ?
2911 729 3011 798 Qui
3033 746 3099 786 ex
3127 733 3450 790 continentia
3492 753 3582 793 re-

1993 825 2268 873 vertuntur
2292 820 2343 873 in
2371 812 2777 889 immunditiam,
2806 824 2893 893 qui
2920 839 2986 879 ex
3010 833 3194 879 sancto
3238 835 3292 881 et
3325 826 3580 897 singulari

1992 906 2132 963 bono
2160 912 2431 979 preposito
2484 912 2796 983 virginitatis
2843 913 3180 971 divertuntur
3207 915 3261 971 in
3289 918 3573 987 turpitudi-

1991 1011 2086 1053 nes
2114 999 2413 1070 voluptatis,
2448 1009 2504 1057 et
2548 1012 2795 1075 corrupta
2829 1015 3008 1061 mente
3033 1020 3379 1079 corrumpunt
3418 1010 3578 1067 simul

1989 1099 2042 1144 et
2079 1104 2313 1146 carnem.
2368 1092 2476 1148 Hos
2525 1095 2762 1165 increpat
2808 1098 3079 1167 apostolus
3109 1097 3316 1164 Petrus,
3349 1099 3529 1157 dicens
3559 1120 3573 1158 :

1990 1180 2177 1237 Melius
2201 1185 2304 1239 illis
2341 1196 2445 1241 erat
2474 1204 2574 1242 non
2613 1205 2909 1260 cognoscere
2934 1190 3066 1245 viam
3085 1191 3281 1260 salutis,
3306 1210 3457 1264 quam
3486 1212 3575 1251 co—

1987 1285 2280 1344 gnoscentes
2304 1288 2437 1333 retro
2463 1282 2707 1351 respicere
2735 1283 2752 1353 (
2777 1280 2821 1335 ll
2847 1282 2990 1337 Petr.
3023 1299 3082 1349 ιι,
3108 1284 3173 1340 21
3206 1283 3249 1358 ).
3278 1285 3323 1341 Ο
3350 1288 3572 1356 malum,

1988 1375 2131 1423 retro
2181 1371 2487 1440 respicere!
2524 1373 2669 1429 Uxor
2708 1376 2847 1430 enim
2901 1376 3058 1441 Loth,
3106 1392 3225 1449 quae
3269 1378 3491 1436 liberata
3542 1398 3576 1437 a

1986 1455 2294 1527 Sodomitis,
2345 1473 2530 1519 contra
2574 1476 2894 1536 prteceptum
2943 1475 3089 1523 retro
3129 1470 3385 1539 respexit,
3429 1472 3573 1541 quod

1985 1560 2226 1606 evaserat
2250 1553 2497 1622 perdidit.
2530 1554 2639 1611 Nec
2668 1555 2933 1611 immerito
2964 1557 3015 1612 in
3067 1568 3293 1614 statuam
3327 1560 3452 1616 salis
3477 1576 3570 1617 re-

1984 1652 2142 1710 petite
2165 1659 2419 1701 conversa
2446 1656 2527 1701 est
2557 1647 2575 1716 (
2610 1647 2735 1703 Cen.
2778 1665 2891 1713 χιι,
2911 1650 2981 1705 26
3006 1650 3043 1721 ),
3071 1651 3170 1707 nisi
3198 1661 3255 1707 ut
3280 1653 3453 1708 fatuos
3473 1669 3571 1709 suo

1984 1733 2143 1787 etiam
2200 1737 2451 1808 exemplo
2498 1738 2760 1793 condiret.
2819 1739 2918 1806 Qui
2964 1750 3088 1796 sunt
3134 1751 3183 1798 et
3217 1742 3571 1800 aberrantes?

1982 1822 2179 1879 Omnes
2205 1825 2461 1894 haeretici,
2493 1830 2594 1899 qui-
2619 1830 2800 1885 relicta
2830 1831 3068 1887 veritatis
3110 1833 3190 1887 via
3213 1834 3441 1890 errando
3473 1850 3571 1906 per

1981 1913 2251 1976 desertum
2274 1918 2673 1986 latrocinantur,
2692 1922 2969 1977 et'animas
2990 1934 3204 1994 captant
3234 1924 3285 1980 in
3305 1928 3563 1997 peccatis,

1982 2008 2417 2081 praepediuntque
2444 2027 2514 2068 ne
2546 2014 2665 2084 quis
2693 2014 2759 2069 ad
2793 2015 3014 2084 patriam
3046 2018 3218 2075 valeat
3248 2022 3563 2090 pervenire:

1980 2101 2152 2158 cliecti
2188 2105 2293 2177 lupi
2323 2106 2581 2162 semitarii
2613 2109 2778 2164 induti
2807 2111 2961 2167 ovina
3009 2113 3163 2183 pelle,
3191 2129 3311 2170 cum
3345 2118 3453 2173 sint
3479 2117 3567 2174 in-

1982 2201 2066 2249 tus
2103 2195 2212 2265 lupi
2237 2212 2491 2267 rapaces;
2520 2200 2871 2270 prmdicantes
2894 2201 3165 2261 Christum
3192 2207 3355 2276 viam,
3385 2216 3438 2264 et
3469 2209 3559 2280 qui

1980 2297 2073 2339 eos
2098 2297 2393 2354 sequuntur
2419 2289 2676 2346 ducentes
2695 2292 2761 2346 ad
2792 2302 3040 2349 mortem.

2050 2372 2277 2431 CAPUT
2317 2377 2379 2432 V.
2409 2409 2480 2419 —
2500 2381 2551 2435 5.
2596 2381 2710 2448 Quo
2735 2381 2953 2437 discerni
2977 2386 3133 2454 possit
3154 2387 3288 2456 falsa
3317 2390 3568 2460 pradica-

1981 2463 2050 2518 tio
2095 2481 2127 2518 a
2153 2481 2288 2520 vera.
2325 2467 2421 2523 llic
2448 2469 2493 2523 si
2520 2470 2709 2540 aliquis
2756 2472 2918 2537 dicat,
2942 2473 3081 2541 Quid
3109 2489 3207 2547 ego
3234 2477 3423 2534 faciam
3453 2496 3563 2537 non

1979 2554 2192 2611 invenio
2226 2574 2239 2610 :
2268 2572 2393 2614 ecce
2417 2559 2576 2614 homo
2602 2560 2874 2617 Christum
2897 2563 3170 2634 praedicat,
3199 2567 3336 2622 viam
3368 2571 3563 2639 praedi-

1978 2654 2083 2714 cat,
2107 2646 2301 2703 Christi
2336 2665 2394 2705 se
2420 2649 2549 2706 dicit
2572 2666 2693 2707 esse
2719 2653 3055 2724 discipulum,
3082 2657 3361 2715 veritatem
3392 2676 3451 2717 se
3473 2661 3560 2718 di-

1977 2740 2050 2795 cit
2068 2743 2403 2809 annuntiare,
2424 2759 2589 2815 quare
2617 2761 2720 2800 non
2757 2759 2951 2818 sequar
2981 2748 3104 2803 talia
3130 2749 3509 2819 praedicantem
3537 2755 3564 2809 ἲ

1976 2839 2297 2908 respondeo,
2317 2840 2448 2907 Quia
2480 2842 2622 2899 aliud
2671 2844 2786 2913 ejus
2834 2843 2994 2900 habet
3039 2844 3238 2916 lingua,
3268 2845 3409 2901 aliud
3433 2860 3565 2903 con-

1975 2926 2217 2981 scientia.
2246 2929 2396 2985 Unde
2436 2932 2580 2999 novi,
2627 2933 2839 3003 inquis?
2866 2934 3122 3005 numquid
3154 2949 3253 3006 ego
3281 2938 3562 2993 censcien-

1977 3016 2076 3071 tias
2106 3016 2372 3074 discutere
2400 3035 2614 3089 possum
2641 3022 2664 3074 ?
2704 3022 2973 3077 Christum
2991 3026 3058 3079 ab
3084 3039 3149 3080 eo
3173 3025 3332 3082 audio
3369 3045 3382 3082 :
3413 3029 3556 3098 quod

1975 3106 2153 3173 audio,
2196 3108 2298 3162 hoc
2340 3111 2521 3177 credo,
2554 3112 2654 3166 hoc
2706 3121 2883 3168 teneo.
2912 3112 3028 3168 Non
3080 3124 3133 3171 te
3173 3116 3393 3172 seducat
3424 3119 3562 3176 filius

1972 3196 2238 3263 falsitatis,
2267 3200 2313 3255 si
2340 3200 2481 3256 ﬁlius
2522 3218 2582 3258 es
2606 3203 2862 3260 veritatis.
2914 3204 3066 3261 Disce
3089 3206 3222 3277 jam,
3249 3208 3557 3281 cbristiane,

1973 3293 2061 3362 qui
2086 3292 2354 3349 Christum
2405 3295 2678 3351 desideras
2703 3305 2760 3352 et
2797 3297 2981 3355 audire
3006 3307 3061 3354 et
3104 3299 3308 3358 videre.
3353 3302 3411 3359 Si
3439 3303 3561 3375 quis

1975 3385 2067 3442 tibi
2096 3386 2365 3443 Christum
2396 3389 2669 3459 prmdicat,
2701 3391 2916 3447 attende
2943 3399 2995 3448 et
3022 3393 3301 3451 considera
3343 3400 3558 3467 qualem

1972 3480 2266 3550 praedicet,
2322 3481 2408 3537 ubi
2454 3484 2723 3552 praedicet.
2776 3484 3018 3541 Christus
3067 3488 3208 3559 enim
3254 3490 3450 3547 veritas
3475 3500 3559 3549 est

1973 3568 2163 3641 (Joan.
2196 3588 2307 3637 xiv,
2331 3573 2364 3628 6
2390 3572 2434 3645 ),
2465 3589 2560 3644 per
2592 3575 2891 3644 Scripturas
2946 3587 3158 3635 sanctas
3188 3580 3551 3651 praedicatur;

1972 3677 2081 3717 non
2103 3663 2154 3717 in
2179 3663 2404 3733 angulis,
2430 3680 2535 3720 non
2562 3667 2788 3733 occulte,
2838 3667 2933 3723 sed
2976 3668 3171 3738 palam,
3219 3671 3450 3740 publice.
3482 3673 3553 3729 In

1970 3752 2077 3807 sole
2097 3754 2239 3810 enim
2263 3756 2427 3824 posuit
2455 3755 2830 3810 tabernaculum
2850 3773 2995 3812 suum
3026 3759 3046 3831 (
3080 3757 3222 3814 Psal.
3249 3777 3401 3830 xvnl,
3434 3766 3467 3819 6
3496 3764 3557 3832 );

1971 3843 2073 3899 hoc
2098 3854 2199 3911 est,
2232 3847 2283 3899 in
2320 3846 2599 3901 manifesto
2624 3848 2904 3902 collocavit
2924 3848 3220 3905 Ecclesiam
3250 3852 3554 3909 suam.Jam

1970 3933 2057 3990 hic
2106 3936 2311 4005 respice
2353 3937 2498 3991 illum
2530 3939 2618 4007 qui
2668 3937 2762 3992 tibi
2792 3938 3062 3995 Christum
3102 3941 3373 4012 praedicat,
3413 3943 3557 4003 dicat

1970 4027 2181 4098 qualem
2214 4027 2479 4084 Christum
2500 4030 2769 4099 praedicet.

2040 4140 2264 4198 CAPUT
2306 4142 2391 4197 Vl.
2416 4172 2489 4183 —
2516 4144 2569 4199 6.
2599 4143 2995 4201 Manichworum
3018 4163 3179 4204 error.
3217 4149 3359 4208 Ecce
3385 4151 3563 4211 haere—

1971 4232 2106 4287 ticus
2135 4233 2477 4303 maniehacus,
2535 4237 2623 4307 qui
2659 4252 2757 4308 per
2782 4254 2933 4295 suam
2962 4240 3258 4299 doctrinam
3288 4246 3550 4314 promittit

1968 4325 2307 4383 introducere
2361 4336 2412 4383 te
2467 4328 2520 4383 in
2550 4330 2851 4395 veritatem,
2903 4333 3078 4402 ipsum
3116 4333 3384 4393 Christum
3425 4340 3563 4395 dicit

1967 4432 2088 4473 esse
2115 4419 2374 4475 fallacem.
2416 4419 2530 4475 Non
2560 4421 2764 4489 habuit,
2817 4425 3007 4494 inquit,
3064 4442 3250 4483 verum
3310 4444 3506 4500 corpus
3539 4450 3559 4485 ι

1968 4511 2280 4581 phantasma
2309 4514 2427 4579 fuit,
2457 4515 2675 4583 spiritus
2706 4515 2818 4570 fuit.
2850 4517 2913 4571 Et
2940 4518 3043 4573 hoc
3070 4520 3121 4573 in
3145 4520 3239 4575 illo
3262 4520 3429 4576 fuisse
3448 4538 3549 4577 ne—

1965 4613 2056 4675 gat
2100 4606 2455 4673 nequissimus
2522 4607 2862 4662 maniclitcus.
2914 4611 2959 4663 Ο
3014 4612 3243 4679 pessime
3306 4614 3557 4670 lttcrcticc

1969 4695 2280 4759 manichme,
2315 4697 2358 4749 si
2412 4694 2630 4749 credere
2665 4712 2768 4750 non
2820 4698 2898 4751 vis
2937 4698 3223 4754 Veritatem
3277 4701 3549 4759 dicentem

1967 4784 2238 4852 discipulis
2263 4784 2388 4843 suis.
2430 4782 2665 4854 Palpate,
2698 4795 2745 4837 et
2772 4786 2948 4852 videte,
2986 4789 3105 4857 quia
3134 4790 3339 4859 spiritus
3370 4809 3484 4847 ossa
3505 4802 3557 4848 et

1968 4890 2168 4927 carnem
2199 4891 2299 4927 non
2344 4872 2509 4939 habet,
2558 4877 2685 4929 sicut
2724 4893 2801 4931 me
2850 4877 3025 4932 videtis
3079 4881 3342 4935 habentem
3373 4882 3550 4955 (Luc.

1968 4981 2113 5031 xxiv,
2147 4965 2215 5021 59
2245 4966 2284 5036 ).
2343 4964 2397 5019 Si
2424 4965 2643 5021 credere
2670 4982 2773 5022 non
2801 4968 2899 5033 vis,
2935 4977 2992 5023 ut
3019 4968 3147 5036 dixi,
3174 4970 3417 5041 Veritati,
3448 4976 3553 5031 Ju-

1968 5055 2085 5110 dzno
2104 5056 2262 5109 crede
2305 5056 2651 5125 crucifigenti.
2698 5056 2827 5112 Nam
2858 5075 2976 5115 cum
3030 5070 3082 5116 tu
3109 5061 3262 5130 dicis,
3307 5065 3553 5124 Christus

1967 5144 2108 5199 Deus
2137 5144 2255 5211 fuit,
2288 5161 2393 5199 non
2446 5145 2606 5201 homo
2631 5164 2643 5211 ;
2672 5146 2885 5204 Judwus
2913 5148 3062 5216 dicit,
3090 5151 3202 5207 Non
3254 5152 3353 5210 fuit
3386 5157 3547 5226 Deus,

1969 5233 2063 5289 sed
2094 5234 2271 5289 homo.
2305 5233 2572 5291 Catholica
2625 5247 2878 5309 utrosque
2907 5242 3250 5312 convincens,
3282 5245 3414 5318 Ego,
3443 5250 3545 5316 ait,

1967 5341 2149 5380 verum
2187 5335 2361 5394 teneo,
2393 5327 2535 5397 quod
2561 5328 2803 5385 Christus
2831 5340 2883 5385 et
2907 5332 3045 5387 Deus
3077 5342 3159 5389 est
3183 5348 3236 5391 et
3264 5335 3442 5392 homo.
3468 5338 3557 5394 Tu

1968 5427 2165 5485 autem,
2194 5418 2507 5485 manichme,
2558 5420 2698 5475 unde
2743 5422 2937 5492 probas
2981 5424 3251 5482 Christum
3306 5429 3559 5497 spiritum

1968 5510 2131 5569 fuisse
2155 5512 2178 5566 ?
2204 5511 2429 5583 Spiritus
2454 5513 2634 5584 alapas
2660 5517 2904 5585 accepit?
2928 5519 3143 5588 spiritus
3186 5521 3423 5591 spineam
3455 5539 3557 5579 co-

1968 5619 2153 5660 ronam
2208 5606 2722 5677 portavit?5piritus
2774 5608 2872 5664 sibi
2897 5624 3110 5667 crucem
3158 5613 3458 5684 bajulavit?
3493 5617 3555 5674 Si

1969 5696 2184 5767 spiritus
2232 5695 2347 5762 fuit,
2397 5697 2547 5768 cujus
2598 5700 2913 5757 vestimenta
2959 5702 3159 5759 milites
3210 5704 3554 5764 diviserunt?

1968 5789 2023 5845 Si
2050 5789 2266 5859 spiritus
2292 5788 2404 5857 fuit,
2434 5792 2702 5861 quomodo
2728 5809 2848 5848 cum
2875 5793 3108 5851 traderet
3134 5796 3401 5866 spiritum,
3426 5816 3550 5855 cor-

1971 5899 2069 5957 pus
2090 5883 2205 5954 ejus
2225 5898 2388 5955 prope
2422 5884 2698 5944 dimidium
2745 5886 2887 5943 diem
2928 5889 3178 5945 exanime
3226 5892 3472 5963 pependit
3497 5894 3551 5950 in

2807 5980 2841 6059 ί
2852 5980 3303 6061 Vingt-dcux.)
