4166 6208
434 404 592 463 ⁴685

483 521 691 580 cruce?
717 519 774 575 Si
799 517 1015 588 spiritus
1056 513 1178 576 fuit,
1218 506 1484 580 quomodo
1509 504 1647 557 latus
1670 499 1786 570 ejus
1829 493 2066 566 perfora-

960 394 1050 453 DE
1087 390 1383 451 CANTICO
1419 386 1623 456 NOVO,
1662 399 1808 450 £10.,
1857 378 1915 437 S.
1946 373 2314 434 AUGUSTINI
2349 375 2574 433 SERMO
2618 373 2709 429 AD
2745 361 3318 432 CATHECUMENOS.

3659 364 3779 427 εει

2177 491 2427 562 principio
2447 498 2552 544 erat
2591 487 2831 553 Verbum,
2855 493 2899 538 et
2957 482 3175 537 Verbum
3204 488 3313 536 erat
3341 477 3479 548 apud
3509 474 3701 541 Deum,
3721 481 3777 543 et

484 624 601 671 tum
623 624 704 669 est
726 568 909 667 lantiea
936 568 1264 676 iii—quomodo
1291 606 1569 668 susceptus
1594 604 1671 650 εει
1703 568 1733 646 a
1759 587 1955 658 Joseph
1987 601 2071 641 εε-
2177 584 2315 638 Deus
2342 591 2446 637 erat
2502 578 2719 636 Verbum
2747 576 2931 650 (Joan.
2968 592 3006 641 ι,
3051 575 3106 637 ’5,
3132 573 3197 642 i)
3232 570 3368 637 ;l‘uit
3396 568 3611 642 aliquod
3636 576 3777 624 tem-

484 706 786 780 peliendus,
837 698 1105 773 quomodo
1158 694 1402 766 sepulcro
1450 699 1533 746 est
1579 683 1860 743 conditus?
1884 678 2072 736 Omnia

487 799 589 854 ista
615 797 835 867 Spiritus
859 791 967 864 pati
1000 804 1111 846 non
1164 793 1359 858 potest.
1414 783 1565 838 Sicut
1591 779 1659 834 de
1704 792 1770 832 eo
1797 782 1949 829 antea
1980 786 2075 842 per

488 891 789 964 Prophetas
839 884 1154 959 praedictum
1197 889 1316 944 est,
1374 878 1445 934 ita
1480 884 1536 931 ct
1582 873 1802 928 factum.
1832 869 2075 925 Errastu

487 959 669 1049 nimis‘,
699 981 937 1046 falsitas;
962 978 1018 1034 in
1042 974 1293 1032 omnibus
1326 979 1378 1026 te
1411 975 1628 1039 superat
1654 964 1869 1020 veritas.
1903 959 2077 1029 Ergo-

490 1094 579 1145 ne,
608 1073 881 1139 hzeretice,
924 1079 982 1127 ut
1010 1070 1193 1136 doces,
1215 1065 1427 1121 Veritas
1453 1061 1670 1118 mentita
1682 1066 1788 1122 est,
1817 1064 1873 1111 et
1899 1062 1955 1109 tu
1982 1066 2077 1108 ve-

488 1186 609 1228 rum
633 1165 925 1240 prtedicas?
958 1162 1028 1218 Et
1071 1160 1164 1217 ubi
1208 1158 1313 1212 hoc
1363 1152 1620 1226 praedicas
1641 1150 1665 1203 ’ἶ
1694 1149 1749 1204 in
1794 1146 2078 1240 absconso,

491 1264 549 1319 in
575 1235 806 1318 occulto.
829 1256 887 1313 Si
906 1254 1128 1311 veritate
1151 1250 1363 1305 fulcitur
1390 1242 1699 1319 prmdicatio
1726 1248 1835 1304 tua,
1868 1235 2080 1307 publica

493 1354 564 1409 sit
612 1351 857 1408 doctrina
887 1356 997 1402 tua.
1037 1346 1352 1400 Demnnstra
1406 1336 1535 1391 mihi
1577 1330 1871 1388 Eeelesiam
1914 1339 2079 1381 tuam.

495 1444 602 1503 Sed
630 1442 875 1499 novimus
895 1437 1023 1510 quid
1048 1433 1217 1505 agatis
1246 1430 1454 1500 decepti
1485 1435 1539 1482 et
1575 1426 1909 1493 dcccptores.
1936 1420 2083 1487 Apo-

494 1536 667 1593 stolus
694 1533 895 1591 Paulus
919 1544 1015 1585 vos
1051 1524 1286 1598 prodidit
1312 1521 1497 1578 dicens
1523 1538 1538 1572 :
1590 1517 1717 1584 ρυω
1740 1515 1874 1568 enim
1898 1511 2089 1566 oceulte

498 1630 628 1697 ﬁunt
647 1625 811 1690 abeis,
845 1632 989 1693 turpe
1008 1627 1082 1675 est
1105 1617 1257 1672 etiam
1284 1615 1451 1669 dicere
1472 1611 1495 1680 (
1521 1609 1714 1681 Ephes.
1738 1622 1793 1670 γ,
1824 1604 1891 1659 12
1917 1603 1957 1675 ).
1982 1601 2091 1657 No-

497 1720 583 1777 bis
605 1729 759 1788 turpe
778 1724 862 1772 est
885 1714 1085 1779 dicere,
1138 1709 1235 1767 sed
1287 1722 1384 1763 vos
1436 1720 1543 1760 non
1597 1699 1869 1772 quiescitis
1909 1709 2086 1766 agere.

499 1787 779 1870 Manifesta
809 1804 1199 1879 estignominia
1226 1810 1426 1867 vestra,
1466 1796 1665 1852 nudata
1711 1801 1793 1849 est
1821 1787 2092 1859 turpitudo

498 1915 708 1971 vestra;
747 1918 814 1960 ex
854 1898 1195 1957 confessione
1233 1893 1391 1950 simul
1461 1900 1516 1946 et
1578 1887 1839 1957 scriptura
1892 1889 2090 1944 vestra,

500 1995 749 2051 omnibus
772 1991 949 2065 palam
978 1989 1114 2044 facta
1160 1994 1242 2041 est
1271 1983 1439 2053 turpis
1465 1979 1706 2034 doctrina
1738 1983 1918 2031 vestra
1945 1991 1958 2027 :
1992 1972 2089 2027 uti-

507 2103 632 2144 nam
665 2082 952 2155 aliquando
977 2080 1310 2150 corrigantur
1334 2072 1495 2130 corda
1516 2078 1691 2124 vestra
1721 2068 1734 2121 !

572 2153 800 2232 CAPUT
882 2169 996 2227 γιι.
1025 2169 1174 2224 -7.
1228 2164 1391 2219 Error
1459 2161 1783 2214 Arianorum.
1833 2154 1935 2210 Alii
1982 2153 2096 2208 hm-

502 2267 657 2326 retici
723 2262 911 2320 Ariani
972 2262 1140 2330 ipsam
1203 2256 1344 2310 viam
1417 2251 1727 2309 Christum,
1783 2261 1880 2316 per
1939 2256 2096 2313 quam

504 2359 612 2415 itur
651 2355 719 2412 ad
748 2355 961 2411 Patrem
985 2392 1002 2419 ,
1049 2346 1342 2407 secundum
1392 2342 1716 2397 divinitatem
1758 2336 1946 2391 nolunt
1978 2348 2102 2389 esse

508 2447 766 2521 aqualem
823 2442 989 2501 Patri.
1032 2441 1099 2496 Et
1161 2452 1283 2493 cum
1326 2436 1439 2506 ipse
1489 2431 1662 2495 dicat,
1700 2426 1813 2498 Ego
1855 2433 1900 2479 et
1944 2422 2104 2477 Pater

513 2516 672 2597 unum
695 2554 867 2594 sumus
894 2533 1091 2608 (Joan.
1125 2546 1186 2597 Χ,
1209 2528 1278 2583 '50
1303 2526 1356 2599 );
1380 2524 1453 2579 illi
1479 2522 1681 2587 dicunt,
1709 2518 1766 2575 Si
1792 2516 1987 2571 missus
2020 2521 2106 2569 est

513 2630 784 2695 Christus,
806 2605 982 2682 minor
1010 2631 1093 2678 est
1126 2639 1138 2674 :
1184 2618 1355 2687 major
1376 2625 1458 2671 est
1484 2615 1667 2682 utique
1690 2610 1779 2679 qui
1802 2608 1984 2672 mittit,
2010 2605 2105 2659 illo

516 2723 607 2793 qui
633 2720 881 2777 mittitur.
933 2715 1061 2770 Hmc
1116 2707 1505 2781 argumentatio
1557 2712 1640 2758 est
1692 2701 1944 2765 humana,
1996 2711 2106 2750 non

516 2812 808 2871 auctoritas
843 2807 1044 2862 divina.
1077 2804 1191 2858 Alia
1222 2808 1305 2856 est
1353 2796 1595 2867 Operatio
1621 2793 1914 2859 Trinitatis,
1946 2804 2105 2860 quam

518 2915 598 2970 tu,
650 2900 920 2965 haeretice,
960 2911 1068 2951 non
1116 2890 1436 2962 assequeris,
1488 2887 1578 2957 qui
1627 2884 1911 2941 carnaliter
1941 2880 2104 2951 sapis.

521 2991 778 3050 Mundum
800 2988 943 3047 enim
965 3001 1060 3043 cor
1102 2999 1207 3039 non
1235 2982 1419 3046 habes,
1452 2993 1551 3035 nec
1572 2977 1638 3032 ad
1661 2978 1848 3031 Deum.
1869 2974 2109 3029 Christus

523 3085 666 3141 enim
695 3084 747 3137 in
786 3086 1041 3153 quantum
1084 3074 1357 3131 hominem
1385 3068 1639 3139 suscepit,
1659 3067 1854 3122 missus
1880 3062 2105 3118 dicitur:

520 3177 577 3234 in
602 3184 855 3247 quantum
887 3173 1028 3228 Deus
1052 3177 1155 3235 est,
1174 3166 1392 3238 aequalis
1412 3173 1495 3219 est
1520 3162 1681 3217 Patri.
1703 3159 1835 3215 Nam
1858 3173 1962 3230 quo
1988 3172 2111 3212 cum

520 3269 680 3327 Pater
718 3268 973 3331 mitteret,
1004 3263 1093 3319 ubi
1138 3261 1252 3330 ipse
1302 3273 1423 3313 cum
1475 3254 1609 3310 Filio
1639 3268 1743 3308 non
1794 3249 1982 3305 esset?
2010 3250 2113 3303 Aut

521 3376 630 3433 quo
656 3358 823 3414 Filius
848 3355 1112 3416 venisset,
1142 3350 1232 3405 ubi
1263 3364 1369 3403 non
1409 3345 1570 3401 simul
1599 3359 1718 3398 cum
1766 3342 1923 3396 Patre
1969 3346 2114 3394 esset

521 3454 615 3509 ille
644 3451 733 3519 qui
766 3446 915 3511 dicit,
966 3442 1079 3513 Ego
1118 3441 1171 3494 in
1200 3437 1375 3502 Patre,
1409 3444 1456 3492 et
1505 3433 1663 3488 Pater
1702 3433 1753 3486 in
1782 3447 1860 3484 me
1888 3438 2005 3493 est;
2036 3434 2109 3493 et,

526 3544 793 3615 Philippe,
834 3539 921 3613 qui
947 3538 1069 3592 vidit
1100 3551 1197 3600 me,
1226 3532 1347 3587 vidit
1376 3538 1423 3584 et
1458 3526 1666 3583 Patrem
1692 3525 1712 3596 (
1745 3523 1831 3578 Id.
1882 3538 1989 3589 xw,
2024 3520 2110 3585 l0,

528 3636 563 3692 9
588 3636 651 3713 )':
686 3642 740 3688 et
758 3631 847 3703 qui
868 3645 964 3701 per
990 3624 1305 3699 prophetam
1345 3621 1491 3686 dicit,
1521 3617 1712 3674 Caelum
1740 3625 1785 3669 et
1810 3624 1995 3671 terram
2021 3628 2112 3684 ego

452 3784 455 3787 .
525 3706 970 3797 impleoUerem.
1011 3714 1416 3787 3x111,2/i);et
1444 3712 1512 3768 de
1563 3726 1670 3782 quo
1719 3708 1971 3765 Salomon
2018 3706 2113 3773 ait,

525 3810 740 3891 Attingit
768 3832 799 3870 a
824 3815 924 3885 ﬁne
948 3826 1105 3882 usque
1126 3808 1193 3863 ad
1214 3807 1366 3877 ﬁnem
1389 3805 1609 3875 fortiter,
1633 3811 1680 3857 et
1701 3799 1920 3871 disponit
1947 3798 2118 3852 omnia

525 3913 764 3969 suaviter.
822 3906 1033 3979 Attingit
1097 3903 1277 3973 ubique
1346 3907 1551 3972 prapter
1621 3912 1764 3952 suam
1816 3892 2118 3948 munditiam

530 4002 836 4075 (Sap.vm,
861 4000 913 4064 l,
939 4006 983 4052 et
1024 4009 1120 4062 vn,
1149 3992 1221 4047 24
1253 3991 1309 4064 )?
1336 3990 1442 4047 Sed
1479 4000 1554 4055 tu,
1584 3986 1854 4051 hatretice,
1885 3984 2004 4039 ideo
2032 3981 2117 4037 di-

527 4099 607 4153 cis
629 4094 882 4164 majorem
908 4104 1027 4145 esse
1056 4087 1146 4157 qui
1193 4083 1373 4148 mittit,
1431 4081 1694 4136 minorem
1743 4078 1833 4148 qui
1860 4076 2109 4139 mittitur,

534 4186 657 4258 quia
686 4192 984 4253 temporum
1027 4177 1195 4247 spatia
1250 4173 1472 4244 cogitas.
1525 4170 1631 4227 Sed
1676 4168 1899 4223 multum
1947 4179 2116 4232 erras,

531 4277 613 4334 illi
636 4274 906 4345 assignare
950 4277 1189 4339 tempora
1222 4281 1316 4336 per
1342 4278 1501 4335 quem
1539 4261 1676 4316 facta
1706 4267 1830 4316 sunt
1855 4268 2114 4327 tempora.

533 4368 592 4425 Si
618 4358 829 4423 Patrem
857 4359 1130 4419 eonllteris
1158 4358 1346 4423 Deum,
1377 4354 1544 4411 Deum
1574 4351 1789 4419 Filium,
1828 4359 2118 4405 aeternum—

533 4474 638 4531 que
658 4456 833 4512 credis
852 4458 913 4510 et
952 4448 1167 4529 Patrem
1198 4459 1252 4506 et
1297 4447 1529 4512 Filium;
1562 4443 1671 4499 noli
1697 4443 1955 4497 minorem
1984 4441 2123 4497 face-

535 4568 597 4609 re
627 4548 817 4605 Filium
849 4547 904 4603 in
938 4560 1004 4603 eo
1051 4543 1193 4616 quod
1232 4542 1356 4598 fecit
1394 4549 1467 4608 te,
1496 4538 1619 4611 quia
1662 4537 1782 4593 ideo
1834 4536 2008 4591 minor
2040 4534 2122 4592 fa-

537 4653 657 4699 ctus
702 4649 819 4708 est,
858 4646 917 4693 ut
958 4634 1249 4693 redimeret
1300 4641 1373 4688 te.
1429 4630 1534 4687 Sed
1575 4630 1706 4702 ipse,
1745 4628 1938 4699 inquis,
1967 4628 2121 4697 dixit,

546 4731 877 4800 Patermaior
901 4742 980 4783 me
1000 4736 1071 4782 est
1098 4726 1117 4798 (
1148 4722 1305 4780 Joan.
1348 4721 1599 4791 x1v,28).
1631 4720 1868 4793 lntelligc
1927 4735 2122 4776 secun-

541 4825 671 4880 dum
722 4826 1027 4891 susceptum
1068 4816 1365 4883 hominem,
1393 4824 1447 4870 et
1489 4812 1712 4883 deponis
1742 4826 2000 4867 errorem.
2028 4809 2127 4867 Se-

540 4915 775 4972 cundum
802 4911 904 4968 hoc
922 4908 1069 4975 dicit,
1090 4906 1246 4963 Pater
1269 4906 1433 4977 major
1458 4921 1536 4959 me
1556 4913 1647 4970 est,
1675 4901 1967 4959 secundum
1985 4902 2126 4974 quod

541 5006 613 5063 de
637 5021 703 5062 eo
756 5003 831 5060 ait
868 5001 1151 5074 propheta,
1208 4996 1481 5052 Minorasti
1511 5010 1623 5049 eum
1671 4997 1825 5067 paulo
1874 4994 2040 5050 minus
2064 4994 2127 5049 ab

543 5098 738 5173 angelis
793 5092 981 5170 (Psal.
1022 5108 1132 5160 vm,
1183 5090 1286 5165 6).
1326 5087 1409 5145 Tn
1446 5098 1626 5143 autem
1678 5087 1784 5155 dic,
1837 5086 2128 5144 secundum

545 5191 674 5263 quid
690 5204 813 5247 eum
834 5188 1098 5245 minorem
1123 5182 1320 5240 asseris
1337 5181 1362 5235 ἲ
1385 5179 1441 5237 Si
1465 5177 1759 5236 secundum
1773 5187 2089 5250 potestatem
2113 5198 2126 5236 :

545 5284 706 5339 Pater
726 5298 829 5338 non
848 5279 1051 5354 judicat
1075 5290 1395 5351 quemquam,
1417 5271 1506 5328 sed
1526 5270 1694 5327 Filius
1721 5269 1897 5343 (Joan.
1923 5271 2059 5339 ν,ἳὲ
2085 5272 2128 5344 ).

545 5376 603 5435 Si
655 5372 948 5433 secundum
994 5382 1197 5442 opera:
1228 5366 1414 5422 Omnia
1463 5381 1553 5435 per
1606 5360 1799 5418 Filium
1827 5363 1964 5434 facta
1990 5374 2129 5421 sunt.

546 5467 604 5525 Si
632 5462 924 5523 secundum
958 5471 1167 5532 tempus
1192 5456 1295 5513 hoc
1314 5454 1489 5512 credis
1517 5453 1585 5509 de
1612 5453 1721 5509 Deo
1743 5461 1854 5521 tuo,
1878 5455 2000 5526 quia
2025 5454 2133 5511 sic.

547 5569 609 5617 ut
654 5568 712 5616 tu
759 5556 929 5629 major
971 5570 1030 5611 es
1069 5550 1181 5608 tilio
1218 5562 1328 5618 tuo,
1364 5550 1437 5605 ita
1480 5548 1569 5604 ille
1606 5545 1716 5603 filio
1744 5564 1842 5603 suo
1876 5565 1889 5603 :
1931 5558 2137 5608 avertat

550 5652 655 5710 hoc
674 5652 815 5706 Deus
842 5649 910 5705 ah
934 5646 1148 5703 auribus
1193 5641 1427 5698 fidelium
1456 5655 1472 5705 ;
1502 5638 1714 5710 indigna
1744 5649 1866 5695 sunt
1895 5641 1993 5696 ista
2020 5658 2137 5699 ere-

553 5742 682 5797 dere
710 5740 778 5795 de
809 5740 937 5796 Deo.
983 5738 1039 5794 Si
1080 5736 1223 5792 enim
1249 5733 1422 5789 Filius
1444 5730 1735 5787 secundum
1764 5732 2015 5787 deitatem
2042 5734 2135 5791 Dei

550 5831 792 5891 Verbum
825 5840 945 5903 est,
989 5830 1126 5890 sicut
1178 5825 1503 5901 evangelista
1552 5822 1788 5887 Joannes
1826 5835 2030 5901 narrat,
2062 5827 2132 5887 In

2180 691 2279 747 pus
2312 673 2524 745 quando
2562 672 2718 728 Pater
2765 668 2863 723 fuit
2910 667 3028 722 sine
3058 664 3255 733 Verbo,
3282 671 3374 718 aut
3417 661 3515 718 fuit
3557 661 3777 734 aliquod

2182 768 2498 839 principium
2526 774 2652 820 ante
2678 763 2850 833 ipsum
2894 756 3237 831 principium,
3269 756 3523 825 quoniam
3549 755 3662 826 ipse
3686 754 3781 809 Fi-

2183 859 2287 914 lius
2307 858 2437 913 dixit
2467 872 2527 912 se
2551 871 2671 911 esse
2700 851 3060 926 principium?
3097 846 3551 918 interrogantibus
3580 846 3778 918 quippe

2183 950 2402 1015 Judzeis,
2445 948 2525 1002 Tn
2553 948 2664 1017 quis
2692 944 2789 1001 es?
2816 941 3117 1014 respondit,
3149 940 3467 1011 Principium
3497 938 3517 1013 (
3545 938 3632 993 1d.
3658 955 3773 1008 \‘ill,

2183 1043 2255 1099 25
2279 1042 2318 1113 ).
2348 1041 2490 1111 Ergo
2533 1048 2587 1094 et
2610 1037 2740 1093 illud
2791 1036 2932 1106 quod
2970 1036 3023 1090 in
3053 1032 3250 1091 Genesi
3282 1031 3539 1102 scriptum
3569 1038 3677 1098 cst,
3705 1028 3775 1085 In

2187 1134 2436 1205 principio
2468 1132 2583 1202 fecit
2619 1129 2756 1185 Deus
2794 1124 2971 1182 caelum
3000 1134 3046 1180 et
3093 1134 3279 1179 terram
3305 1121 3469 1195 (Gen.
3493 1139 3535 1189 ι,
3566 1124 3593 1178 1
3620 1120 3664 1195 ),
3699 1120 3781 1177 in-

2189 1224 2513 1296 telligiturin
2548 1222 2702 1289 Filio,
2732 1219 2827 1293 qui
2855 1226 2937 1275 est
2962 1216 3302 1288 principium.
3334 1214 3422 1272 Sic
3464 1229 3590 1285 ergo
3627 1229 3779 1270 sem-

2190 1333 2288 1388 per
2316 1317 2456 1371 Deus
2490 1314 2668 1379 Pater,
2719 1325 2931 1382 semper
2983 1305 3364 1375 DeusFilius;
3403 1306 3533 1377 quia
3560 1321 3663 1361 nec
3691 1302 3781 1361 ille

2191 1407 2476 1478 aliquando
2493 1419 2597 1461 non
2614 1404 2798 1467 Pater,
2836 1416 2936 1457 nec
2961 1401 3060 1455 iste
3105 1396 3391 1470 aliquando
3444 1411 3549 1451 non
3579 1394 3777 1451 Filius.

2192 1501 2307 1556 Non
2325 1500 2468 1556 enim
2490 1506 2551 1553 ut
2572 1496 2731 1552 Pater
2751 1484 3035 1567 generaret
3053 1489 3269 1559 Filium,
3290 1490 3485 1546 minuit
3500 1489 3777 1561 seipsum:

2194 1593 2290 1650 sed
2310 1594 2381 1648 ita
2408 1591 2591 1664 genuit
2615 1589 2684 1645 de
2707 1604 2768 1645 se
2806 1588 3033 1644 alterum
3076 1585 3284 1656 qualem
3330 1599 3410 1650 se,
3435 1592 3494 1641 ut
3514 1591 3655 1640 totus
3673 1598 3785 1645 ma-

2196 1695 2347 1743 neret
2376 1685 2427 1740 in
2472 1699 2550 1739 se.
2606 1682 2837 1753 Spiritus
2863 1688 3042 1737 autem
3079 1685 3296 1735 sanctus
3340 1691 3448 1735 non
3484 1675 3741 1749 praecedit
3764 1676 3781 1708 ¹

2196 1778 2336 1834 unde
2377 1775 2635 1848 procedit,
2664 1772 2760 1831 sed
2815 1772 3021 1844 integer
3064 1769 3134 1827 de
3184 1771 3410 1841 integro,
3466 1783 3568 1831 nec
3596 1768 3790 1831 minuit

2197 1885 2318 1924 eum
2358 1864 2717 1938 procedendo,
2750 1877 2851 1946 nec
2901 1871 3059 1946 auget
3105 1859 3378 1917 merendo.
3410 1859 3478 1919 Et
3522 1857 3641 1917 haec
3688 1858 3793 1921 tria

2200 1976 2337 2016 unus
2362 1961 2523 2027 Deus,
2566 1958 2633 2014 de
2661 1963 2767 2029 quo
2790 1942 3051 2027 propheta
3077 1954 3209 2010 dicit
3237 1971 3253 2009 :
3301 1953 3379 2013 Tu
3412 1968 3463 2009 es
3487 1950 3801 2021 Dm

2201 2068 2413 2125 magnus
2441 2049 2463 2123 (
2492 2049 2639 2105 Psal.
2692 2063 2873 2107 txrxv
2897 2087 2914 2114 ,
2964 2047 3032 2104 10
3062 2046 3102 2117 ).
3142 2046 3224 2102 Τιι
3274 2053 3474 2112 autem,
3517 2044 3790 2117 haeretica,

2202 2157 2461 2213 compone
2506 2140 2705 2221 gradus
2734 2180 2748 2204 ,
2803 2152 2993 2209 separa
3040 2136 3393 2193 Trinitatem:
3454 2134 3537 2195 lac
3579 2143 3793 2215 patrem

2204 2234 2483 2307 majorem,
2506 2218 2698 2287 Filium
2719 2231 2999 2296 minorem,
3021 2227 3278 2301 Spiritum
3292 2236 3533 2284 sanctum
3554 2212 3789 2301 sequene

2205 2337 2331 2385 tem.
2360 2325 2467 2382 Sed
2489 2325 2600 2396 jam
2633 2323 2700 2381 de
2720 2322 2875 2388 Filio,
2904 2321 3045 2395 quod
3092 2320 3314 2392 aequalis
3338 2320 3408 2376 sit
3432 2318 3600 2386 Patri,
3621 2318 3801 2395 aliqua

2206 2420 2456 2486 diximus,
2480 2427 2534 2474 et
2559 2415 2701 2488 quod
2721 2400 2973 2482 occurrit,
3004 2413 3235 2469 diximus
3269 2431 3283 2468 :
3322 2411 3517 2469 audiet
3540 2410 3605 2468 de
3624 2410 3798 2481 Spiri-

2209 2522 2265 2567 tu
2292 2519 2499 2577 sancto,
2548 2524 2706 2579 quem
2750 2507 3014 2562 minorem
3057 2505 3139 2561 vis
3174 2518 3296 2561 esse
3342 2503 3500 2559 Patre
3545 2512 3599 2558 et
3636 2501 3793 2561 Filio.

2207 2602 2410 2673 Nempe
2448 2601 2678 2673 Spiritus
2727 2607 2946 2656 sanctus
2974 2599 3088 2669 ipse
3132 2596 3363 2667 Spiritus
3405 2603 3489 2652 est
3520 2594 3631 2652 Dei.
3660 2591 3800 2651 Audi

2210 2706 2263 2752 et
2289 2698 2402 2767 ipse
2427 2694 2568 2767 quod
2593 2693 2750 2749 simul
2786 2694 2857 2749 sit
2884 2707 3007 2749 cum
3050 2690 3209 2748 Patre
3230 2699 3287 2747 et
3314 2689 3478 2757 Filio,
3506 2698 3564 2745 et
3606 2686 3800 2759 ubique

2210 2792 2282 2846 sit
2316 2801 2476 2847 totus.
2526 2789 2687 2854 Deus,
2720 2788 2893 2860 inquit
2941 2787 3175 2843 Joannes
3213 2781 3524 2855 Apostolus,
3576 2780 3817 2853 Spiritus

2211 2895 2282 2940 est
2307 2887 2325 2958 (
2350 2883 2505 2938 Joan.
2534 2899 2607 2951 IV,
2635 2884 2707 2939 24
2738 2882 2781 2954 ).
2803 2881 2872 2938 Et
2894 2881 3009 2952 ipse
3037 2878 3200 2935 Filius
3230 2892 3329 2951 per
3359 2866 3676 2949 prophetam
3702 2874 3798 2943 ait,

2214 2977 2443 3049 Spiritus
2501 2975 2707 3030 Domini
2756 2989 2909 3044 super
2939 2987 3019 3025 me
3049 2967 3220 3042 (Isai.
3252 2984 3360 3038 ut,
3389 2968 3413 3022 1
3448 2966 3469 3040 )
3502 2985 3517 3023 :
3552 2980 3659 3027 non
3700 2965 3800 3033 ait,

2213 3082 2333 3142 post
2362 3075 2881 3142 me,utsequentem
2928 3079 3051 3120 eum
3090 3063 3309 3132 faceret,
3354 3061 3441 3117 vel
3488 3059 3754 3115 minorem
3778 3074 3823 3131 ;_

2214 3128 2311 3219 sed
2331 3162 2423 3227 ait,
2446 3128 2599 3231 super
2638 3128 2736 3213 me.
2768 3128 2922 3214 Dnde
2977 3164 3033 3216 et
3072 3128 3304 3226 angelus
3345 3150 3559 3209 Gabriel
3598 3149 3663 3206 ad
3690 3147 3803 3206 Ma-

2214 3253 2349 3308 riam
2381 3272 2391 3305 :
2437 3250 2661 3322 Spiritus
2684 3260 2909 3316 sanctus,
2931 3248 3122 3319 inquit,
3148 3243 3460 3319 superveniet
3482 3245 3604 3298 inte
3631 3241 3652 3313 (
3673 3239 3803 3296 Luc.

2215 3362 2253 3414 ι,
2276 3346 2391 3416 55).
2414 3343 2581 3400 David
2601 3357 2816 3414 quoque
2838 3338 3097 3413 prepheta
3121 3357 3134 3395 :
3170 3337 3283 3408 Quo
3298 3337 3379 3391 ibo
3403 3352 3436 3390 a
3458 3334 3663 3404 Spiritu
3688 3341 3802 3401 tuo,

2217 3447 2263 3493 et
2292 3454 2322 3489 a
2341 3436 2473 3506 facie
2497 3444 2586 3490 tua
2625 3450 2723 3505 quo
2752 3433 2948 3506 fugiam
2969 3432 2996 3485 ?
3032 3430 3093 3487 Si
3116 3427 3389 3485 ascatdero
3431 3416 3488 3481 in
3524 3425 3724 3491 cretum,
3751 3433 3823 3489 tu,

2216 3527 2285 3581 ibi
2307 3544 2375 3592 es,
2402 3527 2446 3580 si
2470 3525 2771 3581 descendero
2785 3524 2837 3578 in
2856 3523 3114 3595 abyssum,
3130 3530 3183 3575 tu
3208 3519 3327 3595 ades
3353 3514 3523 3591 (Psal.
3540 3530 3806 3586 cxxu'nt,

2218 3621 2248 3675 7
2275 3629 2323 3675 et
2349 3619 2575 3691 8).Ergo
2604 3619 2646 3672 si
2677 3615 2907 3687 Spiritus
2931 3615 3024 3671 Dei
3054 3622 3110 3670 et
3148 3614 3200 3669 in
3231 3613 3374 3671 coelo
3413 3621 3468 3670 et
3496 3611 3551 3673 in
3585 3618 3734 3691 terra
3756 3617 3813 3667 et

2220 3712 2275 3767 in
2314 3686 2692 3765 interno'adest
2719 3686 2841 3764 cum
2877 3706 2971 3763 illo
2999 3707 3091 3776 qui
3115 3704 3265 3773 dicit,
3299 3702 3492 3783 Cpiam
3522 3686 3593 3760 eti
3626 3713 3813 3759 terram

2221 3820 2309 3875 ego
2338 3800 2520 3872 impleo
2543 3802 2561 3871 (
2584 3798 2776 3856 Jerem.
2800 3797 3039 3867 “111,24
3065 3797 3125 3870 );
3151 3812 3279 3869 ergo
3305 3796 3536 3853 Trinitas
3568 3809 3711 3851 unus
3724 3800 3815 3852 est

2224 3894 2383 3950 Deus.
2414 3890 2519 3949 Sed
2551 3890 2673 3947 audi
2719 3891 2913 3957 adhuc,
2972 3889 3242 3957 hmretice,
3273 3885 3415 3944 unde
3447 3885 3809 3954 convincaris,

2221 3987 2361 4059 quod
2387 3986 2620 4042 Trinitas
2670 4000 2810 4041 unus
2835 3984 2905 4040 sit
2952 3983 3109 4040 Deus.
3155 3980 3212 4038 In
3236 3981 3353 4053 ipso
3378 3978 3641 4051 principio
3690 3977 3813 4036 libri

2222 4082 2513 4147 Geneseos,
2544 4078 2684 4150 quod
2721 4076 2974 4144 diximus,
3000 4075 3257 4148 scriptum
3303 4080 3404 4139 est,
3444 4068 3511 4126 In
3561 4069 3813 4142 principio

2224 4174 2339 4245 fecit
2370 4168 2507 4228 Deus
2531 4171 2711 4227 cretum
2734 4178 2782 4226 et
2803 4178 3009 4225 terram.
3039 4167 3180 4228 Ecce
3219 4167 3360 4225 Deus
3386 4165 3568 4234 Pater,
3592 4163 3831 4234 etprius

2224 4263 2421 4335 cipium
2468 4262 2656 4331 Filius,
2687 4260 2981 4319 secundum
3020 4259 3165 4334 quod
3204 4274 3263 4317 se
3288 4259 3422 4316 dixit
3461 4272 3584 4315 esse
3611 4255 3813 4327 princi-

2225 4357 2390 4428 pium.
2413 4354 2468 4414 Si
2491 4364 2673 4414 autem
2689 4354 3008 4427 etSpiritum
3035 4363 3277 4412 sanctum
3298 4353 3535 4425 quaeris”:
3561 4348 3814 4421 Spiritus,

2226 4448 2417 4520 inquit,
2447 4444 2542 4503 Dei
2588 4447 2994 4519 superferebatur
3012 4462 3167 4516 super
3212 4460 3387 4516 aquas.
3438 4440 3573 4498 Cum
3605 4455 3735 4513 ergo
3761 4442 3815 4497 in

2228 4538 2674 4611 consequentibus
2690 4539 2906 4611 legitur,
2931 4534 3246 4603 DixitDeus,
3277 4532 3395 4589 Fiat
3418 4531 3546 4599 tua);
3577 4540 3653 4601 et,
3684 4530 3819 4589 Fiu-

2228 4628 2301 4685 rit
2322 4629 2458 4684 Dcus
2486 4631 2549 4685 de
2577 4639 2742 4696 terra;
2768 4638 2843 4696 et,
2880 4625 3026 4683 Fecit
3073 4624 3214 4681 Deus
3239 4640 3258 4679 :
3282 4623 3387 4681 hoc
3416 4623 3818 4680 demonstratur

2230 4722 2372 4792 quod
2421 4720 2796 4795 inseparabilia
2823 4726 2948 4777 sunt
2970 4732 3133 4789 opera
3175 4716 3471 4773 Trinitatis.
3504 4715 3817 4773 Evidentius

2232 4813 2334 4870 hoc
2361 4814 2412 4869 in
2443 4808 2892 4886 consequentibus
2930 4810 3355 4869 demonstratur.
3381 4807 3517 4864 Nam
3538 4822 3659 4865 cum
3686 4822 3819 4864 ven-
3863 4870 3879 4885 .

2232 4916 2345 4962 tum
2368 4905 2587 4962 essetad
2624 4905 2677 4961 id
2726 4913 2787 4961 ut
2815 4905 2976 4961 homo
3008 4901 3354 4968 formaretur,
3383 4901 3459 4957 ait
3493 4899 3770 4970 Scriptura
3804 4918 3818 4954 :

2234 4998 2305 5055 Et
2333 5000 2464 5065 dixit
2484 5000 2643 5069 Deus,
2696 4998 2971 5055 Faciamus
3007 4999 3258 5055 hominem
3284 4997 3353 5052 ad
3392 4995 3663 5067 imaginem
3682 5004 3727 5050 et
3748 4992 3823 5049 si-

2238 5090 2570 5147 militudinem
2595 5068 2842 5148 nostram.
2870 5090 2987 5150 Non
3009 5089 3164 5159 dixit,
3196 5088 3410 5146 Faciam
3441 5068 3509 5143 ad
3535 5085 3823 5158 imaginem

2236 5192 2291 5239 et
2319 5181 2719 5240 similitudinem
2745 5197 2937 5249 meam,
2965 5189 3025 5238 ut
3052 5181 3197 5238 solus
3219 5179 3379 5238 Pater
3403 5178 3825 5250 intelligeretur;

2240 5274 2505 5342 necdixit,
2559 5274 2697 5342 Fiat,
2740 5283 2798 5330 ut
2848 5272 2986 5330 Filio
3016 5273 3179 5329 veluti
3220 5271 3434 5344 iuberet
3477 5269 3678 5337 facere,
3727 5283 3826 5339 per

2239 5384 2396 5438 quem
2420 5365 2561 5424 facta
2602 5374 2726 5423 sunt
2751 5365 2972 5432 omnia;
3013 5379 3115 5421 nec
3156 5363 3358 5420 dictum
3400 5371 3503 5432 est,
3536 5360 3824 5426 Fecerunt,

2240 5467 2299 5515 ut
2316 5459 2507 5532 singuli
2557 5459 2763 5531 singula
2792 5458 2849 5514 in
2894 5472 2961 5513 eo
3007 5455 3317 5515 conferrent
3361 5469 3524 5526 opera
3566 5467 3664 5511 sua
3695 5451 3831 5509 :sed

2240 5569 2362 5609 cum
2396 5551 2662 5608 diceretur
2685 5593 2699 5616 ,
2754 5548 3030 5604 Faciamus
3081 5547 3336 5607 hominem
3375 5547 3445 5602 ad
3487 5546 3831 5618 imaginem“

2239 5642 2620 5725 similitudinem
2650 5652 2890 5708 nostram,
2921 5648 2979 5695 ut
3006 5638 3239 5697 Trinitas
3282 5653 3420 5695 unus
3464 5639 3607 5694 Deus
3635 5635 3833 5701 intelli-

2284 5797 2408 5868 χιιι
2439 5792 2717 5868 pivtonenst
3227 5788 3305 5836 est
3338 5792 3371 5836 ιι
3406 5782 3625 5837 secunda
3652 5772 3830 5847 ibant),

2241 5857 2415 5928 divisit,
2439 5864 2577 5910 vorte
2595 5856 2719 5933 leg.,
2742 5851 2981 5936 pra’cidit.
