  <div class='ocr_page' id='page_1' title='image "/cluster/home/n/w/nwhite01/storage/ocr_20150623/40/hvd.32044096580626/352.png"; bbox 0 0 4140 6216; ppageno 0'>
   <div class='ocr_carea' id='block_1_1' title="bbox 321 342 426 400">
    <p class='ocr_par' dir='ltr' id='par_1_1' title="bbox 321 342 426 400">
     <span class='ocr_line' id='line_1_1' title="bbox 321 342 426 400; baseline 0 0"><span class='ocrx_word' id='word_1_1' title='bbox 321 342 426 400; x_wconf 85' lang='grc'><strong>689</strong></span> 
     </span>
    </p>
   </div>
   <div class='ocr_carea' id='block_1_2' title="bbox 321 450 1894 519">
    <p class='ocr_par' dir='ltr' id='par_1_2' title="bbox 321 450 1894 519">
     <span class='ocr_line' id='line_1_2' title="bbox 321 450 1894 519; baseline -0.003 -10"><span class='ocrx_word' id='word_1_2' title='bbox 321 454 386 509; x_wconf 85' lang='lat' dir='ltr'><strong>de</strong></span> <span class='ocrx_word' id='word_1_3' title='bbox 409 463 562 509; x_wconf 88' lang='lat' dir='ltr'><strong>terra.</strong></span> <span class='ocrx_word' id='word_1_4' title='bbox 591 450 662 506; x_wconf 83' lang='lat' dir='ltr'><strong>Et</strong></span> <span class='ocrx_word' id='word_1_5' title='bbox 687 467 842 519; x_wconf 87' lang='lat' dir='ltr'><strong>nunc,</strong></span> <span class='ocrx_word' id='word_1_6' title='bbox 870 451 945 507; x_wconf 90' lang='lat' dir='ltr'><strong>ait</strong></span> <span class='ocrx_word' id='word_1_7' title='bbox 969 451 1244 516; x_wconf 84' lang='lat' dir='ltr'><strong>Dominus,</strong></span> <span class='ocrx_word' id='word_1_8' title='bbox 1271 451 1567 506; x_wconf 87' lang='lat' dir='ltr'><strong>maledictus</strong></span> <span class='ocrx_word' id='word_1_9' title='bbox 1596 459 1648 504; x_wconf 88' lang='lat' dir='ltr'><strong>tu</strong></span> <span class='ocrx_word' id='word_1_10' title='bbox 1673 468 1702 504; x_wconf 94' lang='lat' dir='ltr'><strong>a</strong></span> <span class='ocrx_word' id='word_1_11' title='bbox 1731 460 1894 506; x_wconf 88' lang='lat' dir='ltr'><strong>terra:</strong></span> 
     </span>
    </p>
   </div>
   <div class='ocr_carea' id='block_1_3' title="bbox 321 521 1900 589">
    <p class='ocr_par' dir='ltr' id='par_1_3' title="bbox 321 521 1900 589">
     <span class='ocr_line' id='line_1_3' title="bbox 321 521 1900 589; baseline -0.003 -10"><span class='ocrx_word' id='word_1_12' title='bbox 321 539 451 589; x_wconf 88' lang='lat' dir='ltr'><strong>non,</strong></span> <span class='ocrx_word' id='word_1_13' title='bbox 483 521 764 577; x_wconf 84' lang='lat' dir='ltr'><strong>maledicta</strong></span> <span class='ocrx_word' id='word_1_14' title='bbox 793 531 933 577; x_wconf 85' lang='lat' dir='ltr'><strong>terra</strong></span> <span class='ocrx_word' id='word_1_15' title='bbox 959 563 972 585; x_wconf 91' lang='lat'><strong>,</strong></span> <span class='ocrx_word' id='word_1_16' title='bbox 1006 521 1120 587; x_wconf 89' lang='lat' dir='ltr'><strong>sed,</strong></span> <span class='ocrx_word' id='word_1_17' title='bbox 1151 521 1444 575; x_wconf 88' lang='lat' dir='ltr'><strong>maledictus</strong></span> <span class='ocrx_word' id='word_1_18' title='bbox 1473 531 1526 574; x_wconf 91' lang='lat' dir='ltr'><strong>tu</strong></span> <span class='ocrx_word' id='word_1_19' title='bbox 1553 538 1583 574; x_wconf 90' lang='lat' dir='ltr'><strong>a</strong></span> <span class='ocrx_word' id='word_1_20' title='bbox 1609 530 1760 587; x_wconf 89' lang='lat' dir='ltr'><strong>terra,</strong></span> <span class='ocrx_word' id='word_1_21' title='bbox 1789 537 1900 589; x_wconf 82' lang='lat' dir='ltr'><strong>qua:</strong></span> 
     </span>
    </p>
   </div>
   <div class='ocr_carea' id='block_1_4' title="bbox 320 589 1896 665">
    <p class='ocr_par' dir='ltr' id='par_1_4' title="bbox 320 589 1896 665">
     <span class='ocr_line' id='line_1_4' title="bbox 320 589 1896 665; baseline -0.002 -17"><span class='ocrx_word' id='word_1_22' title='bbox 320 595 512 665; x_wconf 74' lang='lat' dir='ltr'><strong>accepit</strong></span> <span class='ocrx_word' id='word_1_23' title='bbox 537 593 832 665; x_wconf 81' lang='lat' dir='ltr'><strong>sanguinem</strong></span> <span class='ocrx_word' id='word_1_24' title='bbox 862 593 1034 662; x_wconf 88' lang='lat' dir='ltr'><strong>fratris</strong></span> <span class='ocrx_word' id='word_1_25' title='bbox 1065 593 1136 646; x_wconf 88' lang='lat' dir='ltr'><strong>tui</strong></span> <span class='ocrx_word' id='word_1_26' title='bbox 1165 593 1226 645; x_wconf 88' lang='lat' dir='ltr'><strong>de</strong></span> <span class='ocrx_word' id='word_1_27' title='bbox 1243 609 1404 665; x_wconf 85' lang='lat' dir='ltr'><strong>manu</strong></span> <span class='ocrx_word' id='word_1_28' title='bbox 1433 601 1517 644; x_wconf 89' lang='lat' dir='ltr'><strong>tua</strong></span> <span class='ocrx_word' id='word_1_29' title='bbox 1545 589 1693 665; x_wconf 75' lang='lat' dir='ltr'><strong>(Gen.</strong></span> <span class='ocrx_word' id='word_1_30' title='bbox 1725 606 1802 658; x_wconf 83' lang='lat' dir='ltr'><strong>tv,</strong></span> <span class='ocrx_word' id='word_1_31' title='bbox 1836 593 1896 645; x_wconf 81' lang='grc'><strong>1-</strong></span> 
     </span>
    </p>
   </div>
   <div class='ocr_carea' id='block_1_5' title="bbox 324 663 1899 737">
    <p class='ocr_par' dir='ltr' id='par_1_5' title="bbox 324 663 1899 737">
     <span class='ocr_line' id='line_1_5' title="bbox 324 663 1899 737; baseline -0.003 -17"><span class='ocrx_word' id='word_1_32' title='bbox 324 663 447 737; x_wconf 63' lang='lat' dir='ltr'><strong>ii);</strong></span> <span class='ocrx_word' id='word_1_33' title='bbox 477 663 719 737; x_wconf 70' lang='lat' dir='ltr'><strong>AgriOSCe</strong></span> <span class='ocrx_word' id='word_1_34' title='bbox 739 663 870 737; x_wconf 83' lang='lat' dir='ltr'><strong>jam,</strong></span> <span class='ocrx_word' id='word_1_35' title='bbox 902 671 1062 724; x_wconf 91' lang='lat' dir='ltr'><strong>terra,</strong></span> <span class='ocrx_word' id='word_1_36' title='bbox 1095 663 1341 732; x_wconf 90' lang='lat' dir='ltr'><strong>quoniam</strong></span> <span class='ocrx_word' id='word_1_37' title='bbox 1372 663 1627 737; x_wconf 85' lang='lat' dir='ltr'><strong>sanguine</strong></span> <span class='ocrx_word' id='word_1_38' title='bbox 1654 663 1820 737; x_wconf 86' lang='lat' dir='ltr'><strong>rigata</strong></span> <span class='ocrx_word' id='word_1_39' title='bbox 1841 677 1899 716; x_wconf 91' lang='lat' dir='ltr'><strong>es</strong></span> 
     </span>
    </p>
   </div>
   <div class='ocr_carea' id='block_1_6' title="bbox 322 733 1900 803">
    <p class='ocr_par' dir='ltr' id='par_1_6' title="bbox 322 733 1900 803">
     <span class='ocr_line' id='line_1_6' title="bbox 322 733 1900 803; baseline -0.002 -14"><span class='ocrx_word' id='word_1_40' title='bbox 322 733 619 790; x_wconf 83' lang='lat' dir='ltr'><strong>innocentis</strong></span> <span class='ocrx_word' id='word_1_41' title='bbox 642 773 658 798; x_wconf 94' lang='lat'><strong>,</strong></span> <span class='ocrx_word' id='word_1_42' title='bbox 697 734 954 788; x_wconf 90' lang='lat' dir='ltr'><strong>convince</strong></span> <span class='ocrx_word' id='word_1_43' title='bbox 993 748 1178 787; x_wconf 91' lang='lat' dir='ltr'><strong>vocem</strong></span> <span class='ocrx_word' id='word_1_44' title='bbox 1217 733 1458 803; x_wconf 77' lang='lat' dir='ltr'><strong>negantis</strong></span> <span class='ocrx_word' id='word_1_45' title='bbox 1484 774 1496 796; x_wconf 80' lang='grc'><em>,</em></span> <span class='ocrx_word' id='word_1_46' title='bbox 1529 733 1753 803; x_wconf 82' lang='lat' dir='ltr'><strong>suscipe</strong></span> <span class='ocrx_word' id='word_1_47' title='bbox 1778 747 1900 786; x_wconf 82' lang='lat' dir='ltr'><strong>san—</strong></span> 
     </span>
    </p>
   </div>
   <div class='ocr_carea' id='block_1_7' title="bbox 360 801 1902 872">
    <p class='ocr_par' dir='ltr' id='par_1_7' title="bbox 360 801 1902 872">
     <span class='ocr_line' id='line_1_7' title="bbox 360 801 1902 872; baseline -0.002 -13"><span class='ocrx_word' id='word_1_48' title='bbox 360 805 534 859; x_wconf 90' lang='lat' dir='ltr'><strong>uinem</strong></span> <span class='ocrx_word' id='word_1_49' title='bbox 572 803 893 860; x_wconf 90' lang='lat' dir='ltr'><strong>confitentis.</strong></span> <span class='ocrx_word' id='word_1_50' title='bbox 943 801 1342 872; x_wconf 85' lang='lat' dir='ltr'><strong>lnterrogentur</strong></span> <span class='ocrx_word' id='word_1_51' title='bbox 1379 812 1433 856; x_wconf 87' lang='lat' dir='ltr'><strong>et</strong></span> <span class='ocrx_word' id='word_1_52' title='bbox 1479 818 1618 856; x_wconf 92' lang='lat' dir='ltr'><strong>nunc</strong></span> <span class='ocrx_word' id='word_1_53' title='bbox 1656 801 1821 857; x_wconf 73' lang='lat' dir='ltr'><strong>Iudas</strong></span> <span class='ocrx_word' id='word_1_54' title='bbox 1848 809 1902 856; x_wconf 89' lang='lat' dir='ltr'><strong>ct</strong></span> 
     </span>
    </p>
   </div>
   <div class='ocr_carea' id='block_1_8' title="bbox 319 820 1899 941">
    <p class='ocr_par' dir='ltr' id='par_1_8' title="bbox 319 820 1899 941">
     <span class='ocr_line' id='line_1_8' title="bbox 360 820 1899 872; baseline -0.002 -13"><span class='ocrx_word' id='word_1_55' title='bbox 360 820 534 859; x_wconf 87' lang='lat' dir='ltr'><strong>umem</strong></span> <span class='ocrx_word' id='word_1_56' title='bbox 572 820 893 860; x_wconf 83' lang='lat' dir='ltr'><strong>counteuus.</strong></span> <span class='ocrx_word' id='word_1_57' title='bbox 943 820 1342 872; x_wconf 80' lang='lat' dir='ltr'><strong>mterrogentur</strong></span> <span class='ocrx_word' id='word_1_58' title='bbox 1379 820 1433 856; x_wconf 80' lang='lat' dir='ltr'><strong>et</strong></span> <span class='ocrx_word' id='word_1_59' title='bbox 1479 820 1618 856; x_wconf 91' lang='lat' dir='ltr'><strong>nunc</strong></span> <span class='ocrx_word' id='word_1_60' title='bbox 1656 820 1821 857; x_wconf 77' lang='lat' dir='ltr'><strong>Juoas</strong></span> <span class='ocrx_word' id='word_1_61' title='bbox 1848 820 1899 856; x_wconf 78' lang='lat' dir='ltr'><strong>et</strong></span> 
     </span>
     <span class='ocr_line' id='line_1_9' title="bbox 319 820 1899 941; baseline -0.004 -10"><span class='ocrx_word' id='word_1_62' title='bbox 319 820 514 940; x_wconf 46' lang='lat' dir='ltr'><strong>iudici,</strong></span> <span class='ocrx_word' id='word_1_63' title='bbox 539 875 645 928; x_wconf 91' lang='lat' dir='ltr'><strong>imo</strong></span> <span class='ocrx_word' id='word_1_64' title='bbox 674 875 725 929; x_wconf 92' lang='lat' dir='ltr'><strong>in</strong></span> <span class='ocrx_word' id='word_1_65' title='bbox 747 873 880 928; x_wconf 83' lang='lat' dir='ltr'><strong>Juda</strong></span> <span class='ocrx_word' id='word_1_66' title='bbox 902 888 1088 928; x_wconf 90' lang='lat' dir='ltr'><strong>omnes</strong></span> <span class='ocrx_word' id='word_1_67' title='bbox 1107 873 1295 928; x_wconf 83' lang='lat' dir='ltr'><strong>Judaei.</strong></span> <span class='ocrx_word' id='word_1_68' title='bbox 1329 873 1623 941; x_wconf 87' lang='lat' dir='ltr'><strong>lnterroget</strong></span> <span class='ocrx_word' id='word_1_69' title='bbox 1645 873 1899 927; x_wconf 81' lang='lat' dir='ltr'><strong>Dominus</strong></span> 
     </span>
    </p>
   </div>
   <div class='ocr_carea' id='block_1_9' title="bbox 327 942 1901 1008">
    <p class='ocr_par' dir='ltr' id='par_1_9' title="bbox 327 942 1901 1008">
     <span class='ocr_line' id='line_1_10' title="bbox 327 942 1901 1008; baseline -0.004 -6"><span class='ocrx_word' id='word_1_70' title='bbox 327 945 517 1003; x_wconf 75' lang='lat' dir='ltr'><strong>ludam</strong></span> <span class='ocrx_word' id='word_1_71' title='bbox 548 953 601 997; x_wconf 84' lang='lat' dir='ltr'><strong>et</strong></span> <span class='ocrx_word' id='word_1_72' title='bbox 643 943 782 998; x_wconf 83' lang='lat' dir='ltr'><strong>dicat</strong></span> <span class='ocrx_word' id='word_1_73' title='bbox 824 944 872 999; x_wconf 91' lang='lat' dir='ltr'><strong>ei</strong></span> <span class='ocrx_word' id='word_1_74' title='bbox 922 962 933 996; x_wconf 91' lang='lat'>:</span> <span class='ocrx_word' id='word_1_75' title='bbox 974 943 1107 998; x_wconf 85' lang='lat' dir='ltr'><strong>Juda</strong></span> <span class='ocrx_word' id='word_1_76' title='bbox 1133 985 1146 1008; x_wconf 91' lang='lat'><strong>,</strong></span> <span class='ocrx_word' id='word_1_77' title='bbox 1190 943 1276 998; x_wconf 92' lang='lat' dir='ltr'><strong>ubi</strong></span> <span class='ocrx_word' id='word_1_78' title='bbox 1323 953 1404 998; x_wconf 87' lang='lat' dir='ltr'><strong>est</strong></span> <span class='ocrx_word' id='word_1_79' title='bbox 1456 942 1695 997; x_wconf 83' lang='lat' dir='ltr'><strong>Christus</strong></span> <span class='ocrx_word' id='word_1_80' title='bbox 1737 942 1901 996; x_wconf 82' lang='lat' dir='ltr'><strong>frater</strong></span> 
     </span>
    </p>
   </div>
   <div class='ocr_carea' id='block_1_10' title="bbox 322 1012 1897 1081">
    <p class='ocr_par' dir='ltr' id='par_1_10' title="bbox 322 1012 1897 1081">
     <span class='ocr_line' id='line_1_11' title="bbox 322 1012 1897 1081; baseline -0.004 -10"><span class='ocrx_word' id='word_1_81' title='bbox 322 1015 486 1071; x_wconf 90' lang='lat' dir='ltr'><strong>tuus?</strong></span> <span class='ocrx_word' id='word_1_82' title='bbox 530 1016 610 1068; x_wconf 80' lang='lat' dir='ltr'><strong>An</strong></span> <span class='ocrx_word' id='word_1_83' title='bbox 656 1015 789 1069; x_wconf 86' lang='lat' dir='ltr'><strong>forte</strong></span> <span class='ocrx_word' id='word_1_84' title='bbox 838 1013 1075 1067; x_wconf 90' lang='lat' dir='ltr'><strong>dicturus</strong></span> <span class='ocrx_word' id='word_1_85' title='bbox 1123 1029 1218 1076; x_wconf 85' lang='lat' dir='ltr'><strong>es,</strong></span> <span class='ocrx_word' id='word_1_86' title='bbox 1267 1028 1300 1067; x_wconf 92' lang='lat'><strong>0</strong></span> <span class='ocrx_word' id='word_1_87' title='bbox 1343 1013 1478 1069; x_wconf 87' lang='lat' dir='ltr'><strong>male</strong></span> <span class='ocrx_word' id='word_1_88' title='bbox 1524 1014 1722 1077; x_wconf 90' lang='lat' dir='ltr'><strong>frater,</strong></span> <span class='ocrx_word' id='word_1_89' title='bbox 1756 1012 1897 1081; x_wconf 91' lang='lat' dir='ltr'><strong>quod</strong></span> 
     </span>
    </p>
   </div>
   <div class='ocr_carea' id='block_1_11' title="bbox 322 1083 1900 1152">
    <p class='ocr_par' dir='ltr' id='par_1_11' title="bbox 322 1083 1900 1152">
     <span class='ocr_line' id='line_1_12' title="bbox 322 1083 1900 1152; baseline -0.003 -11"><span class='ocrx_word' id='word_1_90' title='bbox 322 1086 568 1142; x_wconf 87' lang='lat' dir='ltr'><strong>Christus</strong></span> <span class='ocrx_word' id='word_1_91' title='bbox 595 1094 712 1138; x_wconf 89' lang='lat' dir='ltr'><strong>tuus</strong></span> <span class='ocrx_word' id='word_1_92' title='bbox 743 1083 970 1138; x_wconf 91' lang='lat' dir='ltr'><strong>nonfuit</strong></span> <span class='ocrx_word' id='word_1_93' title='bbox 997 1084 1193 1138; x_wconf 82' lang='lat' dir='ltr'><strong>frater?</strong></span> <span class='ocrx_word' id='word_1_94' title='bbox 1224 1083 1518 1138; x_wconf 85' lang='lat' dir='ltr'><strong>Convincat</strong></span> <span class='ocrx_word' id='word_1_95' title='bbox 1545 1094 1594 1136; x_wconf 90' lang='lat' dir='ltr'><strong>te</strong></span> <span class='ocrx_word' id='word_1_96' title='bbox 1621 1083 1767 1152; x_wconf 89' lang='lat' dir='ltr'><strong>prius</strong></span> <span class='ocrx_word' id='word_1_97' title='bbox 1789 1083 1900 1152; x_wconf 88' lang='lat' dir='ltr'><strong>ipse</strong></span> 
     </span>
    </p>
   </div>
   <div class='ocr_carea' id='block_1_12' title="bbox 323 1151 1901 1224">
    <p class='ocr_par' dir='ltr' id='par_1_12' title="bbox 323 1151 1901 1224">
     <span class='ocr_line' id='line_1_13' title="bbox 323 1151 1901 1224; baseline -0.003 -13"><span class='ocrx_word' id='word_1_98' title='bbox 323 1156 578 1211; x_wconf 88' lang='lat' dir='ltr'><strong>Dominus</strong></span> <span class='ocrx_word' id='word_1_99' title='bbox 591 1154 731 1224; x_wconf 90' lang='lat' dir='ltr'><strong>quod</strong></span> <span class='ocrx_word' id='word_1_100' title='bbox 748 1165 865 1208; x_wconf 88' lang='lat' dir='ltr'><strong>tuus</strong></span> <span class='ocrx_word' id='word_1_101' title='bbox 879 1154 1034 1208; x_wconf 86' lang='lat' dir='ltr'><strong>fuerit</strong></span> <span class='ocrx_word' id='word_1_102' title='bbox 1051 1152 1230 1208; x_wconf 86' lang='lat' dir='ltr'><strong>frater.</strong></span> <span class='ocrx_word' id='word_1_103' title='bbox 1250 1153 1342 1206; x_wconf 92' lang='lat' dir='ltr'><strong>Dic</strong></span> <span class='ocrx_word' id='word_1_104' title='bbox 1354 1153 1527 1218; x_wconf 90' lang='lat' dir='ltr'><strong>nobis,</strong></span> <span class='ocrx_word' id='word_1_105' title='bbox 1546 1151 1764 1224; x_wconf 86' lang='lat' dir='ltr'><strong>Domine</strong></span> <span class='ocrx_word' id='word_1_106' title='bbox 1777 1151 1901 1224; x_wconf 81' lang='lat' dir='ltr'><strong>Jesu</strong></span> 
     </span>
    </p>
   </div>
   <div class='ocr_carea' id='block_1_13' title="bbox 323 1222 1894 1291">
    <p class='ocr_par' dir='ltr' id='par_1_13' title="bbox 323 1222 1894 1291">
     <span class='ocr_line' id='line_1_14' title="bbox 323 1222 1894 1291; baseline -0.005 -9"><span class='ocrx_word' id='word_1_107' title='bbox 323 1226 533 1282; x_wconf 84' lang='lat' dir='ltr'><strong>Christe</strong></span> <span class='ocrx_word' id='word_1_108' title='bbox 557 1267 570 1288; x_wconf 91' lang='lat'><strong>,</strong></span> <span class='ocrx_word' id='word_1_109' title='bbox 607 1222 777 1278; x_wconf 83' lang='lat' dir='ltr'><strong>utrum</strong></span> <span class='ocrx_word' id='word_1_110' title='bbox 809 1224 971 1279; x_wconf 89' lang='lat' dir='ltr'><strong>Judas</strong></span> <span class='ocrx_word' id='word_1_111' title='bbox 1013 1223 1166 1278; x_wconf 91' lang='lat' dir='ltr'><strong>fuerit</strong></span> <span class='ocrx_word' id='word_1_112' title='bbox 1204 1224 1364 1277; x_wconf 81' lang='lat' dir='ltr'><strong>frater</strong></span> <span class='ocrx_word' id='word_1_113' title='bbox 1395 1232 1534 1276; x_wconf 90' lang='lat' dir='ltr'><strong>tuus.</strong></span> <span class='ocrx_word' id='word_1_114' title='bbox 1565 1222 1894 1291; x_wconf 81' lang='lat' dir='ltr'><strong>Respondet,</strong></span> 
     </span>
    </p>
   </div>
   <div class='ocr_carea' id='block_1_14' title="bbox 327 1292 1897 1362">
    <p class='ocr_par' dir='ltr' id='par_1_14' title="bbox 327 1292 1897 1362">
     <span class='ocr_line' id='line_1_15' title="bbox 327 1292 1897 1362; baseline -0.004 -12"><span class='ocrx_word' id='word_1_115' title='bbox 327 1295 466 1351; x_wconf 86' lang='lat' dir='ltr'><strong>Etsi</strong></span> <span class='ocrx_word' id='word_1_116' title='bbox 495 1295 627 1357; x_wconf 85' lang='lat' dir='ltr'><strong>fuit,</strong></span> <span class='ocrx_word' id='word_1_117' title='bbox 666 1296 758 1348; x_wconf 92' lang='lat' dir='ltr'><strong>fuit</strong></span> <span class='ocrx_word' id='word_1_118' title='bbox 789 1312 801 1347; x_wconf 87' lang='lat'><strong>:</strong></span> <span class='ocrx_word' id='word_1_119' title='bbox 844 1310 948 1347; x_wconf 90' lang='lat' dir='ltr'><strong>non</strong></span> <span class='ocrx_word' id='word_1_120' title='bbox 991 1295 1131 1347; x_wconf 90' lang='lat' dir='ltr'><strong>enim</strong></span> <span class='ocrx_word' id='word_1_121' title='bbox 1161 1303 1242 1347; x_wconf 88' lang='lat' dir='ltr'><strong>est</strong></span> <span class='ocrx_word' id='word_1_122' title='bbox 1269 1292 1408 1362; x_wconf 88' lang='lat' dir='ltr'><strong>quod</strong></span> <span class='ocrx_word' id='word_1_123' title='bbox 1459 1293 1593 1360; x_wconf 90' lang='lat' dir='ltr'><strong>fuit,</strong></span> <span class='ocrx_word' id='word_1_124' title='bbox 1626 1301 1678 1346; x_wconf 92' lang='lat' dir='ltr'><strong>et</strong></span> <span class='ocrx_word' id='word_1_125' title='bbox 1707 1293 1750 1346; x_wconf 91' lang='lat' dir='ltr'><strong>si</strong></span> <span class='ocrx_word' id='word_1_126' title='bbox 1781 1293 1897 1358; x_wconf 87' lang='lat' dir='ltr'><strong>fuit,</strong></span> 
     </span>
    </p>
   </div>
   <div class='ocr_carea' id='block_1_15' title="bbox 324 1362 1901 1488">
    <p class='ocr_par' dir='ltr' id='par_1_15' title="bbox 324 1362 1901 1488">
     <span class='ocr_line' id='line_1_16' title="bbox 324 1362 1901 1488; baseline -0.003 -67"><span class='ocrx_word' id='word_1_127' title='bbox 324 1367 460 1421; x_wconf 88' lang='lat' dir='ltr'><strong>fuit:</strong></span> <span class='ocrx_word' id='word_1_128' title='bbox 509 1380 606 1488; x_wconf 51' lang='lat' dir='ltr'><strong>ego</strong></span> <span class='ocrx_word' id='word_1_129' title='bbox 649 1367 789 1419; x_wconf 89' lang='lat' dir='ltr'><strong>enim</strong></span> <span class='ocrx_word' id='word_1_130' title='bbox 834 1363 1154 1434; x_wconf 90' lang='lat' dir='ltr'><strong>generaliter</strong></span> <span class='ocrx_word' id='word_1_131' title='bbox 1190 1363 1257 1417; x_wconf 92' lang='lat' dir='ltr'><strong>de</strong></span> <span class='ocrx_word' id='word_1_132' title='bbox 1302 1362 1549 1418; x_wconf 90' lang='lat' dir='ltr'><strong>omnibus</strong></span> <span class='ocrx_word' id='word_1_133' title='bbox 1598 1364 1736 1416; x_wconf 86' lang='lat' dir='ltr'><strong>Patri</strong></span> <span class='ocrx_word' id='word_1_134' title='bbox 1782 1378 1901 1416; x_wconf 90' lang='lat' dir='ltr'><strong>meo</strong></span> 
     </span>
     <span class='ocr_line' id='line_1_17' title="bbox 324 1431 1897 1488; baseline -0.001 0"><span class='ocrx_word' id='word_1_135' title='bbox 324 1435 434 1488; x_wconf 83' lang='lat' dir='ltr'><strong>dixi</strong></span> <span class='ocrx_word' id='word_1_136' title='bbox 460 1478 472 1488; x_wconf 90' lang='lat'><strong>.</strong></span> <span class='ocrx_word' id='word_1_137' title='bbox 575 1435 849 1488; x_wconf 86' lang='lat' dir='ltr'><strong>nnuntiabo</strong></span> <span class='ocrx_word' id='word_1_138' title='bbox 888 1444 1084 1488; x_wconf 82' lang='lat' dir='ltr'><strong>nomen‘</strong></span> <span class='ocrx_word' id='word_1_139' title='bbox 1105 1443 1244 1486; x_wconf 88' lang='lat' dir='ltr'><strong>tuum</strong></span> <span class='ocrx_word' id='word_1_140' title='bbox 1275 1432 1514 1488; x_wconf 81' lang='lat' dir='ltr'><strong>fratribus</strong></span> <span class='ocrx_word' id='word_1_141' title='bbox 1559 1435 1681 1486; x_wconf 90' lang='lat' dir='ltr'><strong>meis</strong></span> <span class='ocrx_word' id='word_1_142' title='bbox 1711 1433 1727 1488; x_wconf 87' lang='lat' dir='ltr'><strong>l</strong></span> <span class='ocrx_word' id='word_1_143' title='bbox 1752 1431 1897 1486; x_wconf 87' lang='lat' dir='ltr'><strong>Psal.</strong></span> 
     </span>
    </p>
   </div>
   <div class='ocr_carea' id='block_1_16' title="bbox 324 1431 1897 1504">
    <p class='ocr_par' dir='ltr' id='par_1_16' title="bbox 324 1431 1897 1504">
     <span class='ocr_line' id='line_1_18' title="bbox 324 1431 1897 1504; baseline -0.003 -14"><span class='ocrx_word' id='word_1_144' title='bbox 324 1435 434 1490; x_wconf 76' lang='lat' dir='ltr'><strong>dixi</strong></span> <span class='ocrx_word' id='word_1_145' title='bbox 460 1478 472 1499; x_wconf 91' lang='lat'><strong>,</strong></span> <span class='ocrx_word' id='word_1_146' title='bbox 529 1431 858 1488; x_wconf 44' lang='lat' dir='ltr'><strong>Annuutiabo&#39;</strong></span> <span class='ocrx_word' id='word_1_147' title='bbox 888 1444 1084 1488; x_wconf 83' lang='lat' dir='ltr'><strong>nomen‘</strong></span> <span class='ocrx_word' id='word_1_148' title='bbox 1105 1443 1244 1486; x_wconf 86' lang='lat' dir='ltr'><strong>tuum</strong></span> <span class='ocrx_word' id='word_1_149' title='bbox 1273 1432 1514 1502; x_wconf 74' lang='lat' dir='ltr'><strong>fratribus</strong></span> <span class='ocrx_word' id='word_1_150' title='bbox 1559 1433 1729 1504; x_wconf 64' lang='lat' dir='ltr'><strong>ineis_(</strong></span> <span class='ocrx_word' id='word_1_151' title='bbox 1752 1431 1897 1504; x_wconf 81' lang='lat' dir='ltr'><strong>Psal.</strong></span> 
     </span>
    </p>
   </div>
   <div class='ocr_carea' id='block_1_17' title="bbox 326 1502 1903 1574">
    <p class='ocr_par' dir='ltr' id='par_1_17' title="bbox 326 1502 1903 1574">
     <span class='ocr_line' id='line_1_19' title="bbox 326 1502 1903 1574; baseline -0.002 -14"><span class='ocrx_word' id='word_1_152' title='bbox 326 1522 418 1560; x_wconf 68' lang='lat' dir='ltr'><strong>xxx</strong></span> <span class='ocrx_word' id='word_1_153' title='bbox 443 1549 458 1570; x_wconf 91' lang='lat'><strong>,</strong></span> <span class='ocrx_word' id='word_1_154' title='bbox 487 1506 558 1561; x_wconf 73' lang='grc'>25</span> <span class='ocrx_word' id='word_1_155' title='bbox 581 1507 620 1574; x_wconf 92' lang='grc'><strong>).</strong></span> <span class='ocrx_word' id='word_1_156' title='bbox 666 1507 829 1566; x_wconf 84' lang='lat' dir='ltr'><strong>Ecce.</strong></span> <span class='ocrx_word' id='word_1_157' title='bbox 861 1504 991 1574; x_wconf 81' lang='lat' dir='ltr'><strong>Juda</strong></span> <span class='ocrx_word' id='word_1_158' title='bbox 1012 1547 1026 1567; x_wconf 90' lang='lat'><strong>,</strong></span> <span class='ocrx_word' id='word_1_159' title='bbox 1075 1504 1348 1574; x_wconf 89' lang='lat' dir='ltr'><strong>convictus</strong></span> <span class='ocrx_word' id='word_1_160' title='bbox 1376 1518 1436 1574; x_wconf 90' lang='lat' dir='ltr'><strong>es</strong></span> <span class='ocrx_word' id='word_1_161' title='bbox 1460 1503 1620 1574; x_wconf 91' lang='lat' dir='ltr'><strong>_qnod</strong></span> <span class='ocrx_word' id='word_1_162' title='bbox 1659 1502 1903 1574; x_wconf 84' lang='lat' dir='ltr'><strong>Christus</strong></span> 
     </span>
    </p>
   </div>
   <div class='ocr_carea' id='block_1_18' title="bbox 323 1572 1898 1643">
    <p class='ocr_par' dir='ltr' id='par_1_18' title="bbox 323 1572 1898 1643">
     <span class='ocr_line' id='line_1_20' title="bbox 323 1572 1898 1643; baseline -0.003 -13"><span class='ocrx_word' id='word_1_163' title='bbox 323 1575 482 1630; x_wconf 82' lang='lat' dir='ltr'><strong>fuerit</strong></span> <span class='ocrx_word' id='word_1_164' title='bbox 512 1572 672 1630; x_wconf 80' lang='lat' dir='ltr'><strong>frater</strong></span> <span class='ocrx_word' id='word_1_165' title='bbox 701 1585 839 1629; x_wconf 89' lang='lat' dir='ltr'><strong>tuus.</strong></span> <span class='ocrx_word' id='word_1_166' title='bbox 872 1573 969 1634; x_wconf 85' lang='lat' dir='ltr'><strong>Ubi</strong></span> <span class='ocrx_word' id='word_1_167' title='bbox 993 1583 1062 1628; x_wconf 90' lang='lat' dir='ltr'><strong>est</strong></span> <span class='ocrx_word' id='word_1_168' title='bbox 1093 1573 1248 1643; x_wconf 90' lang='lat' dir='ltr'><strong>frater</strong></span> <span class='ocrx_word' id='word_1_169' title='bbox 1268 1584 1382 1643; x_wconf 71' lang='lat' dir='ltr'><strong>tuus</strong></span> <span class='ocrx_word' id='word_1_170' title='bbox 1410 1573 1434 1643; x_wconf 73' lang='lat'><strong>2?</strong></span> <span class='ocrx_word' id='word_1_171' title='bbox 1460 1572 1898 1643; x_wconf 81' lang='lat' dir='ltr'><strong>Responde,dic,</strong></span> 
     </span>
    </p>
   </div>
   <div class='ocr_carea' id='block_1_19' title="bbox 324 1641 1902 1716">
    <p class='ocr_par' dir='ltr' id='par_1_19' title="bbox 324 1641 1902 1716">
     <span class='ocr_line' id='line_1_21' title="bbox 324 1641 1902 1716; baseline -0.004 -16"><span class='ocrx_word' id='word_1_172' title='bbox 324 1660 567 1716; x_wconf 88' lang='lat' dir='ltr'><strong>sequere,</strong></span> <span class='ocrx_word' id='word_1_173' title='bbox 600 1646 683 1699; x_wconf 91' lang='lat' dir='ltr'><strong>dic</strong></span> <span class='ocrx_word' id='word_1_174' title='bbox 714 1645 851 1714; x_wconf 88' lang='lat' dir='ltr'><strong>quod</strong></span> <span class='ocrx_word' id='word_1_175' title='bbox 892 1641 1105 1716; x_wconf 20' lang='lat' dir='ltr'><strong>dixitiet</strong></span> <span class='ocrx_word' id='word_1_176' title='bbox 1131 1641 1479 1716; x_wconf 89' lang='lat' dir='ltr'><strong>ille,_Nescio.</strong></span> <span class='ocrx_word' id='word_1_177' title='bbox 1521 1642 1782 1716; x_wconf 52' lang='lat' dir='ltr'><strong>Numquid</strong></span> <span class='ocrx_word' id='word_1_178' title='bbox 1813 1658 1902 1712; x_wconf 87' lang='lat' dir='ltr'><strong>eqo</strong></span> 
     </span>
    </p>
   </div>
   <div class='ocr_carea' id='block_1_20' title="bbox 323 1712 1899 1839">
    <p class='ocr_par' dir='ltr' id='par_1_20' title="bbox 323 1712 1899 1839">
     <span class='ocr_line' id='line_1_22' title="bbox 323 1712 1899 1839; baseline -0.004 -69"><span class='ocrx_word' id='word_1_179' title='bbox 323 1712 436 1770; x_wconf 80' lang='lat' dir='ltr'><strong>sum</strong></span> <span class='ocrx_word' id='word_1_180' title='bbox 464 1725 628 1770; x_wconf 88' lang='lat' dir='ltr'><strong>custos</strong></span> <span class='ocrx_word' id='word_1_181' title='bbox 641 1712 830 1839; x_wconf 37' lang='lat' dir='ltr'><strong>(Ira—tris</strong></span> <span class='ocrx_word' id='word_1_182' title='bbox 860 1716 957 1768; x_wconf 88' lang='lat' dir='ltr'><strong>mei</strong></span> <span class='ocrx_word' id='word_1_183' title='bbox 981 1716 1006 1768; x_wconf 85' lang='lat'><strong><em>?</em></strong></span> <span class='ocrx_word' id='word_1_184' title='bbox 1033 1714 1147 1769; x_wconf 91' lang='lat' dir='ltr'><strong>Non</strong></span> <span class='ocrx_word' id='word_1_185' title='bbox 1172 1713 1312 1767; x_wconf 91' lang='lat' dir='ltr'><strong>enim</strong></span> <span class='ocrx_word' id='word_1_186' title='bbox 1353 1723 1404 1765; x_wconf 90' lang='lat' dir='ltr'><strong>ct</strong></span> <span class='ocrx_word' id='word_1_187' title='bbox 1431 1721 1484 1766; x_wconf 92' lang='lat' dir='ltr'><strong>tu</strong></span> <span class='ocrx_word' id='word_1_188' title='bbox 1516 1712 1655 1767; x_wconf 90' lang='lat' dir='ltr'><strong>fuisti</strong></span> <span class='ocrx_word' id='word_1_189' title='bbox 1685 1721 1862 1766; x_wconf 89' lang='lat' dir='ltr'><strong>custos</strong></span> <span class='ocrx_word' id='word_1_190' title='bbox 1884 1753 1899 1776; x_wconf 92' lang='lat'><strong>,</strong></span> 
     </span>
     <span class='ocr_line' id='line_1_23' title="bbox 324 1781 1899 1839; baseline -0.004 0"><span class='ocrx_word' id='word_1_191' title='bbox 324 1787 414 1839; x_wconf 85' lang='lat' dir='ltr'><strong>oui</strong></span> <span class='ocrx_word' id='word_1_192' title='bbox 451 1796 504 1839; x_wconf 90' lang='lat' dir='ltr'><strong>et</strong></span> <span class='ocrx_word' id='word_1_193' title='bbox 544 1802 637 1839; x_wconf 80' lang='grc' dir='ltr'>ιιι-ο</span> <span class='ocrx_word' id='word_1_194' title='bbox 681 1788 780 1839; x_wconf 88' lang='lat' dir='ltr'><strong>itor</strong></span> <span class='ocrx_word' id='word_1_195' title='bbox 811 1785 980 1839; x_wconf 85' lang='lat' dir='ltr'><strong>factus</strong></span> <span class='ocrx_word' id='word_1_196' title='bbox 1010 1800 1068 1838; x_wconf 90' lang='lat' dir='ltr'><strong>es</strong></span> <span class='ocrx_word' id='word_1_197' title='bbox 1095 1791 1148 1837; x_wconf 91' lang='lat' dir='ltr'><strong>et</strong></span> <span class='ocrx_word' id='word_1_198' title='bbox 1171 1783 1434 1837; x_wconf 88' lang='lat' dir='ltr'><strong>venditor.</strong></span> <span class='ocrx_word' id='word_1_199' title='bbox 1468 1782 1563 1836; x_wconf 93' lang='lat' dir='ltr'><strong>Dic</strong></span> <span class='ocrx_word' id='word_1_200' title='bbox 1589 1824 1602 1839; x_wconf 91' lang='lat'><strong>.</strong></span> <span class='ocrx_word' id='word_1_201' title='bbox 1643 1781 1899 1839; x_wconf 85' lang='lat' dir='ltr'><strong>Numquid</strong></span> 
     </span>
    </p>
   </div>
   <div class='ocr_carea' id='block_1_21' title="bbox 324 1781 1904 1856">
    <p class='ocr_par' dir='ltr' id='par_1_21' title="bbox 324 1781 1904 1856">
     <span class='ocr_line' id='line_1_24' title="bbox 324 1781 1904 1856; baseline -0.005 -16"><span class='ocrx_word' id='word_1_202' title='bbox 324 1787 414 1856; x_wconf 89' lang='lat' dir='ltr'><strong>qui</strong></span> <span class='ocrx_word' id='word_1_203' title='bbox 451 1796 504 1840; x_wconf 90' lang='lat' dir='ltr'><strong>et</strong></span> <span class='ocrx_word' id='word_1_204' title='bbox 544 1781 780 1855; x_wconf 85' lang='lat' dir='ltr'><strong>proditor</strong></span> <span class='ocrx_word' id='word_1_205' title='bbox 811 1785 980 1839; x_wconf 85' lang='lat' dir='ltr'><strong>factus</strong></span> <span class='ocrx_word' id='word_1_206' title='bbox 1010 1800 1068 1838; x_wconf 90' lang='lat' dir='ltr'><strong>es</strong></span> <span class='ocrx_word' id='word_1_207' title='bbox 1095 1791 1148 1837; x_wconf 91' lang='lat' dir='ltr'><strong>et</strong></span> <span class='ocrx_word' id='word_1_208' title='bbox 1171 1783 1434 1856; x_wconf 82' lang='lat' dir='ltr'><strong>venditor.</strong></span> <span class='ocrx_word' id='word_1_209' title='bbox 1468 1782 1563 1836; x_wconf 93' lang='lat' dir='ltr'><strong>Dic</strong></span> <span class='ocrx_word' id='word_1_210' title='bbox 1589 1824 1602 1847; x_wconf 97' lang='lat'><strong>,</strong></span> <span class='ocrx_word' id='word_1_211' title='bbox 1643 1781 1904 1856; x_wconf 58' lang='lat' dir='ltr'><strong>Numquid</strong></span> 
     </span>
    </p>
   </div>
   <div class='ocr_carea' id='block_1_22' title="bbox 324 1852 1904 1926">
    <p class='ocr_par' dir='ltr' id='par_1_22' title="bbox 324 1852 1904 1926">
     <span class='ocr_line' id='line_1_25' title="bbox 324 1852 1904 1926; baseline -0.003 -16"><span class='ocrx_word' id='word_1_212' title='bbox 324 1852 436 1910; x_wconf 69' lang='lat' dir='ltr'><strong>sum</strong></span> <span class='ocrx_word' id='word_1_213' title='bbox 473 1852 638 1909; x_wconf 80' lang='lat' dir='ltr'><strong>custos</strong></span> <span class='ocrx_word' id='word_1_214' title='bbox 678 1856 850 1926; x_wconf 79' lang='lat' dir='ltr'><strong>fratris</strong></span> <span class='ocrx_word' id='word_1_215' title='bbox 886 1855 1026 1926; x_wconf 80' lang='lat' dir='ltr'><strong>mei?</strong></span> <span class='ocrx_word' id='word_1_216' title='bbox 1053 1862 1109 1907; x_wconf 90' lang='lat' dir='ltr'><strong>ut</strong></span> <span class='ocrx_word' id='word_1_217' title='bbox 1138 1853 1524 1926; x_wconf 82' lang='lat' dir='ltr'><strong>respondeatur</strong></span> <span class='ocrx_word' id='word_1_218' title='bbox 1546 1861 1596 1906; x_wconf 90' lang='lat' dir='ltr'><strong>et</strong></span> <span class='ocrx_word' id='word_1_219' title='bbox 1618 1852 1753 1926; x_wconf 63' lang='lat' dir='ltr'><strong>_tibi,</strong></span> <span class='ocrx_word' id='word_1_220' title='bbox 1794 1852 1904 1926; x_wconf 70' lang='lat' dir='ltr'><strong>Vox</strong></span> 
     </span>
    </p>
   </div>
   <div class='ocr_carea' id='block_1_23' title="bbox 326 1922 1903 1996">
    <p class='ocr_par' dir='ltr' id='par_1_23' title="bbox 326 1922 1903 1996">
     <span class='ocr_line' id='line_1_26' title="bbox 326 1922 1903 1996; baseline -0.003 -16"><span class='ocrx_word' id='word_1_221' title='bbox 326 1927 588 1996; x_wconf 80' lang='lat' dir='ltr'><strong>sanguinis</strong></span> <span class='ocrx_word' id='word_1_222' title='bbox 617 1922 790 1996; x_wconf 76' lang='lat' dir='ltr'><strong>fratris</strong></span> <span class='ocrx_word' id='word_1_223' title='bbox 822 1927 890 1977; x_wconf 88' lang='lat' dir='ltr'><strong>tui</strong></span> <span class='ocrx_word' id='word_1_224' title='bbox 923 1924 1123 1996; x_wconf 73' lang='lat' dir='ltr'><strong>claniat_</strong></span> <span class='ocrx_word' id='word_1_225' title='bbox 1133 1925 1199 1996; x_wconf 85' lang='lat' dir='ltr'><strong>ad</strong></span> <span class='ocrx_word' id='word_1_226' title='bbox 1227 1941 1305 1977; x_wconf 88' lang='lat' dir='ltr'><strong>me</strong></span> <span class='ocrx_word' id='word_1_227' title='bbox 1325 1922 1391 1996; x_wconf 85' lang='lat' dir='ltr'><strong>de</strong></span> <span class='ocrx_word' id='word_1_228' title='bbox 1413 1932 1566 1996; x_wconf 80' lang='lat' dir='ltr'><strong>terra.</strong></span> <span class='ocrx_word' id='word_1_229' title='bbox 1607 1922 1741 1996; x_wconf 90' lang='lat' dir='ltr'><strong>Quid</strong></span> <span class='ocrx_word' id='word_1_230' title='bbox 1763 1923 1903 1975; x_wconf 88' lang='lat' dir='ltr'><strong>enim</strong></span> 
     </span>
    </p>
   </div>
   <div class='ocr_carea' id='block_1_24' title="bbox 327 1991 1901 2050">
    <p class='ocr_par' dir='ltr' id='par_1_24' title="bbox 327 1991 1901 2050">
     <span class='ocr_line' id='line_1_27' title="bbox 327 1991 1901 2050; baseline -0.003 0"><span class='ocrx_word' id='word_1_231' title='bbox 327 1991 455 2050; x_wconf 76' lang='lat' dir='ltr'><strong>dicit</strong></span> <span class='ocrx_word' id='word_1_232' title='bbox 480 1991 654 2049; x_wconf 81' lang='lat' dir='ltr'><strong>munis</strong></span> <span class='ocrx_word' id='word_1_233' title='bbox 679 1994 839 2046; x_wconf 90' lang='lat' dir='ltr'><strong>homo</strong></span> <span class='ocrx_word' id='word_1_234' title='bbox 871 2003 1008 2047; x_wconf 88' lang='lat' dir='ltr'><strong>terra</strong></span> <span class='ocrx_word' id='word_1_235' title='bbox 1035 1994 1057 2046; x_wconf 90' lang='lat'><strong>?</strong></span> <span class='ocrx_word' id='word_1_236' title='bbox 1085 1991 1288 2045; x_wconf 83' lang='lat' dir='ltr'><strong>Primus</strong></span> <span class='ocrx_word' id='word_1_237' title='bbox 1310 1992 1450 2045; x_wconf 90' lang='lat' dir='ltr'><strong>enim</strong></span> <span class='ocrx_word' id='word_1_238' title='bbox 1479 1991 1626 2044; x_wconf 87' lang='lat' dir='ltr'><strong>homo</strong></span> <span class='ocrx_word' id='word_1_239' title='bbox 1664 1993 1725 2045; x_wconf 85' lang='lat' dir='ltr'><strong>de</strong></span> <span class='ocrx_word' id='word_1_240' title='bbox 1749 2001 1901 2047; x_wconf 90' lang='lat' dir='ltr'><strong>terra.</strong></span> 
     </span>
    </p>
   </div>
   <div class='ocr_carea' id='block_1_25' title="bbox 325 2061 1902 2132">
    <p class='ocr_par' dir='ltr' id='par_1_25' title="bbox 325 2061 1902 2132">
     <span class='ocr_line' id='line_1_28' title="bbox 325 2061 1902 2132; baseline -0.004 -13"><span class='ocrx_word' id='word_1_241' title='bbox 325 2074 551 2120; x_wconf 86' lang='lat' dir='ltr'><strong>terrenus</strong></span> <span class='ocrx_word' id='word_1_242' title='bbox 580 2082 598 2129; x_wconf 87' lang='lat'><strong><em>;</em></strong></span> <span class='ocrx_word' id='word_1_243' title='bbox 624 2073 678 2118; x_wconf 90' lang='lat' dir='ltr'><strong>et</strong></span> <span class='ocrx_word' id='word_1_244' title='bbox 701 2105 714 2127; x_wconf 97' lang='lat'><strong>,</strong></span> <span class='ocrx_word' id='word_1_245' title='bbox 749 2063 927 2127; x_wconf 81' lang='lat' dir='ltr'><strong>Qualis</strong></span> <span class='ocrx_word' id='word_1_246' title='bbox 965 2072 1189 2116; x_wconf 86' lang='lat' dir='ltr'><strong>terrenus</strong></span> <span class='ocrx_word' id='word_1_247' title='bbox 1215 2102 1229 2124; x_wconf 91' lang='lat'><strong>,</strong></span> <span class='ocrx_word' id='word_1_248' title='bbox 1259 2062 1384 2132; x_wconf 80' lang='lat' dir='ltr'><strong>tales</strong></span> <span class='ocrx_word' id='word_1_249' title='bbox 1414 2068 1458 2112; x_wconf 88' lang='lat' dir='ltr'><strong>et</strong></span> <span class='ocrx_word' id='word_1_250' title='bbox 1487 2063 1664 2113; x_wconf 86' lang='lat' dir='ltr'><strong>terreni</strong></span> <span class='ocrx_word' id='word_1_251' title='bbox 1705 2061 1758 2132; x_wconf 85' lang='grc' dir='ltr'>(ι</span> <span class='ocrx_word' id='word_1_252' title='bbox 1785 2061 1902 2132; x_wconf 86' lang='lat' dir='ltr'><strong>Cor.</strong></span> 
     </span>
    </p>
   </div>
   <div class='ocr_carea' id='block_1_26' title="bbox 325 2131 1908 2204">
    <p class='ocr_par' dir='ltr' id='par_1_26' title="bbox 325 2131 1908 2204">
     <span class='ocr_line' id='line_1_29' title="bbox 325 2131 1908 2204; baseline -0.003 -15"><span class='ocrx_word' id='word_1_253' title='bbox 325 2151 398 2190; x_wconf 83' lang='lat' dir='ltr'><strong>xv</strong></span> <span class='ocrx_word' id='word_1_254' title='bbox 425 2177 440 2200; x_wconf 93' lang='lat'><strong>,</strong></span> <span class='ocrx_word' id='word_1_255' title='bbox 465 2135 531 2189; x_wconf 67' lang='lat'><strong>47</strong></span> <span class='ocrx_word' id='word_1_256' title='bbox 552 2144 598 2188; x_wconf 86' lang='lat' dir='ltr'><strong>et</strong></span> <span class='ocrx_word' id='word_1_257' title='bbox 629 2131 752 2204; x_wconf 71' lang='lat'><strong>48).</strong></span> <span class='ocrx_word' id='word_1_258' title='bbox 785 2135 917 2200; x_wconf 84' lang='lat' dir='ltr'><strong>Quid</strong></span> <span class='ocrx_word' id='word_1_259' title='bbox 949 2133 1074 2204; x_wconf 82' lang='lat' dir='ltr'><strong>dicit</strong></span> <span class='ocrx_word' id='word_1_260' title='bbox 1096 2132 1276 2204; x_wconf 79' lang='lat' dir='ltr'><strong>omnis</strong></span> <span class='ocrx_word' id='word_1_261' title='bbox 1317 2131 1492 2204; x_wconf 76' lang='lat' dir='ltr'><strong>homo</strong></span> <span class='ocrx_word' id='word_1_262' title='bbox 1515 2140 1683 2204; x_wconf 71' lang='lat' dir='ltr'><strong>terra,</strong></span> <span class='ocrx_word' id='word_1_263' title='bbox 1698 2131 1908 2204; x_wconf 82' lang='lat' dir='ltr'><strong>quando</strong></span> 
     </span>
    </p>
   </div>
   <div class='ocr_carea' id='block_1_27' title="bbox 326 2200 1904 2274">
    <p class='ocr_par' dir='ltr' id='par_1_27' title="bbox 326 2200 1904 2274">
     <span class='ocr_line' id='line_1_30' title="bbox 326 2200 1904 2274; baseline -0.003 -15"><span class='ocrx_word' id='word_1_264' title='bbox 326 2206 518 2274; x_wconf 68' lang='lat' dir='ltr'><strong>accipit</strong></span> <span class='ocrx_word' id='word_1_265' title='bbox 559 2200 866 2274; x_wconf 84' lang='lat' dir='ltr'><strong>sanguinem</strong></span> <span class='ocrx_word' id='word_1_266' title='bbox 911 2202 1105 2274; x_wconf 81' lang='lat' dir='ltr'><strong>Christi</strong></span> <span class='ocrx_word' id='word_1_267' title='bbox 1133 2202 1156 2254; x_wconf 87' lang='lat'><strong>?</strong></span> <span class='ocrx_word' id='word_1_268' title='bbox 1181 2205 1346 2255; x_wconf 80' lang='lat' dir='ltr'><strong>Amen</strong></span> <span class='ocrx_word' id='word_1_269' title='bbox 1393 2200 1537 2274; x_wconf 82' lang='lat' dir='ltr'><strong>dicit.</strong></span> <span class='ocrx_word' id='word_1_270' title='bbox 1567 2200 1724 2274; x_wconf 80' lang='lat' dir='ltr'><strong>_Quid</strong></span> <span class='ocrx_word' id='word_1_271' title='bbox 1781 2210 1863 2255; x_wconf 89' lang='lat' dir='ltr'><strong>est</strong></span> <span class='ocrx_word' id='word_1_272' title='bbox 1888 2240 1904 2266; x_wconf 88' lang='lat'><strong>,</strong></span> 
     </span>
    </p>
   </div>
   <div class='ocr_carea' id='block_1_28' title="bbox 332 2270 1904 2339">
    <p class='ocr_par' dir='ltr' id='par_1_28' title="bbox 332 2270 1904 2339">
     <span class='ocr_line' id='line_1_31' title="bbox 332 2270 1904 2339; baseline -0.004 -9"><span class='ocrx_word' id='word_1_273' title='bbox 332 2270 497 2330; x_wconf 77' lang='lat' dir='ltr'><strong>Amen</strong></span> <span class='ocrx_word' id='word_1_274' title='bbox 523 2275 546 2327; x_wconf 87' lang='lat'><strong>?</strong></span> <span class='ocrx_word' id='word_1_275' title='bbox 575 2270 769 2328; x_wconf 74' lang='lat' dir='ltr'><strong>Verum</strong></span> <span class='ocrx_word' id='word_1_276' title='bbox 802 2282 901 2327; x_wconf 91' lang='lat' dir='ltr'><strong>cst.</strong></span> <span class='ocrx_word' id='word_1_277' title='bbox 932 2273 1066 2339; x_wconf 86' lang='lat' dir='ltr'><strong>Quid</strong></span> <span class='ocrx_word' id='word_1_278' title='bbox 1100 2281 1183 2326; x_wconf 87' lang='lat' dir='ltr'><strong>est</strong></span> <span class='ocrx_word' id='word_1_279' title='bbox 1209 2287 1388 2324; x_wconf 88' lang='lat' dir='ltr'><strong>verum</strong></span> <span class='ocrx_word' id='word_1_280' title='bbox 1420 2271 1443 2321; x_wconf 83' lang='lat' dir='ltr'><strong>‘l</strong></span> <span class='ocrx_word' id='word_1_281' title='bbox 1481 2271 1612 2335; x_wconf 85' lang='lat' dir='ltr'><strong>Quia</strong></span> <span class='ocrx_word' id='word_1_282' title='bbox 1642 2270 1792 2324; x_wconf 92' lang='lat' dir='ltr'><strong>fusus</strong></span> <span class='ocrx_word' id='word_1_283' title='bbox 1821 2278 1904 2324; x_wconf 90' lang='lat' dir='ltr'><strong>est</strong></span> 
     </span>
    </p>
   </div>
   <div class='ocr_carea' id='block_1_29' title="bbox 333 2339 1906 2415">
    <p class='ocr_par' dir='ltr' id='par_1_29' title="bbox 333 2339 1906 2415">
     <span class='ocr_line' id='line_1_32' title="bbox 333 2339 1906 2415; baseline -0.003 -16"><span class='ocrx_word' id='word_1_284' title='bbox 333 2346 546 2415; x_wconf 84' lang='lat' dir='ltr'><strong>sanguis</strong></span> <span class='ocrx_word' id='word_1_285' title='bbox 573 2343 792 2415; x_wconf 87' lang='lat' dir='ltr'><strong>Christi.</strong></span> <span class='ocrx_word' id='word_1_286' title='bbox 825 2345 941 2415; x_wconf 89' lang='lat' dir='ltr'><strong>Quo</strong></span> <span class='ocrx_word' id='word_1_287' title='bbox 983 2343 1207 2395; x_wconf 87' lang='lat' dir='ltr'><strong>faciente</strong></span> <span class='ocrx_word' id='word_1_288' title='bbox 1248 2343 1271 2415; x_wconf 71' lang='grc' dir='ltr'><strong>ι</strong></span> <span class='ocrx_word' id='word_1_289' title='bbox 1320 2341 1589 2415; x_wconf 81' lang='lat' dir='ltr'><strong>Discipulo</strong></span> <span class='ocrx_word' id='word_1_290' title='bbox 1612 2339 1750 2415; x_wconf 62' lang='lat' dir='ltr'><strong>.luda</strong></span> <span class='ocrx_word' id='word_1_291' title='bbox 1783 2349 1906 2395; x_wconf 89' lang='lat' dir='ltr'><strong>tra-</strong></span> 
     </span>
    </p>
   </div>
   <div class='ocr_carea' id='block_1_30' title="bbox 331 2409 1910 2475">
    <p class='ocr_par' dir='ltr' id='par_1_30' title="bbox 331 2409 1910 2475">
     <span class='ocr_line' id='line_1_33' title="bbox 331 2409 1910 2475; baseline -0.004 -5"><span class='ocrx_word' id='word_1_292' title='bbox 331 2409 514 2470; x_wconf 71' lang='lat' dir='ltr'><strong>dente.</strong></span> <span class='ocrx_word' id='word_1_293' title='bbox 544 2415 710 2469; x_wconf 88' lang='lat' dir='ltr'><strong>Amen</strong></span> <span class='ocrx_word' id='word_1_294' title='bbox 736 2413 981 2475; x_wconf 89' lang='lat' dir='ltr'><strong>dicendo,</strong></span> <span class='ocrx_word' id='word_1_295' title='bbox 1012 2428 1196 2467; x_wconf 90' lang='lat' dir='ltr'><strong>verum</strong></span> <span class='ocrx_word' id='word_1_296' title='bbox 1220 2409 1497 2468; x_wconf 90' lang='lat' dir='ltr'><strong>clamando</strong></span> <span class='ocrx_word' id='word_1_297' title='bbox 1523 2411 1650 2464; x_wconf 93' lang='lat' dir='ltr'><strong>dicit</strong></span> <span class='ocrx_word' id='word_1_298' title='bbox 1681 2411 1778 2464; x_wconf 91' lang='lat' dir='ltr'><strong>hoc</strong></span> <span class='ocrx_word' id='word_1_299' title='bbox 1802 2425 1910 2464; x_wconf 86' lang='lat' dir='ltr'><strong>om-</strong></span> 
     </span>
    </p>
   </div>
   <div class='ocr_carea' id='block_1_31' title="bbox 332 2481 1906 2551">
    <p class='ocr_par' dir='ltr' id='par_1_31' title="bbox 332 2481 1906 2551">
     <span class='ocr_line' id='line_1_34' title="bbox 332 2481 1906 2551; baseline -0.002 -12"><span class='ocrx_word' id='word_1_300' title='bbox 332 2487 414 2540; x_wconf 87' lang='lat' dir='ltr'><strong>nis</strong></span> <span class='ocrx_word' id='word_1_301' title='bbox 464 2487 621 2538; x_wconf 92' lang='lat' dir='ltr'><strong>homo</strong></span> <span class='ocrx_word' id='word_1_302' title='bbox 671 2495 829 2539; x_wconf 87' lang='lat' dir='ltr'><strong>terra.</strong></span> <span class='ocrx_word' id='word_1_303' title='bbox 881 2484 1015 2536; x_wconf 79' lang='lat' dir='ltr'><strong>Ecce</strong></span> <span class='ocrx_word' id='word_1_304' title='bbox 1039 2525 1052 2547; x_wconf 89' lang='lat'><strong>,</strong></span> <span class='ocrx_word' id='word_1_305' title='bbox 1097 2481 1229 2537; x_wconf 81' lang='lat' dir='ltr'><strong>Juda</strong></span> <span class='ocrx_word' id='word_1_306' title='bbox 1255 2524 1269 2546; x_wconf 92' lang='lat'><strong>,</strong></span> <span class='ocrx_word' id='word_1_307' title='bbox 1303 2497 1398 2534; x_wconf 74' lang='lat' dir='ltr'><strong>vox</strong></span> <span class='ocrx_word' id='word_1_308' title='bbox 1437 2481 1696 2551; x_wconf 76' lang='lat' dir='ltr'><strong>sanguinis</strong></span> <span class='ocrx_word' id='word_1_309' title='bbox 1735 2481 1906 2551; x_wconf 84' lang='lat' dir='ltr'><strong>fratris</strong></span> 
     </span>
    </p>
   </div>
   <div class='ocr_carea' id='block_1_32' title="bbox 335 2550 1910 2620">
    <p class='ocr_par' dir='ltr' id='par_1_32' title="bbox 335 2550 1910 2620">
     <span class='ocr_line' id='line_1_35' title="bbox 335 2550 1910 2620; baseline -0.003 -12"><span class='ocrx_word' id='word_1_310' title='bbox 335 2555 408 2608; x_wconf 86' lang='lat' dir='ltr'><strong>tui</strong></span> <span class='ocrx_word' id='word_1_311' title='bbox 441 2556 624 2608; x_wconf 87' lang='lat' dir='ltr'><strong>clamat</strong></span> <span class='ocrx_word' id='word_1_312' title='bbox 651 2555 717 2607; x_wconf 89' lang='lat' dir='ltr'><strong>ad</strong></span> <span class='ocrx_word' id='word_1_313' title='bbox 747 2571 824 2608; x_wconf 91' lang='lat' dir='ltr'><strong>me</strong></span> <span class='ocrx_word' id='word_1_314' title='bbox 852 2552 914 2607; x_wconf 86' lang='lat' dir='ltr'><strong>de</strong></span> <span class='ocrx_word' id='word_1_315' title='bbox 940 2563 1092 2606; x_wconf 80' lang='lat' dir='ltr'><strong>terra.</strong></span> <span class='ocrx_word' id='word_1_316' title='bbox 1125 2552 1470 2607; x_wconf 85' lang='lat' dir='ltr'><strong>Probavimus</strong></span> <span class='ocrx_word' id='word_1_317' title='bbox 1497 2551 1618 2620; x_wconf 89' lang='lat' dir='ltr'><strong>quia</strong></span> <span class='ocrx_word' id='word_1_318' title='bbox 1649 2550 1763 2620; x_wconf 86' lang='lat' dir='ltr'><strong>ejus</strong></span> <span class='ocrx_word' id='word_1_319' title='bbox 1789 2566 1910 2604; x_wconf 88' lang='lat' dir='ltr'><strong>san-</strong></span> 
     </span>
    </p>
   </div>
   <div class='ocr_carea' id='block_1_33' title="bbox 333 2626 718 2735">
    <p class='ocr_par' dir='ltr' id='par_1_33' title="bbox 333 2626 718 2735">
     <span class='ocr_line' id='line_1_36' title="bbox 333 2626 718 2735; baseline -0.008 -55"><span class='ocrx_word' id='word_1_320' title='bbox 333 2627 490 2697; x_wconf 80' lang='lat' dir='ltr'><strong>guine</strong></span> <span class='ocrx_word' id='word_1_321' title='bbox 512 2626 718 2735; x_wconf 66' lang='lat' dir='ltr'><strong>rigoris.</strong></span> 
     </span>
     <span class='ocr_line' id='line_1_37' title="bbox 404 2693 718 2735; baseline 0 0"><span class='ocrx_word' id='word_1_322' title='bbox 404 2696 554 2735; x_wconf 71' lang='lat' dir='ltr'><strong>nam</strong></span> <span class='ocrx_word' id='word_1_323' title='bbox 583 2694 624 2735; x_wconf 78' lang='grc' dir='ltr'><strong>τ</strong></span> <span class='ocrx_word' id='word_1_324' title='bbox 655 2693 718 2735; x_wconf 90' lang='lat' dir='ltr'><strong>tv</strong></span> 
     </span>
    </p>
   </div>
   <div class='ocr_carea' id='block_1_34' title="bbox 404 2690 1907 2764">
    <p class='ocr_par' dir='ltr' id='par_1_34' title="bbox 404 2690 1907 2764">
     <span class='ocr_line' id='line_1_38' title="bbox 404 2690 1907 2764; baseline -0.005 -13"><span class='ocrx_word' id='word_1_325' title='bbox 404 2690 624 2751; x_wconf 80' lang='lat' dir='ltr'><strong>CAPUT</strong></span> <span class='ocrx_word' id='word_1_326' title='bbox 655 2693 742 2748; x_wconf 84' lang='lat' dir='ltr'><strong>IV.</strong></span> <span class='ocrx_word' id='word_1_327' title='bbox 762 2725 830 2735; x_wconf 91' lang='lat'><strong>——</strong></span> <span class='ocrx_word' id='word_1_328' title='bbox 856 2695 908 2749; x_wconf 79' lang='grc'><strong>5.</strong></span> <span class='ocrx_word' id='word_1_329' title='bbox 943 2694 1162 2764; x_wconf 77' lang='lat' dir='ltr'><strong>Sanguis</strong></span> <span class='ocrx_word' id='word_1_330' title='bbox 1187 2690 1373 2748; x_wconf 84' lang='lat' dir='ltr'><strong>Christi</strong></span> <span class='ocrx_word' id='word_1_331' title='bbox 1397 2691 1645 2764; x_wconf 78' lang='lat' dir='ltr'><strong>quomodo</strong></span> <span class='ocrx_word' id='word_1_332' title='bbox 1665 2691 1907 2764; x_wconf 62' lang='lat' dir='ltr'><strong>accipien-</strong></span> 
     </span>
    </p>
   </div>
   <div class='ocr_carea' id='block_1_35' title="bbox 335 2759 1910 2835">
    <p class='ocr_par' dir='ltr' id='par_1_35' title="bbox 335 2759 1910 2835">
     <span class='ocr_line' id='line_1_39' title="bbox 335 2759 1910 2835; baseline -0.003 -16"><span class='ocrx_word' id='word_1_333' title='bbox 335 2766 450 2820; x_wconf 80' lang='lat' dir='ltr'><strong>das.</strong></span> <span class='ocrx_word' id='word_1_334' title='bbox 473 2765 779 2834; x_wconf 84' lang='lat' dir='ltr'><strong>Stephanus,</strong></span> <span class='ocrx_word' id='word_1_335' title='bbox 813 2759 1111 2835; x_wconf 67' lang='lat' dir='ltr'><strong>Cyprianus,</strong></span> <span class='ocrx_word' id='word_1_336' title='bbox 1133 2759 1452 2835; x_wconf 68' lang='lat' dir='ltr'><strong>Laurentius,</strong></span> <span class='ocrx_word' id='word_1_337' title='bbox 1468 2760 1735 2835; x_wconf 28' lang='lat' dir='ltr'><strong>Perpetua-</strong></span> <span class='ocrx_word' id='word_1_338' title='bbox 1751 2770 1795 2814; x_wconf 91' lang='lat' dir='ltr'><strong>et</strong></span> <span class='ocrx_word' id='word_1_339' title='bbox 1819 2759 1910 2814; x_wconf 59' lang='lat' dir='ltr'><strong>Fce</strong></span> 
     </span>
    </p>
   </div>
   <div class='ocr_carea' id='block_1_36' title="bbox 336 2831 1902 2904">
    <p class='ocr_par' dir='ltr' id='par_1_36' title="bbox 336 2831 1902 2904">
     <span class='ocr_line' id='line_1_40' title="bbox 336 2831 1902 2904; baseline -0.004 -14"><span class='ocrx_word' id='word_1_340' title='bbox 336 2831 1128 2904; x_wconf 76' lang='lat' dir='ltr'><strong>licitas.Vide,terra,quomodo</strong></span> <span class='ocrx_word' id='word_1_341' title='bbox 1155 2835 1382 2902; x_wconf 89' lang='lat' dir='ltr'><strong>accipias</strong></span> <span class='ocrx_word' id='word_1_342' title='bbox 1401 2833 1536 2904; x_wconf 75' lang='lat' dir='ltr'><strong>hunc</strong></span> <span class='ocrx_word' id='word_1_343' title='bbox 1554 2831 1862 2904; x_wconf 84' lang='lat' dir='ltr'><strong>sanguinem</strong></span> <span class='ocrx_word' id='word_1_344' title='bbox 1890 2849 1902 2904; x_wconf 90' lang='lat'><strong>:_</strong></span> 
     </span>
    </p>
   </div>
   <div class='ocr_carea' id='block_1_37' title="bbox 335 2901 1910 2976">
    <p class='ocr_par' dir='ltr' id='par_1_37' title="bbox 335 2901 1910 2976">
     <span class='ocr_line' id='line_1_41' title="bbox 335 2901 1910 2976; baseline -0.004 -16"><span class='ocrx_word' id='word_1_345' title='bbox 335 2908 459 2975; x_wconf 89' lang='lat' dir='ltr'><strong>quia</strong></span> <span class='ocrx_word' id='word_1_346' title='bbox 478 2907 563 2976; x_wconf 89' lang='lat' dir='ltr'><strong>qui</strong></span> <span class='ocrx_word' id='word_1_347' title='bbox 586 2921 706 2961; x_wconf 92' lang='lat' dir='ltr'><strong>eum</strong></span> <span class='ocrx_word' id='word_1_348' title='bbox 728 2907 866 2976; x_wconf 91' lang='lat' dir='ltr'><strong>bene</strong></span> <span class='ocrx_word' id='word_1_349' title='bbox 881 2901 1073 2973; x_wconf 80' lang='lat' dir='ltr'><strong>accipit</strong></span> <span class='ocrx_word' id='word_1_350' title='bbox 1092 2945 1106 2976; x_wconf 90' lang='lat'><strong>,</strong></span> <span class='ocrx_word' id='word_1_351' title='bbox 1131 2901 1325 2976; x_wconf 83' lang='lat' dir='ltr'><strong>accipit</strong></span> <span class='ocrx_word' id='word_1_352' title='bbox 1338 2902 1759 2976; x_wconf 77' lang='lat' dir='ltr'><strong>benedictionem</strong></span> <span class='ocrx_word' id='word_1_353' title='bbox 1782 2901 1910 2976; x_wconf 86' lang='lat' dir='ltr'><strong>,_q_ui</strong></span> 
     </span>
    </p>
   </div>
   <div class='ocr_carea' id='block_1_38' title="bbox 335 2970 1908 3044">
    <p class='ocr_par' dir='ltr' id='par_1_38' title="bbox 335 2970 1908 3044">
     <span class='ocr_line' id='line_1_42' title="bbox 335 2970 1908 3044; baseline -0.003 -15"><span class='ocrx_word' id='word_1_354' title='bbox 335 2970 462 3032; x_wconf 66' lang='lat' dir='ltr'><strong>vero</strong></span> <span class='ocrx_word' id='word_1_355' title='bbox 490 2970 609 3030; x_wconf 79' lang='lat' dir='ltr'><strong>eum</strong></span> <span class='ocrx_word' id='word_1_356' title='bbox 636 2975 773 3030; x_wconf 88' lang='lat' dir='ltr'><strong>male</strong></span> <span class='ocrx_word' id='word_1_357' title='bbox 788 2970 1269 3044; x_wconf 38' lang='lat' dir='ltr'><strong>accipin—judicium</strong></span> <span class='ocrx_word' id='word_1_358' title='bbox 1287 2970 1384 3044; x_wconf 79' lang='lat' dir='ltr'><strong>sibi</strong></span> <span class='ocrx_word' id='word_1_359' title='bbox 1414 2971 1640 3044; x_wconf 78' lang='lat' dir='ltr'><strong>bibendo</strong></span> <span class='ocrx_word' id='word_1_360' title='bbox 1662 2972 1908 3044; x_wconf 80' lang='lat' dir='ltr'><strong>acquirit.</strong></span> 
     </span>
    </p>
   </div>
   <div class='ocr_carea' id='block_1_39' title="bbox 336 3040 1910 3117">
    <p class='ocr_par' dir='ltr' id='par_1_39' title="bbox 336 3040 1910 3117">
     <span class='ocr_line' id='line_1_43' title="bbox 336 3040 1910 3117; baseline -0.006 -14"><span class='ocrx_word' id='word_1_361' title='bbox 336 3047 447 3103; x_wconf 79' lang='lat' dir='ltr'><strong>Hoc</strong></span> <span class='ocrx_word' id='word_1_362' title='bbox 471 3047 748 3117; x_wconf 80' lang='lat' dir='ltr'><strong>figuratum</strong></span> <span class='ocrx_word' id='word_1_363' title='bbox 787 3055 869 3101; x_wconf 92' lang='lat' dir='ltr'><strong>est</strong></span> <span class='ocrx_word' id='word_1_364' title='bbox 897 3040 950 3100; x_wconf 86' lang='lat' dir='ltr'><strong>et</strong></span> <span class='ocrx_word' id='word_1_365' title='bbox 985 3040 1036 3098; x_wconf 80' lang='lat' dir='ltr'><strong>in</strong></span> <span class='ocrx_word' id='word_1_366' title='bbox 1068 3044 1157 3098; x_wconf 92' lang='lat' dir='ltr'><strong>illo</strong></span> <span class='ocrx_word' id='word_1_367' title='bbox 1181 3041 1482 3117; x_wconf 28' lang='lat' dir='ltr'><strong>agro-Iudae</strong></span> <span class='ocrx_word' id='word_1_368' title='bbox 1506 3083 1520 3104; x_wconf 93' lang='lat'><strong>,</strong></span> <span class='ocrx_word' id='word_1_369' title='bbox 1563 3041 1629 3094; x_wconf 91' lang='lat' dir='ltr'><strong>de</strong></span> <span class='ocrx_word' id='word_1_370' title='bbox 1670 3056 1775 3110; x_wconf 91' lang='lat' dir='ltr'><strong>quo</strong></span> <span class='ocrx_word' id='word_1_371' title='bbox 1826 3040 1910 3117; x_wconf 59' lang='lat' dir='ltr'><strong>dio</strong></span> 
     </span>
    </p>
   </div>
   <div class='ocr_carea' id='block_1_40' title="bbox 335 3111 1909 3186">
    <p class='ocr_par' dir='ltr' id='par_1_40' title="bbox 335 3111 1909 3186">
     <span class='ocr_line' id='line_1_44' title="bbox 335 3111 1909 3186; baseline -0.006 -14"><span class='ocrx_word' id='word_1_372' title='bbox 335 3128 476 3172; x_wconf 91' lang='lat' dir='ltr'><strong>ctum</strong></span> <span class='ocrx_word' id='word_1_373' title='bbox 504 3111 581 3171; x_wconf 75' lang='lat' dir='ltr'><strong>est</strong></span> <span class='ocrx_word' id='word_1_374' title='bbox 609 3115 748 3186; x_wconf 91' lang='lat' dir='ltr'><strong>quod</strong></span> <span class='ocrx_word' id='word_1_375' title='bbox 777 3126 916 3171; x_wconf 86' lang='lat' dir='ltr'><strong>esset</strong></span> <span class='ocrx_word' id='word_1_376' title='bbox 941 3130 1065 3182; x_wconf 86' lang='lat' dir='ltr'><strong>ager</strong></span> <span class='ocrx_word' id='word_1_377' title='bbox 1086 3111 1354 3186; x_wconf 78' lang='lat' dir='ltr'><strong>sanguinis</strong></span> <span class='ocrx_word' id='word_1_378' title='bbox 1375 3117 1637 3186; x_wconf 28' lang='lat' dir='ltr'><strong>:Zs‘ccutum</strong></span> <span class='ocrx_word' id='word_1_379' title='bbox 1665 3120 1745 3186; x_wconf 58' lang='lat' dir='ltr'><strong>est</strong></span> <span class='ocrx_word' id='word_1_380' title='bbox 1771 3111 1909 3186; x_wconf 68' lang='lat' dir='ltr'><strong>enirn</strong></span> 
     </span>
    </p>
   </div>
   <div class='ocr_carea' id='block_1_41' title="bbox 337 3180 1911 3256">
    <p class='ocr_par' dir='ltr' id='par_1_41' title="bbox 337 3180 1911 3256">
     <span class='ocr_line' id='line_1_45' title="bbox 337 3180 1911 3256; baseline -0.005 -14"><span class='ocrx_word' id='word_1_381' title='bbox 337 3197 396 3242; x_wconf 89' lang='lat' dir='ltr'><strong>ut</strong></span> <span class='ocrx_word' id='word_1_382' title='bbox 430 3180 695 3243; x_wconf 69' lang='lat' dir='ltr'><strong>diceretur</strong></span> <span class='ocrx_word' id='word_1_383' title='bbox 717 3230 731 3248; x_wconf 85' lang='lat'><strong>,</strong></span> <span class='ocrx_word' id='word_1_384' title='bbox 764 3186 882 3240; x_wconf 84' lang='lat' dir='ltr'><strong>Fiat</strong></span> <span class='ocrx_word' id='word_1_385' title='bbox 913 3180 1032 3239; x_wconf 79' lang='lat' dir='ltr'><strong>villa</strong></span> <span class='ocrx_word' id='word_1_386' title='bbox 1057 3185 1166 3256; x_wconf 83' lang='lat' dir='ltr'><strong>ejus</strong></span> <span class='ocrx_word' id='word_1_387' title='bbox 1189 3180 1386 3256; x_wconf 72' lang='lat' dir='ltr'><strong>deserta</strong></span> <span class='ocrx_word' id='word_1_388' title='bbox 1415 3181 1432 3250; x_wconf 94' lang='lat'><strong>(</strong></span> <span class='ocrx_word' id='word_1_389' title='bbox 1449 3181 1568 3256; x_wconf 65' lang='grc' dir='ltr'><strong>ᾼει.Δ</strong></span> <span class='ocrx_word' id='word_1_390' title='bbox 1597 3197 1645 3256; x_wconf 72' lang='lat' dir='ltr'><strong>t,</strong></span> <span class='ocrx_word' id='word_1_391' title='bbox 1677 3181 1748 3256; x_wconf 60' lang='lat' dir='ltr'><strong>QQ</strong></span> <span class='ocrx_word' id='word_1_392' title='bbox 1766 3185 1802 3246; x_wconf 89' lang='lat'><strong>).</strong></span> <span class='ocrx_word' id='word_1_393' title='bbox 1855 3180 1911 3256; x_wconf 87' lang='lat' dir='ltr'><strong>Si</strong></span> 
     </span>
    </p>
   </div>
   <div class='ocr_carea' id='block_1_42' title="bbox 336 3251 1908 3326">
    <p class='ocr_par' dir='ltr' id='par_1_42' title="bbox 336 3251 1908 3326">
     <span class='ocr_line' id='line_1_46' title="bbox 336 3251 1908 3326; baseline -0.006 -14"><span class='ocrx_word' id='word_1_394' title='bbox 336 3258 478 3312; x_wconf 90' lang='lat' dir='ltr'><strong>enim</strong></span> <span class='ocrx_word' id='word_1_395' title='bbox 522 3258 588 3311; x_wconf 91' lang='lat' dir='ltr'><strong>ad</strong></span> <span class='ocrx_word' id='word_1_396' title='bbox 632 3257 820 3312; x_wconf 88' lang='lat' dir='ltr'><strong>Judam</strong></span> <span class='ocrx_word' id='word_1_397' title='bbox 853 3251 1091 3326; x_wconf 80' lang='lat' dir='ltr'><strong>pertines</strong></span> <span class='ocrx_word' id='word_1_398' title='bbox 1108 3295 1123 3317; x_wconf 92' lang='lat'><strong>,</strong></span> <span class='ocrx_word' id='word_1_399' title='bbox 1170 3253 1387 3326; x_wconf 85' lang='lat' dir='ltr'><strong>si_facta</strong></span> <span class='ocrx_word' id='word_1_400' title='bbox 1415 3252 1529 3320; x_wconf 85' lang='lat' dir='ltr'><strong>ejus</strong></span> <span class='ocrx_word' id='word_1_401' title='bbox 1558 3251 1780 3304; x_wconf 90' lang='lat' dir='ltr'><strong>imitaris</strong></span> <span class='ocrx_word' id='word_1_402' title='bbox 1803 3293 1818 3317; x_wconf 92' lang='lat'><strong>,</strong></span> <span class='ocrx_word' id='word_1_403' title='bbox 1865 3251 1908 3326; x_wconf 81' lang='lat' dir='ltr'><strong>si</strong></span> 
     </span>
    </p>
   </div>
   <div class='ocr_carea' id='block_1_43' title="bbox 336 3321 1913 3400">
    <p class='ocr_par' dir='ltr' id='par_1_43' title="bbox 336 3321 1913 3400">
     <span class='ocr_line' id='line_1_47' title="bbox 336 3321 1913 3400; baseline -0.006 -18"><span class='ocrx_word' id='word_1_404' title='bbox 336 3329 643 3400; x_wconf 86' lang='lat' dir='ltr'><strong>sanguinem</strong></span> <span class='ocrx_word' id='word_1_405' title='bbox 670 3321 866 3400; x_wconf 68' lang='lat' dir='ltr'><strong>Chrisﬁ</strong></span> <span class='ocrx_word' id='word_1_406' title='bbox 897 3343 999 3380; x_wconf 89' lang='lat' dir='ltr'><strong>non</strong></span> <span class='ocrx_word' id='word_1_407' title='bbox 1042 3341 1162 3400; x_wconf 83' lang='lat' dir='ltr'><strong>curn</strong></span> <span class='ocrx_word' id='word_1_408' title='bbox 1183 3323 1397 3400; x_wconf 44' lang='lat' dir='ltr'><strong>“timore</strong></span> <span class='ocrx_word' id='word_1_409' title='bbox 1425 3330 1478 3375; x_wconf 89' lang='lat' dir='ltr'><strong>et</strong></span> <span class='ocrx_word' id='word_1_410' title='bbox 1511 3329 1751 3400; x_wconf 82' lang='lat' dir='ltr'><strong>_tremore</strong></span> <span class='ocrx_word' id='word_1_411' title='bbox 1775 3321 1913 3374; x_wconf 90' lang='lat' dir='ltr'><strong>acci-</strong></span> 
     </span>
    </p>
   </div>
   <div class='ocr_carea' id='block_1_44' title="bbox 337 3391 1906 3523">
    <p class='ocr_par' dir='ltr' id='par_1_44' title="bbox 337 3391 1906 3523">
     <span class='ocr_line' id='line_1_48' title="bbox 337 3391 1906 3523; baseline -0.007 -70"><span class='ocrx_word' id='word_1_412' title='bbox 337 3391 462 3523; x_wconf 50' lang='lat' dir='ltr'><strong>gisf</strong></span> <span class='ocrx_word' id='word_1_413' title='bbox 483 3400 589 3453; x_wconf 88' lang='lat' dir='ltr'><strong>eris</strong></span> <span class='ocrx_word' id='word_1_414' title='bbox 615 3398 736 3452; x_wconf 89' lang='lat' dir='ltr'><strong>villa</strong></span> <span class='ocrx_word' id='word_1_415' title='bbox 765 3399 994 3462; x_wconf 85' lang='lat' dir='ltr'><strong>deserta,</strong></span> <span class='ocrx_word' id='word_1_416' title='bbox 1025 3393 1324 3457; x_wconf 91' lang='lat' dir='ltr'><strong>maledicta,</strong></span> <span class='ocrx_word' id='word_1_417' title='bbox 1350 3391 1574 3459; x_wconf 86' lang='lat' dir='ltr'><strong>reproha</strong></span> <span class='ocrx_word' id='word_1_418' title='bbox 1595 3401 1648 3445; x_wconf 91' lang='lat' dir='ltr'><strong>et</strong></span> <span class='ocrx_word' id='word_1_419' title='bbox 1675 3392 1906 3460; x_wconf 90' lang='lat' dir='ltr'><strong>spinosa.</strong></span> 
     </span>
     <span class='ocr_line' id='line_1_49' title="bbox 379 3462 1906 3523; baseline -0.004 -3"><span class='ocrx_word' id='word_1_420' title='bbox 379 3468 390 3481; x_wconf 85' lang='lat'><strong>&#39;</strong></span> <span class='ocrx_word' id='word_1_421' title='bbox 419 3477 594 3522; x_wconf 76' lang='lat' dir='ltr'><strong>autem</strong></span> <span class='ocrx_word' id='word_1_422' title='bbox 626 3469 936 3523; x_wconf 67' lang='lat' dir='ltr'><strong>sanguinem</strong></span> <span class='ocrx_word' id='word_1_423' title='bbox 969 3466 1165 3523; x_wconf 73' lang='lat' dir='ltr'><strong>Chnisti</strong></span> <span class='ocrx_word' id='word_1_424' title='bbox 1200 3473 1304 3518; x_wconf 91' lang='lat' dir='ltr'><strong>tota</strong></span> <span class='ocrx_word' id='word_1_425' title='bbox 1327 3478 1446 3516; x_wconf 90' lang='lat' dir='ltr'><strong>cum</strong></span> <span class='ocrx_word' id='word_1_426' title='bbox 1468 3462 1762 3516; x_wconf 84' lang='lat' dir='ltr'><strong>reverentia</strong></span> <span class='ocrx_word' id='word_1_427' title='bbox 1793 3476 1906 3523; x_wconf 86' lang='lat' dir='ltr'><strong>per-</strong></span> 
     </span>
    </p>
   </div>
   <div class='ocr_carea' id='block_1_45' title="bbox 379 3462 1915 3536">
    <p class='ocr_par' dir='ltr' id='par_1_45' title="bbox 379 3462 1915 3536">
     <span class='ocr_line' id='line_1_50' title="bbox 379 3462 1915 3536; baseline -0.005 -14"><span class='ocrx_word' id='word_1_428' title='bbox 379 3468 392 3522; x_wconf 89' lang='lat' dir='ltr'><strong>i</strong></span> <span class='ocrx_word' id='word_1_429' title='bbox 419 3462 594 3522; x_wconf 74' lang='lat' dir='ltr'><strong>autem</strong></span> <span class='ocrx_word' id='word_1_430' title='bbox 626 3469 936 3536; x_wconf 85' lang='lat' dir='ltr'><strong>sanguinem</strong></span> <span class='ocrx_word' id='word_1_431' title='bbox 969 3466 1165 3533; x_wconf 52' lang='lat' dir='ltr'><strong>Christi</strong></span> <span class='ocrx_word' id='word_1_432' title='bbox 1200 3462 1762 3536; x_wconf 68' lang='lat' dir='ltr'><strong>totacumreverentia</strong></span> <span class='ocrx_word' id='word_1_433' title='bbox 1793 3476 1915 3530; x_wconf 91' lang='lat' dir='ltr'><strong>per-</strong></span> 
     </span>
    </p>
   </div>
   <div class='ocr_carea' id='block_1_46' title="bbox 336 3532 1909 3608">
    <p class='ocr_par' dir='ltr' id='par_1_46' title="bbox 336 3532 1909 3608">
     <span class='ocr_line' id='line_1_51' title="bbox 336 3532 1909 3608; baseline -0.005 -16"><span class='ocrx_word' id='word_1_434' title='bbox 336 3539 493 3608; x_wconf 77' lang='lat' dir='ltr'><strong>cipis,</strong></span> <span class='ocrx_word' id='word_1_435' title='bbox 526 3532 815 3608; x_wconf 73' lang='lat' dir='ltr'><strong>cognosces</strong></span> <span class='ocrx_word' id='word_1_436' title='bbox 856 3553 948 3604; x_wconf 90' lang='lat' dir='ltr'><strong>per</strong></span> <span class='ocrx_word' id='word_1_437' title='bbox 969 3532 1116 3590; x_wconf 88' lang='lat' dir='ltr'><strong>illum</strong></span> <span class='ocrx_word' id='word_1_438' title='bbox 1162 3544 1247 3587; x_wconf 89' lang='lat' dir='ltr'><strong>tua</strong></span> <span class='ocrx_word' id='word_1_439' title='bbox 1292 3533 1383 3608; x_wconf 88' lang='lat' dir='ltr'><strong>tibi</strong></span> <span class='ocrx_word' id='word_1_440' title='bbox 1432 3532 1622 3608; x_wconf 79' lang='lat' dir='ltr'><strong>dimitti</strong></span> <span class='ocrx_word' id='word_1_441' title='bbox 1655 3540 1909 3608; x_wconf 73' lang='lat' dir='ltr'><strong>peccata,</strong></span> 
     </span>
    </p>
   </div>
   <div class='ocr_carea' id='block_1_47' title="bbox 339 3600 1908 3679">
    <p class='ocr_par' dir='ltr' id='par_1_47' title="bbox 339 3600 1908 3679">
     <span class='ocr_line' id='line_1_52' title="bbox 339 3600 1908 3679; baseline -0.005 -17"><span class='ocrx_word' id='word_1_442' title='bbox 339 3600 748 3679; x_wconf 62' lang='lat' dir='ltr'><strong>quoniam&#39;ager</strong></span> <span class='ocrx_word' id='word_1_443' title='bbox 777 3600 869 3661; x_wconf 82' lang='lat' dir='ltr'><strong>ille</strong></span> <span class='ocrx_word' id='word_1_444' title='bbox 891 3621 1046 3674; x_wconf 86' lang='lat' dir='ltr'><strong>quem</strong></span> <span class='ocrx_word' id='word_1_445' title='bbox 1075 3604 1401 3679; x_wconf 78' lang='lat' dir='ltr'><strong>comparavit</strong></span> <span class='ocrx_word' id='word_1_446' title='bbox 1429 3601 1592 3679; x_wconf 86' lang='lat' dir='ltr'><strong>Judas</strong></span> <span class='ocrx_word' id='word_1_447' title='bbox 1612 3644 1626 3666; x_wconf 95' lang='lat'><strong>,</strong></span> <span class='ocrx_word' id='word_1_448' title='bbox 1656 3600 1797 3679; x_wconf 80' lang='lat' dir='ltr'><strong>liguli</strong></span> <span class='ocrx_word' id='word_1_449' title='bbox 1825 3602 1908 3655; x_wconf 88' lang='lat' dir='ltr'><strong>di-</strong></span> 
     </span>
    </p>
   </div>
   <div class='ocr_carea' id='block_1_48' title="bbox 335 3672 1915 3744">
    <p class='ocr_par' dir='ltr' id='par_1_48' title="bbox 335 3672 1915 3744">
     <span class='ocr_line' id='line_1_53' title="bbox 335 3672 1915 3744; baseline -0.007 -10"><span class='ocrx_word' id='word_1_450' title='bbox 335 3672 455 3734; x_wconf 64' lang='lat' dir='ltr'><strong>c&#39;tus</strong></span> <span class='ocrx_word' id='word_1_451' title='bbox 485 3685 566 3731; x_wconf 90' lang='lat' dir='ltr'><strong>est</strong></span> <span class='ocrx_word' id='word_1_452' title='bbox 598 3693 610 3729; x_wconf 91' lang='lat'>:</span> <span class='ocrx_word' id='word_1_453' title='bbox 646 3672 806 3730; x_wconf 76' lang='lat' dir='ltr'><strong>Habet</strong></span> <span class='ocrx_word' id='word_1_454' title='bbox 835 3672 1123 3744; x_wconf 78' lang='lat' dir='ltr'><strong>potestatem</strong></span> <span class='ocrx_word' id='word_1_455' title='bbox 1149 3672 1334 3744; x_wconf 63' lang='lat' dir='ltr'><strong>ﬁgulus</strong></span> <span class='ocrx_word' id='word_1_456' title='bbox 1374 3673 1561 3738; x_wconf 78' lang='lat' dir='ltr'><strong>lati,e.v</strong></span> <span class='ocrx_word' id='word_1_457' title='bbox 1597 3672 1769 3744; x_wconf 82' lang='lat' dir='ltr'><strong>eadem</strong></span> <span class='ocrx_word' id='word_1_458' title='bbox 1795 3688 1915 3744; x_wconf 83' lang='lat' dir='ltr'><strong>con-</strong></span> 
     </span>
    </p>
   </div>
   <div class='ocr_carea' id='block_1_49' title="bbox 338 3740 1914 3821">
    <p class='ocr_par' dir='ltr' id='par_1_49' title="bbox 338 3740 1914 3821">
     <span class='ocr_line' id='line_1_54' title="bbox 338 3740 1914 3821; baseline -0.004 -19"><span class='ocrx_word' id='word_1_459' title='bbox 338 3748 607 3821; x_wconf 79' lang='lat' dir='ltr'><strong>sparsione</strong></span> <span class='ocrx_word' id='word_1_460' title='bbox 626 3740 995 3821; x_wconf 45' lang='lat' dir='ltr'><strong>aliudnquidem</strong></span> <span class='ocrx_word' id='word_1_461' title='bbox 1021 3740 1297 3821; x_wconf 41' lang='lat' dir='ltr'><strong>vasfacnere</strong></span> <span class='ocrx_word' id='word_1_462' title='bbox 1321 3745 1370 3796; x_wconf 92' lang='lat' dir='ltr'><strong>in</strong></span> <span class='ocrx_word' id='word_1_463' title='bbox 1399 3743 1639 3821; x_wconf 67' lang='lat' dir='ltr'><strong>honorent</strong></span> <span class='ocrx_word' id='word_1_464' title='bbox 1652 3784 1666 3805; x_wconf 93' lang='lat'><strong>,</strong></span> <span class='ocrx_word' id='word_1_465' title='bbox 1690 3740 1832 3794; x_wconf 85' lang='lat' dir='ltr'><strong>aliud</strong></span> <span class='ocrx_word' id='word_1_466' title='bbox 1861 3742 1914 3795; x_wconf 92' lang='lat' dir='ltr'><strong>in</strong></span> 
     </span>
    </p>
   </div>
   <div class='ocr_carea' id='block_1_50' title="bbox 339 3813 1916 3890">
    <p class='ocr_par' dir='ltr' id='par_1_50' title="bbox 339 3813 1916 3890">
     <span class='ocr_line' id='line_1_55' title="bbox 339 3813 1916 3890; baseline -0.006 -17"><span class='ocrx_word' id='word_1_467' title='bbox 339 3813 693 3873; x_wconf 74' lang='lat' dir='ltr'><strong>contumeliam</strong></span> <span class='ocrx_word' id='word_1_468' title='bbox 715 3816 734 3890; x_wconf 95' lang='lat'><strong>(</strong></span> <span class='ocrx_word' id='word_1_469' title='bbox 753 3813 900 3890; x_wconf 75' lang='lat' dir='ltr'><strong>Rom.</strong></span> <span class='ocrx_word' id='word_1_470' title='bbox 937 3831 1008 3882; x_wconf 83' lang='lat' dir='ltr'><strong>Ix,</strong></span> <span class='ocrx_word' id='word_1_471' title='bbox 1037 3816 1164 3886; x_wconf 77' lang='grc'><strong>21).</strong></span> <span class='ocrx_word' id='word_1_472' title='bbox 1190 3814 1243 3890; x_wconf 68' lang='grc' dir='ltr'><strong>ΟΔ</strong></span> <span class='ocrx_word' id='word_1_473' title='bbox 1259 3823 1396 3890; x_wconf 82' lang='lat' dir='ltr'><strong>terra</strong></span> <span class='ocrx_word' id='word_1_474' title='bbox 1431 3822 1579 3890; x_wconf 79' lang='lat' dir='ltr'><strong>tanto</strong></span> <span class='ocrx_word' id='word_1_475' title='bbox 1599 3813 1916 3890; x_wconf 58' lang='lat' dir='ltr'><strong>rigaiasam</strong></span> 
     </span>
    </p>
   </div>
   <div class='ocr_carea' id='block_1_51' title="bbox 378 3881 1916 3957">
    <p class='ocr_par' dir='ltr' id='par_1_51' title="bbox 378 3881 1916 3957">
     <span class='ocr_line' id='line_1_56' title="bbox 378 3881 1916 3957; baseline -0.007 -13"><span class='ocrx_word' id='word_1_476' title='bbox 378 3890 530 3954; x_wconf 90' lang='lat' dir='ltr'><strong>uine,</strong></span> <span class='ocrx_word' id='word_1_477' title='bbox 578 3881 842 3957; x_wconf 77' lang='lat' dir='ltr'><strong>responde</strong></span> <span class='ocrx_word' id='word_1_478' title='bbox 873 3881 1018 3940; x_wconf 89' lang='lat' dir='ltr'><strong>tanto</strong></span> <span class='ocrx_word' id='word_1_479' title='bbox 1061 3881 1343 3957; x_wconf 79' lang='lat' dir='ltr'><strong>sanguini,</strong></span> <span class='ocrx_word' id='word_1_480' title='bbox 1397 3898 1498 3937; x_wconf 88' lang='lat' dir='ltr'><strong>non</strong></span> <span class='ocrx_word' id='word_1_481' title='bbox 1539 3883 1674 3957; x_wconf 76' lang='lat' dir='ltr'><strong>sicut</strong></span> <span class='ocrx_word' id='word_1_482' title='bbox 1702 3881 1832 3934; x_wconf 88' lang='lat' dir='ltr'><strong>Cain</strong></span> <span class='ocrx_word' id='word_1_483' title='bbox 1862 3889 1916 3934; x_wconf 89' lang='lat' dir='ltr'><strong>et</strong></span> 
     </span>
    </p>
   </div>
   <div class='ocr_carea' id='block_1_52' title="bbox 339 3905 1916 4018">
    <p class='ocr_par' dir='ltr' id='par_1_52' title="bbox 339 3905 1916 4018">
     <span class='ocr_line' id='line_1_57' title="bbox 378 3905 1916 3957; baseline -0.007 -13"><span class='ocrx_word' id='word_1_484' title='bbox 378 3905 530 3954; x_wconf 81' lang='lat' dir='ltr'><strong>utne,</strong></span> <span class='ocrx_word' id='word_1_485' title='bbox 578 3905 842 3957; x_wconf 79' lang='lat' dir='ltr'><strong>responde</strong></span> <span class='ocrx_word' id='word_1_486' title='bbox 873 3905 1018 3940; x_wconf 75' lang='lat' dir='ltr'><strong>tanto</strong></span> <span class='ocrx_word' id='word_1_487' title='bbox 1061 3905 1304 3955; x_wconf 77' lang='lat' dir='ltr'><strong>sanglllnl</strong></span> <span class='ocrx_word' id='word_1_488' title='bbox 1331 3927 1343 3948; x_wconf 93' lang='lat'><strong>,</strong></span> <span class='ocrx_word' id='word_1_489' title='bbox 1397 3905 1498 3937; x_wconf 88' lang='grc' dir='ltr'>ιιυιι</span> <span class='ocrx_word' id='word_1_490' title='bbox 1539 3905 1674 3936; x_wconf 72' lang='lat' dir='ltr'><strong>smus</strong></span> <span class='ocrx_word' id='word_1_491' title='bbox 1702 3905 1832 3934; x_wconf 67' lang='lat' dir='ltr'><strong>uuln</strong></span> <span class='ocrx_word' id='word_1_492' title='bbox 1862 3905 1916 3934; x_wconf 79' lang='lat' dir='ltr'><strong>ct</strong></span> 
     </span>
     <span class='ocr_line' id='line_1_58' title="bbox 339 3905 1916 4018; baseline -0.008 -3"><span class='ocrx_word' id='word_1_493' title='bbox 339 3905 502 4015; x_wconf 62' lang='lat' dir='ltr'><strong>§udas</strong></span> <span class='ocrx_word' id='word_1_494' title='bbox 531 3957 690 4013; x_wconf 86' lang='lat' dir='ltr'><strong>verba</strong></span> <span class='ocrx_word' id='word_1_495' title='bbox 720 3957 1075 4012; x_wconf 74' lang='lat' dir='ltr'><strong>excusationis</strong></span> <span class='ocrx_word' id='word_1_496' title='bbox 1100 3997 1113 4018; x_wconf 89' lang='lat'><strong>,</strong></span> <span class='ocrx_word' id='word_1_497' title='bbox 1162 3955 1255 4010; x_wconf 90' lang='lat' dir='ltr'><strong>sed</strong></span> <span class='ocrx_word' id='word_1_498' title='bbox 1281 3956 1419 4009; x_wconf 88' lang='lat' dir='ltr'><strong>sicut</strong></span> <span class='ocrx_word' id='word_1_499' title='bbox 1451 3953 1619 4005; x_wconf 85' lang='lat' dir='ltr'><strong>sancti</strong></span> <span class='ocrx_word' id='word_1_500' title='bbox 1653 3959 1916 4018; x_wconf 81' lang='lat' dir='ltr'><strong>martyres</strong></span> 
     </span>
    </p>
   </div>
   <div class='ocr_carea' id='block_1_53' title="bbox 341 4019 1916 4095">
    <p class='ocr_par' dir='ltr' id='par_1_53' title="bbox 341 4019 1916 4095">
     <span class='ocr_line' id='line_1_59' title="bbox 341 4019 1916 4095; baseline -0.006 -14"><span class='ocrx_word' id='word_1_501' title='bbox 341 4029 502 4085; x_wconf 88' lang='lat' dir='ltr'><strong>verba</strong></span> <span class='ocrx_word' id='word_1_502' title='bbox 529 4028 897 4083; x_wconf 89' lang='lat' dir='ltr'><strong>confessionis.</strong></span> <span class='ocrx_word' id='word_1_503' title='bbox 943 4026 1226 4095; x_wconf 81' lang='lat' dir='ltr'><strong>ReSponde</strong></span> <span class='ocrx_word' id='word_1_504' title='bbox 1255 4026 1391 4080; x_wconf 90' lang='lat' dir='ltr'><strong>sicut</strong></span> <span class='ocrx_word' id='word_1_505' title='bbox 1431 4020 1705 4095; x_wconf 81' lang='lat' dir='ltr'><strong>reSpondit</strong></span> <span class='ocrx_word' id='word_1_506' title='bbox 1732 4019 1916 4095; x_wconf 71' lang='lat' dir='ltr'><strong>beatus</strong></span> 
     </span>
    </p>
   </div>
   <div class='ocr_carea' id='block_1_54' title="bbox 341 4088 1918 4170">
    <p class='ocr_par' dir='ltr' id='par_1_54' title="bbox 341 4088 1918 4170">
     <span class='ocr_line' id='line_1_60' title="bbox 341 4088 1918 4170; baseline -0.01 -14"><span class='ocrx_word' id='word_1_507' title='bbox 341 4099 638 4170; x_wconf 86' lang='lat' dir='ltr'><strong>Stephanus</strong></span> <span class='ocrx_word' id='word_1_508' title='bbox 661 4140 676 4164; x_wconf 96' lang='lat'><strong>,</strong></span> <span class='ocrx_word' id='word_1_509' title='bbox 707 4098 868 4170; x_wconf 80' lang='lat' dir='ltr'><strong>quiin</strong></span> <span class='ocrx_word' id='word_1_510' title='bbox 897 4097 1000 4150; x_wconf 90' lang='lat' dir='ltr'><strong>isto</strong></span> <span class='ocrx_word' id='word_1_511' title='bbox 1025 4088 1152 4170; x_wconf 79' lang='lat' dir='ltr'><strong>agro</strong></span> <span class='ocrx_word' id='word_1_512' title='bbox 1181 4095 1446 4170; x_wconf 73' lang='lat' dir='ltr'><strong>dominico</strong></span> <span class='ocrx_word' id='word_1_513' title='bbox 1492 4088 1548 4170; x_wconf 80' lang='lat' dir='ltr'><strong>ut</strong></span> <span class='ocrx_word' id='word_1_514' title='bbox 1574 4090 1745 4170; x_wconf 76' lang='lat' dir='ltr'><strong>bonus</strong></span> <span class='ocrx_word' id='word_1_515' title='bbox 1772 4088 1918 4170; x_wconf 82' lang='lat' dir='ltr'><strong>colo-</strong></span> 
     </span>
    </p>
   </div>
   <div class='ocr_carea' id='block_1_55' title="bbox 343 4158 1914 4238">
    <p class='ocr_par' dir='ltr' id='par_1_55' title="bbox 343 4158 1914 4238">
     <span class='ocr_line' id='line_1_61' title="bbox 343 4158 1914 4238; baseline -0.008 -14"><span class='ocrx_word' id='word_1_516' title='bbox 343 4158 453 4224; x_wconf 51' lang='lat' dir='ltr'><strong>nus.</strong></span> <span class='ocrx_word' id='word_1_517' title='bbox 482 4158 765 4238; x_wconf 79' lang='lat' dir='ltr'><strong>plurimum</strong></span> <span class='ocrx_word' id='word_1_518' title='bbox 803 4158 1094 4220; x_wconf 66' lang='lat' dir='ltr'><strong>laboraudb</strong></span> <span class='ocrx_word' id='word_1_519' title='bbox 1135 4179 1270 4238; x_wconf 84' lang='lat' dir='ltr'><strong>genu</strong></span> <span class='ocrx_word' id='word_1_520' title='bbox 1298 4163 1416 4238; x_wconf 68' lang='lat' dir='ltr'><strong>fixit</strong></span> <span class='ocrx_word' id='word_1_521' title='bbox 1443 4203 1468 4238; x_wconf 83' lang='lat'><strong>,_</strong></span> <span class='ocrx_word' id='word_1_522' title='bbox 1488 4169 1647 4229; x_wconf 89' lang='lat' dir='ltr'><strong>atque</strong></span> <span class='ocrx_word' id='word_1_523' title='bbox 1683 4158 1749 4212; x_wconf 89' lang='lat' dir='ltr'><strong>de</strong></span> <span class='ocrx_word' id='word_1_524' title='bbox 1777 4166 1914 4212; x_wconf 89' lang='lat' dir='ltr'><strong>terra</strong></span> 
     </span>
    </p>
   </div>
   <div class='ocr_carea' id='block_1_56' title="bbox 342 4231 1916 4310">
    <p class='ocr_par' dir='ltr' id='par_1_56' title="bbox 342 4231 1916 4310">
     <span class='ocr_line' id='line_1_62' title="bbox 342 4231 1916 4310; baseline -0.008 -16"><span class='ocrx_word' id='word_1_525' title='bbox 342 4231 552 4310; x_wconf 81' lang='lat' dir='ltr'><strong>petrosa</strong></span> <span class='ocrx_word' id='word_1_526' title='bbox 593 4238 900 4310; x_wconf 86' lang='lat' dir='ltr'><strong>vulneratus</strong></span> <span class='ocrx_word' id='word_1_527' title='bbox 929 4275 944 4301; x_wconf 96' lang='lat'><strong>,</strong></span> <span class='ocrx_word' id='word_1_528' title='bbox 991 4231 1175 4310; x_wconf 76' lang='lat' dir='ltr'><strong>ex__ea_</strong></span> <span class='ocrx_word' id='word_1_529' title='bbox 1210 4233 1409 4302; x_wconf 91' lang='lat' dir='ltr'><strong>lapides</strong></span> <span class='ocrx_word' id='word_1_530' title='bbox 1441 4231 1506 4310; x_wconf 87' lang='lat' dir='ltr'><strong>_in</strong></span> <span class='ocrx_word' id='word_1_531' title='bbox 1547 4245 1648 4310; x_wconf 82' lang='lat' dir='ltr'><strong>_suo</strong></span> <span class='ocrx_word' id='word_1_532' title='bbox 1691 4243 1916 4297; x_wconf 89' lang='lat' dir='ltr'><strong>corpore</strong></span> 
     </span>
    </p>
   </div>
   <div class='ocr_carea' id='block_1_57' title="bbox 343 4299 1912 4379">
    <p class='ocr_par' dir='ltr' id='par_1_57' title="bbox 343 4299 1912 4379">
     <span class='ocr_line' id='line_1_63' title="bbox 343 4299 1912 4379; baseline -0.008 -15"><span class='ocrx_word' id='word_1_533' title='bbox 343 4299 591 4379; x_wconf 76' lang='lat' dir='ltr'><strong>tanquam</strong></span> <span class='ocrx_word' id='word_1_534' title='bbox 623 4309 674 4361; x_wconf 93' lang='lat' dir='ltr'><strong>in</strong></span> <span class='ocrx_word' id='word_1_535' title='bbox 705 4309 824 4362; x_wconf 89' lang='lat' dir='ltr'><strong>sinu</strong></span> <span class='ocrx_word' id='word_1_536' title='bbox 868 4299 966 4379; x_wconf 87' lang='lat' dir='ltr'><strong>suo</strong></span> <span class='ocrx_word' id='word_1_537' title='bbox 993 4299 1331 4379; x_wconf 44' lang='lat' dir='ltr'><strong>coliegitjet</strong></span> <span class='ocrx_word' id='word_1_538' title='bbox 1359 4299 1679 4379; x_wconf 41' lang='lat' dir='ltr'><strong>sudandonin</strong></span> <span class='ocrx_word' id='word_1_539' title='bbox 1708 4314 1870 4379; x_wconf 89' lang='lat' dir='ltr'><strong>opere</strong></span> <span class='ocrx_word' id='word_1_540' title='bbox 1895 4339 1912 4363; x_wconf 91' lang='lat'><strong>,</strong></span> 
     </span>
    </p>
   </div>
   <div class='ocr_carea' id='block_1_58' title="bbox 342 4369 1916 4445">
    <p class='ocr_par' dir='ltr' id='par_1_58' title="bbox 342 4369 1916 4445">
     <span class='ocr_line' id='line_1_64' title="bbox 342 4369 1916 4445; baseline -0.008 -10"><span class='ocrx_word' id='word_1_541' title='bbox 342 4369 538 4435; x_wconf 73' lang='lat' dir='ltr'><strong>terram</strong></span> <span class='ocrx_word' id='word_1_542' title='bbox 565 4386 747 4435; x_wconf 86' lang='lat' dir='ltr'><strong>sancto</strong></span> <span class='ocrx_word' id='word_1_543' title='bbox 771 4375 1028 4445; x_wconf 84' lang='lat' dir='ltr'><strong>sanguine</strong></span> <span class='ocrx_word' id='word_1_544' title='bbox 1049 4369 1268 4445; x_wconf 75' lang='lat' dir='ltr'><strong>rigando</strong></span> <span class='ocrx_word' id='word_1_545' title='bbox 1287 4382 1573 4445; x_wconf 77' lang='lat' dir='ltr'><strong>centenum</strong></span> <span class='ocrx_word' id='word_1_546' title='bbox 1600 4369 1826 4445; x_wconf 79' lang='lat' dir='ltr'><strong>fructum</strong></span> <span class='ocrx_word' id='word_1_547' title='bbox 1849 4385 1916 4423; x_wconf 83' lang='lat' dir='ltr'><strong>ex</strong></span> 
     </span>
    </p>
   </div>
   <div class='ocr_carea' id='block_1_59' title="bbox 343 4440 1914 4521">
    <p class='ocr_par' dir='ltr' id='par_1_59' title="bbox 343 4440 1914 4521">
     <span class='ocr_line' id='line_1_65' title="bbox 343 4440 1914 4521; baseline -0.01 -16"><span class='ocrx_word' id='word_1_548' title='bbox 343 4449 608 4521; x_wconf 14' lang='lat' dir='ltr'><strong>martyrio,</strong></span> <span class='ocrx_word' id='word_1_549' title='bbox 647 4440 895 4521; x_wconf 7' lang='lat' dir='ltr'><strong>Dormino&#39;</strong></span> <span class='ocrx_word' id='word_1_550' title='bbox 915 4440 1280 4521; x_wconf 66' lang='lat' dir='ltr'><strong>praesentavit.</strong></span> <span class='ocrx_word' id='word_1_551' title='bbox 1327 4440 1610 4521; x_wconf 80' lang='lat' dir='ltr'><strong>Responde</strong></span> <span class='ocrx_word' id='word_1_552' title='bbox 1651 4440 1788 4521; x_wconf 83' lang='lat' dir='ltr'><strong>sicut</strong></span> <span class='ocrx_word' id='word_1_553' title='bbox 1828 4453 1914 4519; x_wconf 42' lang='lat' dir='ltr'><strong>re:</strong></span> 
     </span>
    </p>
   </div>
   <div class='ocr_carea' id='block_1_60' title="bbox 341 4510 1917 4591">
    <p class='ocr_par' dir='ltr' id='par_1_60' title="bbox 341 4510 1917 4591">
     <span class='ocr_line' id='line_1_66' title="bbox 341 4510 1917 4591; baseline -0.01 -15"><span class='ocrx_word' id='word_1_554' title='bbox 341 4510 555 4591; x_wconf 79' lang='lat' dir='ltr'><strong>spondit</strong></span> <span class='ocrx_word' id='word_1_555' title='bbox 574 4519 885 4589; x_wconf 87' lang='lat' dir='ltr'><strong>Cyprianus,</strong></span> <span class='ocrx_word' id='word_1_556' title='bbox 915 4510 1550 4591; x_wconf 75' lang='lat' dir='ltr'><strong>Laurentius,c:uterique</strong></span> <span class='ocrx_word' id='word_1_557' title='bbox 1575 4510 1740 4591; x_wconf 78' lang='lat' dir='ltr'><strong>sancti</strong></span> <span class='ocrx_word' id='word_1_558' title='bbox 1771 4510 1917 4589; x_wconf 87' lang='lat' dir='ltr'><strong>pueri</strong></span> 
     </span>
    </p>
   </div>
   <div class='ocr_carea' id='block_1_61' title="bbox 347 4581 1918 4706">
    <p class='ocr_par' dir='ltr' id='par_1_61' title="bbox 347 4581 1918 4706">
     <span class='ocr_line' id='line_1_67' title="bbox 347 4581 1918 4706; baseline -0.01 -57"><span class='ocrx_word' id='word_1_559' title='bbox 347 4581 401 4649; x_wconf 81' lang='lat' dir='ltr'><strong>et</strong></span> <span class='ocrx_word' id='word_1_560' title='bbox 429 4581 801 4661; x_wconf 61' lang='lat' dir='ltr'><strong>puellm,&#39;:etas</strong></span> <span class='ocrx_word' id='word_1_561' title='bbox 834 4588 1006 4641; x_wconf 89' lang='lat' dir='ltr'><strong>omnis</strong></span> <span class='ocrx_word' id='word_1_562' title='bbox 1032 4594 1085 4640; x_wconf 92' lang='lat' dir='ltr'><strong>et</strong></span> <span class='ocrx_word' id='word_1_563' title='bbox 1113 4593 1332 4654; x_wconf 90' lang='lat' dir='ltr'><strong>uterque</strong></span> <span class='ocrx_word' id='word_1_564' title='bbox 1377 4598 1540 4636; x_wconf 75' lang='lat' dir='ltr'><strong>sexus</strong></span> <span class='ocrx_word' id='word_1_565' title='bbox 1565 4623 1579 4647; x_wconf 96' lang='lat'><strong>,</strong></span> <span class='ocrx_word' id='word_1_566' title='bbox 1629 4581 1720 4706; x_wconf 69' lang='lat' dir='ltr'><strong>qui</strong></span> <span class='ocrx_word' id='word_1_567' title='bbox 1747 4581 1918 4649; x_wconf 85' lang='lat' dir='ltr'><strong>perci-</strong></span> 
     </span>
     <span class='ocr_line' id='line_1_68' title="bbox 347 4652 1913 4706; baseline 0 0"><span class='ocrx_word' id='word_1_568' title='bbox 347 4663 548 4706; x_wconf 71' lang='lat' dir='ltr'><strong>nientos</strong></span> <span class='ocrx_word' id='word_1_569' title='bbox 590 4660 899 4706; x_wconf 66' lang='lat' dir='ltr'><strong>sanguinem</strong></span> <span class='ocrx_word' id='word_1_570' title='bbox 940 4656 1168 4706; x_wconf 85' lang='lat' dir='ltr'><strong>Christi.</strong></span> <span class='ocrx_word' id='word_1_571' title='bbox 1224 4655 1582 4706; x_wconf 85' lang='lat' dir='ltr'><strong>testimonium</strong></span> <span class='ocrx_word' id='word_1_572' title='bbox 1671 4652 1871 4705; x_wconf 86' lang='lat' dir='ltr'><strong>ieentes</strong></span> <span class='ocrx_word' id='word_1_573' title='bbox 1898 4690 1913 4706; x_wconf 90' lang='lat'><strong>.</strong></span> 
     </span>
    </p>
   </div>
   <div class='ocr_carea' id='block_1_62' title="bbox 342 4652 1913 4732">
    <p class='ocr_par' dir='ltr' id='par_1_62' title="bbox 342 4652 1913 4732">
     <span class='ocr_line' id='line_1_69' title="bbox 342 4652 1913 4732; baseline -0.009 -17"><span class='ocrx_word' id='word_1_574' title='bbox 342 4652 548 4732; x_wconf 75' lang='lat' dir='ltr'><strong>pientes</strong></span> <span class='ocrx_word' id='word_1_575' title='bbox 590 4652 899 4728; x_wconf 84' lang='lat' dir='ltr'><strong>sanguinem</strong></span> <span class='ocrx_word' id='word_1_576' title='bbox 940 4656 1136 4732; x_wconf 77' lang='lat' dir='ltr'><strong>Christi</strong></span> <span class='ocrx_word' id='word_1_577' title='bbox 1153 4697 1182 4732; x_wconf 85' lang='lat'><strong>,_</strong></span> <span class='ocrx_word' id='word_1_578' title='bbox 1224 4652 1582 4732; x_wconf 76' lang='lat' dir='ltr'><strong>testimonium</strong></span> <span class='ocrx_word' id='word_1_579' title='bbox 1632 4652 1871 4732; x_wconf 86' lang='lat' dir='ltr'><strong>dicentes</strong></span> <span class='ocrx_word' id='word_1_580' title='bbox 1898 4690 1913 4714; x_wconf 90' lang='lat'><strong>,</strong></span> 
     </span>
    </p>
   </div>
   <div class='ocr_carea' id='block_1_63' title="bbox 344 4723 1916 4797">
    <p class='ocr_par' dir='ltr' id='par_1_63' title="bbox 344 4723 1916 4797">
     <span class='ocr_line' id='line_1_70' title="bbox 344 4723 1916 4797; baseline -0.01 -10"><span class='ocrx_word' id='word_1_581' title='bbox 344 4723 397 4787; x_wconf 71' lang='lat' dir='ltr'><strong>ct</strong></span> <span class='ocrx_word' id='word_1_582' title='bbox 429 4747 532 4786; x_wconf 91' lang='lat' dir='ltr'><strong>nou</strong></span> <span class='ocrx_word' id='word_1_583' title='bbox 560 4723 810 4797; x_wconf 72' lang='lat' dir='ltr'><strong>negantes</strong></span> <span class='ocrx_word' id='word_1_584' title='bbox 841 4742 1030 4780; x_wconf 89' lang='lat' dir='ltr'><strong>nomen</strong></span> <span class='ocrx_word' id='word_1_585' title='bbox 1061 4727 1294 4797; x_wconf 78' lang='lat' dir='ltr'><strong>Christi,</strong></span> <span class='ocrx_word' id='word_1_586' title='bbox 1339 4739 1435 4793; x_wconf 89' lang='lat' dir='ltr'><strong>pro</strong></span> <span class='ocrx_word' id='word_1_587' title='bbox 1473 4723 1729 4797; x_wconf 78' lang='lat' dir='ltr'><strong>sanguine</strong></span> <span class='ocrx_word' id='word_1_588' title='bbox 1757 4735 1916 4789; x_wconf 92' lang='lat' dir='ltr'><strong>quem</strong></span> 
     </span>
    </p>
   </div>
   <div class='ocr_carea' id='block_1_64' title="bbox 344 4793 1914 4865">
    <p class='ocr_par' dir='ltr' id='par_1_64' title="bbox 344 4793 1914 4865">
     <span class='ocr_line' id='line_1_71' title="bbox 344 4793 1914 4865; baseline -0.01 -8"><span class='ocrx_word' id='word_1_589' title='bbox 344 4803 611 4861; x_wconf 83' lang='lat' dir='ltr'><strong>biberunt,</strong></span> <span class='ocrx_word' id='word_1_590' title='bbox 631 4793 944 4865; x_wconf 75' lang='lat' dir='ltr'><strong>sanguinem</strong></span> <span class='ocrx_word' id='word_1_591' title='bbox 972 4811 1125 4849; x_wconf 91' lang='lat' dir='ltr'><strong>suum</strong></span> <span class='ocrx_word' id='word_1_592' title='bbox 1149 4795 1368 4865; x_wconf 84' lang='lat' dir='ltr'><strong>fundere</strong></span> <span class='ocrx_word' id='word_1_593' title='bbox 1395 4809 1499 4865; x_wconf 80' lang='lat' dir='ltr'><strong>non</strong></span> <span class='ocrx_word' id='word_1_594' title='bbox 1521 4793 1914 4853; x_wconf 85' lang='lat' dir='ltr'><strong>dubitaverunt,</strong></span> 
     </span>
    </p>
   </div>
   <div class='ocr_carea' id='block_1_65' title="bbox 344 4863 1920 4939">
    <p class='ocr_par' dir='ltr' id='par_1_65' title="bbox 344 4863 1920 4939">
     <span class='ocr_line' id='line_1_72' title="bbox 344 4863 1920 4939; baseline -0.01 -12"><span class='ocrx_word' id='word_1_595' title='bbox 344 4871 612 4939; x_wconf 85' lang='lat' dir='ltr'><strong>simulque</strong></span> <span class='ocrx_word' id='word_1_596' title='bbox 640 4863 760 4920; x_wconf 80' lang='lat' dir='ltr'><strong>cum</strong></span> <span class='ocrx_word' id='word_1_597' title='bbox 792 4865 1133 4939; x_wconf 74' lang='lat' dir='ltr'><strong>Perpetuaet</strong></span> <span class='ocrx_word' id='word_1_598' title='bbox 1159 4864 1430 4939; x_wconf 68' lang='lat' dir='ltr'><strong>Felieiiate</strong></span> <span class='ocrx_word' id='word_1_599' title='bbox 1451 4863 1512 4939; x_wconf 87' lang='lat' dir='ltr'><strong>in</strong></span> <span class='ocrx_word' id='word_1_600' title='bbox 1543 4871 1802 4939; x_wconf 81' lang='lat' dir='ltr'><strong>aeternum</strong></span> <span class='ocrx_word' id='word_1_601' title='bbox 1842 4873 1920 4912; x_wconf 86' lang='lat' dir='ltr'><strong>re-</strong></span> 
     </span>
    </p>
   </div>
   <div class='ocr_carea' id='block_1_66' title="bbox 345 4931 1917 5012">
    <p class='ocr_par' dir='ltr' id='par_1_66' title="bbox 345 4931 1917 5012">
     <span class='ocr_line' id='line_1_73' title="bbox 345 4931 1917 5012; baseline -0.008 -18"><span class='ocrx_word' id='word_1_602' title='bbox 345 4931 1012 5012; x_wconf 45' lang='lat' dir='ltr'><strong>gnare-merueruntu&#39;ﬂoc</strong></span> <span class='ocrx_word' id='word_1_603' title='bbox 1049 4935 1106 5012; x_wconf 82' lang='lat' dir='ltr'><strong>in</strong></span> <span class='ocrx_word' id='word_1_604' title='bbox 1148 4933 1464 5012; x_wconf 77' lang='lat' dir='ltr'><strong>Apocalypsi</strong></span> <span class='ocrx_word' id='word_1_605' title='bbox 1506 4931 1775 5012; x_wconf 37' lang='lat' dir='ltr'><strong>revellante</strong></span> <span class='ocrx_word' id='word_1_606' title='bbox 1819 4944 1917 4982; x_wconf 91' lang='lat' dir='ltr'><strong>an-</strong></span> 
     </span>
    </p>
   </div>
   <div class='ocr_carea' id='block_1_67' title="bbox 345 5000 1920 5083">
    <p class='ocr_par' dir='ltr' id='par_1_67' title="bbox 345 5000 1920 5083">
     <span class='ocr_line' id='line_1_74' title="bbox 345 5000 1920 5083; baseline -0.01 -17"><span class='ocrx_word' id='word_1_607' title='bbox 345 5000 465 5083; x_wconf 64' lang='lat' dir='ltr'><strong>gelo</strong></span> <span class='ocrx_word' id='word_1_608' title='bbox 489 5053 504 5077; x_wconf 93' lang='lat'><strong>,</strong></span> <span class='ocrx_word' id='word_1_609' title='bbox 533 5005 931 5083; x_wconf 85' lang='lat' dir='ltr'><strong>.loanues__vidit</strong></span> <span class='ocrx_word' id='word_1_610' title='bbox 961 5003 1153 5083; x_wconf 78' lang='lat' dir='ltr'><strong>turbam</strong></span> <span class='ocrx_word' id='word_1_611' title='bbox 1181 5000 1388 5054; x_wconf 83' lang='lat' dir='ltr'><strong>multum</strong></span> <span class='ocrx_word' id='word_1_612' title='bbox 1425 5017 1573 5067; x_wconf 88' lang='lat' dir='ltr'><strong>quam</strong></span> <span class='ocrx_word' id='word_1_613' title='bbox 1603 5000 1920 5051; x_wconf 81' lang='lat' dir='ltr'><strong>dinumerare</strong></span> 
     </span>
    </p>
   </div>
   <div class='ocr_carea' id='block_1_68' title="bbox 346 5073 1916 5152">
    <p class='ocr_par' dir='ltr' id='par_1_68' title="bbox 346 5073 1916 5152">
     <span class='ocr_line' id='line_1_75' title="bbox 346 5073 1916 5152; baseline -0.011 -16"><span class='ocrx_word' id='word_1_614' title='bbox 346 5073 499 5136; x_wconf 69' lang='lat' dir='ltr'><strong>nemo</strong></span> <span class='ocrx_word' id='word_1_615' title='bbox 517 5087 728 5152; x_wconf 82' lang='lat' dir='ltr'><strong>poterat.</strong></span> <span class='ocrx_word' id='word_1_616' title='bbox 760 5076 904 5152; x_wconf 69' lang='lat' dir='ltr'><strong>lianc</strong></span> <span class='ocrx_word' id='word_1_617' title='bbox 928 5073 1476 5152; x_wconf 75' lang='lat' dir='ltr'><strong>reqttiretis_qu:enant</strong></span> <span class='ocrx_word' id='word_1_618' title='bbox 1497 5078 1667 5152; x_wconf 73' lang='lat' dir='ltr'><strong>esset,</strong></span> <span class='ocrx_word' id='word_1_619' title='bbox 1696 5082 1916 5152; x_wconf 43' lang='lat' dir='ltr'><strong>respon:</strong></span> 
     </span>
    </p>
   </div>
   <div class='ocr_carea' id='block_1_69' title="bbox 347 5136 1920 5216">
    <p class='ocr_par' dir='ltr' id='par_1_69' title="bbox 347 5136 1920 5216">
     <span class='ocr_line' id='line_1_76' title="bbox 347 5136 1920 5216; baseline -0.013 -10"><span class='ocrx_word' id='word_1_620' title='bbox 347 5169 463 5207; x_wconf 90' lang='lat' dir='ltr'><strong>sum</strong></span> <span class='ocrx_word' id='word_1_621' title='bbox 497 5136 598 5204; x_wconf 71' lang='lat' dir='ltr'><strong>tale</strong></span> <span class='ocrx_word' id='word_1_622' title='bbox 630 5147 836 5216; x_wconf 87' lang='lat' dir='ltr'><strong>accepit</strong></span> <span class='ocrx_word' id='word_1_623' title='bbox 875 5163 886 5198; x_wconf 93' lang='lat'>:</span> <span class='ocrx_word' id='word_1_624' title='bbox 922 5136 1162 5216; x_wconf 61' lang='lat' dir='ltr'><strong>Hi&#39;sunt,</strong></span> <span class='ocrx_word' id='word_1_625' title='bbox 1185 5136 1394 5216; x_wconf 82' lang='lat' dir='ltr'><strong>_dicttun</strong></span> <span class='ocrx_word' id='word_1_626' title='bbox 1435 5147 1550 5216; x_wconf 80' lang='lat' dir='ltr'><strong>est,</strong></span> <span class='ocrx_word' id='word_1_627' title='bbox 1583 5138 1667 5206; x_wconf 86' lang='lat' dir='ltr'><strong>qui</strong></span> <span class='ocrx_word' id='word_1_628' title='bbox 1688 5136 1920 5216; x_wconf 69' lang='lat' dir='ltr'><strong>iuverunt</strong></span> 
     </span>
    </p>
   </div>
   <div class='ocr_carea' id='block_1_70' title="bbox 347 5205 1919 5283">
    <p class='ocr_par' dir='ltr' id='par_1_70' title="bbox 347 5205 1919 5283">
     <span class='ocr_line' id='line_1_77' title="bbox 347 5205 1919 5283; baseline -0.011 -7"><span class='ocrx_word' id='word_1_629' title='bbox 347 5205 501 5276; x_wconf 76' lang='lat' dir='ltr'><strong>stolas</strong></span> <span class='ocrx_word' id='word_1_630' title='bbox 537 5237 684 5283; x_wconf 88' lang='lat' dir='ltr'><strong>snas,</strong></span> <span class='ocrx_word' id='word_1_631' title='bbox 716 5205 1028 5270; x_wconf 49' lang='lat' dir='ltr'><strong>iit-candidas</strong></span> <span class='ocrx_word' id='word_1_632' title='bbox 1055 5230 1138 5266; x_wconf 87' lang='lat' dir='ltr'><strong>eas</strong></span> <span class='ocrx_word' id='word_1_633' title='bbox 1171 5211 1394 5280; x_wconf 87' lang='lat' dir='ltr'><strong>fecerunt</strong></span> <span class='ocrx_word' id='word_1_634' title='bbox 1429 5209 1482 5260; x_wconf 91' lang='lat' dir='ltr'><strong>in</strong></span> <span class='ocrx_word' id='word_1_635' title='bbox 1521 5205 1763 5276; x_wconf 83' lang='lat' dir='ltr'><strong>sanguine</strong></span> <span class='ocrx_word' id='word_1_636' title='bbox 1788 5205 1919 5274; x_wconf 84' lang='lat' dir='ltr'><strong>Agni</strong></span> 
     </span>
    </p>
   </div>
   <div class='ocr_carea' id='block_1_71' title="bbox 348 5286 1630 5363">
    <p class='ocr_par' dir='ltr' id='par_1_71' title="bbox 348 5286 1630 5363">
     <span class='ocr_line' id='line_1_78' title="bbox 348 5286 1630 5363; baseline -0.005 0"><span class='ocrx_word' id='word_1_637' title='bbox 348 5288 759 5363; x_wconf 56' lang='grc' dir='ltr'><strong>(ΑνθσοΪὲι-θν</strong></span> <span class='ocrx_word' id='word_1_638' title='bbox 791 5286 914 5363; x_wconf 67' lang='grc'><strong>14)”</strong></span> <span class='ocrx_word' id='word_1_639' title='bbox 989 5357 998 5363; x_wconf 92' lang='grc'><strong>.</strong></span> <span class='ocrx_word' id='word_1_640' title='bbox 1054 5355 1064 5363; x_wconf 95' lang='grc'>.</span> <span class='ocrx_word' id='word_1_641' title='bbox 1343 5349 1350 5356; x_wconf 95' lang='grc'><strong><em>.</em></strong></span> <span class='ocrx_word' id='word_1_642' title='bbox 1451 5347 1508 5363; x_wconf 73' lang='grc' dir='ltr'><strong>,η</strong></span> 
     </span>
    </p>
   </div>
   <div class='ocr_carea' id='block_1_72' title="bbox 417 5344 1920 5422">
    <p class='ocr_par' dir='ltr' id='par_1_72' title="bbox 417 5344 1920 5422">
     <span class='ocr_line' id='line_1_79' title="bbox 417 5344 1920 5422; baseline -0.013 -5"><span class='ocrx_word' id='word_1_643' title='bbox 417 5344 639 5417; x_wconf 65' lang='lat' dir='ltr'><strong>CAPUT</strong></span> <span class='ocrx_word' id='word_1_644' title='bbox 667 5344 835 5413; x_wconf 44' lang='lat' dir='ltr'><strong>&#39;V&#39;.&#39;—</strong></span> <span class='ocrx_word' id='word_1_645' title='bbox 865 5344 917 5411; x_wconf 64' lang='lat' dir='ltr'><strong>ti.</strong></span> <span class='ocrx_word' id='word_1_646' title='bbox 966 5355 1147 5408; x_wconf 81' lang='lat' dir='ltr'><strong>Anima</strong></span> <span class='ocrx_word' id='word_1_647' title='bbox 1174 5349 1418 5422; x_wconf 83' lang='lat' dir='ltr'><strong>sanguine</strong></span> <span class='ocrx_word' id='word_1_648' title='bbox 1447 5347 1630 5422; x_wconf 81' lang='lat' dir='ltr'><strong>Christi</strong></span> <span class='ocrx_word' id='word_1_649' title='bbox 1657 5344 1920 5400; x_wconf 82' lang='lat' dir='ltr'><strong>dealbatur</strong></span> 
     </span>
    </p>
   </div>
   <div class='ocr_carea' id='block_1_73' title="bbox 349 5419 1917 5492">
    <p class='ocr_par' dir='ltr' id='par_1_73' title="bbox 349 5419 1917 5492">
     <span class='ocr_line' id='line_1_80' title="bbox 349 5419 1917 5492; baseline -0.011 -5"><span class='ocrx_word' id='word_1_650' title='bbox 349 5443 393 5487; x_wconf 86' lang='lat' dir='ltr'><strong>et</strong></span> <span class='ocrx_word' id='word_1_651' title='bbox 424 5434 704 5486; x_wconf 85' lang='lat' dir='ltr'><strong>decoratur.</strong></span> <span class='ocrx_word' id='word_1_652' title='bbox 761 5427 987 5482; x_wconf 85' lang='lat' dir='ltr'><strong>Christus</strong></span> <span class='ocrx_word' id='word_1_653' title='bbox 1039 5427 1092 5478; x_wconf 87' lang='lat' dir='ltr'><strong>in</strong></span> <span class='ocrx_word' id='word_1_654' title='bbox 1144 5419 1374 5492; x_wconf 85' lang='lat' dir='ltr'><strong>passione</strong></span> <span class='ocrx_word' id='word_1_655' title='bbox 1410 5436 1442 5472; x_wconf 90' lang='lat' dir='ltr'><strong>a</strong></span> <span class='ocrx_word' id='word_1_656' title='bbox 1491 5419 1643 5492; x_wconf 74' lang='lat' dir='ltr'><strong>Petro</strong></span> <span class='ocrx_word' id='word_1_657' title='bbox 1683 5425 1917 5492; x_wconf 80' lang='lat' dir='ltr'><strong>negatus.</strong></span> 
     </span>
    </p>
   </div>
   <div class='ocr_carea' id='block_1_74' title="bbox 348 5485 1924 5571">
    <p class='ocr_par' dir='ltr' id='par_1_74' title="bbox 348 5485 1924 5571">
     <span class='ocr_line' id='line_1_81' title="bbox 348 5485 1924 5571; baseline -0.012 -15"><span class='ocrx_word' id='word_1_658' title='bbox 348 5485 463 5558; x_wconf 58' lang='lat' dir='ltr'><strong>iam</strong></span> <span class='ocrx_word' id='word_1_659' title='bbox 493 5500 734 5571; x_wconf 86' lang='lat' dir='ltr'><strong>agnoscis</strong></span> <span class='ocrx_word' id='word_1_660' title='bbox 759 5538 772 5560; x_wconf 91' lang='lat'><strong>,</strong></span> <span class='ocrx_word' id='word_1_661' title='bbox 805 5500 978 5571; x_wconf 87' lang='lat' dir='ltr'><strong>anima</strong></span> <span class='ocrx_word' id='word_1_662' title='bbox 1013 5485 1309 5571; x_wconf 65' lang='lat' dir='ltr'><strong>eltristiatia</strong></span> <span class='ocrx_word' id='word_1_663' title='bbox 1331 5531 1346 5556; x_wconf 89' lang='lat'><strong>,</strong></span> <span class='ocrx_word' id='word_1_664' title='bbox 1387 5485 1830 5571; x_wconf 77' lang='lat' dir='ltr'><strong>quemadmodum</strong></span> <span class='ocrx_word' id='word_1_665' title='bbox 1871 5493 1924 5571; x_wconf 77' lang='lat' dir='ltr'><strong>et</strong></span> 
     </span>
    </p>
   </div>
   <div class='ocr_carea' id='block_1_75' title="bbox 351 5559 1925 5637">
    <p class='ocr_par' dir='ltr' id='par_1_75' title="bbox 351 5559 1925 5637">
     <span class='ocr_line' id='line_1_82' title="bbox 351 5559 1925 5637; baseline -0.013 -10"><span class='ocrx_word' id='word_1_666' title='bbox 351 5583 404 5628; x_wconf 93' lang='lat' dir='ltr'><strong>tu</strong></span> <span class='ocrx_word' id='word_1_667' title='bbox 432 5588 496 5627; x_wconf 80' lang='lat' dir='ltr'><strong>ex</strong></span> <span class='ocrx_word' id='word_1_668' title='bbox 526 5559 632 5624; x_wconf 62' lang='lat' dir='ltr'><strong>illo</strong></span> <span class='ocrx_word' id='word_1_669' title='bbox 674 5559 929 5636; x_wconf 88' lang='lat' dir='ltr'><strong>sanguine</strong></span> <span class='ocrx_word' id='word_1_670' title='bbox 974 5565 1220 5619; x_wconf 81' lang='lat' dir='ltr'><strong>efficiaris</strong></span> <span class='ocrx_word' id='word_1_671' title='bbox 1268 5559 1488 5637; x_wconf 81' lang='lat' dir='ltr'><strong>candida</strong></span> <span class='ocrx_word' id='word_1_672' title='bbox 1514 5569 1616 5637; x_wconf 36' lang='lat' dir='ltr'><strong>,‘ut</strong></span> <span class='ocrx_word' id='word_1_673' title='bbox 1654 5559 1847 5637; x_wconf 63' lang='lat' dir='ltr'><strong>omnis</strong></span> <span class='ocrx_word' id='word_1_674' title='bbox 1871 5563 1925 5637; x_wconf 76' lang='lat' dir='ltr'><strong>et</strong></span> 
     </span>
    </p>
   </div>
   <div class='ocr_carea' id='block_1_76' title="bbox 343 5625 1922 5712">
    <p class='ocr_par' dir='ltr' id='par_1_76' title="bbox 343 5625 1922 5712">
     <span class='ocr_line' id='line_1_83' title="bbox 343 5625 1922 5712; baseline -0.013 -13"><span class='ocrx_word' id='word_1_675' title='bbox 343 5625 570 5712; x_wconf 62' lang='lat' dir='ltr'><strong>corpore</strong></span> <span class='ocrx_word' id='word_1_676' title='bbox 599 5651 649 5695; x_wconf 88' lang='lat' dir='ltr'><strong>et</strong></span> <span class='ocrx_word' id='word_1_677' title='bbox 679 5625 838 5694; x_wconf 72' lang='lat' dir='ltr'><strong>corde</strong></span> <span class='ocrx_word' id='word_1_678' title='bbox 879 5633 1393 5712; x_wconf 49' lang='lat' dir='ltr'><strong>pulchranaseendas</strong></span> <span class='ocrx_word' id='word_1_679' title='bbox 1433 5630 1500 5684; x_wconf 91' lang='lat' dir='ltr'><strong>de</strong></span> <span class='ocrx_word' id='word_1_680' title='bbox 1544 5629 1686 5712; x_wconf 73' lang='lat' dir='ltr'><strong>fonte</strong></span> <span class='ocrx_word' id='word_1_681' title='bbox 1725 5625 1922 5712; x_wconf 63' lang='lat' dir='ltr'><strong>Christi</strong></span> 
     </span>
    </p>
   </div>
   <div class='ocr_carea' id='block_1_77' title="bbox 349 5696 1923 5776">
    <p class='ocr_par' dir='ltr' id='par_1_77' title="bbox 349 5696 1923 5776">
     <span class='ocr_line' id='line_1_84' title="bbox 349 5696 1923 5776; baseline -0.012 -7"><span class='ocrx_word' id='word_1_682' title='bbox 349 5696 652 5769; x_wconf 60' lang='lat' dir='ltr'><strong>consecrata</strong></span> <span class='ocrx_word' id='word_1_683' title='bbox 699 5712 749 5763; x_wconf 92' lang='lat' dir='ltr'><strong>in</strong></span> <span class='ocrx_word' id='word_1_684' title='bbox 794 5696 1068 5776; x_wconf 79' lang='lat' dir='ltr'><strong>sanguine.</strong></span> <span class='ocrx_word' id='word_1_685' title='bbox 1099 5704 1233 5770; x_wconf 84' lang='lat' dir='ltr'><strong>Quid</strong></span> <span class='ocrx_word' id='word_1_686' title='bbox 1271 5703 1412 5758; x_wconf 89' lang='lat' dir='ltr'><strong>enim</strong></span> <span class='ocrx_word' id='word_1_687' title='bbox 1459 5698 1691 5776; x_wconf 68' lang='lat' dir='ltr'><strong>manavit</strong></span> <span class='ocrx_word' id='word_1_688' title='bbox 1725 5711 1802 5776; x_wconf 77' lang='lat' dir='ltr'><strong>ex_</strong></span> <span class='ocrx_word' id='word_1_689' title='bbox 1831 5696 1923 5750; x_wconf 90' lang='lat' dir='ltr'><strong>illo</strong></span> 
     </span>
    </p>
   </div>
   <div class='ocr_carea' id='block_1_78' title="bbox 348 5765 1918 5845">
    <p class='ocr_par' dir='ltr' id='par_1_78' title="bbox 348 5765 1918 5845">
     <span class='ocr_line' id='line_1_85' title="bbox 348 5765 1918 5845; baseline -0.014 -5"><span class='ocrx_word' id='word_1_690' title='bbox 348 5765 776 5841; x_wconf 30' lang='lat' dir='ltr'><strong>latere&#39;crucitixi</strong></span> <span class='ocrx_word' id='word_1_691' title='bbox 797 5780 819 5832; x_wconf 88' lang='lat'><strong>?</strong></span> <span class='ocrx_word' id='word_1_692' title='bbox 842 5765 1066 5845; x_wconf 63' lang='lat' dir='ltr'><strong>Sanguis</strong></span> <span class='ocrx_word' id='word_1_693' title='bbox 1088 5765 1141 5830; x_wconf 73' lang='lat' dir='ltr'><strong>et</strong></span> <span class='ocrx_word' id='word_1_694' title='bbox 1159 5787 1292 5844; x_wconf 90' lang='lat' dir='ltr'><strong>aqua</strong></span> <span class='ocrx_word' id='word_1_695' title='bbox 1317 5791 1329 5828; x_wconf 89' lang='lat'>:</span> <span class='ocrx_word' id='word_1_696' title='bbox 1354 5788 1419 5828; x_wconf 81' lang='lat' dir='ltr'><strong>ex</strong></span> <span class='ocrx_word' id='word_1_697' title='bbox 1449 5769 1703 5840; x_wconf 83' lang='lat' dir='ltr'><strong>sanguine</strong></span> <span class='ocrx_word' id='word_1_698' title='bbox 1724 5765 1886 5822; x_wconf 91' lang='lat' dir='ltr'><strong>rubor</strong></span> <span class='ocrx_word' id='word_1_699' title='bbox 1904 5807 1918 5833; x_wconf 93' lang='lat'><strong>,</strong></span> 
     </span>
    </p>
   </div>
   <div class='ocr_carea' id='block_1_79' title="bbox 1479 339 2412 406">
    <p class='ocr_par' dir='ltr' id='par_1_79' title="bbox 1479 339 2412 406">
     <span class='ocr_line' id='line_1_86' title="bbox 1479 339 2412 406; baseline -0.003 -8"><span class='ocrx_word' id='word_1_700' title='bbox 1479 341 1704 398; x_wconf 79' lang='lat' dir='ltr'><strong>SERMO</strong></span> <span class='ocrx_word' id='word_1_701' title='bbox 1743 340 1830 395; x_wconf 78' lang='lat' dir='ltr'><strong>DE</strong></span> <span class='ocrx_word' id='word_1_702' title='bbox 1867 339 2146 406; x_wconf 73' lang='lat' dir='ltr'><strong>QUARTA</strong></span> <span class='ocrx_word' id='word_1_703' title='bbox 2187 341 2412 398; x_wconf 73' lang='lat' dir='ltr'><strong>FERIA.</strong></span> 
     </span>
    </p>
   </div>
   <div class='ocr_carea' id='block_1_80' title="bbox 3466 335 3571 395">
    <p class='ocr_par' dir='ltr' id='par_1_80' title="bbox 3466 335 3571 395">
     <span class='ocr_line' id='line_1_87' title="bbox 3466 335 3571 395; baseline -0.019 -2"><span class='ocrx_word' id='word_1_704' title='bbox 3466 335 3571 395; x_wconf 80' lang='lat'><strong>690</strong></span> 
     </span>
    </p>
   </div>
   <div class='ocr_carea' id='block_1_81' title="bbox 2005 452 3581 522">
    <p class='ocr_par' dir='ltr' id='par_1_81' title="bbox 2005 452 3581 522">
     <span class='ocr_line' id='line_1_88' title="bbox 2005 452 3581 522; baseline 0.006 -16"><span class='ocrx_word' id='word_1_705' title='bbox 2005 467 2071 506; x_wconf 89' lang='lat' dir='ltr'><strong>ex</strong></span> <span class='ocrx_word' id='word_1_706' title='bbox 2098 467 2232 522; x_wconf 91' lang='lat' dir='ltr'><strong>aqua</strong></span> <span class='ocrx_word' id='word_1_707' title='bbox 2255 453 2522 521; x_wconf 83' lang='lat' dir='ltr'><strong>Splendor.</strong></span> <span class='ocrx_word' id='word_1_708' title='bbox 2553 452 2604 506; x_wconf 94' lang='lat' dir='ltr'><strong>In</strong></span> <span class='ocrx_word' id='word_1_709' title='bbox 2646 453 2760 508; x_wconf 88' lang='lat' dir='ltr'><strong>istis</strong></span> <span class='ocrx_word' id='word_1_710' title='bbox 2800 452 3004 508; x_wconf 86' lang='lat' dir='ltr'><strong>duobus</strong></span> <span class='ocrx_word' id='word_1_711' title='bbox 3048 456 3391 514; x_wconf 87' lang='lat' dir='ltr'><strong>sacramentis</strong></span> <span class='ocrx_word' id='word_1_712' title='bbox 3417 456 3581 515; x_wconf 81' lang='lat' dir='ltr'><strong>deco—</strong></span> 
     </span>
    </p>
   </div>
   <div class='ocr_carea' id='block_1_82' title="bbox 2007 524 3584 598">
    <p class='ocr_par' dir='ltr' id='par_1_82' title="bbox 2007 524 3584 598">
     <span class='ocr_line' id='line_1_89' title="bbox 2007 524 3584 598; baseline 0.006 -22"><span class='ocrx_word' id='word_1_713' title='bbox 2007 532 2190 598; x_wconf 77' lang='lat' dir='ltr'><strong>rantur</strong></span> <span class='ocrx_word' id='word_1_714' title='bbox 2227 524 2446 592; x_wconf 72' lang='lat' dir='ltr'><strong>siugulre</strong></span> <span class='ocrx_word' id='word_1_715' title='bbox 2484 524 2712 598; x_wconf 72' lang='lat' dir='ltr'><strong>aliique,</strong></span> <span class='ocrx_word' id='word_1_716' title='bbox 2752 540 2813 577; x_wconf 85' lang='lat' dir='ltr'><strong>ex</strong></span> <span class='ocrx_word' id='word_1_717' title='bbox 2859 525 3050 598; x_wconf 78' lang='lat' dir='ltr'><strong>quibus</strong></span> <span class='ocrx_word' id='word_1_718' title='bbox 3089 541 3190 598; x_wconf 89' lang='lat' dir='ltr'><strong>una</strong></span> <span class='ocrx_word' id='word_1_719' title='bbox 3210 527 3322 598; x_wconf 30' lang='lat' dir='ltr'><strong>‘illa</strong></span> <span class='ocrx_word' id='word_1_720' title='bbox 3361 528 3584 598; x_wconf 89' lang='lat' dir='ltr'><strong>pulchra</strong></span> 
     </span>
    </p>
   </div>
   <div class='ocr_carea' id='block_1_83' title="bbox 2006 592 3578 661">
    <p class='ocr_par' dir='ltr' id='par_1_83' title="bbox 2006 592 3578 661">
     <span class='ocr_line' id='line_1_90' title="bbox 2006 592 3578 661; baseline 0.006 -15"><span class='ocrx_word' id='word_1_721' title='bbox 2006 592 2235 647; x_wconf 87' lang='lat' dir='ltr'><strong>efficitur</strong></span> <span class='ocrx_word' id='word_1_722' title='bbox 2261 607 2450 661; x_wconf 80' lang='lat' dir='ltr'><strong>SponSa</strong></span> <span class='ocrx_word' id='word_1_723' title='bbox 2485 595 2715 647; x_wconf 82' lang='lat' dir='ltr'><strong>Ecclesia</strong></span> <span class='ocrx_word' id='word_1_724' title='bbox 2743 636 2755 659; x_wconf 95' lang='lat'><strong>,</strong></span> <span class='ocrx_word' id='word_1_725' title='bbox 2789 595 2870 647; x_wconf 90' lang='lat' dir='ltr'><strong>cui</strong></span> <span class='ocrx_word' id='word_1_726' title='bbox 2899 594 3090 648; x_wconf 87' lang='lat' dir='ltr'><strong>dicitur</strong></span> <span class='ocrx_word' id='word_1_727' title='bbox 3119 597 3170 649; x_wconf 93' lang='lat' dir='ltr'><strong>in</strong></span> <span class='ocrx_word' id='word_1_728' title='bbox 3199 592 3416 653; x_wconf 80' lang='lat' dir='ltr'><strong>Cantiéo</strong></span> <span class='ocrx_word' id='word_1_729' title='bbox 3442 613 3578 655; x_wconf 87' lang='lat' dir='ltr'><strong>can-</strong></span> 
     </span>
    </p>
   </div>
   <div class='ocr_carea' id='block_1_84' title="bbox 2007 661 3583 734">
    <p class='ocr_par' dir='ltr' id='par_1_84' title="bbox 2007 661 3583 734">
     <span class='ocr_line' id='line_1_91' title="bbox 2007 661 3583 734; baseline 0.004 -17"><span class='ocrx_word' id='word_1_730' title='bbox 2007 663 2230 717; x_wconf 83' lang='lat' dir='ltr'><strong>ticorum</strong></span> <span class='ocrx_word' id='word_1_731' title='bbox 2260 681 2272 715; x_wconf 89' lang='lat'><strong>:</strong></span> <span class='ocrx_word' id='word_1_732' title='bbox 2305 661 2467 727; x_wconf 81' lang='lat' dir='ltr'><strong>Quam</strong></span> <span class='ocrx_word' id='word_1_733' title='bbox 2489 665 2709 733; x_wconf 86' lang='lat' dir='ltr'><strong>speciosa</strong></span> <span class='ocrx_word' id='word_1_734' title='bbox 2740 681 2789 717; x_wconf 86' lang='lat' dir='ltr'><strong>es</strong></span> <span class='ocrx_word' id='word_1_735' title='bbox 2813 706 2826 729; x_wconf 91' lang='lat'><strong>,</strong></span> <span class='ocrx_word' id='word_1_736' title='bbox 2867 682 3010 717; x_wconf 86' lang='lat' dir='ltr'><strong>soror</strong></span> <span class='ocrx_word' id='word_1_737' title='bbox 3035 681 3144 718; x_wconf 88' lang='lat' dir='ltr'><strong>mea</strong></span> <span class='ocrx_word' id='word_1_738' title='bbox 3168 707 3182 729; x_wconf 92' lang='lat'><strong>,</strong></span> <span class='ocrx_word' id='word_1_739' title='bbox 3221 666 3402 721; x_wconf 88' lang='lat' dir='ltr'><strong>dilecta</strong></span> <span class='ocrx_word' id='word_1_740' title='bbox 3434 685 3583 734; x_wconf 86' lang='lat' dir='ltr'><strong>mea,</strong></span> 
     </span>
    </p>
   </div>
   <div class='ocr_carea' id='block_1_85' title="bbox 2003 735 3588 810">
    <p class='ocr_par' dir='ltr' id='par_1_85' title="bbox 2003 735 3588 810">
     <span class='ocr_line' id='line_1_92' title="bbox 2003 735 3588 810; baseline 0.005 -24"><span class='ocrx_word' id='word_1_741' title='bbox 2003 735 2432 810; x_wconf 73' lang='lat' dir='ltr'><strong>quam_spccioste</strong></span> <span class='ocrx_word' id='word_1_742' title='bbox 2477 745 2591 810; x_wconf 86' lang='lat' dir='ltr'><strong>sunt</strong></span> <span class='ocrx_word' id='word_1_743' title='bbox 2633 751 2772 810; x_wconf 71' lang='lat' dir='ltr'><strong>gena:</strong></span> <span class='ocrx_word' id='word_1_744' title='bbox 2806 745 2906 810; x_wconf 74' lang='lat' dir='ltr'><strong>tua:</strong></span> <span class='ocrx_word' id='word_1_745' title='bbox 2983 735 3129 789; x_wconf 82' lang='lat' dir='ltr'><strong>Cant.</strong></span> <span class='ocrx_word' id='word_1_746' title='bbox 3158 751 3228 800; x_wconf 81' lang='grc' dir='ltr'><strong>ιν,</strong></span> <span class='ocrx_word' id='word_1_747' title='bbox 3265 738 3334 810; x_wconf 9' lang='lat' dir='ltr'><strong>id,</strong></span> <span class='ocrx_word' id='word_1_748' title='bbox 3362 738 3467 810; x_wconf 77' lang='lat'><strong>5)!</strong></span> <span class='ocrx_word' id='word_1_749' title='bbox 3515 739 3588 810; x_wconf 80' lang='lat' dir='ltr'><strong>Et</strong></span> 
     </span>
    </p>
   </div>
   <div class='ocr_carea' id='block_1_86' title="bbox 2004 804 3584 876">
    <p class='ocr_par' dir='ltr' id='par_1_86' title="bbox 2004 804 3584 876">
     <span class='ocr_line' id='line_1_93' title="bbox 2004 804 3584 876; baseline 0.004 -19"><span class='ocrx_word' id='word_1_750' title='bbox 2004 817 2126 857; x_wconf 93' lang='lat' dir='ltr'><strong>cum</strong></span> <span class='ocrx_word' id='word_1_751' title='bbox 2166 804 2278 876; x_wconf 92' lang='lat' dir='ltr'><strong>ipse</strong></span> <span class='ocrx_word' id='word_1_752' title='bbox 2319 820 2433 876; x_wconf 83' lang='lat' dir='ltr'><strong>eam</strong></span> <span class='ocrx_word' id='word_1_753' title='bbox 2480 806 2635 859; x_wconf 89' lang='lat' dir='ltr'><strong>talem</strong></span> <span class='ocrx_word' id='word_1_754' title='bbox 2685 804 2902 870; x_wconf 86' lang='lat' dir='ltr'><strong>fecerit,</strong></span> <span class='ocrx_word' id='word_1_755' title='bbox 2937 807 3207 876; x_wconf 88' lang='lat' dir='ltr'><strong>ipsamque</strong></span> <span class='ocrx_word' id='word_1_756' title='bbox 3235 804 3584 876; x_wconf 81' lang='lat' dir='ltr'><strong>pulchritudi-</strong></span> 
     </span>
    </p>
   </div>
   <div class='ocr_carea' id='block_1_87' title="bbox 2006 873 3587 946">
    <p class='ocr_par' dir='ltr' id='par_1_87' title="bbox 2006 873 3587 946">
     <span class='ocr_line' id='line_1_94' title="bbox 2006 873 3587 946; baseline 0.004 -19"><span class='ocrx_word' id='word_1_757' title='bbox 2006 888 2126 928; x_wconf 90' lang='lat' dir='ltr'><strong>nem</strong></span> <span class='ocrx_word' id='word_1_758' title='bbox 2156 873 2200 927; x_wconf 92' lang='lat' dir='ltr'><strong>ci</strong></span> <span class='ocrx_word' id='word_1_759' title='bbox 2224 877 2344 946; x_wconf 84' lang='lat' dir='ltr'><strong>ipse</strong></span> <span class='ocrx_word' id='word_1_760' title='bbox 2372 873 2680 932; x_wconf 78' lang='lat' dir='ltr'><strong>donaverit.</strong></span> <span class='ocrx_word' id='word_1_761' title='bbox 2712 876 2896 929; x_wconf 91' lang='lat' dir='ltr'><strong>videns</strong></span> <span class='ocrx_word' id='word_1_762' title='bbox 2921 873 3035 928; x_wconf 91' lang='lat' dir='ltr'><strong>eam</strong></span> <span class='ocrx_word' id='word_1_763' title='bbox 3067 873 3221 930; x_wconf 87' lang='lat' dir='ltr'><strong>talem</strong></span> <span class='ocrx_word' id='word_1_764' title='bbox 3236 873 3398 946; x_wconf 81' lang='lat' dir='ltr'><strong>quasi</strong></span> <span class='ocrx_word' id='word_1_765' title='bbox 3423 879 3587 934; x_wconf 86' lang='lat' dir='ltr'><strong>mira-</strong></span> 
     </span>
    </p>
   </div>
   <div class='ocr_carea' id='block_1_88' title="bbox 2006 944 3582 1015">
    <p class='ocr_par' dir='ltr' id='par_1_88' title="bbox 2006 944 3582 1015">
     <span class='ocr_line' id='line_1_95' title="bbox 2006 944 3582 1015; baseline 0.004 -18"><span class='ocrx_word' id='word_1_766' title='bbox 2006 951 2091 1015; x_wconf 79' lang='lat' dir='ltr'><strong>tus</strong></span> <span class='ocrx_word' id='word_1_767' title='bbox 2121 944 2382 999; x_wconf 76' lang='lat' dir='ltr'><strong>exclamat</strong></span> <span class='ocrx_word' id='word_1_768' title='bbox 2405 985 2418 1008; x_wconf 93' lang='lat'><strong>,</strong></span> <span class='ocrx_word' id='word_1_769' title='bbox 2448 954 2605 1012; x_wconf 86' lang='lat' dir='ltr'><strong>atque</strong></span> <span class='ocrx_word' id='word_1_770' title='bbox 2629 945 3030 1000; x_wconf 88' lang='lat' dir='ltr'><strong>circumstantes</strong></span> <span class='ocrx_word' id='word_1_771' title='bbox 3060 944 3391 1015; x_wconf 76' lang='lat' dir='ltr'><strong>interrogans</strong></span> <span class='ocrx_word' id='word_1_772' title='bbox 3414 947 3582 1005; x_wconf 90' lang='lat' dir='ltr'><strong>dicit:</strong></span> 
     </span>
    </p>
   </div>
   <div class='ocr_carea' id='block_1_89' title="bbox 2009 1013 3582 1082">
    <p class='ocr_par' dir='ltr' id='par_1_89' title="bbox 2009 1013 3582 1082">
     <span class='ocr_line' id='line_1_96' title="bbox 2009 1013 3582 1082; baseline 0.006 -17"><span class='ocrx_word' id='word_1_773' title='bbox 2009 1013 2254 1077; x_wconf 81' lang='lat' dir='ltr'><strong>Qmenam</strong></span> <span class='ocrx_word' id='word_1_774' title='bbox 2308 1025 2377 1066; x_wconf 86' lang='lat' dir='ltr'><strong>est</strong></span> <span class='ocrx_word' id='word_1_775' title='bbox 2430 1015 2535 1067; x_wconf 78' lang='lat' dir='ltr'><strong>hwc</strong></span> <span class='ocrx_word' id='word_1_776' title='bbox 2576 1031 2688 1082; x_wconf 68' lang='lat' dir='ltr'><strong>quae</strong></span> <span class='ocrx_word' id='word_1_777' title='bbox 2735 1016 2959 1068; x_wconf 87' lang='lat' dir='ltr'><strong>ascendit</strong></span> <span class='ocrx_word' id='word_1_778' title='bbox 3009 1013 3287 1071; x_wconf 75' lang='lat' dir='ltr'><strong>dealbata?</strong></span> <span class='ocrx_word' id='word_1_779' title='bbox 3334 1018 3403 1072; x_wconf 88' lang='lat' dir='ltr'><strong>Et</strong></span> <span class='ocrx_word' id='word_1_780' title='bbox 3453 1020 3582 1074; x_wconf 86' lang='lat' dir='ltr'><strong>illi:</strong></span> 
     </span>
    </p>
   </div>
   <div class='ocr_carea' id='block_1_90' title="bbox 2007 1083 3586 1158">
    <p class='ocr_par' dir='ltr' id='par_1_90' title="bbox 2007 1083 3586 1158">
     <span class='ocr_line' id='line_1_97' title="bbox 2007 1083 3586 1158; baseline 0.005 -21"><span class='ocrx_word' id='word_1_781' title='bbox 2007 1083 2246 1158; x_wconf 61' lang='lat' dir='ltr'><strong>Equites</strong></span> <span class='ocrx_word' id='word_1_782' title='bbox 2263 1085 2446 1158; x_wconf 71' lang='lat' dir='ltr'><strong>ditarit</strong></span> <span class='ocrx_word' id='word_1_783' title='bbox 2491 1094 2535 1158; x_wconf 82' lang='lat' dir='ltr'><strong>te</strong></span> <span class='ocrx_word' id='word_1_784' title='bbox 2567 1084 2693 1156; x_wconf 86' lang='lat' dir='ltr'><strong>(Id.</strong></span> <span class='ocrx_word' id='word_1_785' title='bbox 2721 1101 2831 1158; x_wconf 79' lang='lat' dir='ltr'><strong>vin,</strong></span> <span class='ocrx_word' id='word_1_786' title='bbox 2860 1087 2955 1158; x_wconf 12' lang='grc'><strong>57).</strong></span> <span class='ocrx_word' id='word_1_787' title='bbox 2988 1085 3103 1155; x_wconf 84' lang='lat' dir='ltr'><strong>Ipsa</strong></span> <span class='ocrx_word' id='word_1_788' title='bbox 3147 1096 3229 1141; x_wconf 89' lang='lat' dir='ltr'><strong>est</strong></span> <span class='ocrx_word' id='word_1_789' title='bbox 3266 1089 3440 1158; x_wconf 87' lang='lat' dir='ltr'><strong>regina</strong></span> <span class='ocrx_word' id='word_1_790' title='bbox 3464 1105 3586 1158; x_wconf 57' lang='lat' dir='ltr'><strong>quas</strong></span> 
     </span>
    </p>
   </div>
   <div class='ocr_carea' id='block_1_91' title="bbox 2006 1155 3587 1221">
    <p class='ocr_par' dir='ltr' id='par_1_91' title="bbox 2006 1155 3587 1221">
     <span class='ocr_line' id='line_1_98' title="bbox 2006 1155 3587 1221; baseline 0.004 -15"><span class='ocrx_word' id='word_1_791' title='bbox 2006 1155 2160 1207; x_wconf 88' lang='lat' dir='ltr'><strong>astitit</strong></span> <span class='ocrx_word' id='word_1_792' title='bbox 2189 1171 2218 1205; x_wconf 93' lang='lat' dir='ltr'><strong>a</strong></span> <span class='ocrx_word' id='word_1_793' title='bbox 2239 1156 2425 1207; x_wconf 71' lang='lat' dir='ltr'><strong>dextris</strong></span> <span class='ocrx_word' id='word_1_794' title='bbox 2452 1156 2549 1208; x_wconf 87' lang='lat' dir='ltr'><strong>tuis</strong></span> <span class='ocrx_word' id='word_1_795' title='bbox 2576 1155 2626 1208; x_wconf 89' lang='lat' dir='ltr'><strong>in</strong></span> <span class='ocrx_word' id='word_1_796' title='bbox 2670 1157 2842 1210; x_wconf 81' lang='lat' dir='ltr'><strong>vestitu</strong></span> <span class='ocrx_word' id='word_1_797' title='bbox 2883 1157 3124 1209; x_wconf 86' lang='lat' dir='ltr'><strong>deaurato</strong></span> <span class='ocrx_word' id='word_1_798' title='bbox 3149 1199 3163 1221; x_wconf 94' lang='lat'><strong>,</strong></span> <span class='ocrx_word' id='word_1_799' title='bbox 3208 1155 3587 1214; x_wconf 77' lang='lat' dir='ltr'><strong>circumamicta</strong></span> 
     </span>
    </p>
   </div>
   <div class='ocr_carea' id='block_1_92' title="bbox 2004 1222 3585 1295">
    <p class='ocr_par' dir='ltr' id='par_1_92' title="bbox 2004 1222 3585 1295">
     <span class='ocr_line' id='line_1_99' title="bbox 2004 1222 3585 1295; baseline 0.004 -18"><span class='ocrx_word' id='word_1_800' title='bbox 2004 1226 2239 1277; x_wconf 71' lang='lat' dir='ltr'><strong>varietate</strong></span> <span class='ocrx_word' id='word_1_801' title='bbox 2289 1222 2474 1292; x_wconf 84' lang='lat' dir='ltr'><strong>(Psal.</strong></span> <span class='ocrx_word' id='word_1_802' title='bbox 2525 1241 2670 1285; x_wconf 74' lang='lat' dir='ltr'><strong>XLIV,</strong></span> <span class='ocrx_word' id='word_1_803' title='bbox 2726 1225 2852 1294; x_wconf 85' lang='grc'><strong>10),</strong></span> <span class='ocrx_word' id='word_1_804' title='bbox 2901 1227 3195 1295; x_wconf 83' lang='lat' dir='ltr'><strong>linguarum</strong></span> <span class='ocrx_word' id='word_1_805' title='bbox 3250 1227 3585 1284; x_wconf 87' lang='lat' dir='ltr'><strong>diversarum</strong></span> 
     </span>
    </p>
   </div>
   <div class='ocr_carea' id='block_1_93' title="bbox 2007 1295 3585 1366">
    <p class='ocr_par' dir='ltr' id='par_1_93' title="bbox 2007 1295 3585 1366">
     <span class='ocr_line' id='line_1_100' title="bbox 2007 1295 3585 1366; baseline 0.004 -19"><span class='ocrx_word' id='word_1_806' title='bbox 2007 1295 2245 1366; x_wconf 83' lang='lat' dir='ltr'><strong>gentium</strong></span> <span class='ocrx_word' id='word_1_807' title='bbox 2275 1296 2526 1347; x_wconf 89' lang='lat' dir='ltr'><strong>varietate</strong></span> <span class='ocrx_word' id='word_1_808' title='bbox 2557 1297 2823 1348; x_wconf 84' lang='lat' dir='ltr'><strong>decorata.</strong></span> <span class='ocrx_word' id='word_1_809' title='bbox 2855 1297 3086 1349; x_wconf 76' lang='lat' dir='ltr'><strong>Audiens</strong></span> <span class='ocrx_word' id='word_1_810' title='bbox 3130 1297 3243 1350; x_wconf 64' lang='lat' dir='ltr'><strong>haec</strong></span> <span class='ocrx_word' id='word_1_811' title='bbox 3277 1301 3456 1366; x_wconf 88' lang='lat' dir='ltr'><strong>sponsi</strong></span> <span class='ocrx_word' id='word_1_812' title='bbox 3501 1299 3585 1353; x_wconf 87' lang='lat' dir='ltr'><strong>sui</strong></span> 
     </span>
    </p>
   </div>
   <div class='ocr_carea' id='block_1_94' title="bbox 2009 1364 3587 1434">
    <p class='ocr_par' dir='ltr' id='par_1_94' title="bbox 2009 1364 3587 1434">
     <span class='ocr_line' id='line_1_101' title="bbox 2009 1364 3587 1434; baseline 0.004 -18"><span class='ocrx_word' id='word_1_813' title='bbox 2009 1379 2189 1434; x_wconf 74' lang='lat' dir='ltr'><strong>vocem</strong></span> <span class='ocrx_word' id='word_1_814' title='bbox 2219 1364 2438 1418; x_wconf 88' lang='lat' dir='ltr'><strong>dicentis</strong></span> <span class='ocrx_word' id='word_1_815' title='bbox 2464 1405 2478 1425; x_wconf 87' lang='lat'><strong>,</strong></span> <span class='ocrx_word' id='word_1_816' title='bbox 2513 1365 2757 1429; x_wconf 72' lang='lat' dir='ltr'><strong>Quantam</strong></span> <span class='ocrx_word' id='word_1_817' title='bbox 2785 1376 2857 1418; x_wconf 89' lang='lat' dir='ltr'><strong>est</strong></span> <span class='ocrx_word' id='word_1_818' title='bbox 2899 1366 3004 1420; x_wconf 72' lang='lat' dir='ltr'><strong>han:</strong></span> <span class='ocrx_word' id='word_1_819' title='bbox 3034 1382 3147 1434; x_wconf 69' lang='lat' dir='ltr'><strong>qua:</strong></span> <span class='ocrx_word' id='word_1_820' title='bbox 3177 1364 3404 1421; x_wconf 80' lang='lat' dir='ltr'><strong>ascendit</strong></span> <span class='ocrx_word' id='word_1_821' title='bbox 3445 1369 3587 1422; x_wconf 82' lang='lat' dir='ltr'><strong>deal-</strong></span> 
     </span>
    </p>
   </div>
   <div class='ocr_carea' id='block_1_95' title="bbox 2008 1433 3588 1507">
    <p class='ocr_par' dir='ltr' id='par_1_95' title="bbox 2008 1433 3588 1507">
     <span class='ocr_line' id='line_1_102' title="bbox 2008 1433 3588 1507; baseline 0.005 -22"><span class='ocrx_word' id='word_1_822' title='bbox 2008 1433 2168 1507; x_wconf 79' lang='lat' dir='ltr'><strong>bata?</strong></span> <span class='ocrx_word' id='word_1_823' title='bbox 2196 1435 2494 1488; x_wconf 70' lang='lat' dir='ltr'><strong>verecunde</strong></span> <span class='ocrx_word' id='word_1_824' title='bbox 2535 1436 2692 1488; x_wconf 89' lang='lat' dir='ltr'><strong>etiam</strong></span> <span class='ocrx_word' id='word_1_825' title='bbox 2733 1435 2843 1504; x_wconf 83' lang='lat' dir='ltr'><strong>ipsa</strong></span> <span class='ocrx_word' id='word_1_826' title='bbox 2887 1433 3209 1506; x_wconf 84' lang='lat' dir='ltr'><strong>respondere</strong></span> <span class='ocrx_word' id='word_1_827' title='bbox 3259 1438 3501 1507; x_wconf 90' lang='lat' dir='ltr'><strong>cogitur,</strong></span> <span class='ocrx_word' id='word_1_828' title='bbox 3533 1447 3588 1493; x_wconf 87' lang='lat' dir='ltr'><strong>et</strong></span> 
     </span>
    </p>
   </div>
   <div class='ocr_carea' id='block_1_96' title="bbox 2007 1503 3586 1577">
    <p class='ocr_par' dir='ltr' id='par_1_96' title="bbox 2007 1503 3586 1577">
     <span class='ocr_line' id='line_1_103' title="bbox 2007 1503 3586 1577; baseline 0.004 -21"><span class='ocrx_word' id='word_1_829' title='bbox 2007 1503 2134 1557; x_wconf 87' lang='lat' dir='ltr'><strong>dicit</strong></span> <span class='ocrx_word' id='word_1_830' title='bbox 2159 1519 2479 1577; x_wconf 77' lang='lat' dir='ltr'><strong>suosponso</strong></span> <span class='ocrx_word' id='word_1_831' title='bbox 2507 1525 2518 1558; x_wconf 86' lang='lat'><strong>:</strong></span> <span class='ocrx_word' id='word_1_832' title='bbox 2549 1507 2619 1577; x_wconf 74' lang='lat' dir='ltr'><strong>De</strong></span> <span class='ocrx_word' id='word_1_833' title='bbox 2649 1522 2731 1559; x_wconf 89' lang='lat' dir='ltr'><strong>me</strong></span> <span class='ocrx_word' id='word_1_834' title='bbox 2755 1503 3048 1574; x_wconf 77' lang='lat' dir='ltr'><strong>interrogas</strong></span> <span class='ocrx_word' id='word_1_835' title='bbox 3067 1521 3310 1577; x_wconf 67' lang='lat' dir='ltr'><strong>quaenam</strong></span> <span class='ocrx_word' id='word_1_836' title='bbox 3329 1503 3439 1562; x_wconf 77' lang='lat' dir='ltr'><strong>sim</strong></span> <span class='ocrx_word' id='word_1_837' title='bbox 3466 1503 3586 1577; x_wconf 66' lang='lat' dir='ltr'><strong>quae</strong></span> 
     </span>
    </p>
   </div>
   <div class='ocr_carea' id='block_1_97' title="bbox 2007 1574 3581 1644">
    <p class='ocr_par' dir='ltr' id='par_1_97' title="bbox 2007 1574 3581 1644">
     <span class='ocr_line' id='line_1_104' title="bbox 2007 1574 3581 1644; baseline 0.003 -16"><span class='ocrx_word' id='word_1_838' title='bbox 2007 1574 2220 1644; x_wconf 88' lang='lat' dir='ltr'><strong>ascendi</strong></span> <span class='ocrx_word' id='word_1_839' title='bbox 2251 1574 2514 1644; x_wconf 86' lang='lat' dir='ltr'><strong>dealbata.</strong></span> <span class='ocrx_word' id='word_1_840' title='bbox 2556 1575 2668 1644; x_wconf 84' lang='lat' dir='ltr'><strong>Ego</strong></span> <span class='ocrx_word' id='word_1_841' title='bbox 2699 1591 2813 1629; x_wconf 90' lang='lat' dir='ltr'><strong>sum</strong></span> <span class='ocrx_word' id='word_1_842' title='bbox 2850 1591 3009 1644; x_wconf 90' lang='lat' dir='ltr'><strong>quam</strong></span> <span class='ocrx_word' id='word_1_843' title='bbox 3058 1575 3250 1631; x_wconf 60' lang='lat' dir='ltr'><strong>foedam</strong></span> <span class='ocrx_word' id='word_1_844' title='bbox 3297 1574 3581 1644; x_wconf 80' lang='lat' dir='ltr'><strong>invenisti,</strong></span> 
     </span>
    </p>
   </div>
   <div class='ocr_carea' id='block_1_98' title="bbox 2009 1643 3586 1714">
    <p class='ocr_par' dir='ltr' id='par_1_98' title="bbox 2009 1643 3586 1714">
     <span class='ocr_line' id='line_1_105' title="bbox 2009 1643 3586 1714; baseline 0.003 -17"><span class='ocrx_word' id='word_1_845' title='bbox 2009 1643 2391 1714; x_wconf 82' lang='lat' dir='ltr'><strong>pulchramque</strong></span> <span class='ocrx_word' id='word_1_846' title='bbox 2423 1643 2590 1698; x_wconf 88' lang='lat' dir='ltr'><strong>fecisti</strong></span> <span class='ocrx_word' id='word_1_847' title='bbox 2610 1643 2631 1695; x_wconf 61' lang='grc' dir='ltr'><strong>ἒ</strong></span> <span class='ocrx_word' id='word_1_848' title='bbox 2662 1660 2760 1714; x_wconf 88' lang='lat' dir='ltr'><strong>ego</strong></span> <span class='ocrx_word' id='word_1_849' title='bbox 2784 1643 2899 1699; x_wconf 89' lang='lat' dir='ltr'><strong>sum</strong></span> <span class='ocrx_word' id='word_1_850' title='bbox 2937 1647 3086 1712; x_wconf 89' lang='lat' dir='ltr'><strong>cujus</strong></span> <span class='ocrx_word' id='word_1_851' title='bbox 3127 1661 3312 1714; x_wconf 87' lang='lat' dir='ltr'><strong>preces</strong></span> <span class='ocrx_word' id='word_1_852' title='bbox 3347 1648 3538 1702; x_wconf 91' lang='lat' dir='ltr'><strong>audisti</strong></span> <span class='ocrx_word' id='word_1_853' title='bbox 3565 1643 3586 1714; x_wconf 72' lang='lat'><strong>,</strong></span> 
     </span>
    </p>
   </div>
   <div class='ocr_carea' id='block_1_99' title="bbox 2007 1713 3584 1784">
    <p class='ocr_par' dir='ltr' id='par_1_99' title="bbox 2007 1713 3584 1784">
     <span class='ocr_line' id='line_1_106' title="bbox 2007 1713 3584 1784; baseline 0.006 -22"><span class='ocrx_word' id='word_1_854' title='bbox 2007 1713 2219 1782; x_wconf 87' lang='lat' dir='ltr'><strong>quando</strong></span> <span class='ocrx_word' id='word_1_855' title='bbox 2259 1729 2342 1767; x_wconf 90' lang='lat' dir='ltr'><strong>me</strong></span> <span class='ocrx_word' id='word_1_856' title='bbox 2390 1714 2441 1768; x_wconf 93' lang='lat' dir='ltr'><strong>in</strong></span> <span class='ocrx_word' id='word_1_857' title='bbox 2487 1713 2713 1768; x_wconf 29' lang='lat' dir='ltr'><strong>Psalmo’</strong></span> <span class='ocrx_word' id='word_1_858' title='bbox 2739 1724 2955 1770; x_wconf 90' lang='lat' dir='ltr'><strong>cantare</strong></span> <span class='ocrx_word' id='word_1_859' title='bbox 2990 1713 3196 1779; x_wconf 83' lang='lat' dir='ltr'><strong>fecisti,</strong></span> <span class='ocrx_word' id='word_1_860' title='bbox 3228 1716 3442 1771; x_wconf 84' lang='lat' dir='ltr'><strong>Lovabis</strong></span> <span class='ocrx_word' id='word_1_861' title='bbox 3467 1713 3584 1784; x_wconf 84' lang='lat' dir='ltr'><strong>me,</strong></span> 
     </span>
    </p>
   </div>
   <div class='ocr_carea' id='block_1_100' title="bbox 2007 1784 3591 1858">
    <p class='ocr_par' dir='ltr' id='par_1_100' title="bbox 2007 1784 3591 1858">
     <span class='ocr_line' id='line_1_107' title="bbox 2007 1784 3591 1858; baseline 0.004 -22"><span class='ocrx_word' id='word_1_862' title='bbox 2007 1793 2053 1836; x_wconf 88' lang='lat' dir='ltr'><strong>et</strong></span> <span class='ocrx_word' id='word_1_863' title='bbox 2081 1799 2231 1858; x_wconf 78' lang='lat' dir='ltr'><strong>super</strong></span> <span class='ocrx_word' id='word_1_864' title='bbox 2258 1784 2416 1858; x_wconf 69' lang='lat' dir='ltr'><strong>niuem</strong></span> <span class='ocrx_word' id='word_1_865' title='bbox 2438 1785 2706 1858; x_wconf 67' lang='lat' dir='ltr'><strong>dealbabor</strong></span> <span class='ocrx_word' id='word_1_866' title='bbox 2734 1784 2751 1854; x_wconf 95' lang='lat'><strong>(</strong></span> <span class='ocrx_word' id='word_1_867' title='bbox 2779 1784 2921 1838; x_wconf 86' lang='lat' dir='ltr'><strong>Psal.</strong></span> <span class='ocrx_word' id='word_1_868' title='bbox 2954 1801 2982 1839; x_wconf 77' lang='grc' dir='ltr'><strong>ι</strong></span> <span class='ocrx_word' id='word_1_869' title='bbox 3007 1827 3020 1849; x_wconf 83' lang='grc'><em>,</em></span> <span class='ocrx_word' id='word_1_870' title='bbox 3045 1785 3140 1858; x_wconf 90' lang='lat'><strong>9</strong></span> <span class='ocrx_word' id='word_1_871' title='bbox 3169 1787 3305 1858; x_wconf 85' lang='lat' dir='ltr'><strong>Quid</strong></span> <span class='ocrx_word' id='word_1_872' title='bbox 3335 1802 3462 1857; x_wconf 85' lang='lat' dir='ltr'><strong>ergo</strong></span> <span class='ocrx_word' id='word_1_873' title='bbox 3487 1789 3591 1842; x_wconf 88' lang='lat' dir='ltr'><strong>mi-</strong></span> 
     </span>
    </p>
   </div>
   <div class='ocr_carea' id='block_1_101' title="bbox 2009 1853 3589 1922">
    <p class='ocr_par' dir='ltr' id='par_1_101' title="bbox 2009 1853 3589 1922">
     <span class='ocr_line' id='line_1_108' title="bbox 2009 1853 3589 1922; baseline 0.004 -16"><span class='ocrx_word' id='word_1_874' title='bbox 2009 1854 2146 1906; x_wconf 88' lang='lat' dir='ltr'><strong>raris</strong></span> <span class='ocrx_word' id='word_1_875' title='bbox 2191 1853 2638 1922; x_wconf 89' lang='lat' dir='ltr'><strong>pulchritudinem</strong></span> <span class='ocrx_word' id='word_1_876' title='bbox 2683 1853 2890 1916; x_wconf 87' lang='lat' dir='ltr'><strong>meam,</strong></span> <span class='ocrx_word' id='word_1_877' title='bbox 2941 1870 3060 1909; x_wconf 89' lang='lat' dir='ltr'><strong>cum</strong></span> <span class='ocrx_word' id='word_1_878' title='bbox 3099 1853 3242 1910; x_wconf 83' lang='lat' dir='ltr'><strong>scias</strong></span> <span class='ocrx_word' id='word_1_879' title='bbox 3285 1853 3421 1912; x_wconf 76' lang='lat' dir='ltr'><strong>hanc</strong></span> <span class='ocrx_word' id='word_1_880' title='bbox 3465 1872 3589 1913; x_wconf 87' lang='lat' dir='ltr'><strong>esse</strong></span> 
     </span>
    </p>
   </div>
   <div class='ocr_carea' id='block_1_102' title="bbox 2009 1923 3589 1994">
    <p class='ocr_par' dir='ltr' id='par_1_102' title="bbox 2009 1923 3589 1994">
     <span class='ocr_line' id='line_1_109' title="bbox 2009 1923 3589 1994; baseline 0.004 -18"><span class='ocrx_word' id='word_1_881' title='bbox 2009 1937 2169 1994; x_wconf 83' lang='lat' dir='ltr'><strong>Opera</strong></span> <span class='ocrx_word' id='word_1_882' title='bbox 2201 1923 2332 1976; x_wconf 88' lang='lat' dir='ltr'><strong>tua?</strong></span> <span class='ocrx_word' id='word_1_883' title='bbox 2357 1923 2490 1992; x_wconf 87' lang='lat' dir='ltr'><strong>Quid</strong></span> <span class='ocrx_word' id='word_1_884' title='bbox 2523 1925 2819 1992; x_wconf 83' lang='lat' dir='ltr'><strong>interrogas</strong></span> <span class='ocrx_word' id='word_1_885' title='bbox 2853 1925 2992 1993; x_wconf 87' lang='lat' dir='ltr'><strong>quod</strong></span> <span class='ocrx_word' id='word_1_886' title='bbox 3035 1925 3149 1994; x_wconf 91' lang='lat' dir='ltr'><strong>ipse</strong></span> <span class='ocrx_word' id='word_1_887' title='bbox 3190 1925 3398 1980; x_wconf 86' lang='lat' dir='ltr'><strong>fecisti?</strong></span> <span class='ocrx_word' id='word_1_888' title='bbox 3424 1927 3589 1984; x_wconf 83' lang='lat' dir='ltr'><strong>Vides</strong></span> 
     </span>
    </p>
   </div>
   <div class='ocr_carea' id='block_1_103' title="bbox 2009 1993 3590 2063">
    <p class='ocr_par' dir='ltr' id='par_1_103' title="bbox 2009 1993 3590 2063">
     <span class='ocr_line' id='line_1_110' title="bbox 2009 1993 3590 2063; baseline 0.003 -17"><span class='ocrx_word' id='word_1_889' title='bbox 2009 2008 2095 2047; x_wconf 91' lang='lat' dir='ltr'><strong>me</strong></span> <span class='ocrx_word' id='word_1_890' title='bbox 2121 1993 2414 2047; x_wconf 85' lang='lat' dir='ltr'><strong>dealbatam</strong></span> <span class='ocrx_word' id='word_1_891' title='bbox 2441 2036 2454 2057; x_wconf 89' lang='lat'><strong>,</strong></span> <span class='ocrx_word' id='word_1_892' title='bbox 2503 2004 2555 2047; x_wconf 89' lang='lat' dir='ltr'><strong>tu</strong></span> <span class='ocrx_word' id='word_1_893' title='bbox 2599 1995 2758 2048; x_wconf 90' lang='lat' dir='ltr'><strong>lotam</strong></span> <span class='ocrx_word' id='word_1_894' title='bbox 2801 2010 2959 2063; x_wconf 90' lang='lat' dir='ltr'><strong>super</strong></span> <span class='ocrx_word' id='word_1_895' title='bbox 2997 1993 3170 2049; x_wconf 83' lang='lat' dir='ltr'><strong>nivem</strong></span> <span class='ocrx_word' id='word_1_896' title='bbox 3207 1994 3375 2050; x_wconf 84' lang='lat' dir='ltr'><strong>fecisti</strong></span> <span class='ocrx_word' id='word_1_897' title='bbox 3401 1996 3590 2051; x_wconf 87' lang='lat' dir='ltr'><strong>candi-</strong></span> 
     </span>
    </p>
   </div>
   <div class='ocr_carea' id='block_1_104' title="bbox 2008 2063 3590 2134">
    <p class='ocr_par' dir='ltr' id='par_1_104' title="bbox 2008 2063 3590 2134">
     <span class='ocr_line' id='line_1_111' title="bbox 2008 2063 3590 2134; baseline 0.004 -19"><span class='ocrx_word' id='word_1_898' title='bbox 2008 2063 2150 2134; x_wconf 86' lang='lat' dir='ltr'><strong>dam.</strong></span> <span class='ocrx_word' id='word_1_899' title='bbox 2182 2063 2249 2134; x_wconf 89' lang='lat' dir='ltr'><strong>Ut</strong></span> <span class='ocrx_word' id='word_1_900' title='bbox 2279 2063 2456 2119; x_wconf 87' lang='lat' dir='ltr'><strong>videas</strong></span> <span class='ocrx_word' id='word_1_901' title='bbox 2486 2081 2570 2118; x_wconf 90' lang='lat' dir='ltr'><strong>me</strong></span> <span class='ocrx_word' id='word_1_902' title='bbox 2593 2064 2967 2119; x_wconf 88' lang='lat' dir='ltr'><strong>ascendentem</strong></span> <span class='ocrx_word' id='word_1_903' title='bbox 2991 2106 3005 2130; x_wconf 93' lang='lat'><strong>,</strong></span> <span class='ocrx_word' id='word_1_904' title='bbox 3037 2075 3088 2119; x_wconf 87' lang='lat' dir='ltr'><strong>te</strong></span> <span class='ocrx_word' id='word_1_905' title='bbox 3112 2067 3334 2134; x_wconf 85' lang='lat' dir='ltr'><strong>cognovi</strong></span> <span class='ocrx_word' id='word_1_906' title='bbox 3361 2067 3428 2120; x_wconf 86' lang='lat' dir='ltr'><strong>de</strong></span> <span class='ocrx_word' id='word_1_907' title='bbox 3449 2067 3590 2123; x_wconf 74' lang='lat' dir='ltr'><strong>cmlo</strong></span> 
     </span>
    </p>
   </div>
   <div class='ocr_carea' id='block_1_105' title="bbox 2011 2133 3590 2204">
    <p class='ocr_par' dir='ltr' id='par_1_105' title="bbox 2011 2133 3590 2204">
     <span class='ocr_line' id='line_1_112' title="bbox 2011 2133 3590 2204; baseline 0.002 -17"><span class='ocrx_word' id='word_1_908' title='bbox 2011 2133 2419 2204; x_wconf 80' lang='lat' dir='ltr'><strong>descendentem</strong></span> <span class='ocrx_word' id='word_1_909' title='bbox 2445 2176 2460 2200; x_wconf 92' lang='lat'><strong>,</strong></span> <span class='ocrx_word' id='word_1_910' title='bbox 2494 2145 2544 2189; x_wconf 91' lang='lat' dir='ltr'><strong>te</strong></span> <span class='ocrx_word' id='word_1_911' title='bbox 2571 2136 2741 2188; x_wconf 87' lang='lat' dir='ltr'><strong>amavi</strong></span> <span class='ocrx_word' id='word_1_912' title='bbox 2770 2134 2820 2188; x_wconf 94' lang='lat' dir='ltr'><strong>in</strong></span> <span class='ocrx_word' id='word_1_913' title='bbox 2849 2149 3006 2190; x_wconf 85' lang='lat' dir='ltr'><strong>cruce</strong></span> <span class='ocrx_word' id='word_1_914' title='bbox 3031 2133 3369 2204; x_wconf 82' lang='lat' dir='ltr'><strong>pendentem.</strong></span> <span class='ocrx_word' id='word_1_915' title='bbox 3401 2136 3590 2190; x_wconf 81' lang='lat' dir='ltr'><strong>Humi-</strong></span> 
     </span>
    </p>
   </div>
   <div class='ocr_carea' id='block_1_106' title="bbox 2012 2202 3592 2271">
    <p class='ocr_par' dir='ltr' id='par_1_106' title="bbox 2012 2202 3592 2271">
     <span class='ocr_line' id='line_1_113' title="bbox 2012 2202 3592 2271; baseline 0.004 -16"><span class='ocrx_word' id='word_1_916' title='bbox 2012 2202 2131 2256; x_wconf 89' lang='lat' dir='ltr'><strong>litas</strong></span> <span class='ocrx_word' id='word_1_917' title='bbox 2157 2211 2245 2257; x_wconf 88' lang='lat' dir='ltr'><strong>tua</strong></span> <span class='ocrx_word' id='word_1_918' title='bbox 2277 2205 2408 2258; x_wconf 91' lang='lat' dir='ltr'><strong>facta</strong></span> <span class='ocrx_word' id='word_1_919' title='bbox 2438 2214 2520 2258; x_wconf 90' lang='lat' dir='ltr'><strong>est</strong></span> <span class='ocrx_word' id='word_1_920' title='bbox 2540 2205 2790 2259; x_wconf 86' lang='lat' dir='ltr'><strong>exaltatio</strong></span> <span class='ocrx_word' id='word_1_921' title='bbox 2811 2219 2927 2260; x_wconf 89' lang='lat' dir='ltr'><strong>mea</strong></span> <span class='ocrx_word' id='word_1_922' title='bbox 2955 2247 2969 2271; x_wconf 92' lang='lat'><strong>,</strong></span> <span class='ocrx_word' id='word_1_923' title='bbox 2999 2202 3207 2260; x_wconf 82' lang='lat' dir='ltr'><strong>foeditas</strong></span> <span class='ocrx_word' id='word_1_924' title='bbox 3234 2215 3317 2259; x_wconf 87' lang='lat' dir='ltr'><strong>tua</strong></span> <span class='ocrx_word' id='word_1_925' title='bbox 3347 2206 3481 2260; x_wconf 87' lang='lat' dir='ltr'><strong>facta</strong></span> <span class='ocrx_word' id='word_1_926' title='bbox 3505 2215 3592 2262; x_wconf 87' lang='lat' dir='ltr'><strong>est</strong></span> 
     </span>
    </p>
   </div>
   <div class='ocr_carea' id='block_1_107' title="bbox 2012 2271 3591 2341">
    <p class='ocr_par' dir='ltr' id='par_1_107' title="bbox 2012 2271 3591 2341">
     <span class='ocr_line' id='line_1_114' title="bbox 2012 2271 3591 2341; baseline 0.004 -16"><span class='ocrx_word' id='word_1_927' title='bbox 2012 2271 2348 2341; x_wconf 88' lang='lat' dir='ltr'><strong>pulchritudo</strong></span> <span class='ocrx_word' id='word_1_928' title='bbox 2379 2289 2514 2329; x_wconf 91' lang='lat' dir='ltr'><strong>mea.</strong></span> <span class='ocrx_word' id='word_1_929' title='bbox 2558 2275 2665 2330; x_wconf 84' lang='lat' dir='ltr'><strong>Nisi</strong></span> <span class='ocrx_word' id='word_1_930' title='bbox 2707 2274 2847 2328; x_wconf 92' lang='lat' dir='ltr'><strong>enim</strong></span> <span class='ocrx_word' id='word_1_931' title='bbox 2891 2285 2947 2329; x_wconf 92' lang='lat' dir='ltr'><strong>tu</strong></span> <span class='ocrx_word' id='word_1_932' title='bbox 2984 2275 3051 2330; x_wconf 91' lang='lat' dir='ltr'><strong>de</strong></span> <span class='ocrx_word' id='word_1_933' title='bbox 3093 2289 3252 2330; x_wconf 92' lang='lat' dir='ltr'><strong>cruce</strong></span> <span class='ocrx_word' id='word_1_934' title='bbox 3281 2277 3591 2331; x_wconf 82' lang='lat' dir='ltr'><strong>vulneratus</strong></span> 
     </span>
    </p>
   </div>
   <div class='ocr_carea' id='block_1_108' title="bbox 2012 2341 3586 2412">
    <p class='ocr_par' dir='ltr' id='par_1_108' title="bbox 2012 2341 3586 2412">
     <span class='ocr_line' id='line_1_115' title="bbox 2012 2341 3586 2412; baseline 0.001 -17"><span class='ocrx_word' id='word_1_935' title='bbox 2012 2341 2364 2412; x_wconf 82' lang='lat' dir='ltr'><strong>descenderes</strong></span> <span class='ocrx_word' id='word_1_936' title='bbox 2383 2385 2398 2409; x_wconf 93' lang='lat'><strong>,</strong></span> <span class='ocrx_word' id='word_1_937' title='bbox 2427 2359 2524 2412; x_wconf 87' lang='lat' dir='ltr'><strong>ego</strong></span> <span class='ocrx_word' id='word_1_938' title='bbox 2549 2343 2791 2398; x_wconf 87' lang='lat' dir='ltr'><strong>dealbata</strong></span> <span class='ocrx_word' id='word_1_939' title='bbox 2817 2345 2884 2399; x_wconf 90' lang='lat' dir='ltr'><strong>de</strong></span> <span class='ocrx_word' id='word_1_940' title='bbox 2911 2343 3055 2399; x_wconf 88' lang='lat' dir='ltr'><strong>fonte</strong></span> <span class='ocrx_word' id='word_1_941' title='bbox 3083 2361 3186 2398; x_wconf 90' lang='lat' dir='ltr'><strong>non</strong></span> <span class='ocrx_word' id='word_1_942' title='bbox 3216 2347 3586 2400; x_wconf 90' lang='lat' dir='ltr'><strong>ascenderem.</strong></span> 
     </span>
    </p>
   </div>
   <div class='ocr_carea' id='block_1_109' title="bbox 2016 2410 3590 2482">
    <p class='ocr_par' dir='ltr' id='par_1_109' title="bbox 2016 2410 3590 2482">
     <span class='ocr_line' id='line_1_116' title="bbox 2016 2410 3590 2482; baseline 0.004 -18"><span class='ocrx_word' id='word_1_943' title='bbox 2016 2410 2150 2482; x_wconf 80' lang='lat' dir='ltr'><strong>Vere</strong></span> <span class='ocrx_word' id='word_1_944' title='bbox 2179 2411 2375 2466; x_wconf 86' lang='lat' dir='ltr'><strong>dictum</strong></span> <span class='ocrx_word' id='word_1_945' title='bbox 2415 2410 2498 2467; x_wconf 75' lang='lat' dir='ltr'><strong>est</strong></span> <span class='ocrx_word' id='word_1_946' title='bbox 2539 2416 2656 2482; x_wconf 87' lang='lat' dir='ltr'><strong>quia</strong></span> <span class='ocrx_word' id='word_1_947' title='bbox 2703 2415 2872 2467; x_wconf 85' lang='lat' dir='ltr'><strong>valida</strong></span> <span class='ocrx_word' id='word_1_948' title='bbox 2917 2426 2988 2468; x_wconf 85' lang='lat' dir='ltr'><strong>est</strong></span> <span class='ocrx_word' id='word_1_949' title='bbox 3041 2416 3165 2468; x_wconf 90' lang='lat' dir='ltr'><strong>sicut</strong></span> <span class='ocrx_word' id='word_1_950' title='bbox 3211 2431 3344 2470; x_wconf 86' lang='lat' dir='ltr'><strong>mors</strong></span> <span class='ocrx_word' id='word_1_951' title='bbox 3387 2415 3590 2470; x_wconf 78' lang='lat' dir='ltr'><strong>dilectio</strong></span> 
     </span>
    </p>
   </div>
   <div class='ocr_carea' id='block_1_110' title="bbox 2013 2481 3586 2563">
    <p class='ocr_par' dir='ltr' id='par_1_110' title="bbox 2013 2481 3586 2563">
     <span class='ocr_line' id='line_1_117' title="bbox 2013 2481 3586 2563; baseline 0.003 -30"><span class='ocrx_word' id='word_1_952' title='bbox 2013 2481 2032 2551; x_wconf 94' lang='lat'><strong>(</strong></span> <span class='ocrx_word' id='word_1_953' title='bbox 2058 2481 2205 2563; x_wconf 71' lang='lat' dir='ltr'><strong>Cant.</strong></span> <span class='ocrx_word' id='word_1_954' title='bbox 2232 2497 2321 2563; x_wconf 78' lang='lat' dir='ltr'><strong>vin</strong></span> <span class='ocrx_word' id='word_1_955' title='bbox 2343 2524 2357 2547; x_wconf 90' lang='lat'><strong>,</strong></span> <span class='ocrx_word' id='word_1_956' title='bbox 2383 2482 2472 2551; x_wconf 90' lang='lat'><strong>6).</strong></span> <span class='ocrx_word' id='word_1_957' title='bbox 2501 2481 2807 2563; x_wconf 73' lang='lat' dir='ltr'><strong>Quo_usque</strong></span> <span class='ocrx_word' id='word_1_958' title='bbox 2835 2497 2894 2563; x_wconf 88' lang='lat' dir='ltr'><strong>se</strong></span> <span class='ocrx_word' id='word_1_959' title='bbox 2917 2499 3144 2563; x_wconf 69' lang='lat' dir='ltr'><strong>sponsus</strong></span> <span class='ocrx_word' id='word_1_960' title='bbox 3171 2483 3254 2563; x_wconf 80' lang='lat' dir='ltr'><strong>hie</strong></span> <span class='ocrx_word' id='word_1_961' title='bbox 3279 2485 3586 2563; x_wconf 80' lang='lat' dir='ltr'><strong>inclinavit,</strong></span> 
     </span>
    </p>
   </div>
   <div class='ocr_carea' id='block_1_111' title="bbox 2013 2552 3591 2622">
    <p class='ocr_par' dir='ltr' id='par_1_111' title="bbox 2013 2552 3591 2622">
     <span class='ocr_line' id='line_1_118' title="bbox 2013 2552 3591 2622; baseline 0.004 -20"><span class='ocrx_word' id='word_1_962' title='bbox 2013 2552 2100 2620; x_wconf 88' lang='lat' dir='ltr'><strong>qui</strong></span> <span class='ocrx_word' id='word_1_963' title='bbox 2134 2560 2335 2606; x_wconf 89' lang='lat' dir='ltr'><strong>tantum</strong></span> <span class='ocrx_word' id='word_1_964' title='bbox 2370 2554 2597 2607; x_wconf 91' lang='lat' dir='ltr'><strong>amando</strong></span> <span class='ocrx_word' id='word_1_965' title='bbox 2624 2552 2815 2608; x_wconf 88' lang='lat' dir='ltr'><strong>foedam</strong></span> <span class='ocrx_word' id='word_1_966' title='bbox 2844 2561 2900 2607; x_wconf 92' lang='lat' dir='ltr'><strong>ut</strong></span> <span class='ocrx_word' id='word_1_967' title='bbox 2927 2553 3126 2608; x_wconf 87' lang='lat' dir='ltr'><strong>faceret</strong></span> <span class='ocrx_word' id='word_1_968' title='bbox 3157 2553 3427 2622; x_wconf 89' lang='lat' dir='ltr'><strong>pulchram</strong></span> <span class='ocrx_word' id='word_1_969' title='bbox 3450 2596 3464 2620; x_wconf 94' lang='lat'><strong>,</strong></span> <span class='ocrx_word' id='word_1_970' title='bbox 3500 2552 3591 2609; x_wconf 82' lang='lat' dir='ltr'><strong>us-</strong></span> 
     </span>
    </p>
   </div>
   <div class='ocr_carea' id='block_1_112' title="bbox 2013 2622 3588 2693">
    <p class='ocr_par' dir='ltr' id='par_1_112' title="bbox 2013 2622 3588 2693">
     <span class='ocr_line' id='line_1_119' title="bbox 2013 2622 3588 2693; baseline 0.003 -20"><span class='ocrx_word' id='word_1_971' title='bbox 2013 2635 2115 2690; x_wconf 89' lang='lat' dir='ltr'><strong>que</strong></span> <span class='ocrx_word' id='word_1_972' title='bbox 2153 2622 2229 2693; x_wconf 87' lang='lat' dir='ltr'><strong>ad</strong></span> <span class='ocrx_word' id='word_1_973' title='bbox 2283 2624 2476 2693; x_wconf 2' lang='lat' dir='ltr'><strong>(mortis</strong></span> <span class='ocrx_word' id='word_1_974' title='bbox 2516 2625 2714 2678; x_wconf 83' lang='lat' dir='ltr'><strong>exitum</strong></span> <span class='ocrx_word' id='word_1_975' title='bbox 2754 2624 2936 2678; x_wconf 79' lang='lat' dir='ltr'><strong>venit?</strong></span> <span class='ocrx_word' id='word_1_976' title='bbox 2978 2623 3044 2677; x_wconf 88' lang='lat' dir='ltr'><strong>Et</strong></span> <span class='ocrx_word' id='word_1_977' title='bbox 3092 2623 3338 2690; x_wconf 89' lang='lat' dir='ltr'><strong>Domini,</strong></span> <span class='ocrx_word' id='word_1_978' title='bbox 3381 2625 3588 2693; x_wconf 89' lang='lat' dir='ltr'><strong>inquit,</strong></span> 
     </span>
    </p>
   </div>
   <div class='ocr_carea' id='block_1_113' title="bbox 2013 2691 3590 2763">
    <p class='ocr_par' dir='ltr' id='par_1_113' title="bbox 2013 2691 3590 2763">
     <span class='ocr_line' id='line_1_120' title="bbox 2013 2691 3590 2763; baseline 0.003 -21"><span class='ocrx_word' id='word_1_979' title='bbox 2013 2692 2186 2763; x_wconf 85' lang='lat' dir='ltr'><strong>mortis</strong></span> <span class='ocrx_word' id='word_1_980' title='bbox 2211 2692 2370 2763; x_wconf 59' lang='lat' dir='ltr'><strong>exitus</strong></span> <span class='ocrx_word' id='word_1_981' title='bbox 2399 2694 2415 2763; x_wconf 96' lang='lat'><strong>(</strong></span> <span class='ocrx_word' id='word_1_982' title='bbox 2443 2691 2587 2746; x_wconf 90' lang='lat' dir='ltr'><strong>Psal.</strong></span> <span class='ocrx_word' id='word_1_983' title='bbox 2622 2709 2760 2763; x_wconf 80' lang='lat' dir='ltr'><strong>vatt</strong></span> <span class='ocrx_word' id='word_1_984' title='bbox 2785 2735 2799 2758; x_wconf 95' lang='lat'><strong>,</strong></span> <span class='ocrx_word' id='word_1_985' title='bbox 2835 2693 2898 2748; x_wconf 73' lang='lat'><strong>2|</strong></span> <span class='ocrx_word' id='word_1_986' title='bbox 2930 2695 2968 2763; x_wconf 91' lang='lat'><strong>).</strong></span> <span class='ocrx_word' id='word_1_987' title='bbox 3009 2693 3236 2748; x_wconf 85' lang='lat' dir='ltr'><strong>Vidimus</strong></span> <span class='ocrx_word' id='word_1_988' title='bbox 3261 2695 3402 2749; x_wconf 89' lang='lat' dir='ltr'><strong>enim</strong></span> <span class='ocrx_word' id='word_1_989' title='bbox 3433 2691 3590 2761; x_wconf 74' lang='lat' dir='ltr'><strong>eum,</strong></span> 
     </span>
    </p>
   </div>
   <div class='ocr_carea' id='block_1_114' title="bbox 2014 2761 3594 2833">
    <p class='ocr_par' dir='ltr' id='par_1_114' title="bbox 2014 2761 3594 2833">
     <span class='ocr_line' id='line_1_121' title="bbox 2014 2761 3594 2833; baseline 0.005 -22"><span class='ocrx_word' id='word_1_990' title='bbox 2014 2761 2086 2833; x_wconf 76' lang='lat' dir='ltr'><strong>ait</strong></span> <span class='ocrx_word' id='word_1_991' title='bbox 2118 2761 2369 2833; x_wconf 87' lang='lat' dir='ltr'><strong>propheta</strong></span> <span class='ocrx_word' id='word_1_992' title='bbox 2397 2761 2614 2833; x_wconf 52' lang='lat' dir='ltr'><strong>,&#39;_etnon</strong></span> <span class='ocrx_word' id='word_1_993' title='bbox 2645 2762 2850 2816; x_wconf 90' lang='lat' dir='ltr'><strong>habebat</strong></span> <span class='ocrx_word' id='word_1_994' title='bbox 2876 2761 3088 2833; x_wconf 79' lang='lat' dir='ltr'><strong>speciem</strong></span> <span class='ocrx_word' id='word_1_995' title='bbox 3114 2805 3128 2830; x_wconf 92' lang='lat'><strong>,</strong></span> <span class='ocrx_word' id='word_1_996' title='bbox 3167 2780 3324 2833; x_wconf 89' lang='lat' dir='ltr'><strong>neque</strong></span> <span class='ocrx_word' id='word_1_997' title='bbox 3362 2764 3594 2819; x_wconf 86' lang='lat' dir='ltr'><strong>decorem</strong></span> 
     </span>
    </p>
   </div>
   <div class='ocr_carea' id='block_1_115' title="bbox 2019 2829 3590 2903">
    <p class='ocr_par' dir='ltr' id='par_1_115' title="bbox 2019 2829 3590 2903">
     <span class='ocr_line' id='line_1_122' title="bbox 2019 2829 3590 2903; baseline 0.004 -21"><span class='ocrx_word' id='word_1_998' title='bbox 2019 2831 2037 2901; x_wconf 96' lang='lat'><strong>(</strong></span> <span class='ocrx_word' id='word_1_999' title='bbox 2059 2829 2304 2903; x_wconf 28' lang='lat' dir='ltr'><strong>Isaiitm</strong></span> <span class='ocrx_word' id='word_1_1000' title='bbox 2331 2873 2345 2896; x_wconf 94' lang='lat'><strong>,</strong></span> <span class='ocrx_word' id='word_1_1001' title='bbox 2366 2834 2400 2885; x_wconf 70' lang='grc'><strong>2</strong></span> <span class='ocrx_word' id='word_1_1002' title='bbox 2421 2831 2460 2903; x_wconf 92' lang='grc'><strong>).</strong></span> <span class='ocrx_word' id='word_1_1003' title='bbox 2486 2832 2622 2899; x_wconf 87' lang='lat' dir='ltr'><strong>Quid</strong></span> <span class='ocrx_word' id='word_1_1004' title='bbox 2645 2833 2886 2903; x_wconf 86' lang='lat' dir='ltr'><strong>miraris?</strong></span> <span class='ocrx_word' id='word_1_1005' title='bbox 2903 2829 3138 2887; x_wconf 82' lang='lat' dir='ltr'><strong>amando</strong></span> <span class='ocrx_word' id='word_1_1006' title='bbox 3160 2829 3280 2888; x_wconf 88' lang='lat' dir='ltr'><strong>talis</strong></span> <span class='ocrx_word' id='word_1_1007' title='bbox 3296 2833 3467 2888; x_wconf 90' lang='lat' dir='ltr'><strong>factus</strong></span> <span class='ocrx_word' id='word_1_1008' title='bbox 3487 2842 3590 2888; x_wconf 87' lang='lat' dir='ltr'><strong>est.</strong></span> 
     </span>
    </p>
   </div>
   <div class='ocr_carea' id='block_1_116' title="bbox 2087 2902 3595 2972">
    <p class='ocr_par' dir='ltr' id='par_1_116' title="bbox 2087 2902 3595 2972">
     <span class='ocr_line' id='line_1_123' title="bbox 2087 2902 3595 2972; baseline 0.004 -19"><span class='ocrx_word' id='word_1_1009' title='bbox 2087 2902 2137 2953; x_wconf 90' lang='lat'><strong>7.</strong></span> <span class='ocrx_word' id='word_1_1010' title='bbox 2167 2902 2312 2956; x_wconf 84' lang='lat' dir='ltr'><strong>Hanc</strong></span> <span class='ocrx_word' id='word_1_1011' title='bbox 2357 2912 2529 2955; x_wconf 86' lang='lat' dir='ltr'><strong>tamen</strong></span> <span class='ocrx_word' id='word_1_1012' title='bbox 2574 2902 2914 2957; x_wconf 90' lang='lat' dir='ltr'><strong>amissionem</strong></span> <span class='ocrx_word' id='word_1_1013' title='bbox 2961 2903 3169 2958; x_wconf 90' lang='lat' dir='ltr'><strong>decoris</strong></span> <span class='ocrx_word' id='word_1_1014' title='bbox 3217 2903 3375 2972; x_wconf 87' lang='lat' dir='ltr'><strong>hujus</strong></span> <span class='ocrx_word' id='word_1_1015' title='bbox 3421 2905 3595 2959; x_wconf 84' lang='lat' dir='ltr'><strong>timuit</strong></span> 
     </span>
    </p>
   </div>
   <div class='ocr_carea' id='block_1_117' title="bbox 2016 2969 3592 3042">
    <p class='ocr_par' dir='ltr' id='par_1_117' title="bbox 2016 2969 3592 3042">
     <span class='ocr_line' id='line_1_124' title="bbox 2016 2969 3592 3042; baseline 0.003 -19"><span class='ocrx_word' id='word_1_1016' title='bbox 2016 2969 2235 3036; x_wconf 84' lang='lat' dir='ltr'><strong>Petrus,</strong></span> <span class='ocrx_word' id='word_1_1017' title='bbox 2299 2972 2509 3040; x_wconf 88' lang='lat' dir='ltr'><strong>quando</strong></span> <span class='ocrx_word' id='word_1_1018' title='bbox 2546 2973 2944 3042; x_wconf 9' lang='lat' dir='ltr'><strong>rpramuntianti</strong></span> <span class='ocrx_word' id='word_1_1019' title='bbox 3006 2973 3228 3028; x_wconf 87' lang='lat' dir='ltr'><strong>Domino</strong></span> <span class='ocrx_word' id='word_1_1020' title='bbox 3289 2969 3592 3042; x_wconf 79' lang='lat' dir='ltr'><strong>passionem</strong></span> 
     </span>
    </p>
   </div>
   <div class='ocr_carea' id='block_1_118' title="bbox 2016 3041 3591 3111">
    <p class='ocr_par' dir='ltr' id='par_1_118' title="bbox 2016 3041 3591 3111">
     <span class='ocr_line' id='line_1_125' title="bbox 2016 3041 3591 3111; baseline 0.003 -18"><span class='ocrx_word' id='word_1_1021' title='bbox 2016 3055 2162 3094; x_wconf 91' lang='lat' dir='ltr'><strong>suam</strong></span> <span class='ocrx_word' id='word_1_1022' title='bbox 2186 3080 2199 3105; x_wconf 94' lang='lat'><strong>,</strong></span> <span class='ocrx_word' id='word_1_1023' title='bbox 2230 3042 2355 3095; x_wconf 75' lang='lat' dir='ltr'><strong>dixit</strong></span> <span class='ocrx_word' id='word_1_1024' title='bbox 2392 3060 2405 3096; x_wconf 87' lang='lat'><strong>:</strong></span> <span class='ocrx_word' id='word_1_1025' title='bbox 2437 3041 2574 3096; x_wconf 84' lang='lat' dir='ltr'><strong>Absit</strong></span> <span class='ocrx_word' id='word_1_1026' title='bbox 2599 3059 2630 3094; x_wconf 90' lang='lat' dir='ltr'><strong>a</strong></span> <span class='ocrx_word' id='word_1_1027' title='bbox 2658 3051 2736 3105; x_wconf 88' lang='lat' dir='ltr'><strong>te,</strong></span> <span class='ocrx_word' id='word_1_1028' title='bbox 2769 3041 3023 3105; x_wconf 89' lang='lat' dir='ltr'><strong>Domine;</strong></span> <span class='ocrx_word' id='word_1_1029' title='bbox 3061 3041 3310 3111; x_wconf 84' lang='lat' dir='ltr'><strong>propitius</strong></span> <span class='ocrx_word' id='word_1_1030' title='bbox 3334 3045 3423 3096; x_wconf 87' lang='lat' dir='ltr'><strong>tibi</strong></span> <span class='ocrx_word' id='word_1_1031' title='bbox 3448 3053 3552 3097; x_wconf 91' lang='lat' dir='ltr'><strong>esto</strong></span> <span class='ocrx_word' id='word_1_1032' title='bbox 3575 3084 3591 3108; x_wconf 93' lang='lat'><strong>,</strong></span> 
     </span>
    </p>
   </div>
   <div class='ocr_carea' id='block_1_119' title="bbox 2015 3111 3596 3180">
    <p class='ocr_par' dir='ltr' id='par_1_119' title="bbox 2015 3111 3596 3180">
     <span class='ocr_line' id='line_1_126' title="bbox 2015 3111 3596 3180; baseline 0.004 -18"><span class='ocrx_word' id='word_1_1033' title='bbox 2015 3126 2079 3163; x_wconf 89' lang='lat' dir='ltr'><strong>ne</strong></span> <span class='ocrx_word' id='word_1_1034' title='bbox 2101 3112 2191 3178; x_wconf 79' lang='lat' dir='ltr'><strong>fiat</strong></span> <span class='ocrx_word' id='word_1_1035' title='bbox 2224 3111 2376 3163; x_wconf 87' lang='lat' dir='ltr'><strong>istud.</strong></span> <span class='ocrx_word' id='word_1_1036' title='bbox 2419 3112 2523 3165; x_wconf 90' lang='lat' dir='ltr'><strong>Sed</strong></span> <span class='ocrx_word' id='word_1_1037' title='bbox 2564 3113 2651 3166; x_wconf 90' lang='lat' dir='ltr'><strong>ille</strong></span> <span class='ocrx_word' id='word_1_1038' title='bbox 2689 3112 2810 3166; x_wconf 91' lang='lat' dir='ltr'><strong>talia</strong></span> <span class='ocrx_word' id='word_1_1039' title='bbox 2852 3114 3144 3180; x_wconf 88' lang='lat' dir='ltr'><strong>sapientem</strong></span> <span class='ocrx_word' id='word_1_1040' title='bbox 3186 3113 3510 3180; x_wconf 84' lang='lat' dir='ltr'><strong>increpavit,</strong></span> <span class='ocrx_word' id='word_1_1041' title='bbox 3538 3121 3596 3168; x_wconf 88' lang='lat' dir='ltr'><strong>et</strong></span> 
     </span>
    </p>
   </div>
   <div class='ocr_carea' id='block_1_120' title="bbox 2017 3181 3596 3248">
    <p class='ocr_par' dir='ltr' id='par_1_120' title="bbox 2017 3181 3596 3248">
     <span class='ocr_line' id='line_1_127' title="bbox 2017 3181 3596 3248; baseline 0.001 -15"><span class='ocrx_word' id='word_1_1042' title='bbox 2017 3181 2326 3248; x_wconf 84' lang='lat' dir='ltr'><strong>Apostolum</strong></span> <span class='ocrx_word' id='word_1_1043' title='bbox 2349 3181 2613 3235; x_wconf 89' lang='lat' dir='ltr'><strong>diabolum</strong></span> <span class='ocrx_word' id='word_1_1044' title='bbox 2637 3185 2839 3236; x_wconf 89' lang='lat' dir='ltr'><strong>vocavit</strong></span> <span class='ocrx_word' id='word_1_1045' title='bbox 2856 3181 3039 3236; x_wconf 89' lang='lat' dir='ltr'><strong>dicens</strong></span> <span class='ocrx_word' id='word_1_1046' title='bbox 3063 3199 3076 3235; x_wconf 90' lang='lat'>:</span> <span class='ocrx_word' id='word_1_1047' title='bbox 3104 3181 3231 3234; x_wconf 78' lang='lat' dir='ltr'><strong>Redi</strong></span> <span class='ocrx_word' id='word_1_1048' title='bbox 3259 3192 3390 3234; x_wconf 90' lang='lat' dir='ltr'><strong>retro</strong></span> <span class='ocrx_word' id='word_1_1049' title='bbox 3414 3223 3430 3245; x_wconf 86' lang='lat'><strong>,</strong></span> <span class='ocrx_word' id='word_1_1050' title='bbox 3456 3192 3596 3236; x_wconf 85' lang='lat' dir='ltr'><strong>sata-</strong></span> 
     </span>
    </p>
   </div>
   <div class='ocr_carea' id='block_1_121' title="bbox 2019 3249 3592 3321">
    <p class='ocr_par' dir='ltr' id='par_1_121' title="bbox 2019 3249 3592 3321">
     <span class='ocr_line' id='line_1_128' title="bbox 2019 3249 3592 3321; baseline 0.001 -19"><span class='ocrx_word' id='word_1_1051' title='bbox 2019 3266 2109 3303; x_wconf 84' lang='lat' dir='ltr'><strong>nas</strong></span> <span class='ocrx_word' id='word_1_1052' title='bbox 2131 3266 2150 3315; x_wconf 87' lang='lat'><strong><em>;</em></strong></span> <span class='ocrx_word' id='word_1_1053' title='bbox 2179 3267 2277 3321; x_wconf 79' lang='lat' dir='ltr'><strong>non</strong></span> <span class='ocrx_word' id='word_1_1054' title='bbox 2303 3252 2432 3303; x_wconf 90' lang='lat' dir='ltr'><strong>enim</strong></span> <span class='ocrx_word' id='word_1_1055' title='bbox 2457 3252 2604 3321; x_wconf 16' lang='lat' dir='ltr'><strong>sapis,</strong></span> <span class='ocrx_word' id='word_1_1056' title='bbox 2617 3266 2736 3321; x_wconf 20' lang='lat' dir='ltr'><strong>quae&quot;</strong></span> <span class='ocrx_word' id='word_1_1057' title='bbox 2750 3249 2841 3304; x_wconf 85' lang='lat' dir='ltr'><strong>Dei</strong></span> <span class='ocrx_word' id='word_1_1058' title='bbox 2866 3261 2983 3321; x_wconf 86' lang='lat' dir='ltr'><strong>sunt</strong></span> <span class='ocrx_word' id='word_1_1059' title='bbox 3003 3291 3017 3313; x_wconf 94' lang='lat'><strong>,</strong></span> <span class='ocrx_word' id='word_1_1060' title='bbox 3041 3251 3128 3304; x_wconf 87' lang='lat' dir='ltr'><strong>sed</strong></span> <span class='ocrx_word' id='word_1_1061' title='bbox 3152 3267 3264 3320; x_wconf 73' lang='lat' dir='ltr'><strong>qua:</strong></span> <span class='ocrx_word' id='word_1_1062' title='bbox 3284 3260 3398 3304; x_wconf 89' lang='lat' dir='ltr'><strong>sunt</strong></span> <span class='ocrx_word' id='word_1_1063' title='bbox 3425 3251 3592 3305; x_wconf 84' lang='lat' dir='ltr'><strong>homi-</strong></span> 
     </span>
    </p>
   </div>
   <div class='ocr_carea' id='block_1_122' title="bbox 2018 3319 3595 3392">
    <p class='ocr_par' dir='ltr' id='par_1_122' title="bbox 2018 3319 3595 3392">
     <span class='ocr_line' id='line_1_129' title="bbox 2018 3319 3595 3392; baseline 0.002 -20"><span class='ocrx_word' id='word_1_1064' title='bbox 2018 3336 2136 3372; x_wconf 89' lang='lat' dir='ltr'><strong>num</strong></span> <span class='ocrx_word' id='word_1_1065' title='bbox 2167 3319 2391 3392; x_wconf 77' lang='lat' dir='ltr'><strong>(Matth.</strong></span> <span class='ocrx_word' id='word_1_1066' title='bbox 2412 3319 2550 3392; x_wconf 71' lang='lat' dir='ltr'><strong>xvi,</strong></span> <span class='ocrx_word' id='word_1_1067' title='bbox 2581 3320 2651 3373; x_wconf 67' lang='lat'><strong>22</strong></span> <span class='ocrx_word' id='word_1_1068' title='bbox 2675 3361 2690 3386; x_wconf 90' lang='lat'><strong>,</strong></span> <span class='ocrx_word' id='word_1_1069' title='bbox 2717 3320 2855 3392; x_wconf 70' lang='grc' dir='ltr'><strong>25).Δ</strong></span> <span class='ocrx_word' id='word_1_1070' title='bbox 2881 3319 3189 3392; x_wconf 67' lang='grc' dir='ltr'><strong>Αῐεῑὶιηιινῖι</strong></span> <span class='ocrx_word' id='word_1_1071' title='bbox 3222 3322 3363 3392; x_wconf 90' lang='lat' dir='ltr'><strong>enim</strong></span> <span class='ocrx_word' id='word_1_1072' title='bbox 3404 3321 3595 3392; x_wconf 87' lang='lat' dir='ltr'><strong>Petrus</strong></span> 
     </span>
    </p>
   </div>
   <div class='ocr_carea' id='block_1_123' title="bbox 2020 3390 3593 3462">
    <p class='ocr_par' dir='ltr' id='par_1_123' title="bbox 2020 3390 3593 3462">
     <span class='ocr_line' id='line_1_130' title="bbox 2020 3390 3593 3462; baseline 0.001 -19"><span class='ocrx_word' id='word_1_1073' title='bbox 2020 3390 2183 3443; x_wconf 84' lang='lat' dir='ltr'><strong>totam</strong></span> <span class='ocrx_word' id='word_1_1074' title='bbox 2213 3391 2352 3462; x_wconf 89' lang='lat' dir='ltr'><strong>illam</strong></span> <span class='ocrx_word' id='word_1_1075' title='bbox 2393 3391 2683 3462; x_wconf 83' lang='lat' dir='ltr'><strong>divinitatis</strong></span> <span class='ocrx_word' id='word_1_1076' title='bbox 2723 3390 3163 3460; x_wconf 89' lang='lat' dir='ltr'><strong>pulchritudinem</strong></span> <span class='ocrx_word' id='word_1_1077' title='bbox 3193 3391 3464 3462; x_wconf 85' lang='lat' dir='ltr'><strong>absorberi</strong></span> <span class='ocrx_word' id='word_1_1078' title='bbox 3491 3407 3593 3462; x_wconf 46' lang='lat' dir='ltr'><strong>po-f</strong></span> 
     </span>
    </p>
   </div>
   <div class='ocr_carea' id='block_1_124' title="bbox 2020 3461 3593 3531">
    <p class='ocr_par' dir='ltr' id='par_1_124' title="bbox 2020 3461 3593 3531">
     <span class='ocr_line' id='line_1_131' title="bbox 2020 3461 3593 3531; baseline 0.001 -18"><span class='ocrx_word' id='word_1_1079' title='bbox 2020 3463 2182 3531; x_wconf 87' lang='lat' dir='ltr'><strong>tuisse</strong></span> <span class='ocrx_word' id='word_1_1080' title='bbox 2229 3461 2279 3514; x_wconf 91' lang='lat' dir='ltr'><strong>in</strong></span> <span class='ocrx_word' id='word_1_1081' title='bbox 2323 3461 2560 3531; x_wconf 90' lang='lat' dir='ltr'><strong>corporis</strong></span> <span class='ocrx_word' id='word_1_1082' title='bbox 2595 3461 2810 3514; x_wconf 86' lang='lat' dir='ltr'><strong>humani</strong></span> <span class='ocrx_word' id='word_1_1083' title='bbox 2853 3462 3067 3530; x_wconf 90' lang='lat' dir='ltr'><strong>specie,</strong></span> <span class='ocrx_word' id='word_1_1084' title='bbox 3106 3471 3161 3516; x_wconf 90' lang='lat' dir='ltr'><strong>et</strong></span> <span class='ocrx_word' id='word_1_1085' title='bbox 3199 3461 3468 3515; x_wconf 87' lang='lat' dir='ltr'><strong>nesciebat</strong></span> <span class='ocrx_word' id='word_1_1086' title='bbox 3496 3461 3593 3530; x_wconf 36' lang='lat' dir='ltr'><strong>’agi</strong></span> 
     </span>
    </p>
   </div>
   <div class='ocr_carea' id='block_1_125' title="bbox 2017 3529 3593 3601">
    <p class='ocr_par' dir='ltr' id='par_1_125' title="bbox 2017 3529 3593 3601">
     <span class='ocr_line' id='line_1_132' title="bbox 2017 3529 3593 3601; baseline 0.001 -17"><span class='ocrx_word' id='word_1_1087' title='bbox 2017 3529 2147 3584; x_wconf 90' lang='lat' dir='ltr'><strong>illud</strong></span> <span class='ocrx_word' id='word_1_1088' title='bbox 2173 3529 2832 3601; x_wconf 52' lang='lat' dir='ltr'><strong>maguum&#39;sacramentum</strong></span> <span class='ocrx_word' id='word_1_1089' title='bbox 2856 3529 3036 3600; x_wconf 53' lang='lat' dir='ltr'><strong>{quod</strong></span> <span class='ocrx_word' id='word_1_1090' title='bbox 3065 3541 3338 3601; x_wconf 86' lang='lat' dir='ltr'><strong>prepterea</strong></span> <span class='ocrx_word' id='word_1_1091' title='bbox 3363 3545 3422 3585; x_wconf 88' lang='lat' dir='ltr'><strong>se</strong></span> <span class='ocrx_word' id='word_1_1092' title='bbox 3449 3529 3593 3585; x_wconf 84' lang='lat' dir='ltr'><strong>illam</strong></span> 
     </span>
    </p>
   </div>
   <div class='ocr_carea' id='block_1_126' title="bbox 2019 3601 3593 3672">
    <p class='ocr_par' dir='ltr' id='par_1_126' title="bbox 2019 3601 3593 3672">
     <span class='ocr_line' id='line_1_133' title="bbox 2019 3601 3593 3672; baseline 0.001 -18"><span class='ocrx_word' id='word_1_1093' title='bbox 2019 3601 2463 3670; x_wconf 86' lang='lat' dir='ltr'><strong>pulchritudinem</strong></span> <span class='ocrx_word' id='word_1_1094' title='bbox 2496 3602 2727 3672; x_wconf 11' lang='lat' dir='ltr'><strong>quodam,</strong></span> <span class='ocrx_word' id='word_1_1095' title='bbox 2764 3602 2923 3656; x_wconf 91' lang='lat' dir='ltr'><strong>modo</strong></span> <span class='ocrx_word' id='word_1_1096' title='bbox 2963 3603 3323 3672; x_wconf 37' lang='lat' dir='ltr'><strong>exspoliare},</strong></span> <span class='ocrx_word' id='word_1_1097' title='bbox 3353 3609 3410 3672; x_wconf 87' lang='lat' dir='ltr'><strong>ut</strong></span> <span class='ocrx_word' id='word_1_1098' title='bbox 3433 3616 3593 3669; x_wconf 89' lang='lat' dir='ltr'><strong>quam</strong></span> 
     </span>
    </p>
   </div>
   <div class='ocr_carea' id='block_1_127' title="bbox 2019 3670 3592 3741">
    <p class='ocr_par' dir='ltr' id='par_1_127' title="bbox 2019 3670 3592 3741">
     <span class='ocr_line' id='line_1_134' title="bbox 2019 3670 3592 3741; baseline 0.001 -18"><span class='ocrx_word' id='word_1_1099' title='bbox 2019 3672 2121 3723; x_wconf 87' lang='lat' dir='ltr'><strong>sibi</strong></span> <span class='ocrx_word' id='word_1_1100' title='bbox 2163 3670 2526 3741; x_wconf 80' lang='lat' dir='ltr'><strong>conjungere</strong></span> <span class='ocrx_word' id='word_1_1101' title='bbox 2560 3671 2872 3741; x_wconf 85' lang='lat' dir='ltr'><strong>dignabatur</strong></span> <span class='ocrx_word' id='word_1_1102' title='bbox 2940 3670 3191 3740; x_wconf 87' lang='lat' dir='ltr'><strong>sponsam</strong></span> <span class='ocrx_word' id='word_1_1103' title='bbox 3257 3670 3592 3741; x_wconf 70' lang='lat' dir='ltr'><strong>Ecclesium,</strong></span> 
     </span>
    </p>
   </div>
   <div class='ocr_carea' id='block_1_128' title="bbox 2019 3739 3593 3808">
    <p class='ocr_par' dir='ltr' id='par_1_128' title="bbox 2019 3739 3593 3808">
     <span class='ocr_line' id='line_1_135' title="bbox 2019 3739 3593 3808; baseline -0.001 -14"><span class='ocrx_word' id='word_1_1104' title='bbox 2019 3739 2285 3794; x_wconf 86' lang='lat' dir='ltr'><strong>eamdem</strong></span> <span class='ocrx_word' id='word_1_1105' title='bbox 2316 3739 2480 3808; x_wconf 79' lang='lat' dir='ltr'><strong>ipsam</strong></span> <span class='ocrx_word' id='word_1_1106' title='bbox 2525 3739 2983 3808; x_wconf 83' lang='lat' dir='ltr'><strong>pulchritudinem</strong></span> <span class='ocrx_word' id='word_1_1107' title='bbox 3024 3741 3136 3808; x_wconf 91' lang='lat' dir='ltr'><strong>ipse</strong></span> <span class='ocrx_word' id='word_1_1108' title='bbox 3187 3739 3421 3793; x_wconf 89' lang='lat' dir='ltr'><strong>vestiret.</strong></span> <span class='ocrx_word' id='word_1_1109' title='bbox 3476 3739 3593 3793; x_wconf 85' lang='lat' dir='ltr'><strong>Non</strong></span> 
     </span>
    </p>
   </div>
   <div class='ocr_carea' id='block_1_129' title="bbox 2019 3808 3592 3878">
    <p class='ocr_par' dir='ltr' id='par_1_129' title="bbox 2019 3808 3592 3878">
     <span class='ocr_line' id='line_1_136' title="bbox 2019 3808 3592 3878; baseline 0 -16"><span class='ocrx_word' id='word_1_1110' title='bbox 2019 3810 2158 3862; x_wconf 90' lang='lat' dir='ltr'><strong>enim</strong></span> <span class='ocrx_word' id='word_1_1111' title='bbox 2189 3810 2364 3864; x_wconf 89' lang='lat' dir='ltr'><strong>dando</strong></span> <span class='ocrx_word' id='word_1_1112' title='bbox 2394 3810 2647 3878; x_wconf 88' lang='lat' dir='ltr'><strong>perdebat</strong></span> <span class='ocrx_word' id='word_1_1113' title='bbox 2671 3809 2798 3863; x_wconf 89' lang='lat' dir='ltr'><strong>illud</strong></span> <span class='ocrx_word' id='word_1_1114' title='bbox 2826 3809 2966 3877; x_wconf 91' lang='lat' dir='ltr'><strong>quod</strong></span> <span class='ocrx_word' id='word_1_1115' title='bbox 2999 3808 3265 3878; x_wconf 85' lang='lat' dir='ltr'><strong>erogando</strong></span> <span class='ocrx_word' id='word_1_1116' title='bbox 3296 3809 3592 3878; x_wconf 85' lang='lat' dir='ltr'><strong>crescebat.</strong></span> 
     </span>
    </p>
   </div>
   <div class='ocr_carea' id='block_1_130' title="bbox 2021 3877 3595 3946">
    <p class='ocr_par' dir='ltr' id='par_1_130' title="bbox 2021 3877 3595 3946">
     <span class='ocr_line' id='line_1_137' title="bbox 2021 3877 3595 3946; baseline -0.001 -14"><span class='ocrx_word' id='word_1_1117' title='bbox 2021 3879 2113 3933; x_wconf 92' lang='lat' dir='ltr'><strong>llle</strong></span> <span class='ocrx_word' id='word_1_1118' title='bbox 2137 3879 2316 3944; x_wconf 92' lang='lat' dir='ltr'><strong>dedit,</strong></span> <span class='ocrx_word' id='word_1_1119' title='bbox 2347 3877 2461 3931; x_wconf 56' lang='lat' dir='ltr'><strong>hcce</strong></span> <span class='ocrx_word' id='word_1_1120' title='bbox 2485 3879 2718 3946; x_wconf 91' lang='lat' dir='ltr'><strong>accepit;</strong></span> <span class='ocrx_word' id='word_1_1121' title='bbox 2748 3888 2800 3932; x_wconf 90' lang='lat' dir='ltr'><strong>et</strong></span> <span class='ocrx_word' id='word_1_1122' title='bbox 2827 3879 2926 3931; x_wconf 91' lang='lat' dir='ltr'><strong>ista</strong></span> <span class='ocrx_word' id='word_1_1123' title='bbox 2955 3877 3113 3944; x_wconf 83' lang='lat' dir='ltr'><strong>quod</strong></span> <span class='ocrx_word' id='word_1_1124' title='bbox 3141 3893 3244 3930; x_wconf 91' lang='lat' dir='ltr'><strong>non</strong></span> <span class='ocrx_word' id='word_1_1125' title='bbox 3293 3877 3473 3946; x_wconf 88' lang='lat' dir='ltr'><strong>habuit</strong></span> <span class='ocrx_word' id='word_1_1126' title='bbox 3511 3877 3595 3930; x_wconf 89' lang='lat' dir='ltr'><strong>in-</strong></span> 
     </span>
    </p>
   </div>
   <div class='ocr_carea' id='block_1_131' title="bbox 2019 3945 3596 4016">
    <p class='ocr_par' dir='ltr' id='par_1_131' title="bbox 2019 3945 3596 4016">
     <span class='ocr_line' id='line_1_138' title="bbox 2019 3945 3596 4016; baseline -0.001 -16"><span class='ocrx_word' id='word_1_1127' title='bbox 2019 3949 2201 4008; x_wconf 85' lang='lat' dir='ltr'><strong>venit,</strong></span> <span class='ocrx_word' id='word_1_1128' title='bbox 2243 3957 2294 4001; x_wconf 90' lang='lat' dir='ltr'><strong>et</strong></span> <span class='ocrx_word' id='word_1_1129' title='bbox 2345 3949 2432 4000; x_wconf 90' lang='lat' dir='ltr'><strong>ille</strong></span> <span class='ocrx_word' id='word_1_1130' title='bbox 2480 3945 2655 4000; x_wconf 89' lang='lat' dir='ltr'><strong>dando</strong></span> <span class='ocrx_word' id='word_1_1131' title='bbox 2697 3946 2836 4016; x_wconf 91' lang='lat' dir='ltr'><strong>quod</strong></span> <span class='ocrx_word' id='word_1_1132' title='bbox 2879 3947 3026 4000; x_wconf 90' lang='lat' dir='ltr'><strong>dedit</strong></span> <span class='ocrx_word' id='word_1_1133' title='bbox 3062 3962 3166 4000; x_wconf 92' lang='lat' dir='ltr'><strong>non</strong></span> <span class='ocrx_word' id='word_1_1134' title='bbox 3209 3945 3425 4016; x_wconf 88' lang='lat' dir='ltr'><strong>amisit,</strong></span> <span class='ocrx_word' id='word_1_1135' title='bbox 3470 3947 3596 4016; x_wconf 82' lang='lat' dir='ltr'><strong>quia</strong></span> 
     </span>
    </p>
   </div>
   <div class='ocr_carea' id='block_1_132' title="bbox 2019 4014 3594 4086">
    <p class='ocr_par' dir='ltr' id='par_1_132' title="bbox 2019 4014 3594 4086">
     <span class='ocr_line' id='line_1_139' title="bbox 2019 4014 3594 4086; baseline -0.002 -14"><span class='ocrx_word' id='word_1_1136' title='bbox 2019 4032 2140 4072; x_wconf 90' lang='lat' dir='ltr'><strong>cum</strong></span> <span class='ocrx_word' id='word_1_1137' title='bbox 2185 4019 2297 4086; x_wconf 90' lang='lat' dir='ltr'><strong>ipsa</strong></span> <span class='ocrx_word' id='word_1_1138' title='bbox 2343 4014 2732 4086; x_wconf 83' lang='lat' dir='ltr'><strong>pulchritudine</strong></span> <span class='ocrx_word' id='word_1_1139' title='bbox 2769 4032 2799 4070; x_wconf 91' lang='lat' dir='ltr'><strong>a</strong></span> <span class='ocrx_word' id='word_1_1140' title='bbox 2843 4017 3065 4086; x_wconf 89' lang='lat' dir='ltr'><strong>mortuis</strong></span> <span class='ocrx_word' id='word_1_1141' title='bbox 3102 4015 3414 4071; x_wconf 83' lang='lat' dir='ltr'><strong>resurrexit.</strong></span> <span class='ocrx_word' id='word_1_1142' title='bbox 3456 4014 3594 4080; x_wconf 84' lang='lat' dir='ltr'><strong>Quid</strong></span> 
     </span>
    </p>
   </div>
   <div class='ocr_carea' id='block_1_133' title="bbox 2021 4085 3593 4156">
    <p class='ocr_par' dir='ltr' id='par_1_133' title="bbox 2021 4085 3593 4156">
     <span class='ocr_line' id='line_1_140' title="bbox 2021 4085 3593 4156; baseline -0.003 -14"><span class='ocrx_word' id='word_1_1143' title='bbox 2021 4085 2365 4156; x_wconf 72' lang='lat' dir='ltr'><strong>expavescis,</strong></span> <span class='ocrx_word' id='word_1_1144' title='bbox 2409 4088 2598 4150; x_wconf 85' lang='lat' dir='ltr'><strong>Petre,</strong></span> <span class='ocrx_word' id='word_1_1145' title='bbox 2640 4087 2789 4155; x_wconf 89' lang='lat' dir='ltr'><strong>quasi</strong></span> <span class='ocrx_word' id='word_1_1146' title='bbox 2823 4085 3113 4156; x_wconf 86' lang='lat' dir='ltr'><strong>perdiderit</strong></span> <span class='ocrx_word' id='word_1_1147' title='bbox 3155 4086 3593 4156; x_wconf 15' lang='lat' dir='ltr'><strong>Christqsiillam</strong></span> 
     </span>
    </p>
   </div>
   <div class='ocr_carea' id='block_1_134' title="bbox 2021 4154 3596 4280">
    <p class='ocr_par' dir='ltr' id='par_1_134' title="bbox 2021 4154 3596 4280">
     <span class='ocr_line' id='line_1_141' title="bbox 2021 4154 3596 4280; baseline -0.001 -69"><span class='ocrx_word' id='word_1_1148' title='bbox 2021 4154 2294 4280; x_wconf 75' lang='lat' dir='ltr'><strong>pulchram</strong></span> <span class='ocrx_word' id='word_1_1149' title='bbox 2317 4165 2518 4211; x_wconf 87' lang='lat' dir='ltr'><strong>vestem</strong></span> <span class='ocrx_word' id='word_1_1150' title='bbox 2544 4199 2558 4221; x_wconf 94' lang='lat'><strong>,</strong></span> <span class='ocrx_word' id='word_1_1151' title='bbox 2586 4154 2798 4226; x_wconf 81' lang='lat' dir='ltr'><strong>quando</strong></span> <span class='ocrx_word' id='word_1_1152' title='bbox 2818 4154 2938 4211; x_wconf 84' lang='lat' dir='ltr'><strong>eum</strong></span> <span class='ocrx_word' id='word_1_1153' title='bbox 2966 4156 3163 4211; x_wconf 91' lang='lat' dir='ltr'><strong>nudum</strong></span> <span class='ocrx_word' id='word_1_1154' title='bbox 3196 4154 3510 4210; x_wconf 88' lang='lat' dir='ltr'><strong>intendebas</strong></span> <span class='ocrx_word' id='word_1_1155' title='bbox 3541 4155 3596 4209; x_wconf 89' lang='lat' dir='ltr'><strong>in</strong></span> 
     </span>
     <span class='ocr_line' id='line_1_142' title="bbox 2043 4225 3593 4280; baseline 0 0"><span class='ocrx_word' id='word_1_1156' title='bbox 2043 4229 2164 4280; x_wconf 70' lang='lat' dir='ltr'><strong>iano</strong></span> <span class='ocrx_word' id='word_1_1157' title='bbox 2215 4227 2568 4280; x_wconf 77' lang='lat' dir='ltr'><strong>uendentem?</strong></span> <span class='ocrx_word' id='word_1_1158' title='bbox 2613 4227 2729 4280; x_wconf 92' lang='lat' dir='ltr'><strong>Noli</strong></span> <span class='ocrx_word' id='word_1_1159' title='bbox 2781 4242 3167 4280; x_wconf 85' lang='lat' dir='ltr'><strong>exnavescere.</strong></span> <span class='ocrx_word' id='word_1_1160' title='bbox 3213 4225 3320 4280; x_wconf 91' lang='lat' dir='ltr'><strong>noli</strong></span> <span class='ocrx_word' id='word_1_1161' title='bbox 3374 4227 3593 4280; x_wconf 88' lang='lat' dir='ltr'><strong>timere.</strong></span> 
     </span>
    </p>
   </div>
   <div class='ocr_carea' id='block_1_135' title="bbox 2043 4225 3593 4296">
    <p class='ocr_par' dir='ltr' id='par_1_135' title="bbox 2043 4225 3593 4296">
     <span class='ocr_line' id='line_1_143' title="bbox 2043 4225 3593 4296; baseline 0 -16"><span class='ocrx_word' id='word_1_1162' title='bbox 2043 4229 2164 4296; x_wconf 83' lang='lat' dir='ltr'><strong>igno</strong></span> <span class='ocrx_word' id='word_1_1163' title='bbox 2215 4227 2568 4296; x_wconf 76' lang='lat' dir='ltr'><strong>pendentem?</strong></span> <span class='ocrx_word' id='word_1_1164' title='bbox 2606 4225 2729 4282; x_wconf 86' lang='lat' dir='ltr'><strong>Noli</strong></span> <span class='ocrx_word' id='word_1_1165' title='bbox 2781 4242 3167 4296; x_wconf 82' lang='lat' dir='ltr'><strong>expavescere,</strong></span> <span class='ocrx_word' id='word_1_1166' title='bbox 3213 4225 3320 4280; x_wconf 91' lang='lat' dir='ltr'><strong>noli</strong></span> <span class='ocrx_word' id='word_1_1167' title='bbox 3374 4227 3593 4290; x_wconf 85' lang='lat' dir='ltr'><strong>timere,</strong></span> 
     </span>
    </p>
   </div>
   <div class='ocr_carea' id='block_1_136' title="bbox 2021 4295 3598 4367">
    <p class='ocr_par' dir='ltr' id='par_1_136' title="bbox 2021 4295 3598 4367">
     <span class='ocr_line' id='line_1_144' title="bbox 2021 4295 3598 4367; baseline -0.001 -16"><span class='ocrx_word' id='word_1_1168' title='bbox 2021 4295 2127 4351; x_wconf 86' lang='lat' dir='ltr'><strong>noli</strong></span> <span class='ocrx_word' id='word_1_1169' title='bbox 2161 4295 2354 4367; x_wconf 85' lang='lat' dir='ltr'><strong>negare</strong></span> <span class='ocrx_word' id='word_1_1170' title='bbox 2383 4316 2394 4350; x_wconf 88' lang='lat'><strong>:</strong></span> <span class='ocrx_word' id='word_1_1171' title='bbox 2430 4298 2659 4351; x_wconf 89' lang='lat' dir='ltr'><strong>tunicam</strong></span> <span class='ocrx_word' id='word_1_1172' title='bbox 2687 4298 2831 4351; x_wconf 89' lang='lat' dir='ltr'><strong>illam</strong></span> <span class='ocrx_word' id='word_1_1173' title='bbox 2855 4295 3152 4351; x_wconf 85' lang='lat' dir='ltr'><strong>divinitatis</strong></span> <span class='ocrx_word' id='word_1_1174' title='bbox 3187 4305 3344 4365; x_wconf 90' lang='lat' dir='ltr'><strong>atque</strong></span> <span class='ocrx_word' id='word_1_1175' title='bbox 3380 4295 3598 4350; x_wconf 87' lang='lat' dir='ltr'><strong>immor-</strong></span> 
     </span>
    </p>
   </div>
   <div class='ocr_carea' id='block_1_137' title="bbox 2023 4367 3597 4436">
    <p class='ocr_par' dir='ltr' id='par_1_137' title="bbox 2023 4367 3597 4436">
     <span class='ocr_line' id='line_1_145' title="bbox 2023 4367 3597 4436; baseline -0.001 -15"><span class='ocrx_word' id='word_1_1176' title='bbox 2023 4367 2241 4421; x_wconf 89' lang='lat' dir='ltr'><strong>talitatis</strong></span> <span class='ocrx_word' id='word_1_1177' title='bbox 2266 4368 2510 4422; x_wconf 87' lang='lat' dir='ltr'><strong>Christus</strong></span> <span class='ocrx_word' id='word_1_1178' title='bbox 2539 4383 2642 4421; x_wconf 92' lang='lat' dir='ltr'><strong>non</strong></span> <span class='ocrx_word' id='word_1_1179' title='bbox 2673 4368 2902 4436; x_wconf 89' lang='lat' dir='ltr'><strong>perdidit</strong></span> <span class='ocrx_word' id='word_1_1180' title='bbox 2932 4367 2982 4420; x_wconf 92' lang='lat' dir='ltr'><strong>in</strong></span> <span class='ocrx_word' id='word_1_1181' title='bbox 3017 4382 3173 4422; x_wconf 90' lang='lat' dir='ltr'><strong>cruce</strong></span> <span class='ocrx_word' id='word_1_1182' title='bbox 3196 4407 3208 4426; x_wconf 87' lang='lat'><strong>,</strong></span> <span class='ocrx_word' id='word_1_1183' title='bbox 3236 4367 3358 4435; x_wconf 90' lang='lat' dir='ltr'><strong>quia</strong></span> <span class='ocrx_word' id='word_1_1184' title='bbox 3385 4380 3597 4433; x_wconf 78' lang='lat' dir='ltr'><strong>sponsae</strong></span> 
     </span>
    </p>
   </div>
   <div class='ocr_carea' id='block_1_138' title="bbox 2021 4436 3592 4507">
    <p class='ocr_par' dir='ltr' id='par_1_138' title="bbox 2021 4436 3592 4507">
     <span class='ocr_line' id='line_1_146' title="bbox 2021 4436 3592 4507; baseline -0.003 -16"><span class='ocrx_word' id='word_1_1185' title='bbox 2021 4451 2130 4491; x_wconf 72' lang='lat' dir='ltr'><strong>sua:</strong></span> <span class='ocrx_word' id='word_1_1186' title='bbox 2160 4453 2276 4491; x_wconf 91' lang='lat' dir='ltr'><strong>eam</strong></span> <span class='ocrx_word' id='word_1_1187' title='bbox 2302 4437 2631 4507; x_wconf 86' lang='lat' dir='ltr'><strong>consignavit</strong></span> <span class='ocrx_word' id='word_1_1188' title='bbox 2672 4437 2723 4490; x_wconf 94' lang='lat' dir='ltr'><strong>iu</strong></span> <span class='ocrx_word' id='word_1_1189' title='bbox 2756 4438 2897 4492; x_wconf 89' lang='lat' dir='ltr'><strong>dote.</strong></span> <span class='ocrx_word' id='word_1_1190' title='bbox 2948 4437 3132 4507; x_wconf 64' lang='lat' dir='ltr'><strong>Vidisti</strong></span> <span class='ocrx_word' id='word_1_1191' title='bbox 3160 4451 3279 4489; x_wconf 89' lang='lat' dir='ltr'><strong>eum</strong></span> <span class='ocrx_word' id='word_1_1192' title='bbox 3302 4477 3316 4500; x_wconf 95' lang='lat'><strong>,</strong></span> <span class='ocrx_word' id='word_1_1193' title='bbox 3340 4450 3372 4488; x_wconf 90' lang='grc' dir='ltr'><strong>ο</strong></span> <span class='ocrx_word' id='word_1_1194' title='bbox 3404 4436 3592 4507; x_wconf 85' lang='lat' dir='ltr'><strong>Petre,</strong></span> 
     </span>
    </p>
   </div>
   <div class='ocr_carea' id='block_1_139' title="bbox 2022 4505 3598 4574">
    <p class='ocr_par' dir='ltr' id='par_1_139' title="bbox 2022 4505 3598 4574">
     <span class='ocr_line' id='line_1_147' title="bbox 2022 4505 3598 4574; baseline -0.003 -14"><span class='ocrx_word' id='word_1_1195' title='bbox 2022 4523 2125 4561; x_wconf 91' lang='lat' dir='ltr'><strong>non</strong></span> <span class='ocrx_word' id='word_1_1196' title='bbox 2157 4508 2436 4562; x_wconf 87' lang='lat' dir='ltr'><strong>habentem</strong></span> <span class='ocrx_word' id='word_1_1197' title='bbox 2460 4505 2698 4574; x_wconf 64' lang='lat' dir='ltr'><strong>s&#39;ieciem</strong></span> <span class='ocrx_word' id='word_1_1198' title='bbox 2729 4522 2898 4574; x_wconf 88' lang='lat' dir='ltr'><strong>neque</strong></span> <span class='ocrx_word' id='word_1_1199' title='bbox 2928 4506 3174 4560; x_wconf 85' lang='lat' dir='ltr'><strong>decorem</strong></span> <span class='ocrx_word' id='word_1_1200' title='bbox 3201 4546 3214 4564; x_wconf 91' lang='lat'><strong>,</strong></span> <span class='ocrx_word' id='word_1_1201' title='bbox 3253 4515 3307 4556; x_wconf 91' lang='lat' dir='ltr'><strong>et</strong></span> <span class='ocrx_word' id='word_1_1202' title='bbox 3343 4505 3598 4557; x_wconf 89' lang='lat' dir='ltr'><strong>continuo</strong></span> 
     </span>
    </p>
   </div>
   <div class='ocr_carea' id='block_1_140' title="bbox 2022 4574 3599 4647">
    <p class='ocr_par' dir='ltr' id='par_1_140' title="bbox 2022 4574 3599 4647">
     <span class='ocr_line' id='line_1_148' title="bbox 2022 4574 3599 4647; baseline -0.005 -17"><span class='ocrx_word' id='word_1_1203' title='bbox 2022 4579 2223 4647; x_wconf 86' lang='lat' dir='ltr'><strong>negasti</strong></span> <span class='ocrx_word' id='word_1_1204' title='bbox 2255 4579 2400 4631; x_wconf 90' lang='lat' dir='ltr'><strong>illum</strong></span> <span class='ocrx_word' id='word_1_1205' title='bbox 2425 4617 2437 4638; x_wconf 91' lang='lat'><strong>,</strong></span> <span class='ocrx_word' id='word_1_1206' title='bbox 2471 4591 2628 4644; x_wconf 89' lang='lat' dir='ltr'><strong>quem</strong></span> <span class='ocrx_word' id='word_1_1207' title='bbox 2658 4577 2902 4647; x_wconf 85' lang='lat' dir='ltr'><strong>omnibus</strong></span> <span class='ocrx_word' id='word_1_1208' title='bbox 2930 4576 3128 4647; x_wconf 82' lang='lat' dir='ltr'><strong>relictis</strong></span> <span class='ocrx_word' id='word_1_1209' title='bbox 3159 4574 3260 4626; x_wconf 92' lang='lat' dir='ltr'><strong>tuis</strong></span> <span class='ocrx_word' id='word_1_1210' title='bbox 3285 4575 3470 4647; x_wconf 78' lang='lat' dir='ltr'><strong>amasti</strong></span> <span class='ocrx_word' id='word_1_1211' title='bbox 3502 4590 3515 4625; x_wconf 88' lang='lat'><strong>:</strong></span> <span class='ocrx_word' id='word_1_1212' title='bbox 3545 4580 3599 4647; x_wconf 89' lang='lat' dir='ltr'><strong>e_t</strong></span> 
     </span>
    </p>
   </div>
   <div class='ocr_carea' id='block_1_141' title="bbox 2024 4640 3597 4709">
    <p class='ocr_par' dir='ltr' id='par_1_141' title="bbox 2024 4640 3597 4709">
     <span class='ocr_line' id='line_1_149' title="bbox 2024 4640 3597 4709; baseline -0.005 -9"><span class='ocrx_word' id='word_1_1213' title='bbox 2024 4640 2128 4700; x_wconf 73' lang='lat' dir='ltr'><strong>uoii</strong></span> <span class='ocrx_word' id='word_1_1214' title='bbox 2157 4649 2330 4698; x_wconf 87' lang='lat' dir='ltr'><strong>solmu</strong></span> <span class='ocrx_word' id='word_1_1215' title='bbox 2359 4640 2556 4709; x_wconf 81' lang='lat' dir='ltr'><strong>semel,</strong></span> <span class='ocrx_word' id='word_1_1216' title='bbox 2601 4644 2694 4698; x_wconf 86' lang='lat' dir='ltr'><strong>sed</strong></span> <span class='ocrx_word' id='word_1_1217' title='bbox 2733 4652 2879 4697; x_wconf 89' lang='lat' dir='ltr'><strong>stans</strong></span> <span class='ocrx_word' id='word_1_1218' title='bbox 2928 4643 2978 4696; x_wconf 90' lang='lat' dir='ltr'><strong>in</strong></span> <span class='ocrx_word' id='word_1_1219' title='bbox 3021 4644 3158 4696; x_wconf 89' lang='lat' dir='ltr'><strong>atrio</strong></span> <span class='ocrx_word' id='word_1_1220' title='bbox 3198 4641 3491 4696; x_wconf 90' lang='lat' dir='ltr'><strong>sacerdotis</strong></span> <span class='ocrx_word' id='word_1_1221' title='bbox 3530 4640 3597 4692; x_wconf 88' lang='lat' dir='ltr'><strong>ab</strong></span> 
     </span>
    </p>
   </div>
   <div class='ocr_carea' id='block_1_142' title="bbox 2022 4710 3598 4781">
    <p class='ocr_par' dir='ltr' id='par_1_142' title="bbox 2022 4710 3598 4781">
     <span class='ocr_line' id='line_1_150' title="bbox 2022 4710 3598 4781; baseline -0.004 -12"><span class='ocrx_word' id='word_1_1222' title='bbox 2022 4732 2125 4770; x_wconf 89' lang='lat' dir='ltr'><strong>una</strong></span> <span class='ocrx_word' id='word_1_1223' title='bbox 2166 4717 2354 4768; x_wconf 87' lang='lat' dir='ltr'><strong>ancilla</strong></span> <span class='ocrx_word' id='word_1_1224' title='bbox 2395 4715 2548 4767; x_wconf 85' lang='lat' dir='ltr'><strong>tertio</strong></span> <span class='ocrx_word' id='word_1_1225' title='bbox 2591 4713 2932 4781; x_wconf 87' lang='lat' dir='ltr'><strong>interrogaris</strong></span> <span class='ocrx_word' id='word_1_1226' title='bbox 2959 4754 2972 4776; x_wconf 88' lang='lat'><strong>,</strong></span> <span class='ocrx_word' id='word_1_1227' title='bbox 3007 4721 3061 4764; x_wconf 90' lang='lat' dir='ltr'><strong>et</strong></span> <span class='ocrx_word' id='word_1_1228' title='bbox 3103 4726 3283 4781; x_wconf 81' lang='lat' dir='ltr'><strong>negas.</strong></span> <span class='ocrx_word' id='word_1_1229' title='bbox 3310 4714 3378 4764; x_wconf 79' lang='lat' dir='ltr'><strong>At</strong></span> <span class='ocrx_word' id='word_1_1230' title='bbox 3408 4710 3502 4781; x_wconf 87' lang='lat' dir='ltr'><strong>_ubi</strong></span> <span class='ocrx_word' id='word_1_1231' title='bbox 3544 4718 3598 4763; x_wconf 88' lang='lat' dir='ltr'><strong>te</strong></span> 
     </span>
    </p>
   </div>
   <div class='ocr_carea' id='block_1_143' title="bbox 2021 4779 3600 4856">
    <p class='ocr_par' dir='ltr' id='par_1_143' title="bbox 2021 4779 3600 4856">
     <span class='ocr_line' id='line_1_151' title="bbox 2021 4779 3600 4856; baseline -0.006 -16"><span class='ocrx_word' id='word_1_1232' title='bbox 2021 4787 2158 4856; x_wconf 81' lang='lat' dir='ltr'><strong>gallo</strong></span> <span class='ocrx_word' id='word_1_1233' title='bbox 2187 4794 2409 4838; x_wconf 87' lang='lat' dir='ltr'><strong>canente</strong></span> <span class='ocrx_word' id='word_1_1234' title='bbox 2425 4784 2656 4838; x_wconf 85' lang='lat' dir='ltr'><strong>convicit</strong></span> <span class='ocrx_word' id='word_1_1235' title='bbox 2676 4779 3146 4856; x_wconf 76' lang='lat' dir='ltr'><strong>pra-._suinp_toreni_,</strong></span> <span class='ocrx_word' id='word_1_1236' title='bbox 3167 4779 3254 4849; x_wconf 89' lang='lat' dir='ltr'><strong>qui</strong></span> <span class='ocrx_word' id='word_1_1237' title='bbox 3279 4779 3600 4856; x_wconf 69' lang='lat' dir='ltr'><strong>prrcdixerat</strong></span> 
     </span>
    </p>
   </div>
   <div class='ocr_carea' id='block_1_144' title="bbox 2023 4850 3601 4922">
    <p class='ocr_par' dir='ltr' id='par_1_144' title="bbox 2023 4850 3601 4922">
     <span class='ocr_line' id='line_1_152' title="bbox 2023 4850 3601 4922; baseline -0.005 -13"><span class='ocrx_word' id='word_1_1238' title='bbox 2023 4850 2177 4909; x_wconf 75' lang='lat' dir='ltr'><strong>alitea</strong></span> <span class='ocrx_word' id='word_1_1239' title='bbox 2202 4863 2539 4922; x_wconf 83' lang='lat' dir='ltr'><strong>negatorem;</strong></span> <span class='ocrx_word' id='word_1_1240' title='bbox 2584 4853 2816 4920; x_wconf 78' lang='lat' dir='ltr'><strong>respexit</strong></span> <span class='ocrx_word' id='word_1_1241' title='bbox 2855 4862 2905 4922; x_wconf 84' lang='lat' dir='ltr'><strong>te</strong></span> <span class='ocrx_word' id='word_1_1242' title='bbox 2944 4851 3084 4904; x_wconf 87' lang='lat' dir='ltr'><strong>intus</strong></span> <span class='ocrx_word' id='word_1_1243' title='bbox 3119 4850 3173 4903; x_wconf 85' lang='lat' dir='ltr'><strong>in</strong></span> <span class='ocrx_word' id='word_1_1244' title='bbox 3204 4850 3398 4922; x_wconf 83' lang='lat' dir='ltr'><strong>corde,</strong></span> <span class='ocrx_word' id='word_1_1245' title='bbox 3440 4858 3495 4902; x_wconf 90' lang='lat' dir='ltr'><strong>et</strong></span> <span class='ocrx_word' id='word_1_1246' title='bbox 3544 4856 3601 4922; x_wconf 81' lang='lat' dir='ltr'><strong>ut</strong></span> 
     </span>
    </p>
   </div>
   <div class='ocr_carea' id='block_1_145' title="bbox 2021 4915 3599 4994">
    <p class='ocr_par' dir='ltr' id='par_1_145' title="bbox 2021 4915 3599 4994">
     <span class='ocr_line' id='line_1_153' title="bbox 2021 4915 3599 4994; baseline -0.006 -16"><span class='ocrx_word' id='word_1_1247' title='bbox 2021 4939 2201 4978; x_wconf 89' lang='lat' dir='ltr'><strong>amare</strong></span> <span class='ocrx_word' id='word_1_1248' title='bbox 2224 4915 2379 4979; x_wconf 67' lang='lat' dir='ltr'><strong>ﬂores</strong></span> <span class='ocrx_word' id='word_1_1249' title='bbox 2409 4915 2536 4994; x_wconf 83' lang='lat' dir='ltr'><strong>(Id.</strong></span> <span class='ocrx_word' id='word_1_1250' title='bbox 2573 4915 2696 4994; x_wconf 71' lang='lat' dir='ltr'><strong>xxvi</strong></span> <span class='ocrx_word' id='word_1_1251' title='bbox 2719 4961 2733 4985; x_wconf 92' lang='lat'><strong>,</strong></span> <span class='ocrx_word' id='word_1_1252' title='bbox 2759 4921 2932 4994; x_wconf 15' lang='lat'><strong>697754</strong></span> <span class='ocrx_word' id='word_1_1253' title='bbox 2950 4924 2988 4988; x_wconf 86' lang='lat'><strong>),</strong></span> <span class='ocrx_word' id='word_1_1254' title='bbox 3021 4922 3158 4994; x_wconf 85' lang='lat' dir='ltr'><strong>intus</strong></span> <span class='ocrx_word' id='word_1_1255' title='bbox 3183 4918 3410 4994; x_wconf 77' lang='lat' dir='ltr'><strong>quodam</strong></span> <span class='ocrx_word' id='word_1_1256' title='bbox 3437 4915 3599 4970; x_wconf 91' lang='lat' dir='ltr'><strong>modo</strong></span> 
     </span>
    </p>
   </div>
   <div class='ocr_carea' id='block_1_146' title="bbox 2025 4988 3599 5061">
    <p class='ocr_par' dir='ltr' id='par_1_146' title="bbox 2025 4988 3599 5061">
     <span class='ocr_line' id='line_1_154' title="bbox 2025 4988 3599 5061; baseline -0.005 -13"><span class='ocrx_word' id='word_1_1257' title='bbox 2025 5005 2196 5054; x_wconf 88' lang='lat' dir='ltr'><strong>tecum</strong></span> <span class='ocrx_word' id='word_1_1258' title='bbox 2235 4994 2390 5047; x_wconf 89' lang='lat' dir='ltr'><strong>tacite</strong></span> <span class='ocrx_word' id='word_1_1259' title='bbox 2417 4988 2747 5061; x_wconf 72' lang='lat' dir='ltr'><strong>loquebatur</strong></span> <span class='ocrx_word' id='word_1_1260' title='bbox 2790 4991 2876 5044; x_wconf 90' lang='lat' dir='ltr'><strong>illa</strong></span> <span class='ocrx_word' id='word_1_1261' title='bbox 2921 4992 3032 5061; x_wconf 85' lang='lat' dir='ltr'><strong>ipsa</strong></span> <span class='ocrx_word' id='word_1_1262' title='bbox 3074 4989 3188 5061; x_wconf 85' lang='lat' dir='ltr'><strong>ejus</strong></span> <span class='ocrx_word' id='word_1_1263' title='bbox 3229 4988 3512 5061; x_wconf 84' lang='lat' dir='ltr'><strong>divinitas,</strong></span> <span class='ocrx_word' id='word_1_1264' title='bbox 3544 4994 3599 5061; x_wconf 78' lang='lat' dir='ltr'><strong>et</strong></span> 
     </span>
    </p>
   </div>
   <div class='ocr_carea' id='block_1_147' title="bbox 2022 5055 3600 5129">
    <p class='ocr_par' dir='ltr' id='par_1_147' title="bbox 2022 5055 3600 5129">
     <span class='ocr_line' id='line_1_155' title="bbox 2022 5055 3600 5129; baseline -0.005 -12"><span class='ocrx_word' id='word_1_1265' title='bbox 2022 5064 2231 5117; x_wconf 80' lang='lat' dir='ltr'><strong>dieebat</strong></span> <span class='ocrx_word' id='word_1_1266' title='bbox 2259 5063 2348 5116; x_wconf 90' lang='lat' dir='ltr'><strong>tibi</strong></span> <span class='ocrx_word' id='word_1_1267' title='bbox 2375 5082 2387 5113; x_wconf 88' lang='lat'><em>:</em></span> <span class='ocrx_word' id='word_1_1268' title='bbox 2420 5055 2520 5116; x_wconf 84' lang='lat' dir='ltr'><strong>Ubi</strong></span> <span class='ocrx_word' id='word_1_1269' title='bbox 2540 5071 2620 5115; x_wconf 87' lang='lat' dir='ltr'><strong>est</strong></span> <span class='ocrx_word' id='word_1_1270' title='bbox 2643 5102 2658 5125; x_wconf 93' lang='lat'><strong>,</strong></span> <span class='ocrx_word' id='word_1_1271' title='bbox 2689 5061 2843 5129; x_wconf 90' lang='lat' dir='ltr'><strong>Petre</strong></span> <span class='ocrx_word' id='word_1_1272' title='bbox 2866 5101 2881 5124; x_wconf 93' lang='lat'><strong>,</strong></span> <span class='ocrx_word' id='word_1_1273' title='bbox 2914 5055 2974 5113; x_wconf 81' lang='lat' dir='ltr'><strong>Si</strong></span> <span class='ocrx_word' id='word_1_1274' title='bbox 3002 5055 3226 5129; x_wconf 79' lang='lat' dir='ltr'><strong>possides</strong></span> <span class='ocrx_word' id='word_1_1275' title='bbox 3254 5060 3473 5129; x_wconf 83' lang='lat' dir='ltr'><strong>amicum</strong></span> <span class='ocrx_word' id='word_1_1276' title='bbox 3496 5096 3512 5120; x_wconf 87' lang='lat'><strong>,</strong></span> <span class='ocrx_word' id='word_1_1277' title='bbox 3541 5055 3600 5129; x_wconf 74' lang='lat' dir='ltr'><strong>in</strong></span> 
     </span>
    </p>
   </div>
   <div class='ocr_carea' id='block_1_148' title="bbox 2026 5123 3601 5200">
    <p class='ocr_par' dir='ltr' id='par_1_148' title="bbox 2026 5123 3601 5200">
     <span class='ocr_line' id='line_1_156' title="bbox 2026 5123 3601 5200; baseline -0.005 -14"><span class='ocrx_word' id='word_1_1278' title='bbox 2026 5135 2297 5186; x_wconf 84' lang='lat' dir='ltr'><strong>tentatione</strong></span> <span class='ocrx_word' id='word_1_1279' title='bbox 2339 5132 2536 5200; x_wconf 85' lang='lat' dir='ltr'><strong>posside</strong></span> <span class='ocrx_word' id='word_1_1280' title='bbox 2579 5123 2694 5184; x_wconf 85' lang='lat' dir='ltr'><strong>eum</strong></span> <span class='ocrx_word' id='word_1_1281' title='bbox 2735 5130 2752 5197; x_wconf 94' lang='lat'><strong>(</strong></span> <span class='ocrx_word' id='word_1_1282' title='bbox 2775 5123 2934 5182; x_wconf 86' lang='lat' dir='ltr'><strong>Eccli.</strong></span> <span class='ocrx_word' id='word_1_1283' title='bbox 2967 5123 3332 5200; x_wconf 13' lang='lat' dir='ltr'><strong>vi,r7ﬂ)?_uhi</strong></span> <span class='ocrx_word' id='word_1_1284' title='bbox 3376 5135 3489 5190; x_wconf 88' lang='lat' dir='ltr'><strong>est,</strong></span> <span class='ocrx_word' id='word_1_1285' title='bbox 3530 5123 3601 5200; x_wconf 73' lang='lat' dir='ltr'><strong>In</strong></span> 
     </span>
    </p>
   </div>
   <div class='ocr_carea' id='block_1_149' title="bbox 2026 5194 3601 5272">
    <p class='ocr_par' dir='ltr' id='par_1_149' title="bbox 2026 5194 3601 5272">
     <span class='ocr_line' id='line_1_157' title="bbox 2026 5194 3601 5272; baseline -0.005 -16"><span class='ocrx_word' id='word_1_1286' title='bbox 2026 5214 2243 5272; x_wconf 86' lang='lat' dir='ltr'><strong>tempore</strong></span> <span class='ocrx_word' id='word_1_1287' title='bbox 2269 5194 2602 5272; x_wconf 86' lang='lat' dir='ltr'><strong>tribulationis</strong></span> <span class='ocrx_word' id='word_1_1288' title='bbox 2627 5194 3027 5272; x_wconf 71' lang='lat' dir='ltr'><strong>illiusperrnane</strong></span> <span class='ocrx_word' id='word_1_1289' title='bbox 3055 5194 3318 5272; x_wconf 42' lang='lat' dir='ltr'><strong>illi&#39;fidelis</strong></span> <span class='ocrx_word' id='word_1_1290' title='bbox 3340 5239 3355 5262; x_wconf 92' lang='lat'><strong>,</strong></span> <span class='ocrx_word' id='word_1_1291' title='bbox 3389 5205 3447 5272; x_wconf 74' lang='lat' dir='ltr'><strong>ut</strong></span> <span class='ocrx_word' id='word_1_1292' title='bbox 3477 5205 3522 5250; x_wconf 89' lang='lat' dir='ltr'><strong>et</strong></span> <span class='ocrx_word' id='word_1_1293' title='bbox 3546 5194 3601 5248; x_wconf 83' lang='lat' dir='ltr'><strong>in</strong></span> 
     </span>
    </p>
   </div>
   <div class='ocr_carea' id='block_1_150' title="bbox 2026 5265 3600 5338">
    <p class='ocr_par' dir='ltr' id='par_1_150' title="bbox 2026 5265 3600 5338">
     <span class='ocr_line' id='line_1_158' title="bbox 2026 5265 3600 5338; baseline -0.005 -12"><span class='ocrx_word' id='word_1_1294' title='bbox 2026 5265 2314 5326; x_wconf 47' lang='lat' dir='ltr'><strong>haereditate</strong></span> <span class='ocrx_word' id='word_1_1295' title='bbox 2338 5272 2475 5324; x_wconf 88' lang='lat' dir='ltr'><strong>illius</strong></span> <span class='ocrx_word' id='word_1_1296' title='bbox 2497 5271 2715 5324; x_wconf 78' lang='lat' dir='ltr'><strong>cohwres</strong></span> <span class='ocrx_word' id='word_1_1297' title='bbox 2743 5265 2812 5322; x_wconf 84' lang='lat' dir='ltr'><strong>sis</strong></span> <span class='ocrx_word' id='word_1_1298' title='bbox 2840 5267 2966 5337; x_wconf 85' lang='lat' dir='ltr'><strong>(Id.</strong></span> <span class='ocrx_word' id='word_1_1299' title='bbox 2995 5284 3102 5322; x_wconf 84' lang='lat' dir='ltr'><strong>xxn</strong></span> <span class='ocrx_word' id='word_1_1300' title='bbox 3123 5311 3141 5338; x_wconf 81' lang='lat'><strong>,</strong></span> <span class='ocrx_word' id='word_1_1301' title='bbox 3165 5267 3234 5322; x_wconf 73' lang='lat'><strong>29</strong></span> <span class='ocrx_word' id='word_1_1302' title='bbox 3261 5266 3320 5338; x_wconf 66' lang='grc' dir='ltr'><strong>γε</strong></span> <span class='ocrx_word' id='word_1_1303' title='bbox 3362 5265 3561 5338; x_wconf 32' lang='grc' dir='ltr'><strong>υὺίῌιξες</strong></span> <span class='ocrx_word' id='word_1_1304' title='bbox 3582 5301 3600 5338; x_wconf 59' lang='grc' dir='ltr'><strong>ε</strong></span> 
     </span>
    </p>
   </div>
   <div class='ocr_carea' id='block_1_151' title="bbox 2025 5329 3603 5408">
    <p class='ocr_par' dir='ltr' id='par_1_151' title="bbox 2025 5329 3603 5408">
     <span class='ocr_line' id='line_1_159' title="bbox 2025 5329 3603 5408; baseline -0.006 -11"><span class='ocrx_word' id='word_1_1305' title='bbox 2025 5342 2181 5397; x_wconf 87' lang='lat' dir='ltr'><strong>Petre</strong></span> <span class='ocrx_word' id='word_1_1306' title='bbox 2205 5382 2218 5406; x_wconf 95' lang='lat'><strong>,</strong></span> <span class='ocrx_word' id='word_1_1307' title='bbox 2242 5342 2472 5394; x_wconf 81' lang='lat' dir='ltr'><strong>Animam</strong></span> <span class='ocrx_word' id='word_1_1308' title='bbox 2497 5357 2655 5393; x_wconf 89' lang='lat' dir='ltr'><strong>meam</strong></span> <span class='ocrx_word' id='word_1_1309' title='bbox 2681 5355 2772 5407; x_wconf 80' lang='lat' dir='ltr'><strong>pro</strong></span> <span class='ocrx_word' id='word_1_1310' title='bbox 2801 5329 3055 5408; x_wconf 48' lang='lat' dir='ltr'><strong>te‘ponam</strong></span> <span class='ocrx_word' id='word_1_1311' title='bbox 3077 5341 3091 5408; x_wconf 92' lang='lat'><strong>(</strong></span> <span class='ocrx_word' id='word_1_1312' title='bbox 3113 5329 3273 5392; x_wconf 55' lang='lat' dir='ltr'><strong>Joan:</strong></span> <span class='ocrx_word' id='word_1_1313' title='bbox 3290 5352 3389 5408; x_wconf 74' lang='lat' dir='ltr'><strong>xm</strong></span> <span class='ocrx_word' id='word_1_1314' title='bbox 3409 5377 3425 5405; x_wconf 96' lang='lat'><strong>,</strong></span> <span class='ocrx_word' id='word_1_1315' title='bbox 3543 5329 3603 5403; x_wconf 79' lang='lat'><strong>)?</strong></span> 
     </span>
    </p>
   </div>
   <div class='ocr_carea' id='block_1_152' title="bbox 2024 5356 3604 5480">
    <p class='ocr_par' dir='ltr' id='par_1_152' title="bbox 2024 5356 3604 5480">
     <span class='ocr_line' id='line_1_160' title="bbox 2026 5356 3602 5408; baseline -0.005 -11"><span class='ocrx_word' id='word_1_1316' title='bbox 2026 5356 2181 5397; x_wconf 71' lang='lat' dir='ltr'><strong>Petre</strong></span> <span class='ocrx_word' id='word_1_1317' title='bbox 2205 5382 2218 5406; x_wconf 95' lang='lat'><strong>,</strong></span> <span class='ocrx_word' id='word_1_1318' title='bbox 2242 5356 2472 5394; x_wconf 71' lang='lat' dir='ltr'><strong>animum</strong></span> <span class='ocrx_word' id='word_1_1319' title='bbox 2497 5357 2655 5393; x_wconf 89' lang='lat' dir='ltr'><strong>meam</strong></span> <span class='ocrx_word' id='word_1_1320' title='bbox 2681 5356 2772 5407; x_wconf 80' lang='lat' dir='ltr'><strong>pro</strong></span> <span class='ocrx_word' id='word_1_1321' title='bbox 2801 5356 2846 5392; x_wconf 78' lang='lat' dir='ltr'><strong>te</strong></span> <span class='ocrx_word' id='word_1_1322' title='bbox 2905 5356 3055 5392; x_wconf 82' lang='lat' dir='ltr'><strong>ouant</strong></span> <span class='ocrx_word' id='word_1_1323' title='bbox 3077 5356 3091 5408; x_wconf 73' lang='grc' dir='ltr'><strong>ι</strong></span> <span class='ocrx_word' id='word_1_1324' title='bbox 3113 5356 3268 5392; x_wconf 79' lang='lat' dir='ltr'><strong>.roan.</strong></span> <span class='ocrx_word' id='word_1_1325' title='bbox 3293 5356 3425 5405; x_wconf 82' lang='lat' dir='ltr'><strong>xm,</strong></span> <span class='ocrx_word' id='word_1_1326' title='bbox 3457 5356 3525 5391; x_wconf 79' lang='lat' dir='ltr'><strong>oo</strong></span> <span class='ocrx_word' id='word_1_1327' title='bbox 3543 5356 3564 5403; x_wconf 68' lang='grc' dir='ltr'><strong>ι</strong></span> <span class='ocrx_word' id='word_1_1328' title='bbox 3583 5356 3602 5388; x_wconf 80' lang='grc' dir='ltr'><strong>ι</strong></span> 
     </span>
     <span class='ocr_line' id='line_1_161' title="bbox 2024 5356 3604 5480; baseline -0.004 -14"><span class='ocrx_word' id='word_1_1329' title='bbox 2024 5424 2110 5472; x_wconf 83' lang='lat' dir='ltr'><strong>et,</strong></span> <span class='ocrx_word' id='word_1_1330' title='bbox 2139 5423 2295 5465; x_wconf 87' lang='lat' dir='ltr'><strong>tecum</strong></span> <span class='ocrx_word' id='word_1_1331' title='bbox 2319 5427 2471 5480; x_wconf 83' lang='lat' dir='ltr'><strong>usque</strong></span> <span class='ocrx_word' id='word_1_1332' title='bbox 2503 5411 2570 5463; x_wconf 89' lang='lat' dir='ltr'><strong>ad</strong></span> <span class='ocrx_word' id='word_1_1333' title='bbox 2610 5418 2820 5480; x_wconf 83' lang='lat' dir='ltr'><strong>mortem</strong></span> <span class='ocrx_word' id='word_1_1334' title='bbox 2860 5356 3027 5479; x_wconf 43' lang='lat' dir='ltr'><strong>(Luc.</strong></span> <span class='ocrx_word' id='word_1_1335' title='bbox 3055 5423 3164 5463; x_wconf 72' lang='grc' dir='ltr'>χχιι</span> <span class='ocrx_word' id='word_1_1336' title='bbox 3192 5451 3204 5470; x_wconf 89' lang='grc'>,</span> <span class='ocrx_word' id='word_1_1337' title='bbox 3233 5407 3303 5464; x_wconf 78' lang='grc'><strong>55</strong></span> <span class='ocrx_word' id='word_1_1338' title='bbox 3326 5407 3378 5479; x_wconf 88' lang='lat'><strong>)?</strong></span> <span class='ocrx_word' id='word_1_1339' title='bbox 3433 5405 3604 5473; x_wconf 85' lang='lat' dir='ltr'><strong>Quam</strong></span> 
     </span>
    </p>
   </div>
   <div class='ocr_carea' id='block_1_153' title="bbox 2026 5479 3604 5551">
    <p class='ocr_par' dir='ltr' id='par_1_153' title="bbox 2026 5479 3604 5551">
     <span class='ocr_line' id='line_1_162' title="bbox 2026 5479 3604 5551; baseline -0.005 -13"><span class='ocrx_word' id='word_1_1340' title='bbox 2026 5483 2271 5538; x_wconf 87' lang='lat' dir='ltr'><strong>celeriter</strong></span> <span class='ocrx_word' id='word_1_1341' title='bbox 2297 5479 2496 5550; x_wconf 86' lang='lat' dir='ltr'><strong>negasti</strong></span> <span class='ocrx_word' id='word_1_1342' title='bbox 2526 5479 2686 5551; x_wconf 89' lang='lat' dir='ltr'><strong>quasi</strong></span> <span class='ocrx_word' id='word_1_1343' title='bbox 2707 5479 2975 5551; x_wconf 77' lang='lat' dir='ltr'><strong>hominem</strong></span> <span class='ocrx_word' id='word_1_1344' title='bbox 3003 5488 3266 5551; x_wconf 82' lang='lat' dir='ltr'><strong>mortuum</strong></span> <span class='ocrx_word' id='word_1_1345' title='bbox 3286 5519 3302 5545; x_wconf 93' lang='lat'><strong>,</strong></span> <span class='ocrx_word' id='word_1_1346' title='bbox 3327 5493 3482 5551; x_wconf 86' lang='lat' dir='ltr'><strong>quem</strong></span> <span class='ocrx_word' id='word_1_1347' title='bbox 3509 5491 3604 5551; x_wconf 71' lang='lat' dir='ltr'><strong>an-</strong></span> 
     </span>
    </p>
   </div>
   <div class='ocr_carea' id='block_1_154' title="bbox 2027 5546 3606 5608">
    <p class='ocr_par' dir='ltr' id='par_1_154' title="bbox 2027 5546 3606 5608">
     <span class='ocr_line' id='line_1_163' title="bbox 2027 5546 3606 5608; baseline -0.004 -1"><span class='ocrx_word' id='word_1_1348' title='bbox 2027 5562 2111 5608; x_wconf 90' lang='lat' dir='ltr'><strong>tea</strong></span> <span class='ocrx_word' id='word_1_1349' title='bbox 2139 5546 2414 5607; x_wconf 76' lang='lat' dir='ltr'><strong>confessus</strong></span> <span class='ocrx_word' id='word_1_1350' title='bbox 2441 5546 2616 5608; x_wconf 71' lang='lat' dir='ltr'><strong>fueras</strong></span> <span class='ocrx_word' id='word_1_1351' title='bbox 2646 5550 2746 5604; x_wconf 89' lang='lat' dir='ltr'><strong>vivi</strong></span> <span class='ocrx_word' id='word_1_1352' title='bbox 2791 5550 2883 5605; x_wconf 90' lang='lat' dir='ltr'><strong>Dei</strong></span> <span class='ocrx_word' id='word_1_1353' title='bbox 2921 5549 3145 5604; x_wconf 86' lang='lat' dir='ltr'><strong>Filium!</strong></span> <span class='ocrx_word' id='word_1_1354' title='bbox 3194 5550 3318 5604; x_wconf 72' lang='lat' dir='ltr'><strong>Hice</strong></span> <span class='ocrx_word' id='word_1_1355' title='bbox 3348 5547 3472 5602; x_wconf 91' lang='lat' dir='ltr'><strong>dum</strong></span> <span class='ocrx_word' id='word_1_1356' title='bbox 3513 5546 3606 5601; x_wconf 89' lang='lat' dir='ltr'><strong>ille</strong></span> 
     </span>
    </p>
   </div>
   <div class='ocr_carea' id='block_1_155' title="bbox 2029 5617 3602 5687">
    <p class='ocr_par' dir='ltr' id='par_1_155' title="bbox 2029 5617 3602 5687">
     <span class='ocr_line' id='line_1_164' title="bbox 2029 5617 3602 5687; baseline -0.005 -10"><span class='ocrx_word' id='word_1_1357' title='bbox 2029 5632 2201 5677; x_wconf 90' lang='lat' dir='ltr'><strong>tecum</strong></span> <span class='ocrx_word' id='word_1_1358' title='bbox 2243 5623 2292 5676; x_wconf 92' lang='lat' dir='ltr'><strong>in</strong></span> <span class='ocrx_word' id='word_1_1359' title='bbox 2334 5622 2493 5677; x_wconf 90' lang='lat' dir='ltr'><strong>corde</strong></span> <span class='ocrx_word' id='word_1_1360' title='bbox 2538 5621 3020 5685; x_wconf 88' lang='lat' dir='ltr'><strong>sermocinaretur,</strong></span> <span class='ocrx_word' id='word_1_1361' title='bbox 3055 5619 3286 5687; x_wconf 83' lang='lat' dir='ltr'><strong>respexit</strong></span> <span class='ocrx_word' id='word_1_1362' title='bbox 3312 5617 3602 5687; x_wconf 78' lang='lat' dir='ltr'><strong>divinitas,</strong></span> 
     </span>
    </p>
   </div>
   <div class='ocr_carea' id='block_1_156' title="bbox 2031 5685 3607 5760">
    <p class='ocr_par' dir='ltr' id='par_1_156' title="bbox 2031 5685 3607 5760">
     <span class='ocr_line' id='line_1_165' title="bbox 2031 5685 3607 5760; baseline -0.006 -13"><span class='ocrx_word' id='word_1_1363' title='bbox 2031 5703 2087 5747; x_wconf 91' lang='lat' dir='ltr'><strong>et</strong></span> <span class='ocrx_word' id='word_1_1364' title='bbox 2135 5693 2279 5746; x_wconf 85' lang='lat' dir='ltr'><strong>ﬂevit</strong></span> <span class='ocrx_word' id='word_1_1365' title='bbox 2314 5692 2652 5747; x_wconf 88' lang='lat' dir='ltr'><strong>humanitas:</strong></span> <span class='ocrx_word' id='word_1_1366' title='bbox 2699 5691 2875 5760; x_wconf 81' lang='lat' dir='ltr'><strong>agnita</strong></span> <span class='ocrx_word' id='word_1_1367' title='bbox 2919 5698 3002 5744; x_wconf 90' lang='lat' dir='ltr'><strong>est</strong></span> <span class='ocrx_word' id='word_1_1368' title='bbox 3043 5685 3308 5760; x_wconf 82' lang='lat' dir='ltr'><strong>dulcedo,</strong></span> <span class='ocrx_word' id='word_1_1369' title='bbox 3356 5696 3409 5742; x_wconf 91' lang='lat' dir='ltr'><strong>et</strong></span> <span class='ocrx_word' id='word_1_1370' title='bbox 3447 5685 3607 5760; x_wconf 82' lang='lat' dir='ltr'><strong>periit</strong></span> 
     </span>
    </p>
   </div>
   <div class='ocr_carea' id='block_1_157' title="bbox 2031 5755 3604 5832">
    <p class='ocr_par' dir='ltr' id='par_1_157' title="bbox 2031 5755 3604 5832">
     <span class='ocr_line' id='line_1_166' title="bbox 2031 5755 3604 5832; baseline -0.005 -14"><span class='ocrx_word' id='word_1_1371' title='bbox 2031 5763 2359 5830; x_wconf 89' lang='lat' dir='ltr'><strong>amaritudo;</strong></span> <span class='ocrx_word' id='word_1_1372' title='bbox 2385 5772 2631 5832; x_wconf 80' lang='lat' dir='ltr'><strong>suscepta</strong></span> <span class='ocrx_word' id='word_1_1373' title='bbox 2660 5755 2996 5819; x_wconf 57' lang='lat' dir='ltr'><strong>cst&#39;charitas</strong></span> <span class='ocrx_word' id='word_1_1374' title='bbox 3022 5799 3035 5826; x_wconf 89' lang='lat'><strong>,</strong></span> <span class='ocrx_word' id='word_1_1375' title='bbox 3077 5768 3132 5814; x_wconf 87' lang='lat' dir='ltr'><strong>et.</strong></span> <span class='ocrx_word' id='word_1_1376' title='bbox 3171 5757 3342 5814; x_wconf 84' lang='lat' dir='ltr'><strong>deleta</strong></span> <span class='ocrx_word' id='word_1_1377' title='bbox 3377 5755 3461 5813; x_wconf 82' lang='lat' dir='ltr'><strong>est</strong></span> <span class='ocrx_word' id='word_1_1378' title='bbox 3497 5755 3604 5810; x_wconf 90' lang='lat' dir='ltr'><strong>ini-</strong></span> 
     </span>
    </p>
   </div>
  </div>
