  <div class='ocr_page' id='page_1' title='image "/cluster/home/n/w/nwhite01/storage/ocr_20150623/40/hvd.32044096580626/361.png"; bbox 0 0 4166 6208; ppageno 0'>
   <div class='ocr_carea' id='block_1_1' title="bbox 404 285 607 349">
    <p class='ocr_par' dir='ltr' id='par_1_1' title="bbox 404 285 607 349">
     <span class='ocr_line' id='line_1_1' title="bbox 404 285 607 349; baseline 0.02 -4"><span class='ocrx_word' id='word_1_1' title='bbox 404 316 409 319; x_wconf 61' lang='grc' dir='ltr'>ι</span> <span class='ocrx_word' id='word_1_2' title='bbox 490 285 607 349; x_wconf 71' lang='grc'><strong>»707</strong></span> 
     </span>
    </p>
   </div>
   <div class='ocr_carea' id='block_1_2' title="bbox 501 396 2079 471">
    <p class='ocr_par' dir='ltr' id='par_1_2' title="bbox 501 396 2079 471">
     <span class='ocr_line' id='line_1_2' title="bbox 501 396 2079 471; baseline -0.005 -12"><span class='ocrx_word' id='word_1_3' title='bbox 501 399 737 459; x_wconf 78' lang='lat' dir='ltr'><strong>surrexit</strong></span> <span class='ocrx_word' id='word_1_4' title='bbox 764 416 778 456; x_wconf 91' lang='lat'><strong>:</strong></span> <span class='ocrx_word' id='word_1_5' title='bbox 809 400 1001 458; x_wconf 77' lang='lat' dir='ltr'><strong>cecidit</strong></span> <span class='ocrx_word' id='word_1_6' title='bbox 1020 404 1359 471; x_wconf 85' lang='lat' dir='ltr'><strong>persecutor,</strong></span> <span class='ocrx_word' id='word_1_7' title='bbox 1391 404 1600 471; x_wconf 84' lang='lat' dir='ltr'><strong>erectus</strong></span> <span class='ocrx_word' id='word_1_8' title='bbox 1630 406 1711 450; x_wconf 90' lang='lat' dir='ltr'><strong>est</strong></span> <span class='ocrx_word' id='word_1_9' title='bbox 1743 396 2079 471; x_wconf 54' lang='lat' dir='ltr'><strong>przcdicator,</strong></span> 
     </span>
    </p>
   </div>
   <div class='ocr_carea' id='block_1_3' title="bbox 1739 282 2549 343">
    <p class='ocr_par' dir='ltr' id='par_1_3' title="bbox 1739 282 2549 343">
     <span class='ocr_line' id='line_1_3' title="bbox 1739 282 2549 343; baseline -0.001 -2"><span class='ocrx_word' id='word_1_10' title='bbox 1739 284 1797 341; x_wconf 91' lang='lat' dir='ltr'><strong>S.</strong></span> <span class='ocrx_word' id='word_1_11' title='bbox 1836 282 2205 343; x_wconf 82' lang='lat' dir='ltr'><strong>AUGUSTINI</strong></span> <span class='ocrx_word' id='word_1_12' title='bbox 2242 282 2549 343; x_wconf 85' lang='lat' dir='ltr'><strong>EPISCOPI</strong></span> 
     </span>
    </p>
   </div>
   <div class='ocr_carea' id='block_1_4' title="bbox 2190 396 3783 472">
    <p class='ocr_par' dir='ltr' id='par_1_4' title="bbox 2190 396 3783 472">
     <span class='ocr_line' id='line_1_4' title="bbox 2190 396 3783 472; baseline 0.003 -18"><span class='ocrx_word' id='word_1_13' title='bbox 2190 396 2742 472; x_wconf 74' lang='lat' dir='ltr'><strong>descendere(il_attli.</strong></span> <span class='ocrx_word' id='word_1_14' title='bbox 2773 412 2852 472; x_wconf 73' lang='lat' dir='ltr'><strong>ill,</strong></span> <span class='ocrx_word' id='word_1_15' title='bbox 2872 396 2979 470; x_wconf 88' lang='lat' dir='ltr'><strong>i6).</strong></span> <span class='ocrx_word' id='word_1_16' title='bbox 3011 397 3257 472; x_wconf 60' lang='lat' dir='ltr'><strong>Redemit</strong></span> <span class='ocrx_word' id='word_1_17' title='bbox 3282 398 3531 472; x_wconf 73' lang='lat' dir='ltr'><strong>Christus</strong></span> <span class='ocrx_word' id='word_1_18' title='bbox 3551 402 3783 472; x_wconf 88' lang='lat' dir='ltr'><strong>animas,</strong></span> 
     </span>
    </p>
   </div>
   <div class='ocr_carea' id='block_1_5' title="bbox 3688 291 3796 353">
    <p class='ocr_par' dir='ltr' id='par_1_5' title="bbox 3688 291 3796 353">
     <span class='ocr_line' id='line_1_5' title="bbox 3688 291 3796 353; baseline 0.046 -5"><span class='ocrx_word' id='word_1_19' title='bbox 3688 291 3796 353; x_wconf 32' lang='lat'><strong>7.08</strong></span> 
     </span>
    </p>
   </div>
   <div class='ocr_carea' id='block_1_6' title="bbox 505 468 3785 543">
    <p class='ocr_par' dir='ltr' id='par_1_6' title="bbox 505 468 3785 543">
     <span class='ocr_line' id='line_1_6' title="bbox 505 468 3785 543; baseline -0 -15"><span class='ocrx_word' id='word_1_20' title='bbox 505 473 564 528; x_wconf 83' lang='lat' dir='ltr'><strong>in</strong></span> <span class='ocrx_word' id='word_1_21' title='bbox 611 471 926 528; x_wconf 77' lang='lat' dir='ltr'><strong>Christianis</strong></span> <span class='ocrx_word' id='word_1_22' title='bbox 976 468 1241 543; x_wconf 77' lang='lat' dir='ltr'><strong>Christum</strong></span> <span class='ocrx_word' id='word_1_23' title='bbox 1295 468 1556 543; x_wconf 79' lang='lat' dir='ltr'><strong>persecuti</strong></span> <span class='ocrx_word' id='word_1_24' title='bbox 1602 477 1735 543; x_wconf 87' lang='lat' dir='ltr'><strong>sunt</strong></span> <span class='ocrx_word' id='word_1_25' title='bbox 1754 483 1907 543; x_wconf 73' lang='lat' dir='ltr'><strong>rcges</strong></span> <span class='ocrx_word' id='word_1_26' title='bbox 1928 475 1954 519; x_wconf 82' lang='lat'><strong>‘:</strong></span> <span class='ocrx_word' id='word_1_27' title='bbox 1990 468 2083 522; x_wconf 89' lang='lat' dir='ltr'><strong>sed</strong></span> <span class='ocrx_word' id='word_1_28' title='bbox 2191 471 2453 543; x_wconf 87' lang='lat' dir='ltr'><strong>custodite</strong></span> <span class='ocrx_word' id='word_1_29' title='bbox 2480 468 2738 543; x_wconf 75' lang='lat' dir='ltr'><strong>quodiile</strong></span> <span class='ocrx_word' id='word_1_30' title='bbox 2763 468 3007 543; x_wconf 72' lang='lat' dir='ltr'><strong>redemit.</strong></span> <span class='ocrx_word' id='word_1_31' title='bbox 3037 470 3250 543; x_wconf 76' lang='lat' dir='ltr'><strong>lnlegro</strong></span> <span class='ocrx_word' id='word_1_32' title='bbox 3268 468 3785 543; x_wconf 70' lang='lat' dir='ltr'><strong>Christointegruni</strong></span> 
     </span>
    </p>
   </div>
   <div class='ocr_carea' id='block_1_7' title="bbox 500 538 2087 613">
    <p class='ocr_par' dir='ltr' id='par_1_7' title="bbox 500 538 2087 613">
     <span class='ocr_line' id='line_1_7' title="bbox 500 538 2087 613; baseline -0.005 -13"><span class='ocrx_word' id='word_1_33' title='bbox 500 543 726 600; x_wconf 89' lang='lat' dir='ltr'><strong>multum</strong></span> <span class='ocrx_word' id='word_1_34' title='bbox 756 544 833 598; x_wconf 93' lang='lat' dir='ltr'><strong>eis</strong></span> <span class='ocrx_word' id='word_1_35' title='bbox 873 542 1255 613; x_wconf 78' lang='lat' dir='ltr'><strong>praestiterunt,</strong></span> <span class='ocrx_word' id='word_1_36' title='bbox 1290 538 1502 613; x_wconf 76' lang='lat' dir='ltr'><strong>quando</strong></span> <span class='ocrx_word' id='word_1_37' title='bbox 1542 541 1778 613; x_wconf 77' lang='lat' dir='ltr'><strong>membra</strong></span> <span class='ocrx_word' id='word_1_38' title='bbox 1819 538 1884 592; x_wconf 85' lang='lat' dir='ltr'><strong>ad</strong></span> <span class='ocrx_word' id='word_1_39' title='bbox 1928 546 2087 613; x_wconf 73' lang='lat' dir='ltr'><strong>caput</strong></span> 
     </span>
    </p>
   </div>
   <div class='ocr_carea' id='block_1_8' title="bbox 2193 540 3786 611">
    <p class='ocr_par' dir='ltr' id='par_1_8' title="bbox 2193 540 3786 611">
     <span class='ocr_line' id='line_1_8' title="bbox 2193 540 3786 611; baseline 0.004 -18"><span class='ocrx_word' id='word_1_40' title='bbox 2193 542 2457 610; x_wconf 82' lang='lat' dir='ltr'><strong>assignate</strong></span> <span class='ocrx_word' id='word_1_41' title='bbox 2505 540 2781 611; x_wconf 62' lang='lat' dir='ltr'><strong>pricdium.</strong></span> <span class='ocrx_word' id='word_1_42' title='bbox 2822 540 2989 594; x_wconf 86' lang='lat' dir='ltr'><strong>Nemo</strong></span> <span class='ocrx_word' id='word_1_43' title='bbox 3031 541 3279 607; x_wconf 87' lang='lat' dir='ltr'><strong>invadat,</strong></span> <span class='ocrx_word' id='word_1_44' title='bbox 3325 558 3484 596; x_wconf 89' lang='lat' dir='ltr'><strong>nemo</strong></span> <span class='ocrx_word' id='word_1_45' title='bbox 3549 540 3786 600; x_wconf 77' lang='lat' dir='ltr'><strong>invasuri</strong></span> 
     </span>
    </p>
   </div>
   <div class='ocr_carea' id='block_1_9' title="bbox 500 608 3786 679">
    <p class='ocr_par' dir='ltr' id='par_1_9' title="bbox 500 608 3786 679">
     <span class='ocr_line' id='line_1_9' title="bbox 500 608 3786 679; baseline -0 -10"><span class='ocrx_word' id='word_1_46' title='bbox 500 629 656 670; x_wconf 89' lang='lat' dir='ltr'><strong>suum</strong></span> <span class='ocrx_word' id='word_1_47' title='bbox 688 608 936 668; x_wconf 80' lang='lat' dir='ltr'><strong>velociter</strong></span> <span class='ocrx_word' id='word_1_48' title='bbox 957 608 1490 667; x_wconf 20' lang='lat' dir='ltr'><strong>transicrunt.Vthno</strong></span> <span class='ocrx_word' id='word_1_49' title='bbox 1514 610 1634 662; x_wconf 85' lang='lat' dir='ltr'><strong>talia</strong></span> <span class='ocrx_word' id='word_1_50' title='bbox 1663 609 1875 676; x_wconf 87' lang='lat' dir='ltr'><strong>damna,</strong></span> <span class='ocrx_word' id='word_1_51' title='bbox 1908 608 2086 679; x_wconf 85' lang='lat' dir='ltr'><strong>qualia</strong></span> <span class='ocrx_word' id='word_1_52' title='bbox 2193 608 2536 666; x_wconf 53' lang='lat' dir='ltr'><strong>consentiat}</strong></span> <span class='ocrx_word' id='word_1_53' title='bbox 2577 612 2943 665; x_wconf 77' lang='lat' dir='ltr'><strong>characterem</strong></span> <span class='ocrx_word' id='word_1_54' title='bbox 2983 612 3305 666; x_wconf 83' lang='lat' dir='ltr'><strong>dominicum</strong></span> <span class='ocrx_word' id='word_1_55' title='bbox 3350 611 3527 667; x_wconf 90' lang='lat' dir='ltr'><strong>nullus</strong></span> <span class='ocrx_word' id='word_1_56' title='bbox 3573 614 3786 670; x_wconf 86' lang='lat' dir='ltr'><strong>abster-</strong></span> 
     </span>
    </p>
   </div>
   <div class='ocr_carea' id='block_1_10' title="bbox 500 678 3788 753">
    <p class='ocr_par' dir='ltr' id='par_1_10' title="bbox 500 678 3788 753">
     <span class='ocr_line' id='line_1_10' title="bbox 500 678 3788 753; baseline 0 -15"><span class='ocrx_word' id='word_1_57' title='bbox 500 694 557 739; x_wconf 90' lang='lat' dir='ltr'><strong>tu</strong></span> <span class='ocrx_word' id='word_1_58' title='bbox 587 725 604 751; x_wconf 90' lang='lat'><strong>,</strong></span> <span class='ocrx_word' id='word_1_59' title='bbox 654 682 846 753; x_wconf 80' lang='lat' dir='ltr'><strong>ingerit</strong></span> <span class='ocrx_word' id='word_1_60' title='bbox 899 680 1109 753; x_wconf 87' lang='lat' dir='ltr'><strong>Christo</strong></span> <span class='ocrx_word' id='word_1_61' title='bbox 1143 700 1155 735; x_wconf 91' lang='lat'><strong>:</strong></span> <span class='ocrx_word' id='word_1_62' title='bbox 1188 683 1395 753; x_wconf 75' lang='lat' dir='ltr'><strong>animas</strong></span> <span class='ocrx_word' id='word_1_63' title='bbox 1445 679 1587 753; x_wconf 80' lang='lat' dir='ltr'><strong>enim</strong></span> <span class='ocrx_word' id='word_1_64' title='bbox 1626 682 1907 753; x_wconf 87' lang='lat' dir='ltr'><strong>multorum</strong></span> <span class='ocrx_word' id='word_1_65' title='bbox 1939 678 2089 753; x_wconf 73' lang='lat' dir='ltr'><strong>cupis</strong></span> <span class='ocrx_word' id='word_1_66' title='bbox 2194 689 2299 752; x_wconf 80' lang='lat' dir='ltr'><strong>gat,</strong></span> <span class='ocrx_word' id='word_1_67' title='bbox 2333 681 2511 753; x_wconf 78' lang='lat' dir='ltr'><strong>titulos</strong></span> <span class='ocrx_word' id='word_1_68' title='bbox 2539 681 2736 753; x_wconf 81' lang='lat' dir='ltr'><strong>Christi</strong></span> <span class='ocrx_word' id='word_1_69' title='bbox 2770 696 2925 735; x_wconf 91' lang='lat' dir='ltr'><strong>nemo</strong></span> <span class='ocrx_word' id='word_1_70' title='bbox 2954 682 3205 751; x_wconf 84' lang='lat' dir='ltr'><strong>deponat.</strong></span> <span class='ocrx_word' id='word_1_71' title='bbox 3244 683 3519 738; x_wconf 72' lang='lat' dir='ltr'><strong>ltcddituri</strong></span> <span class='ocrx_word' id='word_1_72' title='bbox 3550 686 3682 739; x_wconf 90' lang='lat' dir='ltr'><strong>estis</strong></span> <span class='ocrx_word' id='word_1_73' title='bbox 3698 700 3788 740; x_wconf 72' lang='lat' dir='ltr'><strong>ra-</strong></span> 
     </span>
    </p>
   </div>
   <div class='ocr_carea' id='block_1_11' title="bbox 503 750 2086 825">
    <p class='ocr_par' dir='ltr' id='par_1_11' title="bbox 503 750 2086 825">
     <span class='ocr_line' id='line_1_11' title="bbox 503 750 2086 825; baseline -0.003 -17"><span class='ocrx_word' id='word_1_74' title='bbox 503 750 825 825; x_wconf 77' lang='lat' dir='ltr'><strong>interﬁccre,</strong></span> <span class='ocrx_word' id='word_1_75' title='bbox 854 770 950 825; x_wconf 84' lang='lat' dir='ltr'><strong>pro</strong></span> <span class='ocrx_word' id='word_1_76' title='bbox 978 750 1425 825; x_wconf 82' lang='lat' dir='ltr'><strong>quibustristus</strong></span> <span class='ocrx_word' id='word_1_77' title='bbox 1456 752 1507 825; x_wconf 80' lang='lat' dir='ltr'><strong>in</strong></span> <span class='ocrx_word' id='word_1_78' title='bbox 1538 766 1696 825; x_wconf 77' lang='lat' dir='ltr'><strong>carne</strong></span> <span class='ocrx_word' id='word_1_79' title='bbox 1718 751 1863 805; x_wconf 83' lang='lat' dir='ltr'><strong>venit</strong></span> <span class='ocrx_word' id='word_1_80' title='bbox 1893 750 2086 825; x_wconf 72' lang='lat' dir='ltr'><strong>occidi.</strong></span> 
     </span>
    </p>
   </div>
   <div class='ocr_carea' id='block_1_12' title="bbox 499 820 2091 890">
    <p class='ocr_par' dir='ltr' id='par_1_12' title="bbox 499 820 2091 890">
     <span class='ocr_line' id='line_1_12' title="bbox 499 820 2091 890; baseline -0.003 -10"><span class='ocrx_word' id='word_1_81' title='bbox 499 820 1094 890; x_wconf 78' lang='lat' dir='ltr'><strong>Erubesce,erubesce</strong></span> <span class='ocrx_word' id='word_1_82' title='bbox 1120 864 1134 889; x_wconf 89' lang='lat'><strong>,</strong></span> <span class='ocrx_word' id='word_1_83' title='bbox 1170 823 1441 879; x_wconf 73' lang='lat' dir='ltr'><strong>hccretice.</strong></span> <span class='ocrx_word' id='word_1_84' title='bbox 1475 821 1611 889; x_wconf 83' lang='lat' dir='ltr'><strong>Quid</strong></span> <span class='ocrx_word' id='word_1_85' title='bbox 1646 823 1803 876; x_wconf 80' lang='lat' dir='ltr'><strong>ilct‘as</strong></span> <span class='ocrx_word' id='word_1_86' title='bbox 1834 820 1972 888; x_wconf 85' lang='lat' dir='ltr'><strong>quod</strong></span> <span class='ocrx_word' id='word_1_87' title='bbox 2006 836 2091 875; x_wconf 89' lang='lat' dir='ltr'><strong>sc-</strong></span> 
     </span>
    </p>
   </div>
   <div class='ocr_carea' id='block_1_13' title="bbox 494 892 2085 963">
    <p class='ocr_par' dir='ltr' id='par_1_13' title="bbox 494 892 2085 963">
     <span class='ocr_line' id='line_1_13' title="bbox 494 892 2085 963; baseline -0.005 -13"><span class='ocrx_word' id='word_1_88' title='bbox 494 895 604 950; x_wconf 90' lang='lat' dir='ltr'><strong>mel</strong></span> <span class='ocrx_word' id='word_1_89' title='bbox 646 893 839 951; x_wconf 81' lang='lat' dir='ltr'><strong>datur?</strong></span> <span class='ocrx_word' id='word_1_90' title='bbox 870 893 928 949; x_wconf 92' lang='lat' dir='ltr'><strong>in</strong></span> <span class='ocrx_word' id='word_1_91' title='bbox 960 893 1213 963; x_wconf 84' lang='lat' dir='ltr'><strong>membris</strong></span> <span class='ocrx_word' id='word_1_92' title='bbox 1238 895 1350 950; x_wconf 86' lang='lat' dir='ltr'><strong>suis</strong></span> <span class='ocrx_word' id='word_1_93' title='bbox 1392 893 1501 963; x_wconf 83' lang='lat' dir='ltr'><strong>jam</strong></span> <span class='ocrx_word' id='word_1_94' title='bbox 1526 898 1665 947; x_wconf 87' lang='lat' dir='ltr'><strong>intus</strong></span> <span class='ocrx_word' id='word_1_95' title='bbox 1691 902 1773 946; x_wconf 88' lang='lat' dir='ltr'><strong>est</strong></span> <span class='ocrx_word' id='word_1_96' title='bbox 1797 892 2041 963; x_wconf 82' lang='lat' dir='ltr'><strong>Christus</strong></span> <span class='ocrx_word' id='word_1_97' title='bbox 2071 933 2085 958; x_wconf 92' lang='lat'><strong>,</strong></span> 
     </span>
    </p>
   </div>
   <div class='ocr_carea' id='block_1_14' title="bbox 497 962 2087 1035">
    <p class='ocr_par' dir='ltr' id='par_1_14' title="bbox 497 962 2087 1035">
     <span class='ocr_line' id='line_1_14' title="bbox 497 962 2087 1035; baseline -0.003 -17"><span class='ocrx_word' id='word_1_98' title='bbox 497 965 608 1021; x_wconf 91' lang='lat' dir='ltr'><strong>noli</strong></span> <span class='ocrx_word' id='word_1_99' title='bbox 646 965 700 1021; x_wconf 92' lang='lat' dir='ltr'><strong>in</strong></span> <span class='ocrx_word' id='word_1_100' title='bbox 736 965 851 1022; x_wconf 83' lang='lat' dir='ltr'><strong>istis</strong></span> <span class='ocrx_word' id='word_1_101' title='bbox 894 964 1069 1035; x_wconf 87' lang='lat' dir='ltr'><strong>ipsum</strong></span> <span class='ocrx_word' id='word_1_102' title='bbox 1114 962 1253 1020; x_wconf 85' lang='lat' dir='ltr'><strong>velle</strong></span> <span class='ocrx_word' id='word_1_103' title='bbox 1302 963 1670 1035; x_wconf 84' lang='lat' dir='ltr'><strong>rebaptizare?</strong></span> <span class='ocrx_word' id='word_1_104' title='bbox 1715 962 1894 1018; x_wconf 89' lang='lat' dir='ltr'><strong>Semel</strong></span> <span class='ocrx_word' id='word_1_105' title='bbox 1946 962 2087 1035; x_wconf 84' lang='lat' dir='ltr'><strong>enim</strong></span> 
     </span>
    </p>
   </div>
   <div class='ocr_carea' id='block_1_15' title="bbox 500 1031 2092 1107">
    <p class='ocr_par' dir='ltr' id='par_1_15' title="bbox 500 1031 2092 1107">
     <span class='ocr_line' id='line_1_15' title="bbox 500 1031 2092 1107; baseline -0.004 -15"><span class='ocrx_word' id='word_1_106' title='bbox 500 1049 598 1107; x_wconf 85' lang='lat' dir='ltr'><strong>pro</strong></span> <span class='ocrx_word' id='word_1_107' title='bbox 628 1035 874 1094; x_wconf 87' lang='lat' dir='ltr'><strong>omnibus</strong></span> <span class='ocrx_word' id='word_1_108' title='bbox 899 1031 1020 1093; x_wconf 78' lang='lat' dir='ltr'><strong>cum</strong></span> <span class='ocrx_word' id='word_1_109' title='bbox 1049 1034 1254 1092; x_wconf 85' lang='lat' dir='ltr'><strong>Joanne</strong></span> <span class='ocrx_word' id='word_1_110' title='bbox 1281 1035 1335 1091; x_wconf 89' lang='lat' dir='ltr'><strong>in</strong></span> <span class='ocrx_word' id='word_1_111' title='bbox 1365 1031 1555 1107; x_wconf 86' lang='lat' dir='ltr'><strong>aquam</strong></span> <span class='ocrx_word' id='word_1_112' title='bbox 1586 1033 1832 1105; x_wconf 83' lang='lat' dir='ltr'><strong>dignatus</strong></span> <span class='ocrx_word' id='word_1_113' title='bbox 1856 1040 1938 1087; x_wconf 89' lang='lat' dir='ltr'><strong>est</strong></span> <span class='ocrx_word' id='word_1_114' title='bbox 1978 1031 2092 1102; x_wconf 89' lang='lat' dir='ltr'><strong>ipse</strong></span> 
     </span>
    </p>
   </div>
   <div class='ocr_carea' id='block_1_16' title="bbox 1584 1147 2011 1215">
    <p class='ocr_par' dir='ltr' id='par_1_16' title="bbox 1584 1152 2011 1205">
     <span class='ocr_line' id='line_1_16' title="bbox 1584 1152 2011 1205; baseline -0.007 0"><span class='ocrx_word' id='word_1_115' title='bbox 1584 1152 2011 1205; x_wconf 48' lang='lat' dir='ltr'>ﬂ</span> 
     </span>
    </p>
   </div>
   <div class='ocr_carea' id='block_1_17' title="bbox 1235 1159 1906 1171">
    <p class='ocr_par' dir='ltr' id='par_1_17' title="bbox 1235 1159 1906 1171">
     <span class='ocr_line' id='line_1_17' title="bbox 1235 1159 1906 1171; baseline 0 0"><span class='ocrx_word' id='word_1_116' title='bbox 1235 1159 1906 1171; x_wconf 67' lang='lat' dir='ltr'><strong>mm</strong></span> 
     </span>
    </p>
   </div>
   <div class='ocr_carea' id='block_1_18' title="bbox 1085 1165 1829 1369">
    <p class='ocr_par' dir='ltr' id='par_1_18' title="bbox 1085 1165 1829 1369">
     <span class='ocr_line' id='line_1_18' title="bbox 1085 1165 1829 1369; baseline -0.009 -1"><span class='ocrx_word' id='word_1_117' title='bbox 1085 1249 1228 1369; x_wconf 77' lang='grc' dir='ltr'><strong>ε.</strong></span> <span class='ocrx_word' id='word_1_118' title='bbox 1324 1250 1829 1365; x_wconf 66' lang='lat' dir='ltr'><strong>non}:</strong></span> 
     </span>
    </p>
   </div>
   <div class='ocr_carea' id='block_1_19' title="bbox 499 1147 1085 1215">
    <p class='ocr_par' dir='ltr' id='par_1_19' title="bbox 500 1195 1085 1209">
     <span class='ocr_line' id='line_1_19' title="bbox 500 1195 1085 1209; baseline 0 -2"><span class='ocrx_word' id='word_1_119' title='bbox 500 1195 1085 1209; x_wconf 75' lang='lat'><strong>_——_————</strong></span> 
     </span>
    </p>
   </div>
   <div class='ocr_carea' id='block_1_20' title="bbox 2087 1158 2252 1165">
    <p class='ocr_par' dir='ltr' id='par_1_20' title="bbox 2087 1158 2252 1165">
     <span class='ocr_line' id='line_1_20' title="bbox 2087 1158 2252 1165; baseline 0 0"><span class='ocrx_word' id='word_1_120' title='bbox 2087 1158 2125 1165; x_wconf 60' lang='grc' dir='ltr'><strong>νε</strong></span> <span class='ocrx_word' id='word_1_121' title='bbox 2128 1158 2252 1165; x_wconf 64' lang='lat' dir='ltr'><strong>:j:</strong></span> 
     </span>
    </p>
   </div>
   <div class='ocr_carea' id='block_1_21' title="bbox 2011 1185 2220 1198">
    <p class='ocr_par' dir='ltr' id='par_1_21' title="bbox 2011 1185 2220 1198">
     <span class='ocr_line' id='line_1_21' title="bbox 2011 1185 2220 1198; baseline 0 0"><span class='ocrx_word' id='word_1_122' title='bbox 2011 1185 2220 1198; x_wconf 57' lang='grc' dir='ltr'>Ἠ</span> 
     </span>
    </p>
   </div>
   <div class='ocr_carea' id='block_1_22' title="bbox 2197 752 3788 815">
    <p class='ocr_par' dir='ltr' id='par_1_22' title="bbox 2197 752 3788 815">
     <span class='ocr_line' id='line_1_22' title="bbox 2197 752 3788 815; baseline 0.002 -9"><span class='ocrx_word' id='word_1_123' title='bbox 2197 754 2391 806; x_wconf 88' lang='lat' dir='ltr'><strong>tionem</strong></span> <span class='ocrx_word' id='word_1_124' title='bbox 2408 752 2630 805; x_wconf 88' lang='lat' dir='ltr'><strong>Domino</strong></span> <span class='ocrx_word' id='word_1_125' title='bbox 2652 752 2782 815; x_wconf 85' lang='lat' dir='ltr'><strong>regi,</strong></span> <span class='ocrx_word' id='word_1_126' title='bbox 2805 753 2927 807; x_wconf 90' lang='lat' dir='ltr'><strong>boni</strong></span> <span class='ocrx_word' id='word_1_127' title='bbox 2956 754 3119 815; x_wconf 86' lang='lat' dir='ltr'><strong>servi,</strong></span> <span class='ocrx_word' id='word_1_128' title='bbox 3145 754 3265 808; x_wconf 88' lang='lat' dir='ltr'><strong>data</strong></span> <span class='ocrx_word' id='word_1_129' title='bbox 3287 763 3371 809; x_wconf 86' lang='lat' dir='ltr'><strong>est</strong></span> <span class='ocrx_word' id='word_1_130' title='bbox 3398 755 3549 810; x_wconf 82' lang='lat' dir='ltr'><strong>vobis</strong></span> <span class='ocrx_word' id='word_1_131' title='bbox 3572 757 3788 815; x_wconf 79' lang='lat' dir='ltr'><strong>occasio</strong></span> 
     </span>
    </p>
   </div>
   <div class='ocr_carea' id='block_1_23' title="bbox 2196 768 3788 897">
    <p class='ocr_par' dir='ltr' id='par_1_23' title="bbox 2196 768 3788 897">
     <span class='ocr_line' id='line_1_23' title="bbox 2197 768 3788 876; baseline 0.006 -70"><span class='ocrx_word' id='word_1_132' title='bbox 2197 768 2391 806; x_wconf 91' lang='lat' dir='ltr'><strong>nonem</strong></span> <span class='ocrx_word' id='word_1_133' title='bbox 2408 768 2630 805; x_wconf 84' lang='lat' dir='ltr'><strong>uonnno</strong></span> <span class='ocrx_word' id='word_1_134' title='bbox 2652 768 2782 876; x_wconf 55' lang='lat' dir='ltr'><strong>rein,</strong></span> <span class='ocrx_word' id='word_1_135' title='bbox 2806 768 2927 807; x_wconf 82' lang='lat' dir='ltr'><strong>noni</strong></span> <span class='ocrx_word' id='word_1_136' title='bbox 2956 768 3119 815; x_wconf 78' lang='lat' dir='ltr'><strong>servi,</strong></span> <span class='ocrx_word' id='word_1_137' title='bbox 3145 768 3265 808; x_wconf 83' lang='lat' dir='ltr'><strong>uata</strong></span> <span class='ocrx_word' id='word_1_138' title='bbox 3287 768 3371 809; x_wconf 85' lang='lat' dir='ltr'><strong>est</strong></span> <span class='ocrx_word' id='word_1_139' title='bbox 3398 768 3549 810; x_wconf 77' lang='lat' dir='ltr'><strong>vobis</strong></span> <span class='ocrx_word' id='word_1_140' title='bbox 3572 768 3788 815; x_wconf 82' lang='lat' dir='ltr'><strong>occasio</strong></span> 
     </span>
     <span class='ocr_line' id='line_1_24' title="bbox 2196 822 3788 897; baseline 0.003 -20"><span class='ocrx_word' id='word_1_141' title='bbox 2196 824 2333 897; x_wconf 77' lang='lat' dir='ltr'><strong>bene</strong></span> <span class='ocrx_word' id='word_1_142' title='bbox 2370 823 2673 897; x_wconf 59' lang='lat' dir='ltr'><strong>operandi.</strong></span> <span class='ocrx_word' id='word_1_143' title='bbox 2754 822 2987 897; x_wconf 82' lang='lat' dir='ltr'><strong>bundant</strong></span> <span class='ocrx_word' id='word_1_144' title='bbox 3018 824 3310 894; x_wconf 79' lang='lat' dir='ltr'><strong>peregrini,</strong></span> <span class='ocrx_word' id='word_1_145' title='bbox 3341 822 3557 897; x_wconf 80' lang='lat' dir='ltr'><strong>captivi,</strong></span> <span class='ocrx_word' id='word_1_146' title='bbox 3589 840 3788 897; x_wconf 77' lang='lat' dir='ltr'><strong>exspo-</strong></span> 
     </span>
    </p>
   </div>
   <div class='ocr_carea' id='block_1_24' title="bbox 2198 891 3787 966">
    <p class='ocr_par' dir='ltr' id='par_1_24' title="bbox 2198 891 3787 966">
     <span class='ocr_line' id='line_1_25' title="bbox 2198 891 3787 966; baseline 0.003 -19"><span class='ocrx_word' id='word_1_147' title='bbox 2198 893 2329 947; x_wconf 90' lang='lat' dir='ltr'><strong>liati.</strong></span> <span class='ocrx_word' id='word_1_148' title='bbox 2358 891 2543 966; x_wconf 86' lang='lat' dir='ltr'><strong>acitc</strong></span> <span class='ocrx_word' id='word_1_149' title='bbox 2564 893 2701 947; x_wconf 84' lang='lat' dir='ltr'><strong>vobis</strong></span> <span class='ocrx_word' id='word_1_150' title='bbox 2729 894 2921 966; x_wconf 78' lang='lat' dir='ltr'><strong>anticus</strong></span> <span class='ocrx_word' id='word_1_151' title='bbox 2946 891 3326 950; x_wconf 16' lang='lat' dir='ltr'><strong>exintammona</strong></span> <span class='ocrx_word' id='word_1_152' title='bbox 3366 891 3648 966; x_wconf 74' lang='lat' dir='ltr'><strong>iniquitatis</strong></span> <span class='ocrx_word' id='word_1_153' title='bbox 3672 891 3703 964; x_wconf 79' lang='grc'><em>,’</em></span> <span class='ocrx_word' id='word_1_154' title='bbox 3730 905 3787 951; x_wconf 75' lang='lat' dir='ltr'><strong>ut</strong></span> 
     </span>
    </p>
   </div>
   <div class='ocr_carea' id='block_1_25' title="bbox 2197 964 3788 1040">
    <p class='ocr_par' dir='ltr' id='par_1_25' title="bbox 2197 964 3788 1040">
     <span class='ocr_line' id='line_1_26' title="bbox 2197 964 3788 1040; baseline 0.004 -22"><span class='ocrx_word' id='word_1_155' title='bbox 2197 972 2242 1018; x_wconf 92' lang='lat' dir='ltr'><strong>et</strong></span> <span class='ocrx_word' id='word_1_156' title='bbox 2268 964 2367 1036; x_wconf 83' lang='lat' dir='ltr'><strong>ipsi</strong></span> <span class='ocrx_word' id='word_1_157' title='bbox 2392 965 2635 1037; x_wconf 82' lang='lat' dir='ltr'><strong>recipiant</strong></span> <span class='ocrx_word' id='word_1_158' title='bbox 2661 978 2746 1019; x_wconf 83' lang='lat' dir='ltr'><strong>vos</strong></span> <span class='ocrx_word' id='word_1_159' title='bbox 2772 965 2825 1019; x_wconf 83' lang='lat' dir='ltr'><strong>in</strong></span> <span class='ocrx_word' id='word_1_160' title='bbox 2852 965 3176 1020; x_wconf 83' lang='lat' dir='ltr'><strong>tabernacula</strong></span> <span class='ocrx_word' id='word_1_161' title='bbox 3201 964 3554 1040; x_wconf 75' lang='lat' dir='ltr'><strong>wterna(Luc.</strong></span> <span class='ocrx_word' id='word_1_162' title='bbox 3574 981 3683 1033; x_wconf 72' lang='lat' dir='ltr'><strong>3m,</strong></span> <span class='ocrx_word' id='word_1_163' title='bbox 3706 967 3788 1040; x_wconf 81' lang='lat'><strong>9).</strong></span> 
     </span>
    </p>
   </div>
   <div class='ocr_carea' id='block_1_26' title="bbox 2220 1147 2563 1210">
    <p class='ocr_par' dir='ltr' id='par_1_26' title="bbox 2220 1151 2563 1200">
     <span class='ocr_line' id='line_1_27' title="bbox 2220 1151 2563 1200; baseline -0.003 0"><span class='ocrx_word' id='word_1_164' title='bbox 2220 1151 2563 1200; x_wconf 51' lang='lat' dir='ltr'>ﬂ</span> 
     </span>
    </p>
   </div>
   <div class='ocr_carea' id='block_1_27' title="bbox 2252 1147 3781 1177">
    <p class='ocr_par' dir='ltr' id='par_1_27' title="bbox 2252 1151 3777 1177">
     <span class='ocr_line' id='line_1_28' title="bbox 2252 1151 3777 1177; baseline 0 0"><span class='ocrx_word' id='word_1_165' title='bbox 2252 1151 3777 1177; x_wconf 53' lang='grc' dir='ltr'>ω</span> 
     </span>
    </p>
   </div>
   <div class='ocr_carea' id='block_1_28' title="bbox 3179 1201 3781 1215">
    <p class='ocr_par' dir='ltr' id='par_1_28' title="bbox 3179 1201 3776 1211">
     <span class='ocr_line' id='line_1_29' title="bbox 3179 1201 3776 1211; baseline 0 -3"><span class='ocrx_word' id='word_1_166' title='bbox 3179 1201 3776 1211; x_wconf 56' lang='grc' dir='ltr'><strong>-ς--σ--ν-μ-ᾐ</strong></span> 
     </span>
    </p>
   </div>
   <div class='ocr_carea' id='block_1_29' title="bbox 2259 1155 2490 1166">
    <p class='ocr_par' dir='ltr' id='par_1_29' title="bbox 2259 1155 2490 1162">
     <span class='ocr_line' id='line_1_30' title="bbox 2259 1155 2490 1162; baseline 0 -2"><span class='ocrx_word' id='word_1_167' title='bbox 2259 1155 2490 1162; x_wconf 51' lang='lat'><strong>&#39;—————‘</strong></span> 
     </span>
    </p>
   </div>
   <div class='ocr_carea' id='block_1_30' title="bbox 2314 1186 3179 1360">
    <p class='ocr_par' dir='ltr' id='par_1_30' title="bbox 2314 1186 3179 1360">
     <span class='ocr_line' id='line_1_31' title="bbox 2314 1186 3179 1360; baseline 0.002 -3"><span class='ocrx_word' id='word_1_168' title='bbox 2314 1186 3179 1360; x_wconf 51' lang='lat' dir='ltr'><strong>eam</strong></span> 
     </span>
    </p>
   </div>
   <div class='ocr_carea' id='block_1_31' title="bbox 1681 1432 2591 1501">
    <p class='ocr_par' dir='ltr' id='par_1_31' title="bbox 1681 1432 2591 1501">
     <span class='ocr_line' id='line_1_32' title="bbox 1681 1432 2591 1501; baseline -0.005 0"><span class='ocrx_word' id='word_1_169' title='bbox 1681 1433 2197 1501; x_wconf 85' lang='lat' dir='ltr'><strong>HIPPONENSIS</strong></span> <span class='ocrx_word' id='word_1_170' title='bbox 2236 1432 2591 1499; x_wconf 87' lang='lat' dir='ltr'><strong>EPISCOPI</strong></span> 
     </span>
    </p>
   </div>
   <div class='ocr_carea' id='block_1_32' title="bbox 552 1448 3735 1828">
    <p class='ocr_par' dir='ltr' id='par_1_32' title="bbox 552 1448 3735 1828">
     <span class='ocr_line' id='line_1_33' title="bbox 552 1448 3735 1828; baseline -0.002 -77"><span class='ocrx_word' id='word_1_171' title='bbox 552 1448 900 1751; x_wconf 78' lang='lat' dir='ltr'><strong>DE</strong></span> <span class='ocrx_word' id='word_1_172' title='bbox 1035 1448 2591 1751; x_wconf 50' lang='grc' dir='ltr'><strong>υΤιιλῗῗῗΪῗίἕ</strong></span> <span class='ocrx_word' id='word_1_173' title='bbox 2662 1576 3735 1745; x_wconf 82' lang='lat' dir='ltr'><strong>JEJUNII</strong></span> 
     </span>
    </p>
   </div>
   <div class='ocr_carea' id='block_1_33' title="bbox 1886 1824 2427 1923">
    <p class='ocr_par' dir='ltr' id='par_1_33' title="bbox 1886 1824 2427 1923">
     <span class='ocr_line' id='line_1_34' title="bbox 1886 1824 2427 1923; baseline -0.018 0"><span class='ocrx_word' id='word_1_174' title='bbox 1886 1837 2288 1923; x_wconf 82' lang='lat' dir='ltr'><strong>SERMO</strong></span> <span class='ocrx_word' id='word_1_175' title='bbox 2315 1824 2427 1913; x_wconf 74' lang='grc' dir='ltr'><strong>(α).</strong></span> 
     </span>
    </p>
   </div>
   <div class='ocr_carea' id='block_1_34' title="bbox 1060 1972 2076 2029">
    <p class='ocr_par' dir='ltr' id='par_1_34' title="bbox 1060 1972 2076 2029">
     <span class='ocr_line' id='line_1_35' title="bbox 1060 1972 2076 2029; baseline 0.004 -4"><span class='ocrx_word' id='word_1_176' title='bbox 1060 2018 1063 2025; x_wconf 95' lang='grc'>.</span> <span class='ocrx_word' id='word_1_177' title='bbox 1973 1972 2076 2029; x_wconf 58' lang='lat'><strong>=8!-</strong></span> 
     </span>
    </p>
   </div>
   <div class='ocr_carea' id='block_1_35' title="bbox 2181 1972 3619 2029">
    <p class='ocr_par' dir='ltr' id='par_1_35' title="bbox 2181 1973 3619 2027">
     <span class='ocr_line' id='line_1_36' title="bbox 2181 1973 3619 2027; baseline -0.001 0"><span class='ocrx_word' id='word_1_178' title='bbox 2181 1973 2342 2027; x_wconf 61' lang='grc' dir='ltr'><strong>Μϐε</strong></span> <span class='ocrx_word' id='word_1_179' title='bbox 3609 2016 3619 2025; x_wconf 89' lang='grc'><strong><em>.</em></strong></span> 
     </span>
    </p>
   </div>
   <div class='ocr_carea' id='block_1_36' title="bbox 565 2075 3789 2158">
    <p class='ocr_par' dir='ltr' id='par_1_36' title="bbox 565 2075 3789 2158">
     <span class='ocr_line' id='line_1_37' title="bbox 565 2075 3789 2158; baseline -0.002 -14"><span class='ocrx_word' id='word_1_180' title='bbox 565 2084 793 2145; x_wconf 79' lang='lat' dir='ltr'><strong>CAPUT</strong></span> <span class='ocrx_word' id='word_1_181' title='bbox 818 2082 1106 2143; x_wconf 80' lang='lat' dir='ltr'><strong>PRIMUM.</strong></span> <span class='ocrx_word' id='word_1_182' title='bbox 1133 2115 1202 2127; x_wconf 93' lang='lat'><strong>—</strong></span> <span class='ocrx_word' id='word_1_183' title='bbox 1230 2082 1282 2142; x_wconf 81' lang='grc'><strong>1.</strong></span> <span class='ocrx_word' id='word_1_184' title='bbox 1313 2081 1579 2158; x_wconf 83' lang='lat' dir='ltr'><strong>Jejunium</strong></span> <span class='ocrx_word' id='word_1_185' title='bbox 1604 2080 1711 2137; x_wconf 88' lang='lat' dir='ltr'><strong>Deo</strong></span> <span class='ocrx_word' id='word_1_186' title='bbox 1740 2076 1970 2136; x_wconf 66' lang='lat' dir='ltr'><strong>exhibere</strong></span> <span class='ocrx_word' id='word_1_187' title='bbox 1995 2076 2090 2133; x_wconf 83' lang='grc' dir='ltr'><strong>Ιιο-</strong></span> <span class='ocrx_word' id='word_1_188' title='bbox 2204 2076 2293 2132; x_wconf 84' lang='lat' dir='ltr'><strong>sed</strong></span> <span class='ocrx_word' id='word_1_189' title='bbox 2317 2077 2481 2148; x_wconf 85' lang='lat' dir='ltr'><strong>gratia</strong></span> <span class='ocrx_word' id='word_1_190' title='bbox 2511 2075 2604 2133; x_wconf 89' lang='lat' dir='ltr'><strong>Dei</strong></span> <span class='ocrx_word' id='word_1_191' title='bbox 2627 2093 2736 2134; x_wconf 81' lang='lat' dir='ltr'><strong>sum</strong></span> <span class='ocrx_word' id='word_1_192' title='bbox 2758 2079 2814 2133; x_wconf 78' lang='lat' dir='ltr'><strong>id</strong></span> <span class='ocrx_word' id='word_1_193' title='bbox 2848 2079 2985 2150; x_wconf 83' lang='lat' dir='ltr'><strong>quod</strong></span> <span class='ocrx_word' id='word_1_194' title='bbox 3011 2090 3161 2147; x_wconf 79' lang='lat' dir='ltr'><strong>sum;</strong></span> <span class='ocrx_word' id='word_1_195' title='bbox 3188 2090 3235 2137; x_wconf 75' lang='lat' dir='ltr'><strong>et</strong></span> <span class='ocrx_word' id='word_1_196' title='bbox 3270 2085 3437 2154; x_wconf 70' lang='lat' dir='ltr'><strong>gratia</strong></span> <span class='ocrx_word' id='word_1_197' title='bbox 3470 2086 3584 2156; x_wconf 66' lang='lat' dir='ltr'><strong>ejus</strong></span> <span class='ocrx_word' id='word_1_198' title='bbox 3623 2086 3680 2142; x_wconf 65' lang='lat' dir='ltr'><strong>in</strong></span> <span class='ocrx_word' id='word_1_199' title='bbox 3703 2100 3789 2145; x_wconf 66' lang='grc' dir='ltr'><strong>αα</strong></span> 
     </span>
    </p>
   </div>
   <div class='ocr_carea' id='block_1_37' title="bbox 494 2171 2092 2250">
    <p class='ocr_par' dir='ltr' id='par_1_37' title="bbox 494 2171 2092 2250">
     <span class='ocr_line' id='line_1_38' title="bbox 494 2171 2092 2250; baseline -0.005 -16"><span class='ocrx_word' id='word_1_200' title='bbox 494 2179 690 2234; x_wconf 59' lang='lat' dir='ltr'><strong>enim</strong></span> <span class='ocrx_word' id='word_1_201' title='bbox 712 2187 807 2247; x_wconf 79' lang='lat' dir='ltr'><strong>est,</strong></span> <span class='ocrx_word' id='word_1_202' title='bbox 840 2195 943 2236; x_wconf 83' lang='lat' dir='ltr'><strong>non</strong></span> <span class='ocrx_word' id='word_1_203' title='bbox 970 2179 1298 2250; x_wconf 78' lang='lat' dir='ltr'><strong>Angelorum.</strong></span> <span class='ocrx_word' id='word_1_204' title='bbox 1328 2178 1404 2232; x_wconf 89' lang='lat' dir='ltr'><strong>De</strong></span> <span class='ocrx_word' id='word_1_205' title='bbox 1435 2176 1663 2232; x_wconf 86' lang='lat' dir='ltr'><strong>utilitate</strong></span> <span class='ocrx_word' id='word_1_206' title='bbox 1686 2172 1877 2245; x_wconf 85' lang='lat' dir='ltr'><strong>jejunii</strong></span> <span class='ocrx_word' id='word_1_207' title='bbox 1903 2171 2092 2227; x_wconf 80' lang='lat' dir='ltr'><strong>admo-</strong></span> 
     </span>
    </p>
   </div>
   <div class='ocr_carea' id='block_1_38' title="bbox 493 2270 2093 2344">
    <p class='ocr_par' dir='ltr' id='par_1_38' title="bbox 493 2270 2093 2344">
     <span class='ocr_line' id='line_1_39' title="bbox 493 2270 2093 2344; baseline -0.004 -18"><span class='ocrx_word' id='word_1_208' title='bbox 493 2284 686 2329; x_wconf 89' lang='lat' dir='ltr'><strong>nemur</strong></span> <span class='ocrx_word' id='word_1_209' title='bbox 707 2270 905 2343; x_wconf 87' lang='lat' dir='ltr'><strong>aliquid</strong></span> <span class='ocrx_word' id='word_1_210' title='bbox 933 2272 1110 2344; x_wconf 86' lang='lat' dir='ltr'><strong>loqui;</strong></span> <span class='ocrx_word' id='word_1_211' title='bbox 1137 2280 1191 2328; x_wconf 93' lang='lat' dir='ltr'><strong>et</strong></span> <span class='ocrx_word' id='word_1_212' title='bbox 1210 2272 1350 2328; x_wconf 90' lang='lat' dir='ltr'><strong>Deus</strong></span> <span class='ocrx_word' id='word_1_213' title='bbox 1376 2271 1648 2335; x_wconf 85' lang='lat' dir='ltr'><strong>admonet,</strong></span> <span class='ocrx_word' id='word_1_214' title='bbox 1676 2278 1731 2324; x_wconf 89' lang='lat' dir='ltr'><strong>et</strong></span> <span class='ocrx_word' id='word_1_215' title='bbox 1761 2277 1969 2338; x_wconf 88' lang='lat' dir='ltr'><strong>tempus</strong></span> <span class='ocrx_word' id='word_1_216' title='bbox 1991 2280 2093 2320; x_wconf 88' lang='lat' dir='ltr'><strong>nos</strong></span> 
     </span>
    </p>
   </div>
   <div class='ocr_carea' id='block_1_39' title="bbox 492 2355 2085 2423">
    <p class='ocr_par' dir='ltr' id='par_1_39' title="bbox 492 2355 2085 2423">
     <span class='ocr_line' id='line_1_40' title="bbox 492 2355 2085 2423; baseline -0.003 -8"><span class='ocrx_word' id='word_1_217' title='bbox 492 2358 764 2417; x_wconf 85' lang='lat' dir='ltr'><strong>admonet.</strong></span> <span class='ocrx_word' id='word_1_218' title='bbox 807 2360 935 2419; x_wconf 64' lang='lat' dir='ltr'><strong>Haec</strong></span> <span class='ocrx_word' id='word_1_219' title='bbox 977 2361 1121 2417; x_wconf 89' lang='lat' dir='ltr'><strong>enim</strong></span> <span class='ocrx_word' id='word_1_220' title='bbox 1166 2360 1490 2423; x_wconf 87' lang='lat' dir='ltr'><strong>observatio,</strong></span> <span class='ocrx_word' id='word_1_221' title='bbox 1534 2360 1649 2415; x_wconf 72' lang='lat' dir='ltr'><strong>lucc</strong></span> <span class='ocrx_word' id='word_1_222' title='bbox 1677 2360 1848 2414; x_wconf 87' lang='lat' dir='ltr'><strong>virtus</strong></span> <span class='ocrx_word' id='word_1_223' title='bbox 1874 2355 2035 2411; x_wconf 88' lang='lat' dir='ltr'><strong>animi</strong></span> <span class='ocrx_word' id='word_1_224' title='bbox 2069 2397 2085 2423; x_wconf 95' lang='lat'><strong>,</strong></span> 
     </span>
    </p>
   </div>
   <div class='ocr_carea' id='block_1_40' title="bbox 493 2450 2086 2521">
    <p class='ocr_par' dir='ltr' id='par_1_40' title="bbox 493 2450 2086 2521">
     <span class='ocr_line' id='line_1_41' title="bbox 493 2450 2086 2521; baseline -0.003 -13"><span class='ocrx_word' id='word_1_225' title='bbox 493 2452 610 2510; x_wconf 69' lang='lat' dir='ltr'><strong>huic</strong></span> <span class='ocrx_word' id='word_1_226' title='bbox 635 2454 898 2510; x_wconf 85' lang='lat' dir='ltr'><strong>i&#39;raudatio</strong></span> <span class='ocrx_word' id='word_1_227' title='bbox 918 2455 1097 2511; x_wconf 88' lang='lat' dir='ltr'><strong>carnis</strong></span> <span class='ocrx_word' id='word_1_228' title='bbox 1120 2462 1177 2510; x_wconf 88' lang='lat' dir='ltr'><strong>et</strong></span> <span class='ocrx_word' id='word_1_229' title='bbox 1200 2454 1408 2511; x_wconf 89' lang='lat' dir='ltr'><strong>lucrum</strong></span> <span class='ocrx_word' id='word_1_230' title='bbox 1433 2453 1628 2509; x_wconf 90' lang='lat' dir='ltr'><strong>mentis</strong></span> <span class='ocrx_word' id='word_1_231' title='bbox 1648 2451 1714 2507; x_wconf 88' lang='lat' dir='ltr'><strong>ab</strong></span> <span class='ocrx_word' id='word_1_232' title='bbox 1743 2450 1959 2521; x_wconf 85' lang='lat' dir='ltr'><strong>Angelis</strong></span> <span class='ocrx_word' id='word_1_233' title='bbox 1981 2464 2086 2505; x_wconf 91' lang='lat' dir='ltr'><strong>non</strong></span> 
     </span>
    </p>
   </div>
   <div class='ocr_carea' id='block_1_41' title="bbox 493 2544 2086 2617">
    <p class='ocr_par' dir='ltr' id='par_1_41' title="bbox 493 2544 2086 2617">
     <span class='ocr_line' id='line_1_42' title="bbox 493 2544 2086 2617; baseline -0.003 -17"><span class='ocrx_word' id='word_1_234' title='bbox 493 2544 779 2604; x_wconf 72' lang='lat' dir='ltr'><strong>exhibetur</strong></span> <span class='ocrx_word' id='word_1_235' title='bbox 796 2546 926 2605; x_wconf 89' lang='lat' dir='ltr'><strong>Deo.</strong></span> <span class='ocrx_word' id='word_1_236' title='bbox 948 2545 1025 2603; x_wconf 82' lang='lat' dir='ltr'><strong>lbi</strong></span> <span class='ocrx_word' id='word_1_237' title='bbox 1047 2548 1186 2602; x_wconf 89' lang='lat' dir='ltr'><strong>cnim</strong></span> <span class='ocrx_word' id='word_1_238' title='bbox 1209 2547 1384 2603; x_wconf 90' lang='lat' dir='ltr'><strong>omnis</strong></span> <span class='ocrx_word' id='word_1_239' title='bbox 1406 2554 1487 2601; x_wconf 85' lang='lat' dir='ltr'><strong>est</strong></span> <span class='ocrx_word' id='word_1_240' title='bbox 1510 2547 1661 2617; x_wconf 86' lang='lat' dir='ltr'><strong>copia</strong></span> <span class='ocrx_word' id='word_1_241' title='bbox 1676 2553 1730 2600; x_wconf 87' lang='lat' dir='ltr'><strong>et</strong></span> <span class='ocrx_word' id='word_1_242' title='bbox 1759 2547 2086 2615; x_wconf 83' lang='lat' dir='ltr'><strong>sempiterna</strong></span> 
     </span>
    </p>
   </div>
   <div class='ocr_carea' id='block_1_42' title="bbox 493 2636 2084 2707">
    <p class='ocr_par' dir='ltr' id='par_1_42' title="bbox 493 2636 2084 2707">
     <span class='ocr_line' id='line_1_43' title="bbox 493 2636 2084 2707; baseline -0.003 -15"><span class='ocrx_word' id='word_1_243' title='bbox 493 2639 756 2697; x_wconf 80' lang='lat' dir='ltr'><strong>securitas</strong></span> <span class='ocrx_word' id='word_1_244' title='bbox 786 2656 798 2692; x_wconf 77' lang='grc' dir='ltr'>ε</span> <span class='ocrx_word' id='word_1_245' title='bbox 828 2648 884 2696; x_wconf 89' lang='lat' dir='ltr'><strong>et</strong></span> <span class='ocrx_word' id='word_1_246' title='bbox 925 2639 1048 2696; x_wconf 90' lang='lat' dir='ltr'><strong>ideo</strong></span> <span class='ocrx_word' id='word_1_247' title='bbox 1094 2638 1271 2695; x_wconf 86' lang='lat' dir='ltr'><strong>nullus</strong></span> <span class='ocrx_word' id='word_1_248' title='bbox 1319 2637 1596 2705; x_wconf 80' lang='lat' dir='ltr'><strong>defectus,</strong></span> <span class='ocrx_word' id='word_1_249' title='bbox 1647 2636 1770 2707; x_wconf 91' lang='lat' dir='ltr'><strong>quia</strong></span> <span class='ocrx_word' id='word_1_250' title='bbox 1816 2637 1871 2690; x_wconf 90' lang='lat' dir='ltr'><strong>in</strong></span> <span class='ocrx_word' id='word_1_251' title='bbox 1918 2636 2084 2689; x_wconf 91' lang='lat' dir='ltr'><strong>Deum</strong></span> 
     </span>
    </p>
   </div>
   <div class='ocr_carea' id='block_1_43' title="bbox 492 2729 2080 2801">
    <p class='ocr_par' dir='ltr' id='par_1_43' title="bbox 492 2729 2080 2801">
     <span class='ocr_line' id='line_1_44' title="bbox 492 2729 2080 2801; baseline -0.003 -16"><span class='ocrx_word' id='word_1_252' title='bbox 492 2730 683 2801; x_wconf 84' lang='lat' dir='ltr'><strong>plenus</strong></span> <span class='ocrx_word' id='word_1_253' title='bbox 707 2729 951 2788; x_wconf 80' lang='lat' dir='ltr'><strong>aﬂ&#39;eetus.</strong></span> <span class='ocrx_word' id='word_1_254' title='bbox 978 2731 1054 2787; x_wconf 90' lang='lat' dir='ltr'><strong>lbi</strong></span> <span class='ocrx_word' id='word_1_255' title='bbox 1087 2731 1238 2801; x_wconf 86' lang='lat' dir='ltr'><strong>panis</strong></span> <span class='ocrx_word' id='word_1_256' title='bbox 1281 2730 1606 2800; x_wconf 79' lang='lat' dir='ltr'><strong>Angelorum</strong></span> <span class='ocrx_word' id='word_1_257' title='bbox 1641 2747 1653 2783; x_wconf 89' lang='lat'><strong>:</strong></span> <span class='ocrx_word' id='word_1_258' title='bbox 1689 2742 1847 2798; x_wconf 90' lang='lat' dir='ltr'><strong>quem</strong></span> <span class='ocrx_word' id='word_1_259' title='bbox 1889 2741 2080 2796; x_wconf 87' lang='lat' dir='ltr'><strong>panem</strong></span> 
     </span>
    </p>
   </div>
   <div class='ocr_carea' id='block_1_44' title="bbox 492 2817 2079 2895">
    <p class='ocr_par' dir='ltr' id='par_1_44' title="bbox 492 2817 2079 2895">
     <span class='ocr_line' id='line_1_45' title="bbox 492 2817 2079 2895; baseline -0.004 -18"><span class='ocrx_word' id='word_1_260' title='bbox 492 2821 822 2895; x_wconf 83' lang='lat' dir='ltr'><strong>Angelorum</strong></span> <span class='ocrx_word' id='word_1_261' title='bbox 854 2831 912 2877; x_wconf 89' lang='lat' dir='ltr'><strong>ut</strong></span> <span class='ocrx_word' id='word_1_262' title='bbox 950 2822 1298 2877; x_wconf 89' lang='lat' dir='ltr'><strong>manducaret</strong></span> <span class='ocrx_word' id='word_1_263' title='bbox 1346 2820 1506 2875; x_wconf 91' lang='lat' dir='ltr'><strong>homo</strong></span> <span class='ocrx_word' id='word_1_264' title='bbox 1530 2860 1544 2883; x_wconf 90' lang='lat'><strong>,</strong></span> <span class='ocrx_word' id='word_1_265' title='bbox 1585 2817 1758 2874; x_wconf 82' lang='lat' dir='ltr'><strong>factus</strong></span> <span class='ocrx_word' id='word_1_266' title='bbox 1783 2825 1867 2873; x_wconf 88' lang='lat' dir='ltr'><strong>est</strong></span> <span class='ocrx_word' id='word_1_267' title='bbox 1899 2817 2079 2873; x_wconf 89' lang='lat' dir='ltr'><strong>homo.</strong></span> 
     </span>
    </p>
   </div>
   <div class='ocr_carea' id='block_1_45' title="bbox 491 2906 2084 2993">
    <p class='ocr_par' dir='ltr' id='par_1_45' title="bbox 491 2906 2084 2993">
     <span class='ocr_line' id='line_1_46' title="bbox 491 2906 2084 2993; baseline -0.003 -26"><span class='ocrx_word' id='word_1_268' title='bbox 491 2910 591 2967; x_wconf 84' lang='lat' dir='ltr'><strong>Hic</strong></span> <span class='ocrx_word' id='word_1_269' title='bbox 618 2927 805 2968; x_wconf 89' lang='lat' dir='ltr'><strong>omnes</strong></span> <span class='ocrx_word' id='word_1_270' title='bbox 845 2912 1038 2993; x_wconf 72' lang='lat' dir='ltr'><strong>anima:</strong></span> <span class='ocrx_word' id='word_1_271' title='bbox 1082 2922 1347 2969; x_wconf 85' lang='lat' dir='ltr'><strong>terrenam</strong></span> <span class='ocrx_word' id='word_1_272' title='bbox 1389 2924 1607 2967; x_wconf 89' lang='lat' dir='ltr'><strong>carnem</strong></span> <span class='ocrx_word' id='word_1_273' title='bbox 1658 2917 1969 2981; x_wconf 88' lang='lat' dir='ltr'><strong>portantes,</strong></span> <span class='ocrx_word' id='word_1_274' title='bbox 2014 2906 2084 2962; x_wconf 89' lang='lat' dir='ltr'><strong>de</strong></span> 
     </span>
    </p>
   </div>
   <div class='ocr_carea' id='block_1_46' title="bbox 491 2997 2083 3075">
    <p class='ocr_par' dir='ltr' id='par_1_46' title="bbox 491 2997 2083 3075">
     <span class='ocr_line' id='line_1_47' title="bbox 491 2997 2083 3075; baseline -0.004 -17"><span class='ocrx_word' id='word_1_275' title='bbox 491 3007 635 3061; x_wconf 84' lang='lat' dir='ltr'><strong>terra</strong></span> <span class='ocrx_word' id='word_1_276' title='bbox 661 3003 884 3075; x_wconf 89' lang='lat' dir='ltr'><strong>implent</strong></span> <span class='ocrx_word' id='word_1_277' title='bbox 907 3012 1122 3060; x_wconf 87' lang='lat' dir='ltr'><strong>ventres</strong></span> <span class='ocrx_word' id='word_1_278' title='bbox 1150 3019 1164 3059; x_wconf 91' lang='lat'><strong>:</strong></span> <span class='ocrx_word' id='word_1_279' title='bbox 1194 3003 1264 3058; x_wconf 89' lang='lat' dir='ltr'><strong>ibi</strong></span> <span class='ocrx_word' id='word_1_280' title='bbox 1291 3001 1509 3072; x_wconf 87' lang='lat' dir='ltr'><strong>spiritus</strong></span> <span class='ocrx_word' id='word_1_281' title='bbox 1535 2999 1823 3056; x_wconf 83' lang='lat' dir='ltr'><strong>rationales</strong></span> <span class='ocrx_word' id='word_1_282' title='bbox 1847 2997 2083 3055; x_wconf 70' lang='lat' dir='ltr'><strong>coalesti~</strong></span> 
     </span>
    </p>
   </div>
   <div class='ocr_carea' id='block_1_47' title="bbox 490 3091 2078 3167">
    <p class='ocr_par' dir='ltr' id='par_1_47' title="bbox 490 3091 2078 3167">
     <span class='ocr_line' id='line_1_48' title="bbox 490 3091 2078 3167; baseline -0.003 -18"><span class='ocrx_word' id='word_1_283' title='bbox 490 3091 592 3149; x_wconf 85' lang='lat' dir='ltr'><strong>bus</strong></span> <span class='ocrx_word' id='word_1_284' title='bbox 628 3095 942 3164; x_wconf 83' lang='lat' dir='ltr'><strong>corporibus</strong></span> <span class='ocrx_word' id='word_1_285' title='bbox 969 3094 1341 3167; x_wconf 79' lang='lat' dir='ltr'><strong>praesidentes,</strong></span> <span class='ocrx_word' id='word_1_286' title='bbox 1372 3092 1441 3149; x_wconf 88' lang='lat' dir='ltr'><strong>de</strong></span> <span class='ocrx_word' id='word_1_287' title='bbox 1468 3092 1579 3148; x_wconf 91' lang='lat' dir='ltr'><strong>Deo</strong></span> <span class='ocrx_word' id='word_1_288' title='bbox 1607 3091 1830 3162; x_wconf 87' lang='lat' dir='ltr'><strong>implent</strong></span> <span class='ocrx_word' id='word_1_289' title='bbox 1850 3102 2078 3148; x_wconf 84' lang='lat' dir='ltr'><strong>mentes.</strong></span> 
     </span>
    </p>
   </div>
   <div class='ocr_carea' id='block_1_48' title="bbox 488 3180 2082 3254">
    <p class='ocr_par' dir='ltr' id='par_1_48' title="bbox 488 3180 2082 3254">
     <span class='ocr_line' id='line_1_49' title="bbox 488 3180 2082 3254; baseline -0.001 -13"><span class='ocrx_word' id='word_1_290' title='bbox 488 3180 558 3245; x_wconf 86' lang='lat' dir='ltr'><strong>Et</strong></span> <span class='ocrx_word' id='word_1_291' title='bbox 586 3184 675 3244; x_wconf 86' lang='lat' dir='ltr'><strong>hic</strong></span> <span class='ocrx_word' id='word_1_292' title='bbox 695 3187 845 3243; x_wconf 89' lang='lat' dir='ltr'><strong>cibus</strong></span> <span class='ocrx_word' id='word_1_293' title='bbox 871 3197 973 3254; x_wconf 86' lang='lat' dir='ltr'><strong>est,</strong></span> <span class='ocrx_word' id='word_1_294' title='bbox 1001 3195 1056 3244; x_wconf 88' lang='lat' dir='ltr'><strong>et</strong></span> <span class='ocrx_word' id='word_1_295' title='bbox 1084 3187 1155 3242; x_wconf 85' lang='lat' dir='ltr'><strong>ibi</strong></span> <span class='ocrx_word' id='word_1_296' title='bbox 1184 3186 1337 3242; x_wconf 90' lang='lat' dir='ltr'><strong>cibus</strong></span> <span class='ocrx_word' id='word_1_297' title='bbox 1374 3202 1389 3240; x_wconf 88' lang='lat'><strong>:</strong></span> <span class='ocrx_word' id='word_1_298' title='bbox 1418 3184 1516 3242; x_wconf 86' lang='lat' dir='ltr'><strong>sed</strong></span> <span class='ocrx_word' id='word_1_299' title='bbox 1542 3184 1693 3241; x_wconf 89' lang='lat' dir='ltr'><strong>cibus</strong></span> <span class='ocrx_word' id='word_1_300' title='bbox 1726 3182 1828 3241; x_wconf 87' lang='lat' dir='ltr'><strong>iste</strong></span> <span class='ocrx_word' id='word_1_301' title='bbox 1844 3198 1966 3240; x_wconf 87' lang='lat' dir='ltr'><strong>cum</strong></span> <span class='ocrx_word' id='word_1_302' title='bbox 1991 3197 2082 3239; x_wconf 72' lang='lat' dir='ltr'><strong>re-</strong></span> 
     </span>
    </p>
   </div>
   <div class='ocr_carea' id='block_1_49' title="bbox 489 3275 2076 3348">
    <p class='ocr_par' dir='ltr' id='par_1_49' title="bbox 489 3275 2076 3348">
     <span class='ocr_line' id='line_1_50' title="bbox 489 3275 2076 3348; baseline -0.001 -17"><span class='ocrx_word' id='word_1_303' title='bbox 489 3276 623 3347; x_wconf 84' lang='lat' dir='ltr'><strong>ﬁcit,</strong></span> <span class='ocrx_word' id='word_1_304' title='bbox 661 3277 861 3346; x_wconf 89' lang='lat' dir='ltr'><strong>delicit,</strong></span> <span class='ocrx_word' id='word_1_305' title='bbox 891 3288 946 3334; x_wconf 92' lang='lat' dir='ltr'><strong>et</strong></span> <span class='ocrx_word' id='word_1_306' title='bbox 973 3279 1053 3334; x_wconf 91' lang='lat' dir='ltr'><strong>sic</strong></span> <span class='ocrx_word' id='word_1_307' title='bbox 1085 3277 1276 3348; x_wconf 90' lang='lat' dir='ltr'><strong>implet</strong></span> <span class='ocrx_word' id='word_1_308' title='bbox 1298 3276 1501 3344; x_wconf 85' lang='lat' dir='ltr'><strong>alvum,</strong></span> <span class='ocrx_word' id='word_1_309' title='bbox 1548 3283 1606 3332; x_wconf 92' lang='lat' dir='ltr'><strong>ut</strong></span> <span class='ocrx_word' id='word_1_310' title='bbox 1636 3275 1749 3347; x_wconf 89' lang='lat' dir='ltr'><strong>ipse</strong></span> <span class='ocrx_word' id='word_1_311' title='bbox 1771 3276 2076 3343; x_wconf 85' lang='lat' dir='ltr'><strong>minuatur;</strong></span> 
     </span>
    </p>
   </div>
   <div class='ocr_carea' id='block_1_50' title="bbox 488 3366 2077 3440">
    <p class='ocr_par' dir='ltr' id='par_1_50' title="bbox 488 3366 2077 3440">
     <span class='ocr_line' id='line_1_51' title="bbox 488 3366 2077 3440; baseline -0.001 -17"><span class='ocrx_word' id='word_1_312' title='bbox 488 3368 581 3423; x_wconf 89' lang='lat' dir='ltr'><strong>ille</strong></span> <span class='ocrx_word' id='word_1_313' title='bbox 595 3376 773 3424; x_wconf 87' lang='lat' dir='ltr'><strong>autem</strong></span> <span class='ocrx_word' id='word_1_314' title='bbox 789 3381 844 3424; x_wconf 87' lang='lat' dir='ltr'><strong>et</strong></span> <span class='ocrx_word' id='word_1_315' title='bbox 863 3369 1068 3439; x_wconf 87' lang='lat' dir='ltr'><strong>implet,</strong></span> <span class='ocrx_word' id='word_1_316' title='bbox 1092 3378 1147 3423; x_wconf 90' lang='lat' dir='ltr'><strong>et</strong></span> <span class='ocrx_word' id='word_1_317' title='bbox 1170 3369 1377 3440; x_wconf 76' lang='lat' dir='ltr'><strong>integer</strong></span> <span class='ocrx_word' id='word_1_318' title='bbox 1402 3376 1696 3438; x_wconf 84' lang='lat' dir='ltr'><strong>permanet.</strong></span> <span class='ocrx_word' id='word_1_319' title='bbox 1720 3366 1872 3424; x_wconf 85' lang='lat' dir='ltr'><strong>Hunc</strong></span> <span class='ocrx_word' id='word_1_320' title='bbox 1891 3367 2077 3423; x_wconf 88' lang='lat' dir='ltr'><strong>cibum</strong></span> 
     </span>
    </p>
   </div>
   <div class='ocr_carea' id='block_1_51' title="bbox 490 3457 2080 3528">
    <p class='ocr_par' dir='ltr' id='par_1_51' title="bbox 490 3457 2080 3528">
     <span class='ocr_line' id='line_1_52' title="bbox 490 3457 2080 3528; baseline -0.002 -15"><span class='ocrx_word' id='word_1_321' title='bbox 490 3458 650 3514; x_wconf 88' lang='lat' dir='ltr'><strong>nobis</strong></span> <span class='ocrx_word' id='word_1_322' title='bbox 678 3458 1026 3515; x_wconf 79' lang='lat' dir='ltr'><strong>esurientium</strong></span> <span class='ocrx_word' id='word_1_323' title='bbox 1063 3459 1312 3515; x_wconf 87' lang='lat' dir='ltr'><strong>Christus</strong></span> <span class='ocrx_word' id='word_1_324' title='bbox 1336 3459 1548 3527; x_wconf 86' lang='lat' dir='ltr'><strong>indixit,</strong></span> <span class='ocrx_word' id='word_1_325' title='bbox 1571 3459 1755 3515; x_wconf 91' lang='lat' dir='ltr'><strong>dicens</strong></span> <span class='ocrx_word' id='word_1_326' title='bbox 1780 3477 1793 3514; x_wconf 74' lang='grc' dir='ltr'><strong>ε</strong></span> <span class='ocrx_word' id='word_1_327' title='bbox 1824 3457 1970 3512; x_wconf 78' lang='lat' dir='ltr'><strong>Beati</strong></span> <span class='ocrx_word' id='word_1_328' title='bbox 1992 3457 2080 3528; x_wconf 81' lang='lat' dir='ltr'><strong>qui</strong></span> 
     </span>
    </p>
   </div>
   <div class='ocr_carea' id='block_1_52' title="bbox 488 3550 2079 3626">
    <p class='ocr_par' dir='ltr' id='par_1_52' title="bbox 488 3550 2079 3626">
     <span class='ocr_line' id='line_1_53' title="bbox 488 3550 2079 3626; baseline -0.005 -15"><span class='ocrx_word' id='word_1_329' title='bbox 488 3552 715 3611; x_wconf 66' lang='lat' dir='ltr'><strong>esuriamt</strong></span> <span class='ocrx_word' id='word_1_330' title='bbox 746 3562 793 3609; x_wconf 85' lang='lat' dir='ltr'><strong>et</strong></span> <span class='ocrx_word' id='word_1_331' title='bbox 821 3552 996 3608; x_wconf 82' lang='lat' dir='ltr'><strong>sitiunt</strong></span> <span class='ocrx_word' id='word_1_332' title='bbox 1014 3553 1287 3624; x_wconf 77' lang='lat' dir='ltr'><strong>justitiam,</strong></span> <span class='ocrx_word' id='word_1_333' title='bbox 1318 3554 1558 3626; x_wconf 78' lang='lat' dir='ltr'><strong>quoniam</strong></span> <span class='ocrx_word' id='word_1_334' title='bbox 1582 3552 1682 3625; x_wconf 84' lang='lat' dir='ltr'><strong>ipsi</strong></span> <span class='ocrx_word' id='word_1_335' title='bbox 1717 3550 2079 3609; x_wconf 81' lang='lat' dir='ltr'><strong>saturabantur</strong></span> 
     </span>
    </p>
   </div>
   <div class='ocr_carea' id='block_1_53' title="bbox 488 3642 2077 3718">
    <p class='ocr_par' dir='ltr' id='par_1_53' title="bbox 488 3642 2077 3718">
     <span class='ocr_line' id='line_1_54' title="bbox 488 3642 2077 3718; baseline 0.001 -21"><span class='ocrx_word' id='word_1_336' title='bbox 488 3642 702 3716; x_wconf 76' lang='lat' dir='ltr'><strong>(Matth.</strong></span> <span class='ocrx_word' id='word_1_337' title='bbox 733 3661 786 3713; x_wconf 80' lang='grc' dir='ltr'><strong>ν,</strong></span> <span class='ocrx_word' id='word_1_338' title='bbox 817 3644 893 3718; x_wconf 83' lang='grc'><strong>6).</strong></span> <span class='ocrx_word' id='word_1_339' title='bbox 924 3646 1162 3704; x_wconf 86' lang='lat' dir='ltr'><strong>Pertinet</strong></span> <span class='ocrx_word' id='word_1_340' title='bbox 1193 3661 1325 3718; x_wconf 88' lang='lat' dir='ltr'><strong>ergo</strong></span> <span class='ocrx_word' id='word_1_341' title='bbox 1356 3646 1423 3703; x_wconf 88' lang='lat' dir='ltr'><strong>ad</strong></span> <span class='ocrx_word' id='word_1_342' title='bbox 1453 3646 1698 3702; x_wconf 85' lang='lat' dir='ltr'><strong>homines</strong></span> <span class='ocrx_word' id='word_1_343' title='bbox 1738 3644 1877 3700; x_wconf 89' lang='lat' dir='ltr'><strong>hanc</strong></span> <span class='ocrx_word' id='word_1_344' title='bbox 1909 3642 2077 3699; x_wconf 87' lang='lat' dir='ltr'><strong>vitam</strong></span> 
     </span>
    </p>
   </div>
   <div class='ocr_carea' id='block_1_54' title="bbox 484 3735 2078 3809">
    <p class='ocr_par' dir='ltr' id='par_1_54' title="bbox 484 3735 2078 3809">
     <span class='ocr_line' id='line_1_55' title="bbox 484 3735 2078 3809; baseline -0.001 -17"><span class='ocrx_word' id='word_1_345' title='bbox 484 3737 765 3794; x_wconf 81' lang='lat' dir='ltr'><strong>mortalem</strong></span> <span class='ocrx_word' id='word_1_346' title='bbox 796 3746 1080 3809; x_wconf 80' lang='lat' dir='ltr'><strong>gerentes,</strong></span> <span class='ocrx_word' id='word_1_347' title='bbox 1132 3739 1336 3795; x_wconf 80' lang='lat' dir='ltr'><strong>esurire</strong></span> <span class='ocrx_word' id='word_1_348' title='bbox 1363 3752 1427 3794; x_wconf 91' lang='lat' dir='ltr'><strong>ac</strong></span> <span class='ocrx_word' id='word_1_349' title='bbox 1455 3736 1603 3793; x_wconf 84' lang='lat' dir='ltr'><strong>sitire</strong></span> <span class='ocrx_word' id='word_1_350' title='bbox 1635 3736 1896 3806; x_wconf 84' lang='lat' dir='ltr'><strong>justitiam</strong></span> <span class='ocrx_word' id='word_1_351' title='bbox 1928 3753 1941 3789; x_wconf 89' lang='lat'>:</span> <span class='ocrx_word' id='word_1_352' title='bbox 1974 3735 2078 3790; x_wconf 72' lang='lat' dir='ltr'><strong>im-</strong></span> 
     </span>
    </p>
   </div>
   <div class='ocr_carea' id='block_1_55' title="bbox 484 3824 2076 3902">
    <p class='ocr_par' dir='ltr' id='par_1_55' title="bbox 484 3824 2076 3902">
     <span class='ocr_line' id='line_1_56' title="bbox 484 3824 2076 3902; baseline -0.005 -13"><span class='ocrx_word' id='word_1_353' title='bbox 484 3828 620 3899; x_wconf 84' lang='lat' dir='ltr'><strong>pleri</strong></span> <span class='ocrx_word' id='word_1_354' title='bbox 648 3837 825 3886; x_wconf 87' lang='lat' dir='ltr'><strong>autem</strong></span> <span class='ocrx_word' id='word_1_355' title='bbox 860 3828 1105 3902; x_wconf 83' lang='lat' dir='ltr'><strong>justitia,</strong></span> <span class='ocrx_word' id='word_1_356' title='bbox 1154 3829 1221 3886; x_wconf 91' lang='lat' dir='ltr'><strong>ad</strong></span> <span class='ocrx_word' id='word_1_357' title='bbox 1268 3830 1425 3885; x_wconf 90' lang='lat' dir='ltr'><strong>aliam</strong></span> <span class='ocrx_word' id='word_1_358' title='bbox 1472 3828 1634 3884; x_wconf 86' lang='lat' dir='ltr'><strong>vitam</strong></span> <span class='ocrx_word' id='word_1_359' title='bbox 1682 3826 1930 3898; x_wconf 85' lang='lat' dir='ltr'><strong>pertinet.</strong></span> <span class='ocrx_word' id='word_1_360' title='bbox 1962 3824 2076 3885; x_wconf 83' lang='lat' dir='ltr'><strong>Hoc</strong></span> 
     </span>
    </p>
   </div>
   <div class='ocr_carea' id='block_1_56' title="bbox 484 3914 2075 3992">
    <p class='ocr_par' dir='ltr' id='par_1_56' title="bbox 484 3914 2075 3992">
     <span class='ocr_line' id='line_1_57' title="bbox 484 3914 2075 3992; baseline -0.003 -15"><span class='ocrx_word' id='word_1_361' title='bbox 484 3936 624 3991; x_wconf 82' lang='lat' dir='ltr'><strong>pane</strong></span> <span class='ocrx_word' id='word_1_362' title='bbox 646 3962 662 3989; x_wconf 90' lang='lat'><strong>,</strong></span> <span class='ocrx_word' id='word_1_363' title='bbox 713 3922 817 3977; x_wconf 91' lang='lat' dir='ltr'><strong>hoc</strong></span> <span class='ocrx_word' id='word_1_364' title='bbox 864 3922 984 3977; x_wconf 90' lang='lat' dir='ltr'><strong>cibo</strong></span> <span class='ocrx_word' id='word_1_365' title='bbox 1026 3921 1170 3992; x_wconf 84' lang='lat' dir='ltr'><strong>pleni</strong></span> <span class='ocrx_word' id='word_1_366' title='bbox 1206 3929 1331 3977; x_wconf 87' lang='lat' dir='ltr'><strong>sunt</strong></span> <span class='ocrx_word' id='word_1_367' title='bbox 1359 3920 1546 3991; x_wconf 84' lang='lat' dir='ltr'><strong>Angeli</strong></span> <span class='ocrx_word' id='word_1_368' title='bbox 1576 3936 1589 3972; x_wconf 88' lang='lat'><strong>:</strong></span> <span class='ocrx_word' id='word_1_369' title='bbox 1623 3914 1868 3974; x_wconf 88' lang='lat' dir='ltr'><strong>homines</strong></span> <span class='ocrx_word' id='word_1_370' title='bbox 1896 3923 2075 3973; x_wconf 88' lang='lat' dir='ltr'><strong>autem</strong></span> 
     </span>
    </p>
   </div>
   <div class='ocr_carea' id='block_1_57' title="bbox 482 4006 2075 4079">
    <p class='ocr_par' dir='ltr' id='par_1_57' title="bbox 482 4006 2075 4079">
     <span class='ocr_line' id='line_1_58' title="bbox 482 4006 2075 4079; baseline -0.001 -13"><span class='ocrx_word' id='word_1_371' title='bbox 482 4010 610 4069; x_wconf 85' lang='lat' dir='ltr'><strong>dum</strong></span> <span class='ocrx_word' id='word_1_372' title='bbox 637 4012 882 4067; x_wconf 79' lang='lat' dir='ltr'><strong>esuriant</strong></span> <span class='ocrx_word' id='word_1_373' title='bbox 906 4012 1199 4067; x_wconf 78' lang='lat' dir='ltr'><strong>extendunt</strong></span> <span class='ocrx_word' id='word_1_374' title='bbox 1226 4028 1285 4068; x_wconf 91' lang='lat' dir='ltr'><strong>se</strong></span> <span class='ocrx_word' id='word_1_375' title='bbox 1303 4012 1479 4077; x_wconf 43' lang='lat' dir='ltr'><strong>etiam</strong></span> <span class='ocrx_word' id='word_1_376' title='bbox 1507 4026 1568 4066; x_wconf 88' lang='lat' dir='ltr'><strong>se</strong></span> <span class='ocrx_word' id='word_1_377' title='bbox 1596 4006 1911 4079; x_wconf 81' lang='lat' dir='ltr'><strong>extendunt,</strong></span> <span class='ocrx_word' id='word_1_378' title='bbox 1937 4009 2075 4066; x_wconf 85' lang='lat' dir='ltr'><strong>dila-</strong></span> 
     </span>
    </p>
   </div>
   <div class='ocr_carea' id='block_1_58' title="bbox 483 4101 2070 4174">
    <p class='ocr_par' dir='ltr' id='par_1_58' title="bbox 483 4101 2070 4174">
     <span class='ocr_line' id='line_1_59' title="bbox 483 4101 2070 4174; baseline -0.001 -17"><span class='ocrx_word' id='word_1_379' title='bbox 483 4112 697 4167; x_wconf 83' lang='lat' dir='ltr'><strong>tantur;</strong></span> <span class='ocrx_word' id='word_1_380' title='bbox 725 4103 850 4158; x_wconf 90' lang='lat' dir='ltr'><strong>dum</strong></span> <span class='ocrx_word' id='word_1_381' title='bbox 878 4103 1187 4168; x_wconf 84' lang='lat' dir='ltr'><strong>dilatantur,</strong></span> <span class='ocrx_word' id='word_1_382' title='bbox 1218 4117 1443 4172; x_wconf 86' lang='lat' dir='ltr'><strong>capaces</strong></span> <span class='ocrx_word' id='word_1_383' title='bbox 1470 4103 1635 4169; x_wconf 89' lang='lat' dir='ltr'><strong>ﬁunt;</strong></span> <span class='ocrx_word' id='word_1_384' title='bbox 1659 4116 1883 4174; x_wconf 84' lang='lat' dir='ltr'><strong>capaces</strong></span> <span class='ocrx_word' id='word_1_385' title='bbox 1908 4101 2029 4157; x_wconf 77' lang='lat' dir='ltr'><strong>facti</strong></span> <span class='ocrx_word' id='word_1_386' title='bbox 2053 4140 2070 4173; x_wconf 87' lang='lat'><strong>,</strong></span> 
     </span>
    </p>
   </div>
   <div class='ocr_carea' id='block_1_59' title="bbox 483 4190 2072 4263">
    <p class='ocr_par' dir='ltr' id='par_1_59' title="bbox 483 4190 2072 4263">
     <span class='ocr_line' id='line_1_60' title="bbox 483 4190 2072 4263; baseline -0.001 -14"><span class='ocrx_word' id='word_1_387' title='bbox 483 4206 584 4249; x_wconf 86' lang='lat' dir='ltr'><strong>suo</strong></span> <span class='ocrx_word' id='word_1_388' title='bbox 615 4203 854 4263; x_wconf 86' lang='lat' dir='ltr'><strong>tempore</strong></span> <span class='ocrx_word' id='word_1_389' title='bbox 884 4191 1252 4262; x_wconf 87' lang='lat' dir='ltr'><strong>replebuntur.</strong></span> <span class='ocrx_word' id='word_1_390' title='bbox 1293 4190 1430 4260; x_wconf 84' lang='lat' dir='ltr'><strong>Quid</strong></span> <span class='ocrx_word' id='word_1_391' title='bbox 1470 4191 1638 4262; x_wconf 82' lang='lat' dir='ltr'><strong>ergo?</strong></span> <span class='ocrx_word' id='word_1_392' title='bbox 1669 4191 1753 4247; x_wconf 91' lang='lat' dir='ltr'><strong>hic</strong></span> <span class='ocrx_word' id='word_1_393' title='bbox 1784 4190 1916 4246; x_wconf 91' lang='lat' dir='ltr'><strong>nihil</strong></span> <span class='ocrx_word' id='word_1_394' title='bbox 1950 4190 2072 4247; x_wconf 87' lang='lat' dir='ltr'><strong>inde</strong></span> 
     </span>
    </p>
   </div>
   <div class='ocr_carea' id='block_1_60' title="bbox 481 4281 2073 4353">
    <p class='ocr_par' dir='ltr' id='par_1_60' title="bbox 481 4281 2073 4353">
     <span class='ocr_line' id='line_1_61' title="bbox 481 4281 2073 4353; baseline -0.001 -15"><span class='ocrx_word' id='word_1_395' title='bbox 481 4283 697 4353; x_wconf 82' lang='lat' dir='ltr'><strong>capiunt</strong></span> <span class='ocrx_word' id='word_1_396' title='bbox 745 4283 835 4352; x_wconf 91' lang='lat' dir='ltr'><strong>qui</strong></span> <span class='ocrx_word' id='word_1_397' title='bbox 883 4281 1125 4337; x_wconf 80' lang='lat' dir='ltr'><strong>esuriant</strong></span> <span class='ocrx_word' id='word_1_398' title='bbox 1178 4290 1235 4339; x_wconf 87' lang='lat' dir='ltr'><strong>et</strong></span> <span class='ocrx_word' id='word_1_399' title='bbox 1271 4282 1458 4337; x_wconf 85' lang='lat' dir='ltr'><strong>sitiunt</strong></span> <span class='ocrx_word' id='word_1_400' title='bbox 1495 4281 1793 4351; x_wconf 79' lang='lat' dir='ltr'><strong>justitiam?</strong></span> <span class='ocrx_word' id='word_1_401' title='bbox 1847 4281 2073 4352; x_wconf 89' lang='lat' dir='ltr'><strong>Capiunt</strong></span> 
     </span>
    </p>
   </div>
   <div class='ocr_carea' id='block_1_61' title="bbox 481 4370 2072 4447">
    <p class='ocr_par' dir='ltr' id='par_1_61' title="bbox 481 4370 2072 4447">
     <span class='ocr_line' id='line_1_62' title="bbox 481 4370 2072 4447; baseline 0 -19"><span class='ocrx_word' id='word_1_402' title='bbox 481 4373 638 4445; x_wconf 90' lang='lat' dir='ltr'><strong>plane</strong></span> <span class='ocrx_word' id='word_1_403' title='bbox 663 4391 675 4428; x_wconf 92' lang='lat'><strong>:</strong></span> <span class='ocrx_word' id='word_1_404' title='bbox 704 4374 799 4430; x_wconf 90' lang='lat' dir='ltr'><strong>sed</strong></span> <span class='ocrx_word' id='word_1_405' title='bbox 827 4371 970 4428; x_wconf 87' lang='lat' dir='ltr'><strong>aliud</strong></span> <span class='ocrx_word' id='word_1_406' title='bbox 991 4380 1090 4440; x_wconf 90' lang='lat' dir='ltr'><strong>est,</strong></span> <span class='ocrx_word' id='word_1_407' title='bbox 1110 4387 1230 4428; x_wconf 92' lang='lat' dir='ltr'><strong>cum</strong></span> <span class='ocrx_word' id='word_1_408' title='bbox 1252 4373 1540 4447; x_wconf 67' lang='lat' dir='ltr'><strong>quaerimus</strong></span> <span class='ocrx_word' id='word_1_409' title='bbox 1559 4372 1627 4427; x_wconf 87' lang='lat' dir='ltr'><strong>de</strong></span> <span class='ocrx_word' id='word_1_410' title='bbox 1649 4370 1941 4427; x_wconf 79' lang='lat' dir='ltr'><strong>refectione</strong></span> <span class='ocrx_word' id='word_1_411' title='bbox 1969 4372 2072 4428; x_wconf 85' lang='lat' dir='ltr'><strong>iter</strong></span> 
     </span>
    </p>
   </div>
   <div class='ocr_carea' id='block_1_62' title="bbox 480 4458 2070 4538">
    <p class='ocr_par' dir='ltr' id='par_1_62' title="bbox 480 4458 2070 4538">
     <span class='ocr_line' id='line_1_63' title="bbox 480 4458 2070 4538; baseline -0.001 -16"><span class='ocrx_word' id='word_1_412' title='bbox 480 4465 783 4538; x_wconf 78' lang='lat' dir='ltr'><strong>agentium;</strong></span> <span class='ocrx_word' id='word_1_413' title='bbox 814 4475 869 4521; x_wconf 93' lang='lat' dir='ltr'><strong>et</strong></span> <span class='ocrx_word' id='word_1_414' title='bbox 894 4463 1057 4530; x_wconf 87' lang='lat' dir='ltr'><strong>aliud,</strong></span> <span class='ocrx_word' id='word_1_415' title='bbox 1111 4480 1231 4521; x_wconf 90' lang='lat' dir='ltr'><strong>cum</strong></span> <span class='ocrx_word' id='word_1_416' title='bbox 1282 4463 1567 4537; x_wconf 66' lang='lat' dir='ltr'><strong>quwrimus</strong></span> <span class='ocrx_word' id='word_1_417' title='bbox 1619 4460 1687 4519; x_wconf 89' lang='lat' dir='ltr'><strong>de</strong></span> <span class='ocrx_word' id='word_1_418' title='bbox 1741 4458 2070 4533; x_wconf 76' lang='lat' dir='ltr'><strong>perfectione</strong></span> 
     </span>
    </p>
   </div>
   <div class='ocr_carea' id='block_1_63' title="bbox 478 4554 2066 4627">
    <p class='ocr_par' dir='ltr' id='par_1_63' title="bbox 478 4554 2066 4627">
     <span class='ocr_line' id='line_1_64' title="bbox 478 4554 2066 4627; baseline -0.004 -12"><span class='ocrx_word' id='word_1_419' title='bbox 478 4556 779 4615; x_wconf 72' lang='lat' dir='ltr'><strong>beatorum.</strong></span> <span class='ocrx_word' id='word_1_420' title='bbox 829 4556 1145 4627; x_wconf 78' lang='lat' dir='ltr'><strong>Apostoium</strong></span> <span class='ocrx_word' id='word_1_421' title='bbox 1173 4554 1299 4611; x_wconf 89' lang='lat' dir='ltr'><strong>audi</strong></span> <span class='ocrx_word' id='word_1_422' title='bbox 1321 4556 1648 4612; x_wconf 82' lang='lat' dir='ltr'><strong>esurientem</strong></span> <span class='ocrx_word' id='word_1_423' title='bbox 1674 4562 1729 4609; x_wconf 91' lang='lat' dir='ltr'><strong>et</strong></span> <span class='ocrx_word' id='word_1_424' title='bbox 1754 4554 2023 4610; x_wconf 89' lang='lat' dir='ltr'><strong>sitientem</strong></span> <span class='ocrx_word' id='word_1_425' title='bbox 2050 4596 2066 4623; x_wconf 94' lang='lat'><strong>,</strong></span> 
     </span>
    </p>
   </div>
   <div class='ocr_carea' id='block_1_64' title="bbox 478 4645 2064 4723">
    <p class='ocr_par' dir='ltr' id='par_1_64' title="bbox 478 4645 2064 4723">
     <span class='ocr_line' id='line_1_65' title="bbox 478 4645 2064 4723; baseline -0.002 -18"><span class='ocrx_word' id='word_1_426' title='bbox 478 4658 534 4705; x_wconf 90' lang='lat' dir='ltr'><strong>et</strong></span> <span class='ocrx_word' id='word_1_427' title='bbox 579 4652 757 4723; x_wconf 89' lang='lat' dir='ltr'><strong>utique</strong></span> <span class='ocrx_word' id='word_1_428' title='bbox 801 4647 1082 4721; x_wconf 84' lang='lat' dir='ltr'><strong>justitiam,</strong></span> <span class='ocrx_word' id='word_1_429' title='bbox 1112 4656 1306 4717; x_wconf 89' lang='lat' dir='ltr'><strong>quanta</strong></span> <span class='ocrx_word' id='word_1_430' title='bbox 1336 4648 1391 4702; x_wconf 92' lang='lat' dir='ltr'><strong>in</strong></span> <span class='ocrx_word' id='word_1_431' title='bbox 1422 4645 1523 4701; x_wconf 86' lang='lat' dir='ltr'><strong>hac</strong></span> <span class='ocrx_word' id='word_1_432' title='bbox 1564 4647 1669 4703; x_wconf 86' lang='lat' dir='ltr'><strong>vita</strong></span> <span class='ocrx_word' id='word_1_433' title='bbox 1713 4648 1829 4716; x_wconf 89' lang='lat' dir='ltr'><strong>capi</strong></span> <span class='ocrx_word' id='word_1_434' title='bbox 1868 4654 2064 4716; x_wconf 81' lang='lat' dir='ltr'><strong>potest,</strong></span> 
     </span>
    </p>
   </div>
   <div class='ocr_carea' id='block_1_65' title="bbox 479 4736 2067 4813">
    <p class='ocr_par' dir='ltr' id='par_1_65' title="bbox 479 4736 2067 4813">
     <span class='ocr_line' id='line_1_66' title="bbox 479 4736 2067 4813; baseline -0.003 -15"><span class='ocrx_word' id='word_1_435' title='bbox 479 4748 675 4813; x_wconf 86' lang='lat' dir='ltr'><strong>quanta</strong></span> <span class='ocrx_word' id='word_1_436' title='bbox 702 4736 816 4813; x_wconf 81' lang='lat' dir='ltr'><strong>geri</strong></span> <span class='ocrx_word' id='word_1_437' title='bbox 841 4739 1063 4811; x_wconf 81' lang='lat' dir='ltr'><strong>iustitia.</strong></span> <span class='ocrx_word' id='word_1_438' title='bbox 1095 4737 1226 4808; x_wconf 87' lang='lat' dir='ltr'><strong>Quis</strong></span> <span class='ocrx_word' id='word_1_439' title='bbox 1268 4739 1411 4795; x_wconf 90' lang='lat' dir='ltr'><strong>enim</strong></span> <span class='ocrx_word' id='word_1_440' title='bbox 1462 4746 1703 4794; x_wconf 90' lang='lat' dir='ltr'><strong>nostrum</strong></span> <span class='ocrx_word' id='word_1_441' title='bbox 1745 4751 1803 4793; x_wconf 89' lang='lat' dir='ltr'><strong>se</strong></span> <span class='ocrx_word' id='word_1_442' title='bbox 1856 4738 1931 4792; x_wconf 90' lang='lat' dir='ltr'><strong>illi</strong></span> <span class='ocrx_word' id='word_1_443' title='bbox 1982 4738 2067 4794; x_wconf 77' lang='lat' dir='ltr'><strong>vel</strong></span> 
     </span>
    </p>
   </div>
   <div class='ocr_carea' id='block_1_66' title="bbox 478 4827 2066 4903">
    <p class='ocr_par' dir='ltr' id='par_1_66' title="bbox 478 4827 2066 4903">
     <span class='ocr_line' id='line_1_67' title="bbox 478 4827 2066 4903; baseline -0.004 -12"><span class='ocrx_word' id='word_1_444' title='bbox 478 4833 724 4891; x_wconf 79' lang='lat' dir='ltr'><strong>conferre</strong></span> <span class='ocrx_word' id='word_1_445' title='bbox 748 4832 963 4900; x_wconf 79' lang='lat' dir='ltr'><strong>audeat,</strong></span> <span class='ocrx_word' id='word_1_446' title='bbox 992 4831 1187 4889; x_wconf 83' lang='lat' dir='ltr'><strong>nedum</strong></span> <span class='ocrx_word' id='word_1_447' title='bbox 1216 4830 1503 4903; x_wconf 62' lang='lat' dir='ltr'><strong>prtcierre?</strong></span> <span class='ocrx_word' id='word_1_448' title='bbox 1529 4830 1635 4886; x_wconf 86' lang='lat' dir='ltr'><strong>Sed</strong></span> <span class='ocrx_word' id='word_1_449' title='bbox 1663 4830 1788 4902; x_wconf 90' lang='lat' dir='ltr'><strong>quid</strong></span> <span class='ocrx_word' id='word_1_450' title='bbox 1816 4827 1910 4898; x_wconf 85' lang='lat' dir='ltr'><strong>ait,</strong></span> <span class='ocrx_word' id='word_1_451' title='bbox 1944 4829 2066 4886; x_wconf 82' lang='lat' dir='ltr'><strong>Non</strong></span> 
     </span>
    </p>
   </div>
   <div class='ocr_carea' id='block_1_67' title="bbox 471 4922 2066 5001">
    <p class='ocr_par' dir='ltr' id='par_1_67' title="bbox 471 4922 2066 5001">
     <span class='ocr_line' id='line_1_68' title="bbox 471 4922 2066 5001; baseline -0.002 -19"><span class='ocrx_word' id='word_1_452' title='bbox 471 4928 597 5001; x_wconf 74' lang='lat' dir='ltr'><strong>quia</strong></span> <span class='ocrx_word' id='word_1_453' title='bbox 610 4928 725 5000; x_wconf 85' lang='lat' dir='ltr'><strong>jam</strong></span> <span class='ocrx_word' id='word_1_454' title='bbox 749 4927 1048 4998; x_wconf 80' lang='lat' dir='ltr'><strong>acceperim,</strong></span> <span class='ocrx_word' id='word_1_455' title='bbox 1087 4935 1176 4980; x_wconf 69' lang='lat' dir='ltr'><strong>aut</strong></span> <span class='ocrx_word' id='word_1_456' title='bbox 1192 4926 1307 4996; x_wconf 77' lang='lat' dir='ltr'><strong>jam</strong></span> <span class='ocrx_word' id='word_1_457' title='bbox 1335 4924 1584 4998; x_wconf 78' lang='lat' dir='ltr'><strong>perfectus</strong></span> <span class='ocrx_word' id='word_1_458' title='bbox 1599 4923 1715 4979; x_wconf 82' lang='lat' dir='ltr'><strong>sim.</strong></span> <span class='ocrx_word' id='word_1_459' title='bbox 1736 4922 1922 4979; x_wconf 74' lang='lat' dir='ltr'><strong>Videte</strong></span> <span class='ocrx_word' id='word_1_460' title='bbox 1946 4923 2066 4993; x_wconf 90' lang='lat' dir='ltr'><strong>quis</strong></span> 
     </span>
    </p>
   </div>
   <div class='ocr_carea' id='block_1_68' title="bbox 476 5016 2064 5093">
    <p class='ocr_par' dir='ltr' id='par_1_68' title="bbox 476 5016 2064 5093">
     <span class='ocr_line' id='line_1_69' title="bbox 476 5016 2064 5093; baseline -0.004 -15"><span class='ocrx_word' id='word_1_461' title='bbox 476 5020 725 5093; x_wconf 84' lang='lat' dir='ltr'><strong>loquatur</strong></span> <span class='ocrx_word' id='word_1_462' title='bbox 752 5037 767 5076; x_wconf 90' lang='lat'><strong>:</strong></span> <span class='ocrx_word' id='word_1_463' title='bbox 794 5019 902 5078; x_wconf 75' lang='lat' dir='ltr'><strong>Vas</strong></span> <span class='ocrx_word' id='word_1_464' title='bbox 927 5018 1227 5088; x_wconf 89' lang='lat' dir='ltr'><strong>electionis,</strong></span> <span class='ocrx_word' id='word_1_465' title='bbox 1250 5028 1303 5077; x_wconf 90' lang='lat' dir='ltr'><strong>et</strong></span> <span class='ocrx_word' id='word_1_466' title='bbox 1322 5026 1620 5074; x_wconf 76' lang='lat' dir='ltr'><strong>extremum</strong></span> <span class='ocrx_word' id='word_1_467' title='bbox 1646 5016 1874 5089; x_wconf 85' lang='lat' dir='ltr'><strong>quodam</strong></span> <span class='ocrx_word' id='word_1_468' title='bbox 1902 5016 2064 5072; x_wconf 84' lang='lat' dir='ltr'><strong>modo</strong></span> 
     </span>
    </p>
   </div>
   <div class='ocr_carea' id='block_1_69' title="bbox 475 5108 2063 5181">
    <p class='ocr_par' dir='ltr' id='par_1_69' title="bbox 475 5108 2063 5181">
     <span class='ocr_line' id='line_1_70' title="bbox 475 5108 2063 5181; baseline -0.004 -10"><span class='ocrx_word' id='word_1_469' title='bbox 475 5114 810 5172; x_wconf 71' lang='lat' dir='ltr'><strong>ﬁmbriarum</strong></span> <span class='ocrx_word' id='word_1_470' title='bbox 841 5112 1147 5171; x_wconf 77' lang='lat' dir='ltr'><strong>vestimenti</strong></span> <span class='ocrx_word' id='word_1_471' title='bbox 1195 5110 1440 5179; x_wconf 87' lang='lat' dir='ltr'><strong>Domini;</strong></span> <span class='ocrx_word' id='word_1_472' title='bbox 1484 5110 1582 5167; x_wconf 91' lang='lat' dir='ltr'><strong>sed</strong></span> <span class='ocrx_word' id='word_1_473' title='bbox 1622 5119 1796 5167; x_wconf 90' lang='lat' dir='ltr'><strong>tamen</strong></span> <span class='ocrx_word' id='word_1_474' title='bbox 1826 5109 1969 5181; x_wconf 89' lang='lat' dir='ltr'><strong>quod</strong></span> <span class='ocrx_word' id='word_1_475' title='bbox 1997 5108 2063 5165; x_wconf 92' lang='lat' dir='ltr'><strong>ad</strong></span> 
     </span>
    </p>
   </div>
   <div class='ocr_carea' id='block_1_70' title="bbox 473 5200 2059 5279">
    <p class='ocr_par' dir='ltr' id='par_1_70' title="bbox 473 5200 2059 5279">
     <span class='ocr_line' id='line_1_71' title="bbox 473 5200 2059 5279; baseline -0.005 -15"><span class='ocrx_word' id='word_1_476' title='bbox 473 5207 678 5265; x_wconf 75' lang='lat' dir='ltr'><strong>ﬂuxum</strong></span> <span class='ocrx_word' id='word_1_477' title='bbox 704 5204 975 5279; x_wconf 79' lang='lat' dir='ltr'><strong>sanguinis</strong></span> <span class='ocrx_word' id='word_1_478' title='bbox 998 5214 1152 5261; x_wconf 84' lang='lat' dir='ltr'><strong>sanat</strong></span> <span class='ocrx_word' id='word_1_479' title='bbox 1187 5212 1514 5275; x_wconf 73' lang='lat' dir='ltr'><strong>tangentem,</strong></span> <span class='ocrx_word' id='word_1_480' title='bbox 1555 5202 1677 5274; x_wconf 84' lang='lat' dir='ltr'><strong>quia</strong></span> <span class='ocrx_word' id='word_1_481' title='bbox 1704 5200 2012 5258; x_wconf 86' lang='lat' dir='ltr'><strong>credentem</strong></span> <span class='ocrx_word' id='word_1_482' title='bbox 2045 5220 2059 5256; x_wconf 92' lang='lat'><strong>:</strong></span> 
     </span>
    </p>
   </div>
   <div class='ocr_carea' id='block_1_71' title="bbox 429 5296 2061 5374">
    <p class='ocr_par' dir='ltr' id='par_1_71' title="bbox 429 5296 2061 5374">
     <span class='ocr_line' id='line_1_72' title="bbox 429 5296 2061 5374; baseline -0.004 -15"><span class='ocrx_word' id='word_1_483' title='bbox 429 5368 435 5373; x_wconf 30' lang='lat'><strong>,</strong></span> <span class='ocrx_word' id='word_1_484' title='bbox 473 5302 797 5359; x_wconf 86' lang='lat' dir='ltr'><strong>novissimus</strong></span> <span class='ocrx_word' id='word_1_485' title='bbox 826 5302 968 5361; x_wconf 89' lang='lat' dir='ltr'><strong>enim</strong></span> <span class='ocrx_word' id='word_1_486' title='bbox 998 5301 1375 5374; x_wconf 86' lang='lat' dir='ltr'><strong>Apostolorum</strong></span> <span class='ocrx_word' id='word_1_487' title='bbox 1401 5305 1455 5354; x_wconf 88' lang='lat' dir='ltr'><strong>et</strong></span> <span class='ocrx_word' id='word_1_488' title='bbox 1483 5296 1755 5367; x_wconf 91' lang='lat' dir='ltr'><strong>minimus,</strong></span> <span class='ocrx_word' id='word_1_489' title='bbox 1786 5296 1925 5353; x_wconf 87' lang='lat' dir='ltr'><strong>sicut</strong></span> <span class='ocrx_word' id='word_1_490' title='bbox 1946 5297 2061 5367; x_wconf 86' lang='lat' dir='ltr'><strong>ipse</strong></span> 
     </span>
    </p>
   </div>
   <div class='ocr_carea' id='block_1_72' title="bbox 473 5391 2063 5466">
    <p class='ocr_par' dir='ltr' id='par_1_72' title="bbox 473 5391 2063 5466">
     <span class='ocr_line' id='line_1_73' title="bbox 473 5391 2063 5466; baseline -0.003 -17"><span class='ocrx_word' id='word_1_491' title='bbox 473 5395 572 5460; x_wconf 78' lang='lat' dir='ltr'><strong>ait,</strong></span> <span class='ocrx_word' id='word_1_492' title='bbox 600 5392 715 5466; x_wconf 78' lang='lat' dir='ltr'><strong>Ego</strong></span> <span class='ocrx_word' id='word_1_493' title='bbox 742 5411 855 5451; x_wconf 68' lang='lat' dir='ltr'><strong>smn</strong></span> <span class='ocrx_word' id='word_1_494' title='bbox 893 5395 1196 5451; x_wconf 73' lang='lat' dir='ltr'><strong>novissimus</strong></span> <span class='ocrx_word' id='word_1_495' title='bbox 1244 5392 1640 5465; x_wconf 77' lang='lat' dir='ltr'><strong>Apostolorum;</strong></span> <span class='ocrx_word' id='word_1_496' title='bbox 1670 5399 1745 5459; x_wconf 87' lang='lat' dir='ltr'><strong>et,</strong></span> <span class='ocrx_word' id='word_1_497' title='bbox 1790 5391 1901 5464; x_wconf 83' lang='lat' dir='ltr'><strong>Ego</strong></span> <span class='ocrx_word' id='word_1_498' title='bbox 1948 5404 2063 5446; x_wconf 89' lang='lat' dir='ltr'><strong>sum</strong></span> 
     </span>
    </p>
   </div>
   <div class='ocr_carea' id='block_1_73' title="bbox 474 5483 2063 5557">
    <p class='ocr_par' dir='ltr' id='par_1_73' title="bbox 474 5483 2063 5557">
     <span class='ocr_line' id='line_1_74' title="bbox 474 5483 2063 5557; baseline -0.001 -18"><span class='ocrx_word' id='word_1_499' title='bbox 474 5485 717 5541; x_wconf 76' lang='lat' dir='ltr'><strong>minimus</strong></span> <span class='ocrx_word' id='word_1_500' title='bbox 766 5487 1163 5557; x_wconf 73' lang='lat' dir='ltr'><strong>Apostolorum:</strong></span> <span class='ocrx_word' id='word_1_501' title='bbox 1189 5494 1246 5541; x_wconf 90' lang='lat' dir='ltr'><strong>et</strong></span> <span class='ocrx_word' id='word_1_502' title='bbox 1290 5486 1504 5551; x_wconf 84' lang='lat' dir='ltr'><strong>iterum,</strong></span> <span class='ocrx_word' id='word_1_503' title='bbox 1557 5483 1678 5540; x_wconf 88' lang='lat' dir='ltr'><strong>Non</strong></span> <span class='ocrx_word' id='word_1_504' title='bbox 1719 5500 1831 5539; x_wconf 82' lang='lat' dir='ltr'><strong>sum</strong></span> <span class='ocrx_word' id='word_1_505' title='bbox 1877 5484 2063 5555; x_wconf 79' lang='lat' dir='ltr'><strong>dignus</strong></span> 
     </span>
    </p>
   </div>
   <div class='ocr_carea' id='block_1_74' title="bbox 474 5576 2061 5652">
    <p class='ocr_par' dir='ltr' id='par_1_74' title="bbox 474 5576 2061 5652">
     <span class='ocr_line' id='line_1_75' title="bbox 474 5576 2061 5652; baseline -0.001 -19"><span class='ocrx_word' id='word_1_506' title='bbox 474 5581 644 5634; x_wconf 79' lang='lat' dir='ltr'><strong>vocari</strong></span> <span class='ocrx_word' id='word_1_507' title='bbox 670 5581 947 5648; x_wconf 76' lang='lat' dir='ltr'><strong>apostolus,</strong></span> <span class='ocrx_word' id='word_1_508' title='bbox 980 5582 1097 5652; x_wconf 87' lang='lat' dir='ltr'><strong>quia</strong></span> <span class='ocrx_word' id='word_1_509' title='bbox 1126 5587 1414 5651; x_wconf 79' lang='lat' dir='ltr'><strong>persecutus</strong></span> <span class='ocrx_word' id='word_1_510' title='bbox 1462 5594 1574 5633; x_wconf 81' lang='lat' dir='ltr'><strong>sum</strong></span> <span class='ocrx_word' id='word_1_511' title='bbox 1616 5576 1896 5631; x_wconf 78' lang='lat' dir='ltr'><strong>Ecclesium</strong></span> <span class='ocrx_word' id='word_1_512' title='bbox 1927 5577 2061 5631; x_wconf 86' lang='lat' dir='ltr'><strong>Dei:</strong></span> 
     </span>
    </p>
   </div>
   <div class='ocr_carea' id='block_1_75' title="bbox 539 5708 2060 5772">
    <p class='ocr_par' dir='ltr' id='par_1_75' title="bbox 539 5708 2060 5772">
     <span class='ocr_line' id='line_1_76' title="bbox 539 5708 2060 5772; baseline 0.002 -15"><span class='ocrx_word' id='word_1_513' title='bbox 539 5708 933 5772; x_wconf 57' lang='lat' dir='ltr'><strong>(ainccensetur</strong></span> <span class='ocrx_word' id='word_1_514' title='bbox 954 5722 983 5761; x_wconf 87' lang='lat' dir='ltr'><strong>a</strong></span> <span class='ocrx_word' id='word_1_515' title='bbox 996 5710 1209 5762; x_wconf 77' lang='lat' dir='ltr'><strong>Possidio</strong></span> <span class='ocrx_word' id='word_1_516' title='bbox 1221 5710 1272 5760; x_wconf 85' lang='lat' dir='ltr'><strong>in</strong></span> <span class='ocrx_word' id='word_1_517' title='bbox 1289 5708 1487 5760; x_wconf 73' lang='grc' dir='ltr'><strong>ιιιᾶὶεωὶ</strong></span> <span class='ocrx_word' id='word_1_518' title='bbox 1507 5720 1611 5772; x_wconf 77' lang='lat' dir='ltr'><strong>cap.</strong></span> <span class='ocrx_word' id='word_1_519' title='bbox 1636 5710 1682 5760; x_wconf 88' lang='lat'><strong>8.</strong></span> <span class='ocrx_word' id='word_1_520' title='bbox 1713 5716 1811 5759; x_wconf 66' lang='lat' dir='ltr'><strong>Non</strong></span> <span class='ocrx_word' id='word_1_521' title='bbox 1832 5714 2060 5772; x_wconf 84' lang='lat' dir='ltr'><strong>repertus</strong></span> 
     </span>
    </p>
   </div>
   <div class='ocr_carea' id='block_1_76' title="bbox 477 5769 927 5822">
    <p class='ocr_par' dir='ltr' id='par_1_76' title="bbox 477 5769 927 5822">
     <span class='ocr_line' id='line_1_77' title="bbox 477 5769 927 5822; baseline -0.007 0"><span class='ocrx_word' id='word_1_522' title='bbox 477 5773 563 5822; x_wconf 81' lang='lat' dir='ltr'><strong>est</strong></span> <span class='ocrx_word' id='word_1_523' title='bbox 581 5769 676 5820; x_wconf 87' lang='lat' dir='ltr'><strong>nisi</strong></span> <span class='ocrx_word' id='word_1_524' title='bbox 695 5769 748 5819; x_wconf 88' lang='lat' dir='ltr'><strong>in</strong></span> <span class='ocrx_word' id='word_1_525' title='bbox 766 5770 927 5820; x_wconf 81' lang='lat' dir='ltr'><strong>Editis.</strong></span> 
     </span>
    </p>
   </div>
   <div class='ocr_carea' id='block_1_77' title="bbox 2194 2170 3787 2242">
    <p class='ocr_par' dir='ltr' id='par_1_77' title="bbox 2194 2170 3787 2242">
     <span class='ocr_line' id='line_1_78' title="bbox 2194 2170 3787 2242; baseline 0.009 -21"><span class='ocrx_word' id='word_1_526' title='bbox 2194 2183 2351 2222; x_wconf 82' lang='lat' dir='ltr'><strong>vacua</strong></span> <span class='ocrx_word' id='word_1_527' title='bbox 2383 2184 2486 2222; x_wconf 87' lang='lat' dir='ltr'><strong>non</strong></span> <span class='ocrx_word' id='word_1_528' title='bbox 2527 2170 2657 2242; x_wconf 80' lang='lat' dir='ltr'><strong>fuit,</strong></span> <span class='ocrx_word' id='word_1_529' title='bbox 2702 2170 2793 2225; x_wconf 79' lang='lat' dir='ltr'><strong>sed</strong></span> <span class='ocrx_word' id='word_1_530' title='bbox 2836 2172 2949 2241; x_wconf 87' lang='lat' dir='ltr'><strong>plus</strong></span> <span class='ocrx_word' id='word_1_531' title='bbox 2990 2173 3220 2229; x_wconf 80' lang='lat' dir='ltr'><strong>omnibus</strong></span> <span class='ocrx_word' id='word_1_532' title='bbox 3245 2172 3350 2231; x_wconf 82' lang='lat' dir='ltr'><strong>illis</strong></span> <span class='ocrx_word' id='word_1_533' title='bbox 3379 2174 3603 2232; x_wconf 80' lang='lat' dir='ltr'><strong>laboravi</strong></span> <span class='ocrx_word' id='word_1_534' title='bbox 3630 2190 3652 2234; x_wconf 87' lang='lat'><strong><em>:</em></strong></span> <span class='ocrx_word' id='word_1_535' title='bbox 3678 2192 3787 2239; x_wconf 76' lang='lat' dir='ltr'><strong>non</strong></span> 
     </span>
    </p>
   </div>
   <div class='ocr_carea' id='block_1_78' title="bbox 2196 2261 3783 2343">
    <p class='ocr_par' dir='ltr' id='par_1_78' title="bbox 2196 2261 3783 2343">
     <span class='ocr_line' id='line_1_79' title="bbox 2196 2261 3783 2343; baseline 0.011 -32"><span class='ocrx_word' id='word_1_536' title='bbox 2196 2274 2285 2330; x_wconf 76' lang='lat' dir='ltr'><strong>ego</strong></span> <span class='ocrx_word' id='word_1_537' title='bbox 2312 2268 2509 2326; x_wconf 86' lang='lat' dir='ltr'><strong>autem,</strong></span> <span class='ocrx_word' id='word_1_538' title='bbox 2548 2261 2637 2315; x_wconf 80' lang='lat' dir='ltr'><strong>sed</strong></span> <span class='ocrx_word' id='word_1_539' title='bbox 2672 2263 2837 2332; x_wconf 82' lang='lat' dir='ltr'><strong>gratia</strong></span> <span class='ocrx_word' id='word_1_540' title='bbox 2865 2262 2961 2319; x_wconf 83' lang='lat' dir='ltr'><strong>Dei</strong></span> <span class='ocrx_word' id='word_1_541' title='bbox 2997 2281 3194 2320; x_wconf 80' lang='lat' dir='ltr'><strong>mecum</strong></span> <span class='ocrx_word' id='word_1_542' title='bbox 3220 2263 3276 2338; x_wconf 86' lang='grc' dir='ltr'>(Ι</span> <span class='ocrx_word' id='word_1_543' title='bbox 3317 2265 3437 2325; x_wconf 80' lang='lat' dir='ltr'><strong>Cor.</strong></span> <span class='ocrx_word' id='word_1_544' title='bbox 3482 2284 3571 2339; x_wconf 78' lang='lat' dir='ltr'><strong>xv,</strong></span> <span class='ocrx_word' id='word_1_545' title='bbox 3597 2267 3783 2343; x_wconf 75' lang='lat'><strong>8-10).</strong></span> 
     </span>
    </p>
   </div>
   <div class='ocr_carea' id='block_1_79' title="bbox 2195 2352 3783 2432">
    <p class='ocr_par' dir='ltr' id='par_1_79' title="bbox 2195 2352 3783 2432">
     <span class='ocr_line' id='line_1_80' title="bbox 2195 2352 3783 2432; baseline 0.01 -27"><span class='ocrx_word' id='word_1_546' title='bbox 2195 2352 2321 2407; x_wconf 83' lang='lat' dir='ltr'><strong>llaec</strong></span> <span class='ocrx_word' id='word_1_547' title='bbox 2352 2352 2573 2409; x_wconf 88' lang='lat' dir='ltr'><strong>audiens</strong></span> <span class='ocrx_word' id='word_1_548' title='bbox 2614 2363 2701 2423; x_wconf 90' lang='lat' dir='ltr'><strong>tu,</strong></span> <span class='ocrx_word' id='word_1_549' title='bbox 2750 2363 2998 2428; x_wconf 88' lang='lat' dir='ltr'><strong>tanquam</strong></span> <span class='ocrx_word' id='word_1_550' title='bbox 3040 2360 3256 2428; x_wconf 88' lang='lat' dir='ltr'><strong>plenum</strong></span> <span class='ocrx_word' id='word_1_551' title='bbox 3280 2369 3336 2417; x_wconf 83' lang='lat' dir='ltr'><strong>et</strong></span> <span class='ocrx_word' id='word_1_552' title='bbox 3360 2361 3656 2432; x_wconf 77' lang='lat' dir='ltr'><strong>perfectum</strong></span> <span class='ocrx_word' id='word_1_553' title='bbox 3685 2363 3783 2421; x_wconf 78' lang='lat' dir='ltr'><strong>tili</strong></span> 
     </span>
    </p>
   </div>
   <div class='ocr_carea' id='block_1_80' title="bbox 2193 2443 3784 2529">
    <p class='ocr_par' dir='ltr' id='par_1_80' title="bbox 2193 2443 3784 2529">
     <span class='ocr_line' id='line_1_81' title="bbox 2193 2443 3784 2529; baseline 0.008 -30"><span class='ocrx_word' id='word_1_554' title='bbox 2193 2443 2389 2500; x_wconf 87' lang='lat' dir='ltr'><strong>videris</strong></span> <span class='ocrx_word' id='word_1_555' title='bbox 2415 2444 2617 2503; x_wconf 89' lang='lat' dir='ltr'><strong>audire.</strong></span> <span class='ocrx_word' id='word_1_556' title='bbox 2652 2446 2857 2503; x_wconf 84' lang='lat' dir='ltr'><strong>Audisti</strong></span> <span class='ocrx_word' id='word_1_557' title='bbox 2887 2449 3011 2521; x_wconf 87' lang='lat' dir='ltr'><strong>quid</strong></span> <span class='ocrx_word' id='word_1_558' title='bbox 3042 2460 3232 2517; x_wconf 90' lang='lat' dir='ltr'><strong>ructet,</strong></span> <span class='ocrx_word' id='word_1_559' title='bbox 3262 2450 3386 2508; x_wconf 88' lang='lat' dir='ltr'><strong>audi</strong></span> <span class='ocrx_word' id='word_1_560' title='bbox 3416 2461 3468 2509; x_wconf 87' lang='lat' dir='ltr'><strong>et</strong></span> <span class='ocrx_word' id='word_1_561' title='bbox 3495 2452 3624 2529; x_wconf 88' lang='lat' dir='ltr'><strong>quid</strong></span> <span class='ocrx_word' id='word_1_562' title='bbox 3660 2467 3784 2511; x_wconf 85' lang='lat' dir='ltr'><strong>esa-</strong></span> 
     </span>
    </p>
   </div>
   <div class='ocr_carea' id='block_1_81' title="bbox 2192 2534 3779 2621">
    <p class='ocr_par' dir='ltr' id='par_1_81' title="bbox 2192 2534 3779 2621">
     <span class='ocr_line' id='line_1_82' title="bbox 2192 2534 3779 2621; baseline 0.009 -32"><span class='ocrx_word' id='word_1_563' title='bbox 2192 2535 2314 2590; x_wconf 89' lang='lat' dir='ltr'><strong>riat.</strong></span> <span class='ocrx_word' id='word_1_564' title='bbox 2350 2534 2474 2591; x_wconf 87' lang='lat' dir='ltr'><strong>Non</strong></span> <span class='ocrx_word' id='word_1_565' title='bbox 2500 2538 2621 2607; x_wconf 84' lang='lat' dir='ltr'><strong>quia</strong></span> <span class='ocrx_word' id='word_1_566' title='bbox 2637 2539 2751 2609; x_wconf 88' lang='lat' dir='ltr'><strong>jam</strong></span> <span class='ocrx_word' id='word_1_567' title='bbox 2777 2541 3078 2612; x_wconf 78' lang='lat' dir='ltr'><strong>acceperim,</strong></span> <span class='ocrx_word' id='word_1_568' title='bbox 3116 2552 3202 2598; x_wconf 83' lang='lat' dir='ltr'><strong>aut</strong></span> <span class='ocrx_word' id='word_1_569' title='bbox 3221 2545 3340 2614; x_wconf 85' lang='lat' dir='ltr'><strong>jam</strong></span> <span class='ocrx_word' id='word_1_570' title='bbox 3368 2548 3623 2618; x_wconf 78' lang='lat' dir='ltr'><strong>perfectus</strong></span> <span class='ocrx_word' id='word_1_571' title='bbox 3647 2543 3743 2603; x_wconf 76' lang='lat' dir='ltr'><strong>sim</strong></span> <span class='ocrx_word' id='word_1_572' title='bbox 3760 2587 3779 2621; x_wconf 81' lang='lat'><strong>,</strong></span> 
     </span>
    </p>
   </div>
   <div class='ocr_carea' id='block_1_82' title="bbox 2191 2625 3781 2707">
    <p class='ocr_par' dir='ltr' id='par_1_82' title="bbox 2191 2625 3781 2707">
     <span class='ocr_line' id='line_1_83' title="bbox 2191 2625 3781 2707; baseline 0.011 -27"><span class='ocrx_word' id='word_1_573' title='bbox 2191 2626 2283 2681; x_wconf 89' lang='lat' dir='ltr'><strong>ait.</strong></span> <span class='ocrx_word' id='word_1_574' title='bbox 2316 2625 2543 2695; x_wconf 82' lang='lat' dir='ltr'><strong>Fratres,</strong></span> <span class='ocrx_word' id='word_1_575' title='bbox 2574 2644 2667 2698; x_wconf 84' lang='lat' dir='ltr'><strong>ego</strong></span> <span class='ocrx_word' id='word_1_576' title='bbox 2691 2645 2790 2685; x_wconf 81' lang='lat' dir='ltr'><strong>non</strong></span> <span class='ocrx_word' id='word_1_577' title='bbox 2815 2632 3031 2689; x_wconf 77' lang='lat' dir='ltr'><strong>arbitror</strong></span> <span class='ocrx_word' id='word_1_578' title='bbox 3052 2650 3131 2688; x_wconf 75' lang='lat' dir='ltr'><strong>me</strong></span> <span class='ocrx_word' id='word_1_579' title='bbox 3156 2637 3550 2707; x_wconf 72' lang='lat' dir='ltr'><strong>apprsamdisse</strong></span> <span class='ocrx_word' id='word_1_580' title='bbox 3574 2654 3594 2693; x_wconf 81' lang='lat'><strong>.&#39;</strong></span> <span class='ocrx_word' id='word_1_581' title='bbox 3622 2654 3781 2697; x_wconf 63' lang='lat' dir='ltr'><strong>anu</strong></span> 
     </span>
    </p>
   </div>
   <div class='ocr_carea' id='block_1_83' title="bbox 2190 2720 3815 2799">
    <p class='ocr_par' dir='ltr' id='par_1_83' title="bbox 2190 2720 3815 2799">
     <span class='ocr_line' id='line_1_84' title="bbox 2190 2720 3815 2799; baseline 0.01 -28"><span class='ocrx_word' id='word_1_582' title='bbox 2190 2726 2357 2771; x_wconf 87' lang='lat' dir='ltr'><strong>autem</strong></span> <span class='ocrx_word' id='word_1_583' title='bbox 2383 2734 2496 2787; x_wconf 71' lang='lat' dir='ltr'><strong>qua:</strong></span> <span class='ocrx_word' id='word_1_584' title='bbox 2521 2728 2654 2775; x_wconf 86' lang='lat' dir='ltr'><strong>retro</strong></span> <span class='ocrx_word' id='word_1_585' title='bbox 2684 2720 2888 2790; x_wconf 84' lang='lat' dir='ltr'><strong>oblitus,</strong></span> <span class='ocrx_word' id='word_1_586' title='bbox 2919 2723 2973 2777; x_wconf 84' lang='lat' dir='ltr'><strong>in</strong></span> <span class='ocrx_word' id='word_1_587' title='bbox 3016 2740 3073 2779; x_wconf 87' lang='lat' dir='ltr'><strong>ea</strong></span> <span class='ocrx_word' id='word_1_588' title='bbox 3100 2739 3212 2795; x_wconf 61' lang='lat' dir='ltr'><strong>quas</strong></span> <span class='ocrx_word' id='word_1_589' title='bbox 3234 2732 3350 2780; x_wconf 82' lang='lat' dir='ltr'><strong>ante</strong></span> <span class='ocrx_word' id='word_1_590' title='bbox 3377 2737 3493 2783; x_wconf 79' lang='lat' dir='ltr'><strong>sunt</strong></span> <span class='ocrx_word' id='word_1_591' title='bbox 3516 2737 3777 2799; x_wconf 59' lang='lat' dir='ltr'><strong>extenta,</strong></span> <span class='ocrx_word' id='word_1_592' title='bbox 3814 2748 3815 2751; x_wconf 77' lang='lat'>‘</span> 
     </span>
    </p>
   </div>
   <div class='ocr_carea' id='block_1_84' title="bbox 2188 2810 3782 2888">
    <p class='ocr_par' dir='ltr' id='par_1_84' title="bbox 2188 2810 3782 2888">
     <span class='ocr_line' id='line_1_85' title="bbox 2188 2810 3782 2888; baseline 0.009 -24"><span class='ocrx_word' id='word_1_593' title='bbox 2188 2811 2462 2865; x_wconf 76' lang='lat' dir='ltr'><strong>secundum</strong></span> <span class='ocrx_word' id='word_1_594' title='bbox 2489 2810 2813 2869; x_wconf 81' lang='lat' dir='ltr'><strong>intentionem</strong></span> <span class='ocrx_word' id='word_1_595' title='bbox 2838 2830 3018 2885; x_wconf 81' lang='lat' dir='ltr'><strong>sequor</strong></span> <span class='ocrx_word' id='word_1_596' title='bbox 3040 2816 3109 2870; x_wconf 87' lang='lat' dir='ltr'><strong>ad</strong></span> <span class='ocrx_word' id='word_1_597' title='bbox 3128 2816 3349 2888; x_wconf 84' lang='lat' dir='ltr'><strong>palmam</strong></span> <span class='ocrx_word' id='word_1_598' title='bbox 3368 2834 3605 2888; x_wconf 76' lang='lat' dir='ltr'><strong>superna:</strong></span> <span class='ocrx_word' id='word_1_599' title='bbox 3630 2832 3782 2878; x_wconf 76' lang='lat' dir='ltr'><strong>uoca-</strong></span> 
     </span>
    </p>
   </div>
   <div class='ocr_carea' id='block_1_85' title="bbox 2190 2899 3782 2980">
    <p class='ocr_par' dir='ltr' id='par_1_85' title="bbox 2190 2899 3782 2980">
     <span class='ocr_line' id='line_1_86' title="bbox 2190 2899 3782 2980; baseline 0.01 -27"><span class='ocrx_word' id='word_1_600' title='bbox 2190 2900 2339 2955; x_wconf 78' lang='lat' dir='ltr'><strong>tionis</strong></span> <span class='ocrx_word' id='word_1_601' title='bbox 2368 2899 2465 2956; x_wconf 86' lang='lat' dir='ltr'><strong>Dei</strong></span> <span class='ocrx_word' id='word_1_602' title='bbox 2490 2902 2543 2956; x_wconf 80' lang='lat' dir='ltr'><strong>in</strong></span> <span class='ocrx_word' id='word_1_603' title='bbox 2570 2900 2771 2958; x_wconf 77' lang='lat' dir='ltr'><strong>Christo</strong></span> <span class='ocrx_word' id='word_1_604' title='bbox 2796 2902 2921 2959; x_wconf 78' lang='lat' dir='ltr'><strong>Jesu</strong></span> <span class='ocrx_word' id='word_1_605' title='bbox 2947 2904 3207 2977; x_wconf 83' lang='lat' dir='ltr'><strong>(Philipp.</strong></span> <span class='ocrx_word' id='word_1_606' title='bbox 3244 2923 3321 2972; x_wconf 82' lang='lat' dir='ltr'><strong>ut.</strong></span> <span class='ocrx_word' id='word_1_607' title='bbox 3373 2909 3584 2980; x_wconf 63' lang='lat'><strong>12-“).</strong></span> <span class='ocrx_word' id='word_1_608' title='bbox 3637 2911 3782 2969; x_wconf 78' lang='lat' dir='ltr'><strong>Dicit</strong></span> 
     </span>
    </p>
   </div>
   <div class='ocr_carea' id='block_1_86' title="bbox 2187 2992 3776 3073">
    <p class='ocr_par' dir='ltr' id='par_1_86' title="bbox 2187 2992 3776 3073">
     <span class='ocr_line' id='line_1_87' title="bbox 2187 2992 3776 3073; baseline 0.007 -26"><span class='ocrx_word' id='word_1_609' title='bbox 2187 3004 2245 3047; x_wconf 86' lang='lat' dir='ltr'><strong>se</strong></span> <span class='ocrx_word' id='word_1_610' title='bbox 2273 2992 2506 3048; x_wconf 84' lang='lat' dir='ltr'><strong>nondum</strong></span> <span class='ocrx_word' id='word_1_611' title='bbox 2533 3006 2651 3050; x_wconf 88' lang='lat' dir='ltr'><strong>esse</strong></span> <span class='ocrx_word' id='word_1_612' title='bbox 2680 2995 2994 3065; x_wconf 82' lang='lat' dir='ltr'><strong>perfectum,</strong></span> <span class='ocrx_word' id='word_1_613' title='bbox 3024 2999 3165 3067; x_wconf 87' lang='lat' dir='ltr'><strong>quod</strong></span> <span class='ocrx_word' id='word_1_614' title='bbox 3195 2999 3427 3057; x_wconf 86' lang='lat' dir='ltr'><strong>nondum</strong></span> <span class='ocrx_word' id='word_1_615' title='bbox 3456 3002 3726 3073; x_wconf 74' lang='lat' dir='ltr'><strong>acceperit</strong></span> <span class='ocrx_word' id='word_1_616' title='bbox 3755 3040 3776 3072; x_wconf 92' lang='lat'><strong>,</strong></span> 
     </span>
    </p>
   </div>
   <div class='ocr_carea' id='block_1_87' title="bbox 2187 3082 3778 3162">
    <p class='ocr_par' dir='ltr' id='par_1_87' title="bbox 2187 3082 3778 3162">
     <span class='ocr_line' id='line_1_88' title="bbox 2187 3082 3778 3162; baseline 0.008 -24"><span class='ocrx_word' id='word_1_617' title='bbox 2187 3082 2425 3139; x_wconf 90' lang='lat' dir='ltr'><strong>nondum</strong></span> <span class='ocrx_word' id='word_1_618' title='bbox 2475 3085 2936 3157; x_wconf 87' lang='lat' dir='ltr'><strong>apprehenderit:</strong></span> <span class='ocrx_word' id='word_1_619' title='bbox 2978 3086 3108 3145; x_wconf 89' lang='lat' dir='ltr'><strong>dicit</strong></span> <span class='ocrx_word' id='word_1_620' title='bbox 3149 3104 3210 3146; x_wconf 88' lang='lat' dir='ltr'><strong>se</strong></span> <span class='ocrx_word' id='word_1_621' title='bbox 3257 3090 3492 3162; x_wconf 82' lang='lat' dir='ltr'><strong>extendi,</strong></span> <span class='ocrx_word' id='word_1_622' title='bbox 3536 3088 3669 3148; x_wconf 84' lang='lat' dir='ltr'><strong>dicit</strong></span> <span class='ocrx_word' id='word_1_623' title='bbox 3714 3105 3778 3150; x_wconf 81' lang='lat' dir='ltr'><strong>se</strong></span> 
     </span>
    </p>
   </div>
   <div class='ocr_carea' id='block_1_88' title="bbox 2185 3176 3775 3252">
    <p class='ocr_par' dir='ltr' id='par_1_88' title="bbox 2185 3176 3775 3252">
     <span class='ocr_line' id='line_1_89' title="bbox 2185 3176 3775 3252; baseline 0.009 -22"><span class='ocrx_word' id='word_1_624' title='bbox 2185 3176 2338 3247; x_wconf 86' lang='lat' dir='ltr'><strong>sequi</strong></span> <span class='ocrx_word' id='word_1_625' title='bbox 2363 3176 2426 3231; x_wconf 84' lang='lat' dir='ltr'><strong>ad</strong></span> <span class='ocrx_word' id='word_1_626' title='bbox 2447 3178 2678 3248; x_wconf 89' lang='lat' dir='ltr'><strong>palmam</strong></span> <span class='ocrx_word' id='word_1_627' title='bbox 2699 3194 2948 3249; x_wconf 63' lang='lat' dir='ltr'><strong>superna:</strong></span> <span class='ocrx_word' id='word_1_628' title='bbox 2974 3182 3291 3239; x_wconf 86' lang='lat' dir='ltr'><strong>vocationis.</strong></span> <span class='ocrx_word' id='word_1_629' title='bbox 3320 3183 3376 3240; x_wconf 88' lang='lat' dir='ltr'><strong>lu</strong></span> <span class='ocrx_word' id='word_1_630' title='bbox 3409 3183 3491 3240; x_wconf 87' lang='lat' dir='ltr'><strong>via</strong></span> <span class='ocrx_word' id='word_1_631' title='bbox 3519 3193 3622 3252; x_wconf 80' lang='lat' dir='ltr'><strong>est;</strong></span> <span class='ocrx_word' id='word_1_632' title='bbox 3649 3199 3775 3243; x_wconf 87' lang='lat' dir='ltr'><strong>esu-</strong></span> 
     </span>
    </p>
   </div>
   <div class='ocr_carea' id='block_1_89' title="bbox 2186 3268 3773 3344">
    <p class='ocr_par' dir='ltr' id='par_1_89' title="bbox 2186 3268 3773 3344">
     <span class='ocr_line' id='line_1_90' title="bbox 2186 3268 3773 3344; baseline 0.008 -23"><span class='ocrx_word' id='word_1_633' title='bbox 2186 3269 2275 3332; x_wconf 89' lang='lat' dir='ltr'><strong>rit,</strong></span> <span class='ocrx_word' id='word_1_634' title='bbox 2306 3268 2514 3340; x_wconf 88' lang='lat' dir='ltr'><strong>impleri</strong></span> <span class='ocrx_word' id='word_1_635' title='bbox 2537 3270 2669 3339; x_wconf 90' lang='lat' dir='ltr'><strong>vult,</strong></span> <span class='ocrx_word' id='word_1_636' title='bbox 2692 3272 2902 3344; x_wconf 86' lang='lat' dir='ltr'><strong>satagit,</strong></span> <span class='ocrx_word' id='word_1_637' title='bbox 2934 3274 3213 3344; x_wconf 84' lang='lat' dir='ltr'><strong>pervenire</strong></span> <span class='ocrx_word' id='word_1_638' title='bbox 3238 3272 3528 3344; x_wconf 85' lang='lat' dir='ltr'><strong>desiderat,</strong></span> <span class='ocrx_word' id='word_1_639' title='bbox 3543 3284 3773 3333; x_wconf 68' lang='lat' dir='ltr'><strong>aestuat:</strong></span> 
     </span>
    </p>
   </div>
   <div class='ocr_carea' id='block_1_90' title="bbox 2180 3356 3776 3443">
    <p class='ocr_par' dir='ltr' id='par_1_90' title="bbox 2180 3356 3776 3443">
     <span class='ocr_line' id='line_1_91' title="bbox 2180 3356 3776 3443; baseline 0.007 -26"><span class='ocrx_word' id='word_1_640' title='bbox 2180 3356 2319 3417; x_wconf 84' lang='lat' dir='ltr'><strong>nihil</strong></span> <span class='ocrx_word' id='word_1_641' title='bbox 2348 3360 2425 3417; x_wconf 88' lang='lat' dir='ltr'><strong>illi</strong></span> <span class='ocrx_word' id='word_1_642' title='bbox 2456 3370 2561 3418; x_wconf 85' lang='lat' dir='ltr'><strong>tam</strong></span> <span class='ocrx_word' id='word_1_643' title='bbox 2586 3379 2792 3435; x_wconf 81' lang='lat' dir='ltr'><strong>magnae</strong></span> <span class='ocrx_word' id='word_1_644' title='bbox 2817 3381 2983 3423; x_wconf 69' lang='lat' dir='ltr'><strong>moras</strong></span> <span class='ocrx_word' id='word_1_645' title='bbox 3012 3375 3115 3439; x_wconf 90' lang='lat' dir='ltr'><strong>est,</strong></span> <span class='ocrx_word' id='word_1_646' title='bbox 3144 3381 3302 3443; x_wconf 89' lang='lat' dir='ltr'><strong>quam</strong></span> <span class='ocrx_word' id='word_1_647' title='bbox 3323 3364 3545 3426; x_wconf 85' lang='lat' dir='ltr'><strong>dissolvi</strong></span> <span class='ocrx_word' id='word_1_648' title='bbox 3571 3377 3630 3427; x_wconf 91' lang='lat' dir='ltr'><strong>et</strong></span> <span class='ocrx_word' id='word_1_649' title='bbox 3654 3382 3776 3428; x_wconf 84' lang='lat' dir='ltr'><strong>esse</strong></span> 
     </span>
    </p>
   </div>
   <div class='ocr_carea' id='block_1_91' title="bbox 2183 3452 2895 3531">
    <p class='ocr_par' dir='ltr' id='par_1_91' title="bbox 2183 3452 2895 3531">
     <span class='ocr_line' id='line_1_92' title="bbox 2183 3452 2895 3531; baseline 0.01 -24"><span class='ocrx_word' id='word_1_650' title='bbox 2183 3466 2304 3508; x_wconf 86' lang='lat' dir='ltr'><strong>cum</strong></span> <span class='ocrx_word' id='word_1_651' title='bbox 2330 3452 2542 3523; x_wconf 88' lang='lat' dir='ltr'><strong>Christo</strong></span> <span class='ocrx_word' id='word_1_652' title='bbox 2571 3453 2699 3527; x_wconf 64' lang='lat' dir='ltr'><strong>(Id?</strong></span> <span class='ocrx_word' id='word_1_653' title='bbox 2715 3471 2752 3522; x_wconf 78' lang='grc' dir='ltr'><strong>ι,</strong></span> <span class='ocrx_word' id='word_1_654' title='bbox 2778 3456 2895 3531; x_wconf 70' lang='grc'><strong>95).</strong></span> 
     </span>
    </p>
   </div>
   <div class='ocr_carea' id='block_1_92' title="bbox 2254 3543 3771 3622">
    <p class='ocr_par' dir='ltr' id='par_1_92' title="bbox 2254 3543 3771 3622">
     <span class='ocr_line' id='line_1_93' title="bbox 2254 3543 3771 3622; baseline 0.008 -22"><span class='ocrx_word' id='word_1_655' title='bbox 2254 3543 2481 3603; x_wconf 80' lang='lat' dir='ltr'><strong>CAPUT</strong></span> <span class='ocrx_word' id='word_1_656' title='bbox 2512 3546 2575 3601; x_wconf 92' lang='lat' dir='ltr'><strong>ll.</strong></span> <span class='ocrx_word' id='word_1_657' title='bbox 2605 3573 2674 3588; x_wconf 87' lang='lat'><strong>—-</strong></span> <span class='ocrx_word' id='word_1_658' title='bbox 2698 3546 2752 3602; x_wconf 71' lang='lat'><strong>2.</strong></span> <span class='ocrx_word' id='word_1_659' title='bbox 2781 3547 3044 3622; x_wconf 83' lang='lat' dir='ltr'><strong>Jejunium</strong></span> <span class='ocrx_word' id='word_1_660' title='bbox 3070 3551 3331 3608; x_wconf 72' lang='lat' dir='ltr'><strong>hominum</strong></span> <span class='ocrx_word' id='word_1_661' title='bbox 3349 3561 3425 3609; x_wconf 72' lang='lat' dir='ltr'><strong>ost</strong></span> <span class='ocrx_word' id='word_1_662' title='bbox 3444 3553 3669 3611; x_wconf 64' lang='lat' dir='ltr'><strong>medium</strong></span> <span class='ocrx_word' id='word_1_663' title='bbox 3693 3552 3771 3610; x_wconf 77' lang='lat' dir='ltr'><strong>lo-</strong></span> 
     </span>
    </p>
   </div>
   <div class='ocr_carea' id='block_1_93' title="bbox 2181 3638 3773 3717">
    <p class='ocr_par' dir='ltr' id='par_1_93' title="bbox 2181 3638 3773 3717">
     <span class='ocr_line' id='line_1_94' title="bbox 2181 3638 3773 3717; baseline 0.006 -25"><span class='ocrx_word' id='word_1_664' title='bbox 2181 3654 2297 3695; x_wconf 80' lang='lat' dir='ltr'><strong>cum</strong></span> <span class='ocrx_word' id='word_1_665' title='bbox 2342 3638 2616 3716; x_wconf 69' lang='lat' dir='ltr'><strong>tenentium</strong></span> <span class='ocrx_word' id='word_1_666' title='bbox 2641 3640 2871 3696; x_wconf 82' lang='lat' dir='ltr'><strong>carnales</strong></span> <span class='ocrx_word' id='word_1_667' title='bbox 2892 3641 3021 3697; x_wconf 73' lang='lat' dir='ltr'><strong>inter</strong></span> <span class='ocrx_word' id='word_1_668' title='bbox 3053 3651 3100 3696; x_wconf 89' lang='lat' dir='ltr'><strong>et</strong></span> <span class='ocrx_word' id='word_1_669' title='bbox 3143 3642 3385 3716; x_wconf 83' lang='lat' dir='ltr'><strong>Angelos.</strong></span> <span class='ocrx_word' id='word_1_670' title='bbox 3432 3643 3595 3717; x_wconf 80' lang='lat' dir='ltr'><strong>Ergo,</strong></span> <span class='ocrx_word' id='word_1_671' title='bbox 3622 3645 3773 3701; x_wconf 76' lang='lat' dir='ltr'><strong>cha-</strong></span> 
     </span>
    </p>
   </div>
   <div class='ocr_carea' id='block_1_94' title="bbox 2179 3731 3771 3809">
    <p class='ocr_par' dir='ltr' id='par_1_94' title="bbox 2179 3731 3771 3809">
     <span class='ocr_line' id='line_1_95' title="bbox 2179 3731 3771 3809; baseline 0.006 -24"><span class='ocrx_word' id='word_1_672' title='bbox 2179 3731 2400 3797; x_wconf 83' lang='lat' dir='ltr'><strong>rissimi,</strong></span> <span class='ocrx_word' id='word_1_673' title='bbox 2431 3732 2554 3803; x_wconf 88' lang='lat' dir='ltr'><strong>quia</strong></span> <span class='ocrx_word' id='word_1_674' title='bbox 2580 3741 2663 3789; x_wconf 86' lang='lat' dir='ltr'><strong>est</strong></span> <span class='ocrx_word' id='word_1_675' title='bbox 2686 3742 2933 3792; x_wconf 83' lang='lat' dir='ltr'><strong>terrenus</strong></span> <span class='ocrx_word' id='word_1_676' title='bbox 2958 3735 3132 3804; x_wconf 88' lang='lat' dir='ltr'><strong>cibus,</strong></span> <span class='ocrx_word' id='word_1_677' title='bbox 3157 3752 3265 3809; x_wconf 89' lang='lat' dir='ltr'><strong>quo</strong></span> <span class='ocrx_word' id='word_1_678' title='bbox 3291 3737 3469 3795; x_wconf 88' lang='lat' dir='ltr'><strong>carnis</strong></span> <span class='ocrx_word' id='word_1_679' title='bbox 3485 3737 3771 3795; x_wconf 85' lang='lat' dir='ltr'><strong>inﬁrmitas</strong></span> 
     </span>
    </p>
   </div>
   <div class='ocr_carea' id='block_1_95' title="bbox 2179 3823 3771 3901">
    <p class='ocr_par' dir='ltr' id='par_1_95' title="bbox 2179 3823 3771 3901">
     <span class='ocr_line' id='line_1_96' title="bbox 2179 3823 3771 3901; baseline 0.006 -24"><span class='ocrx_word' id='word_1_680' title='bbox 2179 3823 2451 3897; x_wconf 85' lang='lat' dir='ltr'><strong>pascitur;</strong></span> <span class='ocrx_word' id='word_1_681' title='bbox 2497 3832 2580 3879; x_wconf 89' lang='lat' dir='ltr'><strong>est</strong></span> <span class='ocrx_word' id='word_1_682' title='bbox 2624 3833 2802 3881; x_wconf 89' lang='lat' dir='ltr'><strong>autem</strong></span> <span class='ocrx_word' id='word_1_683' title='bbox 2833 3835 2887 3881; x_wconf 92' lang='lat' dir='ltr'><strong>et</strong></span> <span class='ocrx_word' id='word_1_684' title='bbox 2939 3826 3179 3885; x_wconf 82' lang='lat' dir='ltr'><strong>caelestis</strong></span> <span class='ocrx_word' id='word_1_685' title='bbox 3223 3829 3394 3897; x_wconf 83' lang='lat' dir='ltr'><strong>cibus,</strong></span> <span class='ocrx_word' id='word_1_686' title='bbox 3441 3842 3549 3901; x_wconf 85' lang='lat' dir='ltr'><strong>quo</strong></span> <span class='ocrx_word' id='word_1_687' title='bbox 3600 3830 3771 3901; x_wconf 78' lang='lat' dir='ltr'><strong>pietas</strong></span> 
     </span>
    </p>
   </div>
   <div class='ocr_carea' id='block_1_96' title="bbox 2177 3916 3877 3987">
    <p class='ocr_par' dir='ltr' id='par_1_96' title="bbox 2177 3916 3877 3987">
     <span class='ocr_line' id='line_1_97' title="bbox 2177 3916 3877 3987; baseline 0.005 -15"><span class='ocrx_word' id='word_1_688' title='bbox 2177 3916 2373 3973; x_wconf 82' lang='lat' dir='ltr'><strong>mentis</strong></span> <span class='ocrx_word' id='word_1_689' title='bbox 2401 3916 2677 3987; x_wconf 87' lang='lat' dir='ltr'><strong>impletur;</strong></span> <span class='ocrx_word' id='word_1_690' title='bbox 2707 3927 2764 3975; x_wconf 92' lang='lat' dir='ltr'><strong>et</strong></span> <span class='ocrx_word' id='word_1_691' title='bbox 2790 3919 2952 3977; x_wconf 90' lang='lat' dir='ltr'><strong>habet</strong></span> <span class='ocrx_word' id='word_1_692' title='bbox 2997 3922 3149 3979; x_wconf 89' lang='lat' dir='ltr'><strong>cibus</strong></span> <span class='ocrx_word' id='word_1_693' title='bbox 3176 3922 3277 3978; x_wconf 90' lang='lat' dir='ltr'><strong>iste</strong></span> <span class='ocrx_word' id='word_1_694' title='bbox 3305 3931 3550 3978; x_wconf 89' lang='lat' dir='ltr'><strong>terrenus</strong></span> <span class='ocrx_word' id='word_1_695' title='bbox 3600 3924 3769 3979; x_wconf 79' lang='lat' dir='ltr'><strong>vitam</strong></span> <span class='ocrx_word' id='word_1_696' title='bbox 3872 3926 3877 3943; x_wconf 83' lang='lat'>’</span> 
     </span>
    </p>
   </div>
   <div class='ocr_carea' id='block_1_97' title="bbox 2178 4009 3769 4086">
    <p class='ocr_par' dir='ltr' id='par_1_97' title="bbox 2178 4009 3769 4086">
     <span class='ocr_line' id='line_1_98' title="bbox 2178 4009 3769 4086; baseline 0.004 -21"><span class='ocrx_word' id='word_1_697' title='bbox 2178 4023 2352 4076; x_wconf 84' lang='lat' dir='ltr'><strong>suam,</strong></span> <span class='ocrx_word' id='word_1_698' title='bbox 2384 4010 2548 4066; x_wconf 85' lang='lat' dir='ltr'><strong>habet</strong></span> <span class='ocrx_word' id='word_1_699' title='bbox 2572 4019 2627 4066; x_wconf 90' lang='lat' dir='ltr'><strong>et</strong></span> <span class='ocrx_word' id='word_1_700' title='bbox 2674 4010 2762 4068; x_wconf 88' lang='lat' dir='ltr'><strong>ille</strong></span> <span class='ocrx_word' id='word_1_701' title='bbox 2788 4027 2944 4069; x_wconf 88' lang='lat' dir='ltr'><strong>suam</strong></span> <span class='ocrx_word' id='word_1_702' title='bbox 2969 4030 2981 4067; x_wconf 88' lang='lat'><strong>:</strong></span> <span class='ocrx_word' id='word_1_703' title='bbox 3012 4012 3171 4086; x_wconf 85' lang='lat' dir='ltr'><strong>hujus</strong></span> <span class='ocrx_word' id='word_1_704' title='bbox 3217 4010 3323 4071; x_wconf 88' lang='lat' dir='ltr'><strong>cibi</strong></span> <span class='ocrx_word' id='word_1_705' title='bbox 3350 4014 3457 4070; x_wconf 87' lang='lat' dir='ltr'><strong>vita</strong></span> <span class='ocrx_word' id='word_1_706' title='bbox 3486 4009 3769 4072; x_wconf 84' lang='lat' dir='ltr'><strong>hominum</strong></span> 
     </span>
    </p>
   </div>
   <div class='ocr_carea' id='block_1_98' title="bbox 2178 4102 3764 4180">
    <p class='ocr_par' dir='ltr' id='par_1_98' title="bbox 2178 4102 3764 4180">
     <span class='ocr_line' id='line_1_99' title="bbox 2178 4102 3764 4180; baseline 0.006 -21"><span class='ocrx_word' id='word_1_707' title='bbox 2178 4111 2279 4171; x_wconf 90' lang='lat' dir='ltr'><strong>est,</strong></span> <span class='ocrx_word' id='word_1_708' title='bbox 2310 4102 2452 4159; x_wconf 88' lang='lat' dir='ltr'><strong>illius</strong></span> <span class='ocrx_word' id='word_1_709' title='bbox 2471 4104 2576 4161; x_wconf 87' lang='lat' dir='ltr'><strong>cibi</strong></span> <span class='ocrx_word' id='word_1_710' title='bbox 2606 4105 2711 4160; x_wconf 85' lang='lat' dir='ltr'><strong>vita</strong></span> <span class='ocrx_word' id='word_1_711' title='bbox 2741 4104 3067 4176; x_wconf 83' lang='lat' dir='ltr'><strong>Angelorum</strong></span> <span class='ocrx_word' id='word_1_712' title='bbox 3110 4117 3215 4164; x_wconf 88' lang='lat' dir='ltr'><strong>est.</strong></span> <span class='ocrx_word' id='word_1_713' title='bbox 3247 4109 3457 4167; x_wconf 85' lang='lat' dir='ltr'><strong>Fideles</strong></span> <span class='ocrx_word' id='word_1_714' title='bbox 3485 4109 3764 4180; x_wconf 80' lang='lat' dir='ltr'><strong>homines,</strong></span> 
     </span>
    </p>
   </div>
   <div class='ocr_carea' id='block_1_99' title="bbox 2177 4195 3769 4273">
    <p class='ocr_par' dir='ltr' id='par_1_99' title="bbox 2177 4195 3769 4273">
     <span class='ocr_line' id='line_1_100' title="bbox 2177 4195 3769 4273; baseline 0.004 -22"><span class='ocrx_word' id='word_1_715' title='bbox 2177 4195 2395 4252; x_wconf 89' lang='lat' dir='ltr'><strong>discreti</strong></span> <span class='ocrx_word' id='word_1_716' title='bbox 2415 4196 2525 4267; x_wconf 82' lang='lat' dir='ltr'><strong>jam</strong></span> <span class='ocrx_word' id='word_1_717' title='bbox 2553 4196 2716 4253; x_wconf 90' lang='lat' dir='ltr'><strong>corde</strong></span> <span class='ocrx_word' id='word_1_718' title='bbox 2762 4212 2794 4252; x_wconf 90' lang='lat' dir='ltr'><strong>a</strong></span> <span class='ocrx_word' id='word_1_719' title='bbox 2841 4196 2998 4253; x_wconf 90' lang='lat' dir='ltr'><strong>turba</strong></span> <span class='ocrx_word' id='word_1_720' title='bbox 3050 4199 3387 4270; x_wconf 88' lang='lat' dir='ltr'><strong>inﬁdelium,</strong></span> <span class='ocrx_word' id='word_1_721' title='bbox 3438 4203 3682 4273; x_wconf 84' lang='lat' dir='ltr'><strong>suspensi</strong></span> <span class='ocrx_word' id='word_1_722' title='bbox 3710 4202 3769 4258; x_wconf 90' lang='lat' dir='ltr'><strong>in</strong></span> 
     </span>
    </p>
   </div>
   <div class='ocr_carea' id='block_1_100' title="bbox 2176 4288 3766 4367">
    <p class='ocr_par' dir='ltr' id='par_1_100' title="bbox 2176 4288 3766 4367">
     <span class='ocr_line' id='line_1_101' title="bbox 2176 4288 3766 4367; baseline 0.004 -21"><span class='ocrx_word' id='word_1_723' title='bbox 2176 4289 2343 4347; x_wconf 87' lang='lat' dir='ltr'><strong>Deum</strong></span> <span class='ocrx_word' id='word_1_724' title='bbox 2361 4329 2376 4355; x_wconf 91' lang='lat'><strong>,</strong></span> <span class='ocrx_word' id='word_1_725' title='bbox 2403 4289 2596 4360; x_wconf 89' lang='lat' dir='ltr'><strong>quibus</strong></span> <span class='ocrx_word' id='word_1_726' title='bbox 2622 4288 2837 4357; x_wconf 88' lang='lat' dir='ltr'><strong>dicitur,</strong></span> <span class='ocrx_word' id='word_1_727' title='bbox 2891 4289 3115 4348; x_wconf 85' lang='lat' dir='ltr'><strong>Sursum</strong></span> <span class='ocrx_word' id='word_1_728' title='bbox 3149 4308 3245 4348; x_wconf 91' lang='lat' dir='ltr'><strong>cor</strong></span> <span class='ocrx_word' id='word_1_729' title='bbox 3266 4335 3282 4359; x_wconf 91' lang='lat'><strong>,</strong></span> <span class='ocrx_word' id='word_1_730' title='bbox 3309 4293 3467 4348; x_wconf 88' lang='lat' dir='ltr'><strong>aliam</strong></span> <span class='ocrx_word' id='word_1_731' title='bbox 3493 4306 3643 4366; x_wconf 87' lang='lat' dir='ltr'><strong>spem</strong></span> <span class='ocrx_word' id='word_1_732' title='bbox 3669 4306 3766 4367; x_wconf 33' lang='lat' dir='ltr'><strong>ges</strong></span> 
     </span>
    </p>
   </div>
   <div class='ocr_carea' id='block_1_101' title="bbox 2175 4381 3766 4454">
    <p class='ocr_par' dir='ltr' id='par_1_101' title="bbox 2175 4381 3766 4454">
     <span class='ocr_line' id='line_1_102' title="bbox 2175 4381 3766 4454; baseline 0.004 -18"><span class='ocrx_word' id='word_1_733' title='bbox 2175 4392 2357 4438; x_wconf 87' lang='lat' dir='ltr'><strong>rentes</strong></span> <span class='ocrx_word' id='word_1_734' title='bbox 2378 4423 2392 4448; x_wconf 93' lang='lat'><strong>,</strong></span> <span class='ocrx_word' id='word_1_735' title='bbox 2429 4388 2484 4437; x_wconf 91' lang='lat' dir='ltr'><strong>et</strong></span> <span class='ocrx_word' id='word_1_736' title='bbox 2510 4381 2741 4451; x_wconf 86' lang='lat' dir='ltr'><strong>scientes</strong></span> <span class='ocrx_word' id='word_1_737' title='bbox 2757 4396 2816 4438; x_wconf 87' lang='lat' dir='ltr'><strong>se</strong></span> <span class='ocrx_word' id='word_1_738' title='bbox 2842 4384 3169 4454; x_wconf 85' lang='lat' dir='ltr'><strong>peregrinari</strong></span> <span class='ocrx_word' id='word_1_739' title='bbox 3194 4385 3247 4439; x_wconf 91' lang='lat' dir='ltr'><strong>in</strong></span> <span class='ocrx_word' id='word_1_740' title='bbox 3271 4383 3375 4439; x_wconf 87' lang='lat' dir='ltr'><strong>hoc</strong></span> <span class='ocrx_word' id='word_1_741' title='bbox 3392 4384 3623 4451; x_wconf 86' lang='lat' dir='ltr'><strong>mundo,</strong></span> <span class='ocrx_word' id='word_1_742' title='bbox 3645 4400 3766 4442; x_wconf 87' lang='lat' dir='ltr'><strong>me-</strong></span> 
     </span>
    </p>
   </div>
   <div class='ocr_carea' id='block_1_102' title="bbox 2174 4474 3768 4547">
    <p class='ocr_par' dir='ltr' id='par_1_102' title="bbox 2174 4474 3768 4547">
     <span class='ocr_line' id='line_1_103' title="bbox 2174 4474 3768 4547; baseline 0.001 -16"><span class='ocrx_word' id='word_1_743' title='bbox 2174 4476 2317 4531; x_wconf 87' lang='lat' dir='ltr'><strong>dium</strong></span> <span class='ocrx_word' id='word_1_744' title='bbox 2331 4474 2611 4545; x_wconf 89' lang='lat' dir='ltr'><strong>quemdam</strong></span> <span class='ocrx_word' id='word_1_745' title='bbox 2631 4475 2805 4530; x_wconf 89' lang='lat' dir='ltr'><strong>locum</strong></span> <span class='ocrx_word' id='word_1_746' title='bbox 2825 4482 3006 4531; x_wconf 89' lang='lat' dir='ltr'><strong>tenent</strong></span> <span class='ocrx_word' id='word_1_747' title='bbox 3021 4490 3148 4547; x_wconf 49' lang='lat' dir='ltr'><strong>:,nec</strong></span> <span class='ocrx_word' id='word_1_748' title='bbox 3164 4475 3267 4529; x_wconf 90' lang='lat' dir='ltr'><strong>illis</strong></span> <span class='ocrx_word' id='word_1_749' title='bbox 3279 4475 3623 4543; x_wconf 83' lang='lat' dir='ltr'><strong>comparandi</strong></span> <span class='ocrx_word' id='word_1_750' title='bbox 3637 4485 3768 4533; x_wconf 85' lang='lat' dir='ltr'><strong>sunt</strong></span> 
     </span>
    </p>
   </div>
   <div class='ocr_carea' id='block_1_103' title="bbox 2172 4565 3765 4639">
    <p class='ocr_par' dir='ltr' id='par_1_103' title="bbox 2172 4565 3765 4639">
     <span class='ocr_line' id='line_1_104' title="bbox 2172 4565 3765 4639; baseline 0.001 -17"><span class='ocrx_word' id='word_1_751' title='bbox 2172 4567 2263 4638; x_wconf 89' lang='lat' dir='ltr'><strong>qui</strong></span> <span class='ocrx_word' id='word_1_752' title='bbox 2306 4566 2439 4622; x_wconf 91' lang='lat' dir='ltr'><strong>nihil</strong></span> <span class='ocrx_word' id='word_1_753' title='bbox 2466 4566 2609 4623; x_wconf 89' lang='lat' dir='ltr'><strong>aliud</strong></span> <span class='ocrx_word' id='word_1_754' title='bbox 2655 4577 2841 4639; x_wconf 89' lang='lat' dir='ltr'><strong>putant</strong></span> <span class='ocrx_word' id='word_1_755' title='bbox 2879 4567 3098 4635; x_wconf 90' lang='lat' dir='ltr'><strong>bonum,</strong></span> <span class='ocrx_word' id='word_1_756' title='bbox 3122 4582 3277 4638; x_wconf 88' lang='lat' dir='ltr'><strong>quam</strong></span> <span class='ocrx_word' id='word_1_757' title='bbox 3299 4565 3505 4623; x_wconf 89' lang='lat' dir='ltr'><strong>deliciis</strong></span> <span class='ocrx_word' id='word_1_758' title='bbox 3530 4568 3765 4626; x_wconf 87' lang='lat' dir='ltr'><strong>terrenis</strong></span> 
     </span>
    </p>
   </div>
   <div class='ocr_carea' id='block_1_104' title="bbox 2172 4654 3763 4733">
    <p class='ocr_par' dir='ltr' id='par_1_104' title="bbox 2172 4654 3763 4733">
     <span class='ocr_line' id='line_1_105' title="bbox 2172 4654 3763 4733; baseline 0.003 -19"><span class='ocrx_word' id='word_1_759' title='bbox 2172 4659 2393 4729; x_wconf 79' lang='lat' dir='ltr'><strong>perfrui,</strong></span> <span class='ocrx_word' id='word_1_760' title='bbox 2411 4673 2506 4714; x_wconf 90' lang='lat' dir='ltr'><strong>nec</strong></span> <span class='ocrx_word' id='word_1_761' title='bbox 2525 4660 2803 4716; x_wconf 85' lang='lat' dir='ltr'><strong>illisadhuc</strong></span> <span class='ocrx_word' id='word_1_762' title='bbox 2819 4659 3059 4729; x_wconf 89' lang='lat' dir='ltr'><strong>supernis</strong></span> <span class='ocrx_word' id='word_1_763' title='bbox 3075 4659 3463 4717; x_wconf 85' lang='lat' dir='ltr'><strong>habitatoribus</strong></span> <span class='ocrx_word' id='word_1_764' title='bbox 3477 4660 3626 4727; x_wconf 75' lang='lat' dir='ltr'><strong>cmli,</strong></span> <span class='ocrx_word' id='word_1_765' title='bbox 3639 4654 3763 4733; x_wconf 89' lang='lat' dir='ltr'><strong>qui-</strong></span> 
     </span>
    </p>
   </div>
   <div class='ocr_carea' id='block_1_105' title="bbox 2172 4746 3763 4824">
    <p class='ocr_par' dir='ltr' id='par_1_105' title="bbox 2172 4746 3763 4824">
     <span class='ocr_line' id='line_1_106' title="bbox 2172 4746 3763 4824; baseline 0.002 -20"><span class='ocrx_word' id='word_1_766' title='bbox 2172 4746 2272 4805; x_wconf 90' lang='lat' dir='ltr'><strong>bus</strong></span> <span class='ocrx_word' id='word_1_767' title='bbox 2289 4748 2416 4805; x_wconf 84' lang='lat' dir='ltr'><strong>solae</strong></span> <span class='ocrx_word' id='word_1_768' title='bbox 2434 4749 2638 4806; x_wconf 67' lang='lat' dir='ltr'><strong>delicia:</strong></span> <span class='ocrx_word' id='word_1_769' title='bbox 2664 4759 2788 4806; x_wconf 90' lang='lat' dir='ltr'><strong>sunt</strong></span> <span class='ocrx_word' id='word_1_770' title='bbox 2815 4749 2969 4824; x_wconf 86' lang='lat' dir='ltr'><strong>panis</strong></span> <span class='ocrx_word' id='word_1_771' title='bbox 2991 4749 3106 4821; x_wconf 86' lang='lat' dir='ltr'><strong>ipse</strong></span> <span class='ocrx_word' id='word_1_772' title='bbox 3131 4765 3162 4806; x_wconf 86' lang='lat' dir='ltr'><strong>a</strong></span> <span class='ocrx_word' id='word_1_773' title='bbox 3188 4764 3295 4823; x_wconf 89' lang='lat' dir='ltr'><strong>quo</strong></span> <span class='ocrx_word' id='word_1_774' title='bbox 3313 4751 3484 4807; x_wconf 83' lang='lat' dir='ltr'><strong>creati</strong></span> <span class='ocrx_word' id='word_1_775' title='bbox 3507 4760 3654 4807; x_wconf 86' lang='lat' dir='ltr'><strong>sunt.</strong></span> <span class='ocrx_word' id='word_1_776' title='bbox 3678 4751 3763 4807; x_wconf 87' lang='lat' dir='ltr'><strong>liii</strong></span> 
     </span>
    </p>
   </div>
   <div class='ocr_carea' id='block_1_106' title="bbox 2174 4840 3762 4918">
    <p class='ocr_par' dir='ltr' id='par_1_106' title="bbox 2174 4840 3762 4918">
     <span class='ocr_line' id='line_1_107' title="bbox 2174 4840 3762 4918; baseline 0.004 -21"><span class='ocrx_word' id='word_1_777' title='bbox 2174 4843 2422 4900; x_wconf 89' lang='lat' dir='ltr'><strong>homines</strong></span> <span class='ocrx_word' id='word_1_778' title='bbox 2446 4845 2599 4916; x_wconf 88' lang='lat' dir='ltr'><strong>proni</strong></span> <span class='ocrx_word' id='word_1_779' title='bbox 2630 4845 2696 4901; x_wconf 90' lang='lat' dir='ltr'><strong>ad</strong></span> <span class='ocrx_word' id='word_1_780' title='bbox 2728 4856 2948 4913; x_wconf 89' lang='lat' dir='ltr'><strong>terram,</strong></span> <span class='ocrx_word' id='word_1_781' title='bbox 2982 4854 3190 4917; x_wconf 89' lang='lat' dir='ltr'><strong>pastum</strong></span> <span class='ocrx_word' id='word_1_782' title='bbox 3220 4855 3380 4918; x_wconf 90' lang='lat' dir='ltr'><strong>atque</strong></span> <span class='ocrx_word' id='word_1_783' title='bbox 3421 4846 3660 4904; x_wconf 71' lang='lat' dir='ltr'><strong>lanitium</strong></span> <span class='ocrx_word' id='word_1_784' title='bbox 3692 4840 3762 4905; x_wconf 86' lang='lat' dir='ltr'><strong>de</strong></span> 
     </span>
    </p>
   </div>
   <div class='ocr_carea' id='block_1_107' title="bbox 2170 4934 3758 5013">
    <p class='ocr_par' dir='ltr' id='par_1_107' title="bbox 2170 4934 3758 5013">
     <span class='ocr_line' id='line_1_108' title="bbox 2170 4934 3758 5013; baseline 0.003 -24"><span class='ocrx_word' id='word_1_785' title='bbox 2170 4934 2284 4989; x_wconf 82' lang='lat' dir='ltr'><strong>sola</strong></span> <span class='ocrx_word' id='word_1_786' title='bbox 2307 4949 2468 4991; x_wconf 86' lang='lat' dir='ltr'><strong>carne</strong></span> <span class='ocrx_word' id='word_1_787' title='bbox 2492 4936 2851 5007; x_wconf 85' lang='lat' dir='ltr'><strong>requirentes,</strong></span> <span class='ocrx_word' id='word_1_788' title='bbox 2868 4938 3154 5008; x_wconf 84' lang='lat' dir='ltr'><strong>pecoribus</strong></span> <span class='ocrx_word' id='word_1_789' title='bbox 3170 4950 3550 5010; x_wconf 89' lang='lat' dir='ltr'><strong>comparantur</strong></span> <span class='ocrx_word' id='word_1_790' title='bbox 3573 4939 3758 5013; x_wconf 73' lang='lat' dir='ltr'><strong>:longe</strong></span> 
     </span>
    </p>
   </div>
   <div class='ocr_carea' id='block_1_108' title="bbox 2170 5024 3758 5099">
    <p class='ocr_par' dir='ltr' id='par_1_108' title="bbox 2170 5024 3758 5099">
     <span class='ocr_line' id='line_1_109' title="bbox 2170 5024 3758 5099; baseline 0.005 -19"><span class='ocrx_word' id='word_1_791' title='bbox 2170 5025 2239 5081; x_wconf 89' lang='lat' dir='ltr'><strong>ab</strong></span> <span class='ocrx_word' id='word_1_792' title='bbox 2265 5026 2483 5099; x_wconf 86' lang='lat' dir='ltr'><strong>Angelis</strong></span> <span class='ocrx_word' id='word_1_793' title='bbox 2519 5026 2721 5083; x_wconf 87' lang='lat' dir='ltr'><strong>distant</strong></span> <span class='ocrx_word' id='word_1_794' title='bbox 2746 5036 2799 5084; x_wconf 90' lang='lat' dir='ltr'><strong>et</strong></span> <span class='ocrx_word' id='word_1_795' title='bbox 2826 5024 3135 5087; x_wconf 81' lang='lat' dir='ltr'><strong>conditione</strong></span> <span class='ocrx_word' id='word_1_796' title='bbox 3172 5037 3228 5085; x_wconf 85' lang='lat' dir='ltr'><strong>et</strong></span> <span class='ocrx_word' id='word_1_797' title='bbox 3271 5030 3541 5098; x_wconf 84' lang='lat' dir='ltr'><strong>moribus;</strong></span> <span class='ocrx_word' id='word_1_798' title='bbox 3570 5030 3758 5088; x_wconf 72' lang='lat' dir='ltr'><strong>condi-</strong></span> 
     </span>
    </p>
   </div>
   <div class='ocr_carea' id='block_1_109' title="bbox 2173 5116 3755 5193">
    <p class='ocr_par' dir='ltr' id='par_1_109' title="bbox 2173 5116 3755 5193">
     <span class='ocr_line' id='line_1_110' title="bbox 2173 5116 3755 5193; baseline 0.005 -20"><span class='ocrx_word' id='word_1_799' title='bbox 2173 5116 2337 5186; x_wconf 88' lang='lat' dir='ltr'><strong>tione,</strong></span> <span class='ocrx_word' id='word_1_800' title='bbox 2370 5120 2493 5190; x_wconf 89' lang='lat' dir='ltr'><strong>quia</strong></span> <span class='ocrx_word' id='word_1_801' title='bbox 2517 5119 2775 5178; x_wconf 85' lang='lat' dir='ltr'><strong>mortales</strong></span> <span class='ocrx_word' id='word_1_802' title='bbox 2814 5129 2971 5189; x_wconf 87' lang='lat' dir='ltr'><strong>sunt;</strong></span> <span class='ocrx_word' id='word_1_803' title='bbox 3022 5122 3287 5191; x_wconf 87' lang='lat' dir='ltr'><strong>moribus,</strong></span> <span class='ocrx_word' id='word_1_804' title='bbox 3319 5124 3445 5193; x_wconf 89' lang='lat' dir='ltr'><strong>quia</strong></span> <span class='ocrx_word' id='word_1_805' title='bbox 3476 5120 3755 5181; x_wconf 78' lang='lat' dir='ltr'><strong>luxuriosi.</strong></span> 
     </span>
    </p>
   </div>
   <div class='ocr_carea' id='block_1_110' title="bbox 2169 5208 3761 5286">
    <p class='ocr_par' dir='ltr' id='par_1_110' title="bbox 2169 5208 3761 5286">
     <span class='ocr_line' id='line_1_111' title="bbox 2169 5208 3761 5286; baseline 0.008 -22"><span class='ocrx_word' id='word_1_806' title='bbox 2169 5208 2314 5265; x_wconf 81' lang='lat' dir='ltr'><strong>inter</strong></span> <span class='ocrx_word' id='word_1_807' title='bbox 2341 5210 2489 5266; x_wconf 90' lang='lat' dir='ltr'><strong>illum</strong></span> <span class='ocrx_word' id='word_1_808' title='bbox 2512 5213 2767 5282; x_wconf 87' lang='lat' dir='ltr'><strong>populum</strong></span> <span class='ocrx_word' id='word_1_809' title='bbox 2793 5213 2920 5271; x_wconf 62' lang='lat' dir='ltr'><strong>cali</strong></span> <span class='ocrx_word' id='word_1_810' title='bbox 2948 5223 3005 5270; x_wconf 90' lang='lat' dir='ltr'><strong>et</strong></span> <span class='ocrx_word' id='word_1_811' title='bbox 3036 5216 3293 5286; x_wconf 84' lang='lat' dir='ltr'><strong>populum</strong></span> <span class='ocrx_word' id='word_1_812' title='bbox 3337 5223 3521 5283; x_wconf 64' lang='lat' dir='ltr'><strong>terrae,</strong></span> <span class='ocrx_word' id='word_1_813' title='bbox 3550 5212 3761 5277; x_wconf 78' lang='lat' dir='ltr'><strong>medius</strong></span> 
     </span>
    </p>
   </div>
   <div class='ocr_carea' id='block_1_111' title="bbox 2167 5299 3761 5376">
    <p class='ocr_par' dir='ltr' id='par_1_111' title="bbox 2167 5299 3761 5376">
     <span class='ocr_line' id='line_1_112' title="bbox 2167 5299 3761 5376; baseline 0.007 -22"><span class='ocrx_word' id='word_1_814' title='bbox 2167 5299 2399 5372; x_wconf 89' lang='lat' dir='ltr'><strong>quodam</strong></span> <span class='ocrx_word' id='word_1_815' title='bbox 2420 5301 2582 5358; x_wconf 88' lang='lat' dir='ltr'><strong>modo</strong></span> <span class='ocrx_word' id='word_1_816' title='bbox 2608 5302 2877 5375; x_wconf 83' lang='lat' dir='ltr'><strong>pendebat</strong></span> <span class='ocrx_word' id='word_1_817' title='bbox 2897 5305 3188 5376; x_wconf 83' lang='lat' dir='ltr'><strong>Apostolus</strong></span> <span class='ocrx_word' id='word_1_818' title='bbox 3215 5321 3230 5361; x_wconf 89' lang='lat'><strong>:</strong></span> <span class='ocrx_word' id='word_1_819' title='bbox 3254 5305 3378 5361; x_wconf 88' lang='lat' dir='ltr'><strong>illuc</strong></span> <span class='ocrx_word' id='word_1_820' title='bbox 3397 5306 3529 5372; x_wconf 80' lang='lat' dir='ltr'><strong>ibat,</strong></span> <span class='ocrx_word' id='word_1_821' title='bbox 3550 5306 3677 5365; x_wconf 86' lang='lat' dir='ltr'><strong>hinc</strong></span> <span class='ocrx_word' id='word_1_822' title='bbox 3698 5317 3761 5365; x_wconf 84' lang='lat' dir='ltr'><strong>se</strong></span> 
     </span>
    </p>
   </div>
   <div class='ocr_carea' id='block_1_112' title="bbox 2168 5394 3760 5464">
    <p class='ocr_par' dir='ltr' id='par_1_112' title="bbox 2168 5394 3760 5464">
     <span class='ocr_line' id='line_1_113' title="bbox 2168 5394 3760 5464; baseline 0.006 -16"><span class='ocrx_word' id='word_1_823' title='bbox 2168 5394 2459 5452; x_wconf 86' lang='lat' dir='ltr'><strong>attollebat.</strong></span> <span class='ocrx_word' id='word_1_824' title='bbox 2486 5394 2599 5453; x_wconf 85' lang='lat' dir='ltr'><strong>Nec</strong></span> <span class='ocrx_word' id='word_1_825' title='bbox 2622 5410 2745 5453; x_wconf 91' lang='lat' dir='ltr'><strong>cum</strong></span> <span class='ocrx_word' id='word_1_826' title='bbox 2772 5397 2876 5454; x_wconf 87' lang='lat' dir='ltr'><strong>illis</strong></span> <span class='ocrx_word' id='word_1_827' title='bbox 2894 5406 3072 5454; x_wconf 87' lang='lat' dir='ltr'><strong>tamen</strong></span> <span class='ocrx_word' id='word_1_828' title='bbox 3104 5404 3221 5455; x_wconf 87' lang='lat' dir='ltr'><strong>erat</strong></span> <span class='ocrx_word' id='word_1_829' title='bbox 3266 5397 3472 5464; x_wconf 87' lang='lat' dir='ltr'><strong>adhuc;</strong></span> <span class='ocrx_word' id='word_1_830' title='bbox 3512 5410 3639 5455; x_wconf 80' lang='lat' dir='ltr'><strong>nam</strong></span> <span class='ocrx_word' id='word_1_831' title='bbox 3683 5398 3760 5457; x_wconf 77' lang='lat' dir='ltr'><strong>di-</strong></span> 
     </span>
    </p>
   </div>
   <div class='ocr_carea' id='block_1_113' title="bbox 2166 5487 3755 5563">
    <p class='ocr_par' dir='ltr' id='par_1_113' title="bbox 2166 5487 3755 5563">
     <span class='ocr_line' id='line_1_114' title="bbox 2166 5487 3755 5563; baseline 0.003 -20"><span class='ocrx_word' id='word_1_832' title='bbox 2166 5496 2345 5555; x_wconf 85' lang='lat' dir='ltr'><strong>ceret,</strong></span> <span class='ocrx_word' id='word_1_833' title='bbox 2377 5487 2495 5545; x_wconf 70' lang='lat' dir='ltr'><strong>iam</strong></span> <span class='ocrx_word' id='word_1_834' title='bbox 2517 5489 2786 5560; x_wconf 86' lang='lat' dir='ltr'><strong>perlectus</strong></span> <span class='ocrx_word' id='word_1_835' title='bbox 2814 5506 2971 5546; x_wconf 85' lang='lat' dir='ltr'><strong>sum:</strong></span> <span class='ocrx_word' id='word_1_836' title='bbox 2993 5505 3093 5546; x_wconf 90' lang='lat' dir='ltr'><strong>nec</strong></span> <span class='ocrx_word' id='word_1_837' title='bbox 3112 5505 3237 5547; x_wconf 91' lang='lat' dir='ltr'><strong>cum</strong></span> <span class='ocrx_word' id='word_1_838' title='bbox 3264 5489 3381 5545; x_wconf 89' lang='lat' dir='ltr'><strong>istis</strong></span> <span class='ocrx_word' id='word_1_839' title='bbox 3403 5497 3540 5558; x_wconf 89' lang='lat' dir='ltr'><strong>erat,</strong></span> <span class='ocrx_word' id='word_1_840' title='bbox 3564 5488 3755 5563; x_wconf 77' lang='lat' dir='ltr'><strong>pigris,</strong></span> 
     </span>
    </p>
   </div>
   <div class='ocr_carea' id='block_1_114' title="bbox 2167 5578 3759 5652">
    <p class='ocr_par' dir='ltr' id='par_1_114' title="bbox 2167 5578 3759 5652">
     <span class='ocr_line' id='line_1_115' title="bbox 2167 5578 3759 5652; baseline 0.004 -19"><span class='ocrx_word' id='word_1_841' title='bbox 2167 5578 2411 5650; x_wconf 84' lang='lat' dir='ltr'><strong>torpidis,</strong></span> <span class='ocrx_word' id='word_1_842' title='bbox 2440 5580 2711 5648; x_wconf 87' lang='lat' dir='ltr'><strong>marcidis,</strong></span> <span class='ocrx_word' id='word_1_843' title='bbox 2744 5581 3118 5648; x_wconf 81' lang='lat' dir='ltr'><strong>somnolentis,</strong></span> <span class='ocrx_word' id='word_1_844' title='bbox 3145 5580 3280 5636; x_wconf 87' lang='lat' dir='ltr'><strong>nihil</strong></span> <span class='ocrx_word' id='word_1_845' title='bbox 3308 5580 3455 5637; x_wconf 84' lang='lat' dir='ltr'><strong>aliud</strong></span> <span class='ocrx_word' id='word_1_846' title='bbox 3490 5595 3612 5639; x_wconf 78' lang='lat' dir='ltr'><strong>esse</strong></span> <span class='ocrx_word' id='word_1_847' title='bbox 3647 5596 3759 5652; x_wconf 85' lang='lat' dir='ltr'><strong>pu-</strong></span> 
     </span>
    </p>
   </div>
   <div class='ocr_carea' id='block_1_115' title="bbox 2167 5670 3760 5745">
    <p class='ocr_par' dir='ltr' id='par_1_115' title="bbox 2167 5670 3760 5745">
     <span class='ocr_line' id='line_1_116' title="bbox 2167 5670 3760 5745; baseline 0.005 -23"><span class='ocrx_word' id='word_1_848' title='bbox 2167 5670 2425 5735; x_wconf 88' lang='lat' dir='ltr'><strong>tantibus,</strong></span> <span class='ocrx_word' id='word_1_849' title='bbox 2454 5671 2557 5726; x_wconf 91' lang='lat' dir='ltr'><strong>nisi</strong></span> <span class='ocrx_word' id='word_1_850' title='bbox 2600 5670 2743 5741; x_wconf 88' lang='lat' dir='ltr'><strong>quod</strong></span> <span class='ocrx_word' id='word_1_851' title='bbox 2771 5671 2953 5727; x_wconf 89' lang='lat' dir='ltr'><strong>vident</strong></span> <span class='ocrx_word' id='word_1_852' title='bbox 2976 5713 2992 5740; x_wconf 94' lang='lat'><strong>,</strong></span> <span class='ocrx_word' id='word_1_853' title='bbox 3020 5680 3074 5727; x_wconf 91' lang='lat' dir='ltr'><strong>et</strong></span> <span class='ocrx_word' id='word_1_854' title='bbox 3095 5670 3238 5743; x_wconf 88' lang='lat' dir='ltr'><strong>quod</strong></span> <span class='ocrx_word' id='word_1_855' title='bbox 3262 5674 3455 5729; x_wconf 86' lang='lat' dir='ltr'><strong>transit</strong></span> <span class='ocrx_word' id='word_1_856' title='bbox 3478 5715 3496 5743; x_wconf 93' lang='lat'><strong>,</strong></span> <span class='ocrx_word' id='word_1_857' title='bbox 3522 5683 3575 5729; x_wconf 86' lang='lat' dir='ltr'><strong>et</strong></span> <span class='ocrx_word' id='word_1_858' title='bbox 3612 5674 3760 5745; x_wconf 87' lang='lat' dir='ltr'><strong>quod</strong></span> 
     </span>
    </p>
   </div>
   <div class='ocr_carea' id='block_1_116' title="bbox 2170 5758 3759 5834">
    <p class='ocr_par' dir='ltr' id='par_1_116' title="bbox 2170 5758 3759 5834">
     <span class='ocr_line' id='line_1_117' title="bbox 2170 5758 3759 5834; baseline 0.008 -17"><span class='ocrx_word' id='word_1_859' title='bbox 2170 5761 2283 5818; x_wconf 86' lang='lat' dir='ltr'><strong>nati</strong></span> <span class='ocrx_word' id='word_1_860' title='bbox 2309 5767 2453 5831; x_wconf 86' lang='lat' dir='ltr'><strong>sunt,</strong></span> <span class='ocrx_word' id='word_1_861' title='bbox 2483 5770 2537 5821; x_wconf 82' lang='lat' dir='ltr'><strong>et</strong></span> <span class='ocrx_word' id='word_1_862' title='bbox 2565 5758 2706 5833; x_wconf 84' lang='lat' dir='ltr'><strong>quod</strong></span> <span class='ocrx_word' id='word_1_863' title='bbox 2736 5763 2985 5823; x_wconf 86' lang='lat' dir='ltr'><strong>morituri</strong></span> <span class='ocrx_word' id='word_1_864' title='bbox 3010 5772 3164 5834; x_wconf 77' lang='lat' dir='ltr'><strong>sunt;</strong></span> <span class='ocrx_word' id='word_1_865' title='bbox 3193 5776 3318 5823; x_wconf 82' lang='lat' dir='ltr'><strong>nam</strong></span> <span class='ocrx_word' id='word_1_866' title='bbox 3344 5760 3395 5824; x_wconf 79' lang='lat' dir='ltr'><strong>si</strong></span> <span class='ocrx_word' id='word_1_867' title='bbox 3421 5772 3543 5829; x_wconf 79' lang='lat' dir='ltr'><strong>cum</strong></span> <span class='ocrx_word' id='word_1_868' title='bbox 3561 5765 3639 5827; x_wconf 77' lang='lat' dir='ltr'><strong>eis</strong></span> <span class='ocrx_word' id='word_1_869' title='bbox 3665 5778 3759 5829; x_wconf 79' lang='lat' dir='ltr'><strong>es-</strong></span> 
     </span>
    </p>
   </div>
  </div>
