4140 6216
411 394 523 473 τσο

411 538 523 598 set,
553 543 662 586 non
684 529 918 596 diceret,
948 527 1143 601 Sequor
1171 528 1239 582 ad
1257 528 1481 601 palmam
1504 545 1562 582 su
1570 544 1738 599 perna:
1758 525 1983 581 vocatio-

540 620 852 679 Gubernare
874 623 1048 692 itaque
1075 623 1329 679 debemus
1375 632 1556 677 nostra
1601 622 1823 691 jejunia.
1865 620 1982 677 Non

362 720 365 775 !
408 714 642 784 esthoc,
671 725 729 771 ut
748 715 853 771 dixi
878 758 892 783 ,
922 714 1151 771 ofﬁcium
1199 714 1530 786 angelicum;
1576 730 1677 771 nec
1715 724 1890 771 tamen
1932 722 1988 769 et

407 807 620 867 illorum
640 805 916 862 hominum
968 807 1201 862 ofﬁcium
1243 814 1325 862 est
1365 806 1456 877 qui
1488 810 1657 862 ventri
1686 806 1925 860 serviunt
1968 823 1982 859 :

406 898 706 957 medietatis
730 888 925 954 nostra:
948 914 1036 955 res
1063 909 1144 955 est
1161 940 1175 963 ,
1204 915 1306 969 qua
1335 898 1563 955 vivimus
1590 898 1783 955 secreti
1816 898 1881 953 ab
1900 898 1987 971 in-

407 988 695 1058 ﬁdelibus,
752 989 1002 1063 conjungi
1077 990 1291 1062 Angelis
1369 990 1655 1045 inhiantes.
1739 988 1982 1043 Nondum

407 1083 767 1154 pervenimus,
819 1080 915 1138 sed
971 1080 1081 1153 jam
1154 1081 1291 1137 imus
1333 1100 1347 1135 :
1389 1081 1628 1136 nondum
1682 1081 1753 1135 ibi
1831 1080 1982 1135 laeta-

411 1189 576 1243 mur,
609 1175 707 1230 sed
727 1172 835 1243 jam
886 1158 973 1230 hic
1025 1174 1371 1245 suspiramus.
1438 1173 1574 1243 Quid
1634 1187 1763 1244 ergo
1826 1170 1980 1227 nobis

405 1265 626 1338 prodest
642 1266 908 1322 abstinere
952 1266 1282 1337 aliquantum
1313 1281 1341 1319 a
1363 1274 1517 1336 pastu
1545 1274 1599 1319 et
1643 1263 1825 1319 lmtitia
1863 1277 1982 1317 car-

416 1356 525 1412 nali
549 1355 574 1411 ‘t
600 1355 736 1413 Caro
758 1357 810 1412 in
836 1364 1033 1412 terram
1060 1357 1230 1427 cogit;
1250 1372 1403 1413 mens
1429 1370 1636 1410 sursum
1656 1355 1823 1410 tendit
1855 1370 1868 1407 :
1900 1369 1984 1408 ra-

405 1449 549 1519 pitur
574 1462 776 1518 amore,
815 1446 911 1505 sed
938 1448 1172 1503 tardatur
1200 1448 1457 1520 pondere.
1489 1447 1563 1502 De
1596 1446 1696 1501 hac
1737 1462 1796 1503 re
1833 1445 1982 1502 Scri-

405 1548 559 1610 ptura
600 1539 670 1594 ita
694 1538 927 1610 loquitur
956 1555 970 1594 :
1003 1536 1196 1611 Corpus
1243 1539 1376 1594 enim
1426 1537 1561 1608 quod
1598 1538 1941 1607 corrumpitur
1964 1577 1979 1602 ,

404 1639 646 1703 aggravet
663 1631 903 1696 animam,
925 1639 972 1685 et
991 1629 1226 1702 deprimit
1248 1639 1444 1684 terrena
1462 1629 1760 1683 inhabitatio
1781 1643 1982 1682 sensum

404 1718 563 1776 multa
592 1721 891 1793 cogitantem
915 1719 1067 1794 (Sap.
1097 1720 1299 1794 HAS).
1332 1714 1387 1776 Si
1406 1735 1534 1791 ergo
1554 1734 1681 1774 caro
1700 1719 1752 1774 in
1778 1726 1974 1774 terram

402 1825 627 1882 vergens
647 1827 782 1867 onus
806 1820 889 1867 est
908 1812 1131 1878 animae,
1160 1820 1215 1868 et
1244 1811 1451 1867 sarcina
1481 1826 1816 1883 prmgravans
1845 1825 1984 1880 pra:-

404 1901 700 1971 volantem;
720 1913 978 1974 quantum
999 1905 1221 1975 quisque
1243 1903 1539 1959 delectatur
1569 1904 1843 1974 superiore
1872 1903 1981 1958 vita

403 2007 522 2061 sua,
553 2001 757 2048 tantum
788 1992 1008 2063 deponit
1034 1991 1103 2048 de
1154 2002 1365 2049 terrena
1422 1994 1631 2049 sarcina
1679 2008 1795 2049 sua.
1840 1993 1981 2052 Ecce

401 2084 545 2157 quod
575 2085 781 2157 agimus
809 2084 1134 2157 jejunantes.

448 2175 699 2245 ,CAPUT
739 2174 826 2232 ιιι.
855 2178 997 2235 —3.
1022 2174 1286 2250 Jejunium
1311 2178 1648 2232 necessarium
1684 2178 1753 2232 ad
1780 2195 1980 2233 carnem
2016 2186 2025 2196 '

403 2268 729 2324 domandam.
756 2267 875 2323 Non
904 2269 1054 2325 vobis
1083 2283 1210 2340 ergo
1232 2267 1476 2324 videatur
1500 2268 1634 2325 levis
1663 2284 1750 2324 res
1770 2277 1861 2324 aut
1887 2286 1979 2325 su-

400 2362 625 2433 perflua,
656 2376 724 2417 ne
753 2360 1032 2433 quisquam
1058 2359 1198 2416 forte
1218 2358 1320 2415 hoc
1346 2360 1547 2416 faciens
1575 2360 1827 2416 Ecclesiae
1852 2376 1982 2416 con-

402 2454 699 2519 suetudine,
729 2453 924 2524 cogitet
960 2450 1100 2522 apud
1123 2467 1211 2519 se,
1254 2459 1310 2507 et
1338 2451 1477 2506 dicat
1499 2450 1631 2517 sibi,
1664 2460 1755 2506 aut
1784 2465 1978 2523 suggeo

353 2584 362 2594 -
403 2555 607 2601 reutem
640 2544 961 2599 intrinsecus
1012 2541 1195 2598 audiat
1239 2550 1555 2597 tentatorem
1583 2560 1596 2596 :
1625 2540 1761 2611 Quid
1816 2543 1973 2612 facis,

406 2636 527 2708 quia
548 2634 760 2707 jejunus
787 2633 812 2687 ?
852 2633 1141 2691 Defraudas
1165 2634 1395 2687 animam
1443 2641 1620 2700 tuam,
1653 2648 1761 2687 non
1792 2634 1842 2689 ei
1882 2634 1977 2691 das

403 2725 542 2797 quod
568 2739 687 2781 eam
706 2724 967 2792 delectat;
992 2724 1083 2779 tibi
1109 2723 1210 2794 ipsi
1238 2722 1436 2794 ingeris
1460 2736 1696 2795 poenam,
1719 2731 1838 2779 tuus
1864 2724 1978 2794 ipse

401 2824 573 2873 tortor
598 2825 651 2873 et
678 2817 940 2873 cruciator
980 2816 1184 2871 existis.
1217 2814 1327 2871 Deo
1373 2830 1500 2886 ergo
1544 2815 1716 2885 placet
1760 2816 1882 2885 quia
1920 2822 1975 2871 te

401 2907 651 2965 crucias?
674 2907 812 2980 Ergo
838 2907 1066 2965 crudelis
1095 2915 1204 2973 est,
1224 2906 1313 2978 qui
1334 2905 1634 2961 delectatur
1659 2907 1833 2978 prunis
1847 2907 1973 2960 tuis.

402 3002 685 3076 Responde
713 3001 1018 3075 huiusmodi
1041 3000 1291 3058 tentatori
1325 3017 1337 3053 :
1369 2998 1636 3053 Excrucio
1663 3013 1747 3054 me
1779 2998 1936 3068 plane
1958 3041 1972 3065 ,

402 3107 462 3153 ut
481 3096 570 3153 ille
595 3104 774 3168 parcat
790 3113 805 3162 ;
831 3094 899 3150 do
927 3093 994 3149 de
1019 3109 1104 3149 me
1130 3106 1344 3164 poenas,
1368 3097 1427 3146 ut
1456 3090 1543 3145 ille
1569 3091 1881 3156 subveniat,
1918 3096 1979 3144 ut

402 3187 641 3261 placeam
663 3187 829 3243 oculis
845 3187 981 3258 eius,
997 3192 1054 3241 ut
1073 3183 1329 3240 delectem
1347 3181 1667 3238 suavitatem
1689 3180 1823 3251 ejus.
1844 3180 1974 3235 Nam

403 3287 458 3335 et
484 3277 698 3333 victima
728 3274 1078 3341 excruciatur,
1109 3282 1166 3328 ut
1197 3274 1248 3328 in
1279 3286 1426 3327 aram
1456 3273 1777 3342 imponatur.
1807 3268 1976 3325 Minus

403 3378 610 3442 premet
637 3378 872 3423 mentem
900 3380 1074 3422 meam
1101 3379 1225 3420 caro
1254 3378 1392 3419 mea.
1436 3360 1505 3417 Et
1543 3362 1634 3417 tali
1680 3360 1974 3417 dissuasori

404 3460 546 3519 malo
564 3504 579 3531 ,
608 3474 764 3517 servo
790 3458 993 3515 ventris
1016 3499 1032 3526 ,
1078 3455 1344 3526 responde
1374 3468 1466 3525 per
1494 3454 1631 3509 hanc
1672 3451 1979 3508 similitudi-

403 3572 549 3625 nem,
576 3564 628 3611 et
648 3555 734 3610 dic
754 3552 832 3609 :Si
854 3553 1097 3623 jumento
1124 3547 1262 3605 forte
1279 3545 1561 3615 insidercs,
1586 3546 1629 3601 si
1648 3560 1783 3617 equo
1802 3555 1978 3601 utere-

402 3649 501 3719 ris,
515 3649 603 3721 qui
626 3657 676 3704 tc
688 3643 962 3718 gestiendo
977 3654 1155 3715 posset
1168 3639 1499 3713 prmcipitare
1518 3657 1532 3705 ;
1554 3653 1728 3693 nonne
1753 3647 1808 3693 ut
1819 3654 1978 3695 secu-

404 3756 497 3799 rus
520 3741 620 3795 iter
645 3752 831 3810 ageres
846 3777 861 3804 ,
886 3734 1081 3791 cibaria
1097 3731 1373 3790 ferocienti
1391 3729 1751 3797 subtraheres,
1771 3727 1978 3784 etiame

405 3833 652 3891 domares
676 3846 832 3903 quem
862 3827 1018 3884 freno
1051 3842 1155 3883 non
1189 3839 1374 3897 posses
1396 3824 1422 3878 ?
1448 3822 1583 3878 Caro
1611 3837 1727 3878 mea
1766 3822 1979 3891 jumen-

406 3933 516 3984 tum
540 3940 717 3982 meum
738 3930 822 3979 est
850 3939 864 3976 :
891 3921 992 3976 iter
1013 3933 1110 3990 ago
1139 3918 1190 3974 in
1218 3914 1534 3979 Jerusalem,
1570 3913 1876 3985 plerumque
1896 3928 1983 3969 me

405 4017 563 4088 rapit,
593 4024 647 4072 et
674 4013 740 4071 de
765 4012 847 4068 via
875 4020 1098 4068 conatur
1120 4008 1403 4067 excludere
1428 4007 1446 4039 ¹
1479 4023 1491 4060 :
1520 4005 1600 4059 via
1654 4012 1830 4058 autem
1860 4018 1976 4058 mea

406 4111 647 4170 Christus
675 4117 760 4166 est
785 4125 798 4162 :
833 4106 905 4163 ita
930 4104 1280 4161 exsultantem
1314 4113 1420 4155 non
1447 4097 1708 4153 cohibebo
1729 4095 1931 4166 jejunio
1958 4094 1983 4149 2

406 4203 602 4276 Siquis
653 4201 755 4258 hoc
780 4200 952 4273 sapit,
1000 4198 1158 4254 etiam
1216 4196 1331 4265 ipso
1387 4190 1754 4265 experimento
1797 4189 1986 4262 probat

408 4315 567 4373 quam
614 4299 814 4356 utiliter
845 4295 1136 4369 jejunetur.
1180 4288 1444 4361 Numquid
1483 4288 1624 4343 enim
1675 4300 1801 4342 caro
1849 4288 1982 4355 ista,

408 4410 528 4467 qua:
556 4409 698 4451 nunc
722 4391 989 4458 domatur,
1014 4400 1226 4458 semper
1251 4382 1552 4439 domabitur
1570 4380 1594 4435 ?
1614 4380 1746 4435 Dum
1780 4387 1986 4449 tempo-

406 4485 591 4543 raliter
616 4483 807 4553 ﬂuitat,
838 4478 963 4539 dum
988 4475 1330 4537 mortalitatis
1354 4471 1662 4529 conditione
1690 4485 1987 4543 praegrava-

408 4586 515 4647 tur,
542 4577 704 4634 habet
737 4572 1119 4632 exsultationes
1156 4584 1278 4626 suas
1305 4565 1608 4622 manifestas
1637 4575 1689 4620 et
1719 4563 1986 4635 periculo-

407 4684 497 4727 sas
521 4667 687 4724 menti
710 4674 925 4722 nostrte.
948 4663 1086 4719 Caro
1112 4668 1194 4717 est
1226 4659 1365 4716 enim
1392 4656 1567 4712 adhuc
1591 4654 1980 4726 corruptibilis,

408 4756 651 4816 nondum
677 4754 996 4821 resurrexit;
1022 4768 1145 4808 nam
1191 4765 1296 4806 non
1329 4762 1540 4821 semper
1561 4748 1637 4803 sic
1662 4748 1764 4802 erit
1808 4765 1819 4800 :
1850 4758 1987 4800 non-

411 4851 540 4908 dum
593 4845 752 4907 habet
796 4853 989 4903 statum
1030 4844 1305 4917 proprium
1350 4842 1582 4900 cmlestis
1626 4838 1984 4904 habitudlnis;

414 4941 651 5000 nondum
671 4936 813 4994 enim
846 4934 967 4991 facti
995 4948 1176 4990 sumus
1198 4933 1428 5001 aequales
1460 4930 1676 5000 Angelis
1704 4930 1817 4985 Dei.

486 5028 712 5091 CAPUT
747 5026 837 5088 IV.
876 5055 951 5068 —-
977 5026 1031 5082 4.
1077 5020 1475 5077 Manichwor‘um
1524 5035 1663 5075 error
1702 5021 1763 5074 de
1820 5034 1991 5090 pugna

416 5122 583 5179 carnis
624 5129 670 5178 et
692 5120 919 5193 spiritus.
944 5110 1123 5173 Carnis
1153 5127 1321 5184 pugna
1348 5125 1492 5182 pama
1526 5108 1735 5178 peccati.
1760 5106 1837 5163 Ne
1862 5122 1990 5178 ergo

418 5215 704 5279 arbitretur
729 5208 947 5269 Dilectio
976 5213 1172 5274 vestra,
1196 5201 1334 5277 quod
1353 5199 1564 5256 inimica
1580 5200 1649 5255 sit
1676 5214 1800 5256 caro
1830 5200 1991 5269 spiri-

418 5310 518 5376 tui,
543 5307 694 5384 quasi
713 5308 847 5363 alter
872 5302 940 5361 sit
962 5308 1147 5358 auctor
1171 5295 1367 5361 carnis,
1408 5290 1543 5348 alter
1571 5292 1641 5347 sit
1665 5301 1851 5384 auctor
1879 5290 1993 5384 spi-

418 5382 571 5465 ritus.
598 5398 750 5459 Multi
776 5396 920 5459 enim
966 5393 1070 5450 hoc
1108 5396 1352 5462 putantes
1399 5398 1526 5441 vere
1574 5383 1710 5453 rapti
1765 5382 1832 5437 ab
1877 5382 1991 5454 ipsa

418 5509 583 5554 carne
609 5493 908 5557 deviarunt,
940 5496 992 5544 et
1011 5485 1232 5542 alterum
1263 5489 1535 5537 auctorem
1572 5477 1741 5545 carni,
1767 5475 1993 5533 alterum

415 5585 629 5661 spiritui
658 5587 973 5657 posuerunt.
1005 5572 1237 5633 Utuntur
1262 5579 1437 5629 autem
1482 5567 1633 5641 quasi
1688 5567 1994 5661 testimonio

420 5660 735 5752 apostolico,
762 5672 902 5750 quod
923 5687 1029 5730 non
1049 5667 1344 5740 intelligunt
1372 5685 1384 5721 :
1418 5663 1547 5721 Caro
1568 5662 1875 5735 concupiscit
1902 5660 1998 5717 ad-

419 5788 592 5833 sursus
623 5771 875 5843 spiritum,
903 5772 950 5822 et
988 5761 1195 5836 spiritus
1223 5760 1459 5815 adversus
1490 5774 1691 5814 carnem
1713 5753 1915 5827 (Galat.
1940 5768 1993 5823 ν,

485 5885 505 5921 ³
536 5887 694 5947 Forte,
715 5882 956 5935 excutere.

1537 410 1762 472 SERMO
1799 409 1889 467 DE
1943 405 2309 468 UTILITATE
2344 409 2614 470 JEJUNIE.

3560 422 3668 481 τω

2094 524 2204 599 i7).
2237 524 2349 580 Hoc
2369 540 2553 581 verum
2573 532 2686 592 est;
2719 522 2810 581 sed
2840 539 3004 597 quare
3025 533 3079 582 ct
3106 527 3247 584 aliud
3270 541 3377 585 non
3404 533 3667 592 attendis:

2096 619 2261 675 Nemo
2287 622 2418 675 enim
2438 636 2661 686 unquam
2682 636 2884 674 carnem
2904 637 3050 675 suam
3079 621 3196 676 odio
3226 622 3407 686 habet;
3444 625 3534 679 sed
3569 641 3670 680 nu-

2094 711 2179 764 trit
2198 721 2243 765 ct
2266 713 2394 782 fovet
2417 728 2543 775 eant,
2590 712 2715 765 sicut
2741 718 2785 764 et
2810 709 3041 766 Christus
3075 711 3353 775 Ecclesium
3377 712 3592 785 (Ephes.
3612 716 3707 785 νὴ

2092 800 2224 871 29)?
2251 800 2308 855 lu
2361 801 2449 855 illa
2502 802 2671 870 prima
2718 803 2977 858 sententia
3018 818 3175 874 quam
3217 808 3669 875 commemoravi,

2092 894 2243 964 quasi
2286 894 2526 964 quaedam
2586 893 2723 950 lucta
2770 896 2992 952 duorum
3048 897 3385 953 inimicorum
3441 900 3671 969 videtur,

2092 985 2266 1039 carnis
2295 993 2347 1040 et
2368 986 2620 1055 spiritus;
2644 988 2764 1057 quia
2786 1004 2905 1043 caro
2931 990 3242 1061 concupiscit
3268 989 3506 1046 adversus
3520 994 3675 1062 spiri-

2093 1082 2220 1140 tum,
2246 1084 2290 1130 et
2334 1077 2542 1147 spiritus
2584 1078 2822 1134 adversus
2851 1094 3073 1135 carnem.
3099 1079 3154 1135 In
3186 1079 3286 1136 hac
3327 1091 3504 1137 autem
3548 1076 3675 1138 tam

2092 1181 2248 1237 quam
2288 1170 2554 1238 copulatio
2583 1171 2912 1243 conjugalis:
2949 1170 3111 1227 Nemo
3140 1172 3273 1227 enim
3305 1189 3527 1245 unquam
3552 1188 3644 1229 car

2091 1275 2204 1313 nem
2228 1277 2372 1315 suam
2395 1262 2511 1315 odio
2538 1262 2715 1327 habet;
2754 1264 2843 1319 sed
2869 1264 3090 1339 nutrite!
3127 1268 3257 1336 fovet
3295 1282 3439 1334 eam,
3470 1269 3674 1324 sicutct
3766 1326 3769 1327 ν

2092 1351 2319 1405 Christus
2342 1353 2638 1409 Ecclesium.
2665 1356 2800 1424 Quid
2824 1372 2951 1428 ergo
2992 1357 3215 1415 facimus
3252 1358 3392 1416 inter
3412 1359 3508 1418 has
3536 1362 3671 1419 duas

2091 1444 2426 1498 sententias?
2454 1444 2512 1500 Si
2560 1450 2840 1503 contrariae
2894 1457 3054 1518 sunt,
3112 1465 3268 1523 quam
3319 1467 3670 1523 respuemus,

2090 1548 2248 1605 quam
2276 1538 2619 1595 tenebimus?
2645 1538 2750 1596 Sed
2784 1557 2888 1597 non
2914 1552 3039 1598 sunt
3079 1545 3383 1600 contrariae.
3428 1544 3675 1604 lntendat

2090 1627 2233 1683 enim
2258 1626 2504 1685 Charitas
2530 1638 2704 1686 vestra
2736 1650 2749 1686 :
2793 1631 3007 1690 interim
3028 1648 3127 1707 ego
3147 1634 3331 1693 ambas
3354 1638 3556 1708 accipio
3574 1680 3588 1705 ,
3618 1649 3675 1697 et

2089 1722 2273 1777 ambas
2297 1724 2592 1780 concordes
2616 1768 2630 1792 ,
2662 1736 2915 1796 quantum
2958 1737 3182 1799 potuero
3210 1769 3225 1796 ,
3270 1726 3670 1788 demonstrabo.

2091 1811 2169 1866 Tu
2198 1821 2375 1869 autem
2403 1815 2643 1885 quisquis
2672 1817 2830 1871 alium
2858 1826 3128 1873 auctorem
3155 1820 3333 1875 carnis
3355 1819 3669 1890 constituis,

2090 1901 2253 1957 alium
2279 1905 2516 1973 spiritus,
2547 1904 2616 1960 de
2636 1905 2725 1960 illa
2756 1905 2881 1976 quid
2909 1908 3020 1977 agis
3038 1908 3064 1960 Y
3086 1907 3253 1963 Nemo
3281 1909 3415 1963 enim
3445 1924 3669 1980 unquam

2088 2008 2290 2047 carnem
2316 2011 2459 2049 suam
2484 1996 2600 2050 odio
2622 1996 2804 2065 habet,
2827 1997 2917 2053 sed
2945 1999 3101 2053 nutrit
3124 2007 3171 2054 et
3212 1997 3341 2070 fouet
3366 2014 3478 2056 eam
3500 2042 3517 2069 ,
3541 2002 3674 2057 sim

2088 2082 2315 2140 Christus
2340 2082 2644 2140 Ecclesiam.
2668 2085 2765 2142 Vel
2793 2086 3088 2144 similitudo
3106 2102 3215 2145 non
3239 2095 3293 2145 te
3318 2091 3526 2146 terret?
3543 2091 3670 2162 quia

2088 2175 2265 2243 nutrit,
2290 2175 2477 2246 inquit,
2511 2185 2559 2232 et
2579 2181 2709 2248 fovet
2733 2193 2863 2246 eam,
2885 2178 3012 2234 sicut
3036 2188 3083 2233 et
3103 2176 3335 2236 Christus
3366 2180 3668 2237 Ecclesium.

2087 2264 2412 2335 Compedem
2456 2277 2610 2339 putas
2659 2283 2873 2326 carnem
2923 2288 2934 2322 :
2986 2271 3107 2341 quis
3158 2280 3304 2327 amat
3350 2273 3670 2343 compedetu

2087 2372 2237 2413 suam
2264 2357 2591 2414 ?Carcerem
2615 2367 2769 2430 putas
2799 2374 3013 2416 carnem
3038 2377 3056 2414 :
3077 2362 3197 2431 quis
3225 2370 3370 2417 amat
3394 2374 3670 2420 carcerem

2087 2462 2244 2503 suum
2289 2449 2312 2501 ‘t
2349 2447 2513 2503 Nemo
2536 2450 2669 2504 enim
2709 2466 2931 2522 unquam
2957 2466 3159 2506 carnem
3184 2466 3330 2506 suam
3355 2453 3474 2507 odio
3500 2454 3668 2508 habet.

2085 2539 2215 2606 Quis
2239 2554 2346 2593 non
2367 2539 2540 2595 oderit
2561 2539 2830 2596 vinculum
2858 2554 3013 2597 suum
3038 2541 3200 2611 iquis
3222 2556 3328 2597 non
3352 2541 3531 2598 oderit
3548 2554 3670 2612 pa-

2086 2643 2209 2684 nam
2234 2629 2428 2684 suam?
2457 2628 2527 2685 Et
2564 2638 2741 2687 tamen
2762 2672 2776 2698 ,
2808 2629 2973 2687 Nemo
3013 2646 3237 2702 mquam
3280 2646 3484 2688 carnem
3519 2645 3669 2691 sum

2091 2720 2208 2774 odio
2233 2720 2414 2786 habet;
2437 2720 2525 2776 sed
2547 2721 2707 2775 nutrit
2724 2730 2773 2777 et
2800 2724 2931 2794 fovet
2958 2738 3090 2790 eam,
3115 2724 3243 2778 sicut
3262 2730 3311 2779 et
3325 2722 3552 2779 Christus
3570 2723 3672 2779 Ec-

2086 2810 2407 2867 clesiam.Tu
2433 2826 2560 2884 ergo
2606 2814 2699 2884 qui
2742 2813 2904 2869 alium
2946 2820 3219 2871 auctorem
3274 2816 3430 2886 ponis
3472 2813 3621 2873 οπιή
3646 2850 3667 2884 ,

2085 2900 2247 2959 alium
2276 2914 2546 2961 auctorem
2568 2906 2802 2976 spiritui,
2831 2905 2992 2962 alium
3015 2909 3285 2979 positurus
3306 2922 3368 2965 es
3384 2902 3663 2976 Ecdesie,

2086 2994 2245 3049 alium
2270 2994 2483 3052 Christo
2512 3013 2526 3049 :
2555 2997 2696 3067 quod
2723 2997 2815 3068 qui
2840 2998 2978 3069 sapit
3000 3040 3015 3064 ,
3045 2999 3262 3070 desipit.
3315 2999 3496 3071 Diligis
3534 3012 3667 3071 ergo

2086 3086 2449 3157 unusquisque
2475 3100 2690 3143 carnem
2718 3102 2886 3156 suam,
2919 3092 3210 3160 Apostolus
3231 3092 3383 3158 dicit,
3398 3101 3455 3148 et
3476 3101 3671 3163 praeter

2085 3176 2325 3246 Apostoli
2349 3176 2544 3231 dictum
2577 3179 2940 3249 unusquisque
2966 3180 3021 3235 in
3047 3196 3105 3236 se
3129 3182 3337 3251 probat.
3368 3184 3671 3251 Quantum

2086 3269 2218 3324 libet
2241 3269 2382 3323 enim
2414 3268 2487 3324 sis
2509 3268 2753 3325 domatur
2781 3271 2958 3325 carnis
2977 3312 2991 3338 ,
3014 3272 3340 3343 quantalibet
3356 3272 3416 3327 in
3442 3286 3671 3333 eamse-

2086 3361 2311 3418 veritate
2337 3362 2667 3427 accendaris,
2696 3364 2878 3419 nescio
2930 3373 3108 3420 utrum
3135 3381 3245 3422 non
3292 3366 3510 3424 claudes
3532 3378 3669 3426 eou-

2087 3452 2195 3508 lum
2216 3492 2232 3520 ,
2258 3452 2304 3508 si
2333 3454 2524 3525 aliquis
2550 3454 2684 3510 ictus
2713 3453 3010 3511 immineat.

2094 3558 2101 3567 ’
2160 3568 2211 3624 5.
2245 3567 2341 3624 Est
2364 3585 2491 3641 ergo
2516 3570 2669 3641 quasi
2716 3569 2979 3641 quoddam
3010 3571 3312 3643 conjugium
3358 3572 3574 3645 spiritus
3614 3581 3670 3631 et

2087 3661 2281 3717 carnis.
2310 3660 2461 3718 Unde
2482 3677 2607 3734 ergo
2629 3679 2746 3717 caro
2772 3665 3076 3735 concupiscit
3124 3663 3362 3719 adversus
3403 3665 3660 3736 spiritum,

2090 3765 2136 3810 et
2162 3755 2366 3827 spiritus
2386 3756 2623 3809 adversus
2648 3754 2892 3810 carnem?
2914 3755 3051 3810 unde
3084 3755 3181 3810 ista
3211 3771 3385 3825 paena,
3410 3772 3528 3827 quae
3567 3757 3670 3813 du-

2089 3854 2172 3901 cta
2221 3856 2302 3901 est
2349 3844 2419 3899 de
2471 3838 2655 3899 mortis
2704 3846 2993 3916 propagine
3034 3844 3243 3901 ?Unde
3290 3845 3494 3901 dictum
3531 3856 3663 3920 est,

2093 3936 2278 3990 Omnes
2306 3937 2359 3989 in
2387 3935 2549 3989 Adam
2584 3937 2868 3990 moriuntur
2911 3935 2951 4010 (Ι
2974 3934 3092 3991 Cor.
3127 3953 3217 4003 xv,
3244 3936 3336 4009 2‘2)
3374 3938 3398 3991 ?
3426 3945 3482 3993 et
3528 3939 3671 3998 unde

2090 4025 2215 4080 dicit
2248 4020 2562 4096 Apostolus,
2595 4023 2809 4081 Fuimus
2835 4026 3110 4098 aliquando
3135 4035 3181 4081 et
3210 4044 3301 4083 nos
3341 4037 3533 4083 natura
3574 4028 3673 4100 [itii

2050 4142 2053 4145 ι
2089 4116 2200 4184 εγω,
2227 4116 2357 4170 sicut
2380 4117 2610 4170 εἱειειεή
2633 4114 2858 4188 (Ephes.
2891 4132 2949 4185 ιι,
2978 4114 3083 4190 3)?
3128 4118 3349 4190 Accepit
3391 4120 3534 4174 enim
3576 4118 3672 4178 ille

2089 4208 2377 4263 vindictam
2405 4208 2609 4272 mortis,
2640 4209 2706 4264 de
2748 4225 2852 4280 quo
2885 4211 2991 4264 nati
3021 4226 3203 4267 sumus
3226 4254 3244 4281 ,
3300 4219 3354 4269 et
3407 4210 3670 4269 trahimus

2091 4298 2232 4371 quod
2259 4301 2569 4356 vincamus:
2594 4308 2648 4356 et
2677 4299 2797 4356 ideo
2822 4302 3247 4372 concupiscimus
3272 4302 3528 4359 adversus
3550 4315 3672 4359 car-

2092 4406 2237 4457 nem,
2266 4398 2325 4445 ut
2350 4390 2505 4446 nobis
2526 4391 2782 4447 domitam
2811 4407 3025 4448 carnem
3063 4392 3407 4463 subjiciamus
3428 4436 3443 4461 ,
3467 4399 3522 4450 et
3550 4408 3673 4451 eam

2092 4478 2159 4537 ad
2184 4480 2536 4537 ohediendum
2559 4482 2912 4538 attrahamus.
2958 4482 3223 4554 Numquid
3250 4498 3376 4553 ergo
3424 4484 3635 4539 odimus
3655 4525 3671 4553 ,

2093 4587 2251 4644 quam
2279 4572 2434 4628 nobis
2465 4572 2711 4643 cupimus
2730 4572 2948 4628 obedire
2975 4573 2999 4627 ἲ
3030 4570 3129 4628 Dat
3156 4574 3521 4644 unusquisque
3540 4576 3673 4631 etin

2093 4662 2253 4717 domo
2302 4678 2396 4718 sua
2447 4662 2760 4732 plerumque
2801 4661 3134 4732 disciplinam
3174 4663 3387 4734 coniugi
3433 4676 3579 4731 suae;
3616 4670 3673 4721 et

2094 4766 2209 4807 eam
2237 4751 2817 4823 subjugatrenitentem
2839 4793 2854 4818 ,
2883 4766 2987 4807 non
3021 4755 3361 4823 persequitur
3388 4753 3670 4811 inimican-

2093 4850 2225 4898 tem.
2256 4840 2449 4897 Filium
2493 4851 2638 4897 tuum
2684 4842 2901 4910 domas,
2930 4852 2987 4899 ut
3015 4842 3109 4898 tibi
3135 4843 3382 4900 obediat:
3412 4846 3668 4918 numquid

2095 4932 2252 4989 odisti
2280 4931 2304 4985 ?
2331 4932 2584 5002 numquid
2607 4932 2832 5002 deputas
2858 4933 3131 4988 inimicum
3160 4934 3184 4988 ?
3209 4932 3435 4990 Servum
3461 4944 3670 5007 postre-

2095 5040 2183 5081 mo
2206 5032 2351 5080 tuum
2373 5022 2546 5095 diligis
2572 5033 2625 5079 et
2646 5023 2891 5095 castigas,
2922 5033 2975 5080 et
3002 5023 3055 5079 in
3083 5024 3389 5096 castigando
3415 5025 3673 5083 obedienn

2097 5127 2201 5175 tem
2232 5117 2384 5174 facis.
2430 5115 2603 5171 Habes
2629 5116 2696 5172 de
2725 5116 2825 5171 bac
2872 5130 2933 5171 re
2962 5115 3127 5186 ipsius
3175 5117 3416 5188 Apostoli
3456 5117 3674 5173 mauife.

2097 5217 2230 5264 stam
2259 5208 2572 5280 plenamque
2592 5206 2909 5262 sententiam
2935 5222 2947 5260 :
2980 5204 3100 5260 Non
3124 5206 3199 5261 sic
3247 5220 3426 5275 curro,
3464 5204 3669 5277 inquit,

2098 5309 2336 5369 tanquam
2354 5298 2408 5352 in
2426 5298 2693 5363 incertum;
2720 5313 2822 5351 non
2848 5297 2922 5351 sic
2943 5296 3187 5369 pugillor,
3217 5298 3364 5365 quasi
3380 5314 3545 5351 acrem
3568 5310 3671 5351 cte-

2101 5390 2223 5446 dens
2244 5406 2262 5444 :
2283 5388 2374 5444 sed
2404 5387 2594 5460 castigo
2622 5404 2806 5459 corpus
2822 5403 3010 5456 meum,
3034 5396 3082 5442 et
3098 5389 3155 5443 in
3172 5388 3456 5443 servitutem
3476 5388 3677 5459 redigo;

2100 5499 2163 5537 ne
2186 5485 2314 5555 forte
2332 5480 2446 5537 aliis
2472 5479 2774 5551 praedicans,
2818 5482 2929 5551 ipse
2966 5480 3210 5551 reprobus
3226 5480 3459 5535 inveniar
3484 5480 3526 5549 (Ι
3546 5479 3671 5534 Cor.

2101 5587 2174 5639 rx,
2202 5572 2273 5628 26
2302 5580 2350 5626 et
2372 5571 2491 5644 97).
2520 5569 2692 5627 Habet
2718 5584 2846 5642 ergo
2870 5584 2999 5626 caro
3021 5585 3087 5627 ex
3112 5569 3415 5626 conditione
3451 5570 3671 5628 nonali

2102 5664 2252 5734 quasi
2270 5663 2525 5733 quosdam
2546 5670 2786 5718 terrenos
2801 5662 3064 5733 appetitus
3080 5674 3205 5717 suos
3237 5676 3250 5716 :
3274 5661 3326 5716 in
3339 5660 3443 5716 hos
3473 5660 3567 5717 tibi
3582 5662 3671 5733 jus

2102 5757 2234 5814 freni
2257 5771 2567 5813 concessum
2594 5765 2694 5812 est.
2725 5754 2897 5827 Rogat
2920 5762 2973 5812 te
2993 5754 3335 5828 prmpositus,
3360 5762 3419 5809 ut
3454 5754 3621 5825 possit
3645 5770 3676 5809 α

2106 5860 2159 5910 te
2179 5851 2290 5923 regi
2318 5842 2600 5922 subjectus.
2628 5846 2770 5907 intra
2803 5856 2856 5907 te
2893 5855 2977 5906 est
3014 5859 3143 5906 caro
3170 5850 3280 5916 tua,
3326 5855 3489 5915 supra
3517 5851 3682 5903 te-est
