4140 6216
466 381 574 440 7H

467 496 614 552 Deus
643 482 766 567 ttius
808 509 821 548 :
855 505 973 547 cum
1000 487 1078 544 vis
1109 495 1164 541 ut
1195 487 1397 542 serviat
1421 487 1508 543 tibi
1539 500 1665 542 caro
1695 495 1779 540 tua
1800 525 1815 553 ,
1861 485 2047 542 admo-

468 589 616 644 neris
640 581 904 656 quomodo
933 591 983 635 tc
1009 588 1252 650 Oporteat
1279 579 1483 634 servire
1511 579 1621 632 Deo
1661 587 1771 632 tuo.
1805 577 2048 632 Attendis

469 677 612 749 quod
641 677 739 730 sub
761 686 810 729 te
835 685 914 728 est
939 715 952 739 ,
987 671 1198 725 attende
1225 680 1278 726 et
1306 671 1445 741 quod
1487 685 1645 739 supra
1678 678 1729 724 te
1750 677 1850 723 est.
1881 668 2048 739 Leges

469 773 523 827 in
555 768 855 824 inferiorem
875 781 978 820 non
999 765 1190 829 habes,
1226 764 1324 818 nisi
1355 778 1383 816 τι
1412 763 1708 827 superiore.
1741 761 1937 816 Servus
1964 776 2043 827 es,

466 875 682 917 servum
706 858 870 912 habes
902 875 915 909 :
949 856 1041 911 sed
1069 857 1321 910 Dominus
1349 855 1482 908 duos
1509 869 1694 909 servos
1715 854 1894 919 habet.
1925 852 2050 909 Ser-

466 972 563 1010 vus
587 965 707 1008 tuus
728 954 847 1023 plus
876 953 1031 1006 estin
1060 959 1323 1020 potestate
1368 948 1578 1003 Domini
1621 948 1737 1012 tui,
1780 963 1938 1018 quam
1994 946 2048 1002 in

467 1055 577 1100 tua.
625 1044 808 1113 Itaque
855 1042 933 1095 vis
981 1041 1074 1095 tibi
1141 1038 1345 1094 obediri
1393 1053 1422 1092 a
1462 1053 1656 1103 carne;
1703 1036 1957 1108 numquid
1983 1038 2049 1111 in

465 1136 718 1193 omnibus
746 1135 960 1206 potest?
980 1133 1037 1189 In
1057 1134 1301 1188 omnibus
1316 1133 1648 1202 obtemperat
1671 1133 1897 1188 Domino
1920 1141 2046 1199 tuo;

467 1246 574 1285 non
603 1230 652 1282 in
694 1227 938 1282 omnibus
982 1227 1314 1295 obtemperat
1343 1225 1459 1278 tibi.
1489 1223 1765 1291 Quomodo
1786 1266 1798 1289 ,
1830 1223 2049 1294 inquis?

469 1316 919 1387 Ambulas,pedes
945 1331 1147 1382 moves,
1173 1315 1412 1384 sequitur
1445 1333 1457 1368 :
1488 1312 1582 1369 sed
1601 1313 1855 1384 numquid
1883 1329 2049 1384 quan-

466 1419 577 1464 tum
592 1411 670 1466 vis
692 1409 784 1463 ibit
802 1417 974 1463 tecum
1005 1407 1322 1460 ?Animatur
1342 1421 1372 1458 a
1413 1413 1494 1471 te,
1523 1404 1775 1473 numquid
1799 1404 2049 1475 quamdiu

462 1502 578 1558 vis?
595 1499 845 1570 numquid
863 1497 1076 1570 quando
1091 1498 1194 1563 vis,
1214 1496 1399 1551 doles?
1415 1495 1627 1566 quando
1649 1495 1746 1563 vis,
1770 1510 1931 1550 sanus
1951 1496 2047 1550 es?

465 1597 698 1652 Exercet
715 1595 855 1649 enim
887 1602 938 1647 te
952 1593 1258 1662 plerumque
1283 1589 1539 1643 Dominus
1566 1595 1686 1642 tuus
1713 1602 1805 1657 per
1830 1602 2047 1643 servum

465 1697 654 1755 tuum;
705 1695 764 1742 ut
810 1686 934 1756 quia
983 1683 1125 1739 fuisti
1167 1681 1378 1737 Domini
1408 1689 1764 1752 contemptor,
1793 1681 2049 1736 merearis

465 1778 737 1836 emendari
766 1793 862 1849 per
890 1791 1124 1832 servum.

534 1869 760 1927 CAPUT
799 1869 856 1923 V.
884 1897 956 1908 —-
988 1867 1041 1922 6.
1085 1863 1363 1919 Delectatio
1393 1865 1560 1919 carnis
1589 1865 1905 1932 aliquantum
1932 1872 1980 1920 et
2013 1880 2047 1919 α

463 1965 614 2019 licitis
638 1960 962 2034 refrenanda.
995 1957 1265 2028 Jejunium
1304 1966 1528 2011 nostrum
1578 1957 1680 2026 ﬁne
1725 1957 1975 2011 diversum
2015 1970 2047 2009 a

459 2056 660 2128 jejunio
689 2052 1041 2124 Paganprum,
1069 2049 1368 2104 Judwerum
1394 2058 1440 2103 et
1461 2049 1830 2102 Iiwreticorum.
1861 2047 2044 2102 litare-

463 2147 578 2200 ticis
603 2154 656 2199 ut
674 2144 931 2214 jejunium
957 2141 1113 2213 prosit
1139 2140 1450 2194 redeundum
1493 2139 1562 2192 ad
1595 2138 1900 2193 Ecclesium.
1933 2137 2040 2193 Sed

461 2237 530 2292 ad
560 2247 610 2292 te
633 2234 761 2305 quid
817 2234 1088 2304 pertinet?
1113 2231 1529 2287 Delectationem
1583 2230 1758 2284 carnis
1817 2244 1921 2284 non
1954 2245 2044 2285 rc-

463 2332 648 2387 laxare
677 2344 842 2400 usque
889 2327 955 2382 ad
985 2325 1192 2393 illicita,
1221 2324 1547 2394 aliquantum
1579 2331 1632 2377 et
1675 2338 1706 2378 a
1758 2321 1916 2377 licitis
1953 2336 2044 2378 re-

463 2422 712 2478 frzenare.
769 2419 870 2488 Qui
916 2418 1057 2474 enim
1100 2431 1131 2471 a
1189 2416 1347 2470 nullis
1395 2414 1643 2470 refrzenat
1687 2413 1864 2479 licitis,
1910 2413 2043 2469 vici-

458 2522 561 2570 nus
584 2521 673 2569 est
691 2520 747 2568 et
775 2511 990 2572 illicitis.
1022 2507 1271 2573 Proinde,
1303 2507 1494 2562 fratres
1519 2548 1532 2572 ,
1564 2505 1763 2560 licitum
1807 2513 1890 2561 est
1914 2521 2044 2562 con-

454 2605 683 2676 jugium.
715 2603 954 2661 illicitum
985 2610 1065 2656 est
1085 2598 1434 2672 adulterium;
1459 2608 1511 2653 et
1535 2606 1712 2652 tamen
1734 2605 2040 2666 temperan-

459 2704 540 2750 tes
565 2695 687 2760 viri,
711 2701 769 2747 ut
795 2693 950 2763 longe
975 2691 1080 2744 sint
1103 2689 1170 2744 ab
1194 2689 1378 2743 illicito
1391 2681 1675 2752 adulterio,
1699 2685 2042 2742 refrenantse

457 2785 785 2854 aliquantum
801 2791 855 2837 et
873 2797 901 2836 a
921 2782 1064 2835 licito
1085 2780 1351 2850 conjugio.
1373 2779 1543 2834 Lieita
1559 2787 1642 2834 est
1659 2778 1882 2834 satietas
1897 2820 1912 2846 ,
1938 2777 2040 2834 illi-

457 2878 564 2933 cita
592 2884 674 2930 est
693 2873 1006 2930 ebriositas:
1043 2881 1214 2928 tamen
1243 2871 1469 2926 modesti
1509 2870 1774 2938 homines,
1797 2882 1852 2926 ut
1881 2871 2040 2942 longe

455 2985 517 3026 se
542 2969 740 3024 faciant
765 2984 792 3022 a
825 2967 1148 3036 turpitudine
1193 2965 1467 3022 ebrietatis
1490 3007 1504 3031 ,
1554 2967 1811 3036 castigant
1842 2980 1899 3020 se
1937 2963 2037 3020 ali-

453 3068 714 3132 quantum
751 3067 807 3115 et
849 3075 883 3114 a
909 3058 1154 3114 libertate
1183 3056 1462 3112 satietatis.
1505 3055 1579 3111 Ita
1627 3071 1755 3126 ergo
1787 3071 2035 3127 agamus,

453 3152 670 3220 fratres,
701 3162 1090 3222 temperemus;
1111 3147 1320 3219 etquod
1345 3147 1568 3202 facimus
1588 3189 1602 3214 ,
1627 3147 1858 3202 sciamus
1871 3161 2039 3218 quare

452 3242 1018 3301 faciamus.Cessando
1042 3257 1071 3296 a
1092 3240 1273 3296 Izetitia
1305 3239 1504 3307 carnis,
1535 3238 1824 3309 acquiritur
1853 3239 2038 3295 laetitia

448 3337 670 3393 mentis.

524 3430 578 3483 7.
612 3427 844 3483 Proinde
872 3426 991 3481 ﬁnis
1020 3424 1173 3480 nobis
1218 3423 1541 3494 jejuniorum
1591 3431 1926 3488 nostrorum,
1967 3421 2035 3477 ad

452 3520 556 3576 iter
581 3528 820 3594 nostgum
851 3535 865 3571 :
896 3515 1022 3586 quid
1043 3516 1111 3570 sit
1147 3515 1318 3584 ipsum
1344 3516 1463 3580 iter,
1505 3524 1559 3570 et
1583 3529 1689 3584 quo
1720 3513 1998 3568 tendamus
2017 3549 2064 3579 ,η

451 3609 557 3667 hoc
583 3606 1022 3664 considerandum
1055 3615 1155 3662 est.
1209 3605 1444 3676 Namque
1471 3615 1524 3660 et
1553 3604 1749 3676 Pagani
1792 3604 2036 3674 jejunant

453 3701 762 3774 aliquando,
794 3715 892 3756 nec
920 3700 1190 3770 regionem
1243 3713 1348 3768 quo
1399 3697 1665 3753 tendimus
1717 3706 1947 3751 norunt:
1981 3705 2036 3752 et

454 3794 623 3851 Judaai
649 3791 1206 3864 jejunantaliquando,
1227 3799 1280 3845 et
1305 3790 1442 3844 viam
1473 3794 1524 3844 in
1552 3803 1652 3860 qua
1673 3789 2030 3855 ambulamus,

453 3907 560 3946 non
587 3883 1300 3960 apprehenderunt.Talecst
1329 3882 1450 3950 hoc,
1479 3898 1540 3936 ac
1559 3883 1602 3936 si
1623 3882 1813 3951 aliquis
1837 3897 2032 3952 equum

450 3983 650 4043 domet.
676 3981 729 4035 in
757 3995 862 4049 quo
894 3987 1057 4033 erret.
1089 3975 1336 4044 Jejunant
1367 3973 1636 4028 haeretici:
1673 3973 1824 4028 video
1850 3973 2033 4043 quales

450 4085 610 4139 eant;
643 4075 910 4142 interrogo
935 4087 1039 4140 quo
1065 4077 1187 4123 eant
1207 4067 1228 4120 ?
1245 4066 1526 4136 Jejunatis,
1551 4075 1607 4118 ut
1633 4067 1713 4120 cui
1745 4064 2034 4134 placeatis?

449 4169 579 4232 Deo,
615 4163 874 4232 inquiunt.
896 4161 1102 4225 Munus,
1122 4159 1343 4230 putatis,
1367 4155 1593 4225 accipit?
1615 4155 1718 4210 Sed
1741 4156 1884 4224 prius
1915 4155 2032 4210 vide

447 4257 580 4329 quid
607 4255 738 4310 dicit
763 4272 774 4307 :
807 4252 1053 4325 Relinque
1073 4266 1276 4315 munus,
1305 4257 1351 4300 et
1381 4246 1523 4311 vade,
1551 4247 1688 4314 prius
1710 4246 2034 4300 reconciliare

452 4350 604 4422 fratri
626 4356 710 4401 tuo
740 4344 947 4416 (Matth.
975 4359 1030 4409 v,
1057 4341 1175 4412 24).
1201 4337 1461 4408 Numquid
1504 4337 1738 4391 membra
1772 4345 1857 4390 tua
1888 4345 2032 4390 recte

447 4443 658 4508 domas,
686 4440 772 4511 qui
799 4437 993 4493 Christi
1018 4435 1254 4490 membra
1277 4430 1505 4486 dilanias
1523 4428 1546 4480 ’ἶ
1570 4428 1805 4490 Auditur,
1833 4427 2023 4497 inquit,

445 4535 502 4590 in
526 4534 745 4589 clamore
765 4547 859 4586 vos:
879 4537 1069 4594 uestra;
1095 4536 1141 4582 et
1171 4543 1253 4580 eos
1269 4523 1353 4595 qui
1370 4522 1458 4576 sub
1465 4523 1592 4592 jugo
1612 4527 1771 4573 vestro
1791 4528 1924 4584 sunt,
1941 4518 2032 4573 sti-

448 4625 654 4680 mulatis
674 4635 719 4679 et
743 4622 935 4678 creditis
959 4620 1162 4691 pugnis.
1196 4615 1318 4671 Non
1339 4616 1438 4669 tale
1448 4614 1705 4685 jejunium
1734 4611 1878 4682 elegi,
1908 4611 2031 4665 dicit

449 4715 699 4770 Dominus
731 4713 882 4786 (Isai.
915 4727 1060 4776 Lvm,
1089 4708 1281 4778 Aetii).
1314 4705 1708 4776 lmprobaretur
1733 4717 1858 4773 ergo
1895 4701 2034 4772 jeju-

449 4811 594 4865 nium
627 4818 794 4872 tuutn,
820 4807 864 4861 si
896 4802 1297 4860 immoderatius
1320 4812 1539 4855 severus
1559 4797 1818 4852 existcrcs
1839 4795 1891 4849 in
1917 4809 2031 4850 ser-

449 4918 572 4956 vum
602 4912 748 4957 tuum
775 4918 787 4953 ;
816 4896 1195 4972 approbabitur
1235 4893 1497 4964 jejunium
1541 4901 1685 4946 tuum
1714 4931 1729 4957 ,
1759 4905 1878 4945 cum
1924 4905 2028 4944 non

454 4997 704 5068 agnoscis
747 4996 960 5050 lratrem
992 4991 1182 5046 tuum?
1212 4987 1327 5045 Non
1366 5002 1467 5058 ego
1510 5001 1691 5056 quer
1720 5000 1750 5039 a
1776 4998 1881 5054 quo
1911 4984 2030 5039 cibo

441 5091 735 5152 abstineas,
761 5087 854 5142 sed
881 5100 1040 5156 quem
1072 5083 1249 5139 cibum
1275 5081 1485 5150 diligas.
1507 5080 1600 5134 Dic
1626 5077 1752 5132 mihi
1771 5091 1927 5146 quem
1949 5076 2028 5130 ci-

447 5181 574 5236 bum
599 5181 816 5252 diligas,
852 5185 909 5230 ut
932 5175 1220 5246 approbem
1245 5171 1385 5244 quod
1423 5171 1488 5225 ab
1517 5171 1618 5226 isto
1646 5170 1764 5224 cibo
1792 5177 1842 5224 te
1863 5167 2028 5222 absti-

447 5289 596 5329 neas.
627 5272 807 5342 Diligis
825 5267 1082 5339 justitiam
1108 5266 1129 5320 ?
1160 5265 1318 5321 Forte
1339 5307 1353 5330 ,
1385 5263 1560 5333 inquis
1580 5304 1595 5328 ,
1629 5262 1810 5331 diligo.
1847 5263 2028 5330 Appa-

445 5378 564 5425 reat
589 5382 719 5438 ergo
741 5365 944 5435 justitia
972 5372 1082 5417 tua.
1112 5362 1246 5416 Puto
1271 5361 1411 5415 enim
1434 5360 1634 5430 justum
1665 5371 1782 5413 esse
1809 5365 1866 5411 ut
1916 5370 2026 5410 ma-

443 5463 546 5534 jori
575 5461 777 5516 servias
804 5472 946 5527 ,quo
971 5455 1063 5510 tibi
1109 5454 1285 5511 minor
1333 5451 1683 5520 obtemperet.
1745 5449 1818 5503 De
1866 5461 2029 5502 carne

446 5553 591 5609 enim
614 5549 999 5620 loquebamur,
1041 5560 1160 5616 qure
1185 5544 1360 5598 minor
1389 5550 1472 5597 est
1495 5555 1651 5610 quam
1695 5539 1942 5609 spiritus,
1973 5545 2028 5592 et

444 5660 565 5716 quae
589 5641 854 5699 domanda
882 5655 945 5696 ac
974 5637 1300 5705 moderanda
1338 5635 1575 5704 subjecta
1606 5642 1706 5688 est.
1750 5632 1878 5701 Agis
1904 5645 2026 5686 cum

443 5749 509 5790 ea
537 5743 598 5788 ut
622 5733 958 5802 obtemperet
987 5730 1114 5797 tibi,
1158 5737 1211 5783 et
1249 5725 1517 5782 subtrahis
1559 5726 1607 5779 ei
1648 5726 1850 5790 cibum,
1884 5721 2026 5793 quod

442 5837 595 5884 ames
618 5823 911 5894 subiectam
940 5820 1037 5880 tibi
1066 5839 1081 5878 :
1105 5834 1336 5891 agnosce
1362 5816 1619 5888 majorem
1641 5856 1657 5883 ,
1687 5832 1916 5886 agnosce
1937 5831 2027 5872 su-

1692 373 1750 430 S.
1791 369 2158 432 AUGUSTINI
2196 372 2493 433 EPISCOPI

2157 491 2444 558 perierem,
2474 499 2533 543 ut
2566 488 2666 556 tibi,
2686 498 2830 546 recte
2851 489 3004 546 cedat
3033 490 3273 550 inferior.

2232 582 2456 637 CAPUT
2488 581 2570 637 Vl.
2607 614 2676 622 —
2701 583 2980 638 Concordia
3024 588 3359 640 membrorum
3401 588 3627 658 corporis
3663 587 3738 646 ad

2157 674 2396 727 unitatem
2421 691 2503 728 eos
2533 684 2754 728 revocat.
2781 675 2916 742 Quid
2939 717 2952 739 ,
2982 678 3027 729 si
3056 692 3181 731 caro
3208 685 3294 731 tua
3323 677 3506 733 obedit
3532 679 3621 734 tibi
3641 719 3657 746 ,
3685 689 3741 736 et

2159 772 2212 817 tu
2234 778 2338 819 non
2365 765 2546 830 obedis
2571 765 2680 825 Deo
2711 774 2801 820 tuo
2829 767 2850 818 ?
2877 782 3052 824 nonne
3079 767 3276 838 abipsa
3306 767 3597 838 damnaris,
3617 786 3738 826 cum

2159 853 2250 908 tibi
2280 853 2655 924 obtemperat?
2685 854 2870 910 Nonne
2894 856 3309 928 obtemperando
3341 859 3456 925 tibi,
3487 869 3672 915 contra
3689 869 3739 916 te

2155 944 2284 1000 dicit
2312 947 2714 1002 testimonium?

2225 1033 2278 1090 8.
2312 1036 2377 1090 Et
2402 1036 2486 1091 cui
2505 1079 2519 1103 ,
2545 1036 2732 1107 inquit,
2761 1037 2948 1108 majori
2977 1039 3379 1112 obtemperem?
3409 1042 3545 1099 Ecce
3583 1043 3742 1100 Chri-

2157 1133 2270 1180 stus
2300 1126 2567 1197 loquitur,
2587 1129 2806 1197 justitia:
2834 1139 3122 1186 amatorem
3155 1133 3475 1199 tendixeras:
3509 1134 3740 1190 Manda-

2157 1228 2263 1273 tum
2293 1237 2473 1274 novum
2499 1221 2564 1275 do
2585 1223 2743 1289 vobis,
2770 1232 2823 1276 ut
2845 1239 2929 1277 vos
2949 1223 3159 1278 invicem
3179 1224 3401 1294 diligatis
3419 1225 3596 1298 (Joan.
3620 1244 3739 1296 χιιι,

2155 1312 2270 1384 54).
2303 1314 2442 1370 Audi
2463 1329 2590 1386 ergo
2620 1315 2900 1370 Dominum
2931 1325 3075 1372 tuum
3101 1319 3407 1373 mandatum
3424 1318 3660 1387 dantem,
3685 1329 3742 1375 ut

2156 1420 2255 1461 nos
2285 1406 2512 1462 invicem
2552 1406 2855 1478 diligamus.
2885 1408 3020 1464 Cum
3045 1427 3112 1465 ex
3145 1410 3300 1465 nobis
3342 1411 3590 1467 omnibus
3620 1422 3739 1470 tan-

2154 1513 2313 1568 quam
2356 1498 2612 1554 membris
2660 1515 2858 1570 corpus
2885 1501 2984 1556 sibi
3015 1500 3210 1569 faciat,
3242 1502 3383 1573 quod
3421 1519 3613 1575 corpus
3639 1500 3734 1561 ha-

2155 1588 2278 1644 beat
2298 1605 2459 1644 unum
2487 1598 2647 1660 caput
2673 1590 2843 1660 ipsum
2877 1591 3162 1646 Dominum
3192 1602 3245 1647 et
3265 1591 3629 1661 Salvatorem;
3657 1583 3736 1650 itu

2153 1693 2339 1736 contra
2368 1681 2577 1736 divellis
2608 1692 2659 1737 te
2703 1697 2733 1736 a
2760 1683 3014 1738 membris
3049 1683 3246 1740 ChriSti
3266 1725 3280 1752 ,
3311 1701 3416 1741 non
3444 1703 3590 1742 amas
3614 1689 3736 1744 uni-

2154 1780 2336 1828 tatem.
2388 1772 2502 1829 Non
2547 1773 2649 1829 hoc
2679 1761 3061 1844 expavesceres
3111 1777 3162 1830 in
3216 1776 3473 1833 membris
3505 1778 3645 1834 tuis?
3678 1778 3736 1835 Si

2152 1863 2436 1918 distortum
2467 1863 2690 1934 digitum
2718 1865 2943 1922 haberes
2964 1909 2978 1932 ,
3025 1882 3132 1921 non
3173 1866 3239 1921 ad
3271 1878 3628 1924 correctorem
3657 1869 3737 1925 di-

2152 1955 2244 2026 giti
2275 1955 2347 2010 tui
2375 1955 2639 2011 medicum
2667 1957 2952 2013 curreres?
2978 1957 3132 2013 Certe
3160 1967 3286 2013 tunc
3313 1974 3372 2015 se
3401 1960 3562 2015 habet
3599 1961 3736 2018 bene

2153 2061 2346 2117 corpus
2375 2056 2523 2103 tuum
2547 2090 2563 2115 ,
2605 2041 2819 2120 quando
2857 2049 2958 2104 sibi
2983 2050 3307 2105 concordant
3338 2049 3572 2105 membra
3601 2060 3687 2107 tua
3717 2069 3731 2108 :

2138 2146 2278 2193 .tunc
2304 2138 2498 2193 diceris
2531 2152 2694 2194 sanus
2714 2180 2728 2206 ,
2763 2147 2887 2194 tunc
2908 2139 3044 2195 bene
3065 2141 3228 2196 vales.
3253 2139 3307 2194 Si
3336 2150 3513 2197 autem
3538 2142 3735 2212 aliquid

2151 2227 2206 2282 in
2248 2238 2338 2284 tuo
2385 2244 2609 2300 corpore
2633 2229 2918 2286 dissentiat
2964 2230 3031 2284 ab
3073 2230 3189 2286 aliis
3215 2231 3486 2302 partibus,
3538 2234 3736 2302 quaeris

2151 2323 2240 2393 qui
2290 2323 2557 2379 emendet.
2615 2322 2722 2378 Cur
2749 2338 2877 2392 ergo
2926 2337 3031 2377 non
3070 2323 3264 2392 qumris
3318 2322 3624 2390 emendari,
3675 2333 3737 2380 ut

2149 2415 2450 2488 compagini
2503 2415 2862 2470 membrorum
2913 2413 3110 2469 Christi
3155 2415 3442 2483 revoceris,
3492 2424 3548 2471 et
3598 2431 3733 2472 con-

2148 2522 2309 2578 gruas
2352 2509 2404 2562 in
2452 2509 2567 2578 ipso
2609 2521 2834 2576 corpore
2876 2516 2929 2560 et
2978 2507 3110 2560 tuo?
3163 2506 3321 2562 Certe
3349 2508 3567 2564 viliores
3603 2518 3734 2566 sunt

2148 2601 2357 2656 caneris
2402 2599 2657 2656 membris
2702 2598 2875 2667 capilli
2919 2598 3033 2652 tui?
3083 2599 3207 2670 quid
3237 2599 3392 2656 vilius
3413 2601 3464 2656 in
3508 2617 3732 2672 corpore

2147 2701 2238 2748 tuo
2264 2691 2468 2762 capillis
2489 2689 2632 2746 tuis?
2660 2689 2784 2760 quid
2810 2690 3209 2760 contemptius?
3249 2691 3376 2762 quid
3424 2692 3682 2764 abjectius
3706 2694 3732 2748 ?

2146 2784 2215 2840 Et
2262 2793 2436 2838 tamen
2489 2783 2534 2837 si
2585 2781 2722 2836 male
2770 2790 2820 2836 te
2870 2781 3123 2846 tondeat,
3179 2781 3426 2838 irasceris
3475 2785 3719 2853 tonsori,

2146 2876 2271 2946 quia
2297 2874 2349 2929 in
2377 2873 2582 2943 capillis
2615 2873 2719 2928 tuis
2743 2887 2850 2927 non
2873 2881 3054 2929 servat
3077 2873 3434 2944 atqualitalem
3469 2891 3481 2928 :
3513 2884 3566 2930 et
3592 2883 3644 2930 tu
3674 2877 3729 2931 in

2146 2966 2405 3024 membris
2429 2965 2629 3021 Christi
2649 2980 2752 3022 non
2783 2975 2931 3022 tenes
2951 2966 3250 3022 unitatem?
3275 2967 3410 3035 Quid
3430 2977 3554 3023 sunt
3575 2983 3724 3040 ergo,

2091 3055 2093 3057 ’
2144 3070 2237 3114 aut
2262 3060 2349 3115 cui
2378 3060 2456 3115 rei
2476 3069 2700 3129 prosunt
2721 3060 2922 3130 jejunia
2955 3059 3086 3114 tua?
3115 3060 3391 3131 Indignum
3419 3060 3584 3116 Dcum
3627 3077 3728 3132 pu-

2145 3158 2225 3206 tas
2245 3192 2260 3215 ,
2291 3151 2375 3206 cui
2405 3151 2471 3206 ab
2495 3151 2742 3206 omnibus
2773 3151 2862 3221 qui
2913 3151 2966 3204 in
2997 3165 3119 3205 eum
3149 3151 3402 3216 credunt,
3435 3151 3488 3206 in
3529 3151 3728 3226 unitate

2143 3245 2448 3300 serviatur:
2479 3253 2534 3300 et
2563 3254 2737 3300 tamen
2765 3233 2846 3297 vis
2886 3244 2937 3296 in
2968 3243 3226 3298 membris
3257 3229 3360 3298 luis
3380 3284 3394 3309 ,
3423 3243 3474 3298 in
3503 3258 3728 3314 corpore

2145 3343 2256 3402 tuo,
2273 3337 2324 3388 in
2341 3333 2549 3404 capillis
2569 3334 2672 3388 tuis
2690 3331 2940 3387 unitatem
2959 3331 3179 3387 servari.
3199 3332 3510 3402 Loquuntur
3526 3333 3727 3389 viscera

2141 3431 2254 3492 tua,
2275 3423 2511 3479 membra
2541 3431 2626 3476 tua
2647 3430 2832 3477 contra
2856 3430 2907 3476 te
2930 3420 3110 3476 dicunt
3132 3434 3315 3476 verum
3341 3422 3726 3493 testimonium,

2141 3525 2196 3573 et
2221 3525 2273 3572 tu
2305 3515 2494 3570 falsum
2521 3523 2703 3570 contra
2732 3514 2969 3568 membra
2993 3513 3231 3568 Christi?

2213 3607 2264 3662 9.
2301 3605 2611 3662 Discrevisﬁ
2642 3615 2694 3660 te
2717 3619 2746 3658 a
2771 3605 2974 3674 jejunio
3003 3603 3382 3676 Paganorum?
3412 3606 3524 3662 lloc
3551 3615 3723 3677 putas,

2140 3707 2194 3754 et
2247 3698 2366 3753 ideo
2417 3712 2634 3753 securus
2684 3695 2780 3752 tibi
2834 3696 3052 3752 videris.
3110 3696 3221 3768 Ego
3271 3699 3452 3764 enim,
3509 3700 3719 3770 inquis,

2139 3788 2350 3846 Christo
2375 3788 2556 3859 jejuno
2575 3830 2590 3854 ,
2620 3787 2692 3842 illi
2724 3797 2900 3843 autem
2926 3787 3081 3842 idolis
3101 3798 3156 3843 et
3181 3788 3476 3843 daemoniis.
3506 3789 3726 3860 Accipio

2139 3880 2279 3952 quod
2301 3881 2432 3936 dicis
2450 3920 2466 3947 ,
2495 3889 2549 3936 et
2577 3894 2760 3936 revera
2779 3919 2796 3948 ,
2840 3894 2948 3935 non
2973 3894 3109 3950 nego
3127 3921 3142 3947 ,
3171 3878 3455 3936 discretum
3484 3889 3585 3936 est.
3617 3881 3724 3936 Sed

2140 3989 2265 4030 ecce
2294 3972 2736 4045 quemadmodum
2762 3980 2950 4029 contra
2978 3980 3028 4027 te
3049 3971 3204 4042 paulo
3234 3980 3357 4026 ante
3383 3987 3467 4026 me
3487 3986 3724 4027 comme-

2139 4078 2382 4123 morante
2403 4110 2417 4134 ,
2447 4066 2696 4122 dicebant
2721 4064 3085 4120 testimonium
3113 4065 3349 4119 membra
3393 4071 3478 4118 tua
3498 4105 3512 4130 ,
3536 4073 3592 4117 ut
3622 4063 3722 4118 ad-

2139 4175 2412 4215 monerem
2446 4171 2496 4214 te
2521 4159 2690 4229 qualis
2710 4173 2830 4213 esse
2855 4155 3053 4213 debeas
3081 4171 3202 4212 cum
3242 4154 3496 4211 membris
3520 4154 3720 4214 Christi

2141 4253 2235 4308 Dei
2266 4253 2374 4314 tui;
2403 4261 2457 4307 et
2485 4253 2584 4322 ipsi
2642 4251 2839 4322 Pagani
2859 4290 2876 4318 ,
2933 4265 2965 4306 a
2993 4249 3185 4319 quibus
3209 4264 3427 4320 separas
3460 4247 3721 4319 jejunium

2139 4355 2285 4402 tuum
2309 4387 2326 4414 ,
2351 4345 2675 4401 admoneant
2703 4354 2754 4400 te
2782 4345 2980 4415 aliquid
3009 4345 3076 4401 de
3097 4345 3296 4401 unitate
3324 4343 3520 4400 Christi
3554 4344 3646 4399 tui.

2207 4437 2436 4495 CAPUT
2462 4437 2574 4494 VII.
2601 4467 2674 4479 -
2699 4436 3029 4508 Paganorum
3081 4439 3308 4510 ipsorum
3357 4437 3624 4491 concordia
3668 4436 3721 4492 in

2137 4530 2276 4584 cultu
2317 4527 2624 4600 litigantium
2654 4529 2884 4583 deorum.
2913 4528 3050 4583 Ecce
3076 4527 3152 4582 illi
3179 4527 3378 4583 multos
3405 4528 3534 4583 deos
3565 4529 3721 4583 falsos

2137 4635 2242 4677 non
2263 4619 2416 4676 divisi
2441 4620 2661 4675 colunt:
2690 4618 2944 4689 numquid
2965 4633 3063 4672 nos
3093 4634 3253 4674 unum
3285 4633 3469 4674 verum
3501 4619 3621 4675 ideo
3643 4622 3723 4674 in-

2139 4710 2384 4765 venimus
2405 4750 2419 4773 ,
2466 4719 2526 4762 ut
2567 4708 2666 4762 sub
2707 4721 2813 4762 uno
2853 4707 2904 4761 in
2933 4707 3134 4762 unitate
3161 4723 3266 4763 non
3297 4709 3502 4766 simus?
3530 4710 3721 4765 Multos

2136 4801 2210 4856 illi
2235 4809 2287 4856 et
2313 4799 2505 4866 falsos,
2537 4814 2634 4854 nos
2659 4813 2824 4853 unum
2863 4806 2917 4854 et
2938 4813 3120 4854 verum
3154 4816 3168 4853 :
3199 4808 3253 4855 et
3282 4799 3360 4856 illi
3411 4802 3512 4858 sub
3541 4801 3722 4856 multis

2135 4892 2280 4949 falsis
2307 4906 2412 4947 non
2437 4890 2634 4947 habent
2670 4889 2984 4947 divisionem
3011 4931 3025 4955 ,
3058 4907 3158 4946 nos
3199 4892 3299 4948 sub
3323 4907 3432 4948 uno
3459 4907 3585 4948 vero
3611 4905 3716 4944 non

2135 4994 2378 5042 tenemus
2408 4985 2684 5040 unitatem.
2715 4982 2833 5039 Non
2875 4983 3023 5039 doles
3044 5027 3059 5052 ,
3092 4999 3196 5040 non
3238 4985 3432 5056 gemis,
3463 5000 3565 5040 non
3596 4999 3717 5037 eru-

2134 5075 2345 5132 bescis?
2375 5075 2532 5132 Aliud
2583 5075 2722 5131 addo
2753 5093 2765 5129 :
2798 5090 2903 5131 non
2941 5075 3112 5132 solum
3157 5076 3353 5130 multos
3381 5075 3510 5130 deos
3554 5074 3718 5129 falsos

2135 5168 2330 5239 Pagani
2356 5168 2577 5232 colunt,
2609 5166 2705 5223 sed
2736 5166 3020 5238 plerosque
3049 5167 3148 5222 sibi
3193 5164 3488 5220 contrarios
3533 5171 3588 5219 et
3613 5162 3716 5219 iui—

2134 5263 2321 5318 micos.
2352 5260 2510 5317 Verbi
2535 5261 2704 5332 gratia
2730 5302 2744 5321 ,
2774 5274 3251 5316 commemoremus
3267 5258 3436 5328 aliqua
3453 5257 3716 5327 ipsorum,

2133 5354 2179 5409 si
2207 5361 2395 5409 cuncta
2428 5367 2533 5408 non
2561 5367 2843 5421 possumus
2875 5368 2886 5404 :
2944 5351 3197 5407 Hercules
3239 5358 3294 5405 et
3333 5348 3473 5404 Juno
3521 5347 3719 5404 inimici

2134 5443 2381 5507 fuerunt,
2428 5442 2670 5498 homines
2695 5442 2836 5496 enim
2867 5441 3118 5506 fuerunt;
3152 5441 3421 5511 privignus
3452 5441 3538 5495 ille
3558 5481 3573 5507 ,
3623 5453 3720 5494 no-

2132 5549 2287 5591 verca
2316 5533 2406 5588 illa
2431 5549 2445 5586 :
2477 5534 2686 5603 utrique
2712 5546 2896 5588 eorum
2927 5531 3123 5600 Pagani
3149 5532 3340 5601 templa
3368 5533 3631 5595 fecerunt,
3664 5535 3720 5585 et

2132 5626 2325 5683 Junoni
2356 5635 2410 5681 et
2431 5625 2665 5681 Herculi.
2698 5623 2936 5679 Aderant
2957 5624 3102 5680 illum
3129 5668 3141 5693 ,
3177 5624 3397 5680 adorant
3421 5624 3563 5680 illam
3589 5641 3603 5690 ;
3633 5637 3719 5692 pa-
3747 5647 3752 5650 -

2071 5724 2078 5733 '
2133 5722 2263 5777 riter
2306 5729 2437 5776 eunt
2464 5718 2530 5774 ad
2573 5718 2864 5783 Iunonem,
2897 5717 3096 5788 pariter
3139 5717 3205 5772 ad
3258 5718 3535 5775 Herculem
3571 5735 3583 5771 :
3615 5716 3716 5771 illis

2134 5817 2233 5871 sibi
2264 5815 2412 5869 iratis
2434 5853 2448 5880 ,
2477 5807 2770 5867 concordes
2792 5817 2935 5865 sunt.
2966 5807 3233 5866 Vulcanus
3255 5820 3312 5865 et
3349 5809 3491 5866 Mars
3516 5805 3713 5864 inimici
