4140 6216
365 218 466 272 715
513 203 519 208 ’

364 341 520 398 sunt,
553 338 606 385 et
628 329 825 399 justam
855 340 1069 382 causam
1100 324 1261 380 habet
1281 323 1544 378 Vulcanus
1579 341 1592 378 :
1642 322 1736 378 sed
1760 323 1825 376 da
1861 321 1949 390 ju-

363 425 534 479 dicem
563 420 864 491 quiaudiat.
897 418 1021 473 Odit
1042 418 1184 473 enim
1211 415 1571 470 miseruxoris
1594 414 1948 478 adulterium;

365 529 464 570 nec
485 522 660 566 tamen
689 511 850 566 audet
877 509 1112 565 cultores
1133 522 1259 562 suos
1282 523 1312 561 a
1338 507 1516 561 Martis
1541 508 1738 576 templo
1767 505 1950 576 prohi-

367 604 512 658 bere.
543 603 711 656 Simul
735 602 961 656 adorant
982 600 1130 654 illum
1157 608 1211 653 et
1237 598 1409 652 illum.
1429 597 1484 652 Si
1503 597 1774 651 imitantur
1797 597 1947 664 deos,

365 693 576 763 litigant
603 703 655 747 et
686 693 806 761 ipsi.
864 691 1004 745 Eunt
1048 690 1116 744 de
1146 689 1344 758 templo
1380 687 1562 742 Martis
1600 687 1666 740 ad
1699 688 1951 756 templum

367 784 631 839 Vulcani:
665 799 855 854 magna
910 781 1233 851 indignitas!
1267 795 1366 834 nec
1416 787 1595 834 tamen
1647 781 1834 835 timent
1885 796 1956 836 ne

368 876 466 930 sibi
497 875 756 930 irascatur
803 872 1023 926 maritus
1041 911 1056 936 ,
1084 867 1236 939 quod’
1249 869 1316 923 ad
1343 884 1464 925 eum
1493 870 1704 925 venitur
1728 870 1794 925 de
1820 878 1958 925 tem-

368 968 458 1036 plo
486 968 664 1021 Martis
687 964 931 1020 adulteri.
962 962 1169 1018 Habent
1196 977 1291 1018 cor
1311 1004 1327 1028 ,
1365 964 1537 1019 sciunt
1564 963 1793 1032 lapidem
1831 979 1956 1018 sen-

371 1059 469 1112 tire
496 1074 600 1112 non
635 1072 808 1126 posse.
833 1055 973 1110 Ecce
999 1054 1238 1110 colentes
1266 1054 1464 1109 multos
1488 1095 1502 1120 ,
1552 1054 1745 1116 falsos,
1778 1055 1957 1110 diver-

371 1164 459 1203 sos
479 1190 492 1212 ,
525 1147 778 1201 adversos
801 1188 818 1212 ,
847 1154 1030 1200 tenent
1049 1153 1225 1200 tamen
1253 1145 1304 1199 in
1344 1145 1424 1200 eis
1451 1144 1690 1201 colendis
1719 1147 1961 1216 qualem-

371 1257 596 1310 cumque
626 1241 882 1293 unitatem
909 1258 922 1292 :
951 1253 1081 1294 ecce
1104 1239 1287 1293 dicunt
1311 1247 1493 1293 contra
1521 1249 1571 1293 te
1597 1238 1960 1294 testimonium

373 1332 544 1401 etipsi
572 1331 854 1401 Pagani,a
885 1331 1080 1400 quibus
1133 1339 1219 1385 tua
1264 1329 1464 1400 jejunia
1509 1330 1788 1400 separasti.
1825 1329 1960 1385 Veni

374 1437 501 1491 ergo
521 1420 584 1475 ad
608 1421 863 1476 unitatem
889 1461 903 1484 ,
933 1421 1115 1475 frater.
1139 1419 1313 1476 Unum
1346 1419 1511 1474 Deum
1534 1421 1759 1474 colimus
1783 1438 1796 1474 :
1827 1436 1962 1474 nun-

375 1528 530 1581 quam
559 1511 769 1565 Patrem
794 1518 849 1565 et
879 1509 1070 1565 Filium
1095 1510 1324 1564 vidimus
1351 1509 1638 1580 litigantes.
1675 1510 1787 1566 Nec
1831 1511 1964 1567 mihi

375 1605 572 1674 Pagani
611 1609 992 1668 succenseant,
1039 1602 1181 1673 quod
1236 1601 1352 1658 haec
1389 1602 1500 1657 dixi
1525 1601 1594 1658 de
1623 1602 1724 1657 diis
1752 1617 1959 1658 eorum.

377 1696 550 1762 Quare
575 1695 716 1750 enim
745 1694 1044 1750 irascantur
1061 1693 1239 1749 verbis
1265 1693 1399 1747 meis
1426 1735 1441 1760 ,
1466 1701 1521 1749 et
1550 1707 1656 1747 non
1678 1694 1855 1763 potius
1873 1693 1963 1748 lit-

378 1791 506 1843 teris
530 1787 679 1843 suis?
706 1787 829 1843 lllas
852 1786 1002 1858 prius
1023 1829 1039 1855 ,
1071 1786 1115 1842 si
1148 1794 1406 1859 possunt,
1459 1787 1598 1852 imo,
1652 1788 1698 1842 si
1739 1786 1962 1856 volunt,

378 1879 586 1933 deleant
604 1897 618 1932 :
638 1893 746 1933 non
772 1879 851 1933 eis
868 1876 1121 1934 docendis
1133 1875 1465 1948 grammatici
1480 1876 1598 1932 vela
1613 1875 1962 1948 suspendant.

378 1970 630 2024 Irascitur
649 1969 780 2023 mihi
816 1954 938 2039 quia
966 1983 1067 2039 ego
1109 1967 1260 2035 dico,
1295 1967 1386 2039 qui
1428 1967 1521 2024 dat
1566 1967 1870 2024 mercedem
1907 1974 1968 2024 ut

379 2059 518 2114 filius
546 2059 712 2129 ipsius
738 2058 927 2114 discat.

447 2149 676 2208 CAPUT
700 2149 835 2206 Vill.
864 2179 932 2189 —-
960 2149 1044 2206 10.
1068 2147 1271 2222 Pagani
1287 2149 1688 2207 Christianam»:
1713 2151 1968 2207 discordia

377 2243 580 2296 avocari
626 2257 660 2293 a
684 2241 961 2296 christiana
1012 2242 1256 2314 religione
1299 2259 1399 2297 non
1446 2241 1645 2311 debent.
1692 2241 1927 2297 Charitas
1947 2283 1964 2310 ,

379 2335 514 2399 vita;
538 2333 782 2388 dissensio
805 2374 821 2399 ,
865 2349 1020 2387 mors.
1070 2332 1244 2404 Ergo,
1277 2333 1578 2389 charissimi
1598 2376 1614 2402 ,
1647 2332 1724 2389 illi
1749 2333 1966 2404 quidem

380 2425 512 2480 tales
537 2424 667 2480 deos
696 2423 926 2492 habent,
957 2423 1043 2480 vel
1094 2425 1271 2494 potius
1297 2425 1614 2481 habuerunt.
1657 2425 1788 2492 Quia
1820 2426 1966 2480 enim

379 2519 478 2588 ipsi
503 2533 596 2574 eos
616 2518 870 2574 deserere
898 2519 1223 2586 noluerunt,
1264 2520 1333 2575 ab
1363 2521 1442 2575 eis
1484 2518 1682 2575 deserti
1723 2529 1866 2575 sunt.
1898 2520 1967 2576 Et

379 2611 528 2665 multi
553 2611 906 2667 deseruerunt
930 2626 1024 2668 eos
1047 2653 1062 2677 ,
1092 2621 1146 2667 et
1172 2611 1347 2667 adhuc
1367 2611 1655 2678 deserunt,
1707 2611 1967 2682 dejiciunt

378 2703 574 2775 templa
603 2719 788 2759 eorum
823 2704 878 2758 in
908 2703 1162 2760 cordibus
1210 2705 1320 2760 suis
1354 2724 1368 2760 :
1397 2704 1491 2761 sed
1535 2704 1860 2776 gaudeamus
1898 2705 1968 2762 de

378 2793 512 2861 illis,
545 2795 666 2865 quia
688 2796 907 2850 veniunt
929 2795 995 2850 ad
1023 2796 1318 2864 unitatem,
1365 2810 1471 2851 non
1515 2797 1582 2851 ad
1623 2795 1965 2853 divisionem.

376 2884 494 2939 Non
544 2885 779 2940 inveniat
832 2901 1070 2957 paganus
1116 2887 1455 2943 occasionem
1501 2901 1604 2957 qua
1654 2887 1789 2942 nolit
1844 2902 1967 2944 esse

377 2976 718 3032 Christianus.
752 2975 1153 3033 Concordemus
1177 3020 1194 3045 ,
1244 2976 1473 3043 fratres,
1523 2977 1762 3033 colentes
1797 2992 1966 3032 unum

377 3063 547 3121 Deum
575 3109 590 3134 ,
619 3077 673 3121 ut
708 3075 762 3122 et
786 3068 905 3122 illos
933 3067 1182 3124 deserere
1231 3067 1429 3122 multos
1457 3066 1587 3122 deos
1619 3067 1966 3124 exhortemur

302 3165 305 3168 '
377 3156 609 3226 quodam
654 3157 811 3212 modo
856 3166 1037 3213 nostra
1081 3157 1365 3212 concordia
1395 3198 1432 3224 ,.
1465 3165 1522 3210 ut
1571 3156 1640 3212 ad
1668 3171 1853 3227 pacem
1911 3167 1967 3214 et

376 3249 441 3303 ad
498 3249 750 3304 unitatem
795 3250 1011 3305 veniant
1059 3248 1271 3304 colendi
1322 3262 1485 3314 unum
1513 3293 1517 3296 .
1546 3246 1736 3303 Deum.
1797 3247 1866 3303 Et
1919 3249 1967 3304 si

315 3409 318 3412 ἢ
379 3339 514 3395 forte
547 3339 853 3408 fastidiunt,
906 3351 960 3396 et
996 3341 1119 3396 hinc
1154 3338 1309 3395 nobis
1346 3339 1739 3396 calumniantur
1765 3382 1780 3408 ,
1820 3341 1966 3412 quod

376 3431 636 3485 unitatem
666 3431 807 3486 inter
833 3446 930 3487 nos
951 3429 1244 3488 Christiani
1271 3445 1377 3486 non
1415 3430 1710 3499 habemus,
1759 3440 1815 3488 et
1841 3433 1966 3490 inde

377 3528 502 3574 sunt
529 3521 663 3576 tardi
693 3529 749 3577 et
771 3521 903 3592 pigri
924 3536 994 3576 ne
1018 3522 1237 3576 veniant
1259 3519 1328 3576 ad
1352 3521 1580 3578 salutem
1604 3539 1620 3588 ;
1649 3521 1893 3595 alloquar
1911 3533 1967 3580 et

379 3611 522 3684 ipsos
545 3611 850 3680 paululum,
873 3621 926 3667 et
950 3611 1154 3680 dicam,
1185 3611 1329 3682 quod
1352 3611 1432 3668 eis
1459 3612 1669 3670 dicatis.
1683 3611 1801 3669 Non
1829 3629 1965 3684 prae-

380 3704 552 3760 ferant
580 3705 734 3760 nobis
760 3705 910 3776 quasi
939 3703 1280 3760 concordiam
1308 3718 1494 3774 suam,
1537 3721 1644 3761 non
1698 3707 1801 3762 sibi
1848 3715 1967 3762 tan-

379 3813 535 3867 quam
562 3797 629 3852 de
652 3798 854 3852 unitate
881 3811 977 3852 sua
1021 3795 1287 3866 placeant.
1321 3796 1539 3854 Hostem
1581 3799 1779 3870 quippe
1805 3815 1964 3870 quem

378 3890 609 3959 patimur
625 3931 641 3956 ,
673 3890 746 3946 illi
774 3905 880 3944 non
905 3888 1179 3959 patiuntur
1209 3907 1223 3944 :
1252 3889 1376 3945 illos
1399 3898 1456 3946 et
1481 3905 1589 3946 non
1616 3890 1718 3945 ista
1746 3898 1965 3961 agentes

380 3982 492 4053 ipse
518 3983 775 4054 possidet.
795 3981 952 4039 Videt
975 3997 1071 4039 eos
1098 3983 1414 4039 adoratores
1436 3983 1687 4039 falsorum
1707 3982 1961 4050 deorum;

378 4075 521 4131 videt
544 4090 639 4131 eos
658 4090 840 4130 servos
856 4116 872 4143 ,
899 4082 954 4132 et
977 4089 1162 4131 servos
1185 4074 1572 4130 daemoniorum
1588 4072 1716 4144 quid
1735 4072 1811 4127 illi
1831 4073 1965 4128 lucri

379 4167 608 4236 estquia
636 4166 871 4236 litigant,
903 4173 992 4220 aut
1039 4165 1166 4237 quid
1190 4164 1371 4221 damni
1415 4171 1502 4221 est
1547 4163 1672 4235 quia
1706 4179 1816 4219 non
1861 4164 1966 4220 liti-

379 4258 547 4328 gant?
571 4257 641 4314 Et
667 4274 831 4314 unum
855 4259 1097 4330 quamvis
1124 4257 1317 4313 falsum
1349 4263 1404 4312 et
1421 4271 1616 4312 vanum
1645 4256 1960 4326 sentientes,

380 4350 588 4419 sibique
608 4351 1006 4431 consentientes
1030 4391 1045 4418 ,
1077 4350 1155 4405 sic
1183 4362 1278 4405 eos
1302 4346 1556 4419 possidet.
1585 4349 1657 4403 At
1687 4363 1817 4403 vero
1841 4363 1963 4404 cum

381 4442 715 4497 desereretur
735 4486 750 4510 ,
781 4453 833 4498 et
864 4444 1016 4498 multi
1047 4442 1115 4498 ad
1141 4458 1307 4498 unum
1334 4442 1502 4497 Deum
1540 4453 1920 4499 concurrerent
1945 4486 1962 4513 ,

378 4536 493 4604 ejus
517 4537 772 4606 saerilega
793 4546 1125 4593 sacramenta
1154 4536 1503 4603 desererent,
1530 4537 1727 4608 templa
1757 4548 1965 4595 everte-
1993 4524 2000 4530 ’

377 4637 530 4693 rent,
566 4628 702 4680 idola
733 4627 1065 4698 frangerent,
1093 4628 1354 4684 sacriﬁcia
1396 4627 1779 4699 prohiberent;
1832 4631 1967 4686 vidit

377 4733 434 4774 se
483 4717 779 4788 perdidisse
809 4735 940 4787 quos
970 4721 1222 4789 tenebat,
1252 4720 1386 4777 vidit
1422 4736 1452 4774 a
1481 4736 1577 4778 sua
1621 4720 1820 4777 familia
1873 4737 1963 4779 re-

377 4810 636 4876 cessisse,
667 4823 853 4862 verum
898 4809 1065 4863 Deum
1117 4813 1433 4880 cognovisse
1476 4829 1490 4865 :
1540 4812 1666 4883 quid
1713 4811 1964 4870 faceret?

377 4900 647 4973 quomodo
674 4898 1044 4954 insidiaretur?
1071 4900 1378 4957 Concordes
1401 4917 1500 4958 nos
1544 4905 1645 4959 scit
1669 4905 1812 4975 quod
1834 4919 1962 4975 pos-

379 4997 556 5052 sidere
601 5009 709 5049 non
739 4992 934 5063 possit,
976 5007 1140 5046 unum
1191 4993 1360 5048 Deum
1389 4994 1544 5049 nobis
1583 4995 1827 5053 dividere
1855 5013 1963 5055 non

381 5097 588 5159 potest,
619 5086 782 5142 falsos
832 5085 964 5140 deos
1018 5083 1172 5139 nobis
1222 5098 1528 5154 supponere
1579 5101 1686 5142 non
1735 5095 1959 5158 potest;

380 5182 542 5237 sentit
570 5194 690 5235 esse
710 5179 873 5232 vitam
922 5184 1155 5232 nostram
1179 5175 1492 5232 cbaritatem
1517 5218 1531 5243 ,
1580 5185 1810 5233 mortem
1854 5195 1957 5235 no-

380 5283 544 5344 stram
572 5271 962 5326 dissensionem
1003 5287 1016 5324 :
1050 5258 1172 5325 lites
1199 5267 1420 5324 immisit
1445 5267 1585 5323 inter
1607 5267 1960 5340 Christianos,

379 5365 502 5434 quia
529 5363 724 5418 multos
769 5361 900 5417 deos
947 5376 1054 5416 non
1095 5359 1268 5431 potuit
1309 5357 1570 5416 fabricare
1609 5357 1962 5430 Christianis;

380 5466 554 5513 sectas
582 5455 950 5525 multiplicavit
969 5497 984 5521 ,
1007 5469 1221 5510 errores
1249 5453 1571 5521 seminavit,
1603 5453 1834 5510 haereses
1877 5455 1962 5510 in-

380 5546 568 5601 stituit.
599 5545 704 5602 Sed
748 5545 1001 5615 quidquid
1042 5546 1190 5609 fecit,
1235 5544 1302 5600 de
1331 5545 1482 5615 palea
1512 5544 1779 5601 dominica
1815 5544 1960 5602 fecit.

380 5641 519 5698 Ecce
539 5639 795 5697 securitas
823 5639 978 5694 nobis
1005 5646 1118 5706 est,
1140 5639 1263 5694 licet
1287 5639 1380 5696 illo
1408 5637 1688 5707 saeviente,
1718 5638 1843 5695 licet
1869 5637 1961 5696 illo

620 5731 844 5794 Sacr.
892 5734 1172 5794 Anaus'r.
1207 5730 1316 5793 Vl.

1462 206 1692 264 SERMO
1734 205 1821 260 DE
1866 201 2228 260 UTILITATE
2267 203 2534 262 JEJUNII.

3548 217 3649 272 714

2062 319 2383 387 insidiante,
2424 329 2479 376 et
2522 321 2884 378 dissensiones
2932 324 3110 380 varias
3157 325 3296 382 inter
3319 327 3650 390 Christianos

2062 412 2405 467 seminante:
2451 413 2495 466 si
2540 414 2704 468 Deum
2751 424 2988 469 nostrum
3020 431 3404 488 agnoscamus,
3447 423 3492 476 si
3519 438 3652 478 con—

2063 503 2294 558 corditer
2318 513 2588 558 teneamus
2615 547 2630 570 ,
2663 505 2707 560 si
2732 506 2886 560 fidem
2918 523 3214 574 servemus,
3243 511 3417 565 securi
3445 527 3649 568 sumus.

2065 591 2282 648 Fratres
2303 636 2317 661 ,
2343 592 2663 649 frumentum
2695 595 2761 650 de
2782 611 2905 650 area
2932 605 3024 651 aut
3047 613 3153 652 non
3183 601 3416 667 recedit,
3449 612 3539 658 aut
3570 621 3655 660 re-

2065 683 2177 738 dit:
2207 685 2405 754 aliquid
2435 687 2703 754 palearum
2736 687 2907 743 aufert
2927 698 3120 743 ventus
3143 692 3451 747 tentalionis
3472 737 3485 760 ,
3513 697 3654 752 unde

2068 777 2221 833 nobis
2252 777 2407 832 faciat
2435 793 2538 833 non
2562 779 2699 833 viam
2733 779 3042 849 perditionis
3065 822 3080 847 ,
3111 783 3204 836 sed
3231 799 3364 853 opus
3395 791 3656 844 exercita-

2067 869 2248 924 tionis.
2281 866 2540 938 Quantam
2569 886 2696 926 vero
2717 872 2922 940 paleam
2955 888 3058 932 non
3085 874 3226 930 tollit
3248 869 3390 932 foras
3413 919 3428 943 ,
3460 887 3513 934 et
3539 880 3653 950 ipsa

2067 970 2242 1016 tamen
2270 962 2320 1015 in
2349 963 2535 1016 ultimo
2563 963 2862 1019 ventilanda
2891 974 3014 1020 est:
3048 975 3102 1020 et
3129 982 3233 1022 non
3266 969 3306 1024 it
3359 978 3467 1025 tota
3502 974 3652 1041 palea

2067 1053 2172 1107 nisi
2199 1054 2250 1107 iu
2279 1053 2476 1123 ignem.
2501 1054 2757 1126 Satagere
2777 1070 2905 1127 ergo
2930 1055 3191 1112 debemus
3210 1099 3224 1124 ,
3266 1057 3461 1117 fratres
3500 1065 3605 1118 mei
3633 1105 3648 1131 ,

2067 1158 2189 1198 cum
2217 1155 2427 1214 tempus
2472 1154 2593 1209 est,
2623 1146 2835 1215 quantis
2869 1163 3154 1217 possumus
3177 1150 3376 1207 viribus
3399 1195 3413 1218 ,
3459 1165 3658 1223 quanta

2070 1250 2354 1304 possumus
2380 1237 2693 1304 intentione,
2722 1245 2778 1292 ut
2814 1237 2862 1293 si
2892 1239 3006 1295 fieri
3033 1249 3226 1311 potest,
3259 1251 3313 1298 et
3337 1245 3488 1315 palea
3538 1249 3660 1303 red-

2068 1336 2176 1394 eat,
2213 1327 2338 1382 dum
2369 1329 2633 1383 frumenta
2663 1343 2770 1384 non
2819 1340 3062 1400 pereant.
3097 1333 3318 1390 Dilectio
3358 1345 3540 1393 nostra
3571 1340 3658 1396 hic

2072 1419 2360 1489 probatur,
2405 1436 2654 1492 magnum
2701 1437 2838 1493 opus
2894 1423 3016 1480 vitae
3065 1433 3265 1482 nostrae
3318 1431 3656 1500 proponitur.

2069 1511 2185 1566 Non
2213 1514 2724 1583 nosinveniremus’,
2753 1525 3009 1586 quantum
3034 1517 3229 1576 fratres
3259 1521 3573 1593 diligamus,
3612 1527 3662 1583 si

2071 1618 2230 1658 nemo
2272 1605 2657 1673 periclitaretur
2702 1625 2716 1660 :
2767 1623 2875 1663 non
2917 1621 3196 1681 appareret
3256 1625 3452 1684 quanta
3515 1630 3662 1677 esset

2070 1692 2283 1751 dilectio
2329 1696 2684 1768 inquisitionis
2719 1741 2736 1767 ,
2781 1701 2828 1756 si
2869 1701 3002 1756 nihil
3052 1709 3259 1761 teneret
3285 1695 3512 1778 abyssus
3532 1689 3690 1782 per;

2071 1787 2307 1845 ditionis.
2422 1859 2428 1867 ι

2141 1878 2366 1938 CAPUT
2393 1882 2650 1940 lX.-—H.
2669 1884 2935 1956 Agendum
2960 1887 3191 1944 omnibus
3215 1890 3379 1945 modis
3395 1901 3451 1946 ut
3470 1896 3539 1949 ad
3553 1900 3662 1952 uni-

2074 1982 2224 2028 tatem
2242 1975 2450 2030 redeant
2467 1976 2708 2032 lum-elici.
2738 1976 3065 2034 Piscatorum
3094 1989 3142 2036 et
3168 1992 3462 2038 venatorum
3497 1989 3663 2059 oﬁicia

2073 2063 2289 2119 diversa.
2311 2064 2663 2135 Laboremus,
2683 2066 2896 2137 fratres,
2916 2084 3020 2124 non
3047 2084 3342 2141 cessemus,
3362 2078 3507 2132 omni
3529 2095 3662 2149 ope-

2072 2169 2153 2220 re,
2172 2156 2316 2209 omni
2338 2157 2530 2214 sudore
2549 2199 2563 2223 ,
2594 2158 2790 2214 affectu
2821 2161 2907 2230 pio
2925 2161 2991 2216 ad
3013 2163 3179 2218 Deum
3199 2205 3216 2232 ,
3245 2165 3314 2220 ad
3335 2167 3490 2236 illos,
3523 2171 3671 2227 inter.

2073 2263 2200 2312 nos,
2231 2264 2300 2304 ne
2325 2249 2537 2305 illorum
2569 2260 2804 2308 veterem
2831 2253 2974 2310 litem
3003 2257 3182 2326 sopire
3211 2258 3485 2325 volentes,
3519 2263 3664 2320 inter

2077 2354 2176 2394 nos
2210 2356 2376 2396 novas
2402 2343 2546 2398 rixas
2587 2342 2845 2400 faciamus
2895 2365 2909 2401 :
2955 2356 3011 2402 et
3058 2357 3183 2404 ante
3207 2351 3388 2406 omnia
3415 2356 3555 2409 cauti
3583 2357 3661 2411 si-

2073 2445 2193 2486 mus
2219 2431 2358 2486 inter
2391 2447 2490 2488 nos
2519 2434 2662 2504 ipsos
2694 2444 2877 2492 tenere
2902 2436 3262 2494 ﬁrmissimam
3289 2441 3656 2502 dilectionem.

2072 2520 2154 2576 llli
2180 2523 2489 2594 gelaverunt
2515 2525 2570 2580 in
2610 2527 2974 2597 iniquitatibus
2998 2531 3111 2586 suis
3141 2548 3154 2584 :
3179 2533 3448 2600 quomodo
3486 2537 3540 2592 in
3575 2538 3660 2596 eis

2074 2623 2132 2669 tu
2170 2615 2347 2671 solves
2375 2617 2596 2687 glaciem
2629 2617 2918 2688 iniquitatis
2939 2661 2954 2688 ,
2999 2620 3047 2675 si
3075 2636 3181 2677 non
3211 2623 3403 2680 ardeas
3443 2625 3662 2685 ﬂamma

2071 2705 2385 2763 charitatis?
2427 2708 2538 2766 Nec
2574 2725 2821 2766 curemus
2860 2712 3005 2784 quod
3050 2714 3129 2769 eis
3175 2717 3388 2773 molesti
3412 2720 3662 2777 videmur

2072 2798 2442 2870 compellando
2474 2818 2490 2856 :
2517 2801 2853 2858 attendamus
2885 2817 3025 2874 quo;
3054 2805 3106 2859 in
3152 2820 3219 2860 eo
3241 2811 3416 2864 securi
3441 2811 3610 2868 simus
3641 2831 3659 2869 :

2073 2889 2329 2959 numquid
2357 2891 2498 2946 enim
2523 2891 2591 2946 ad
2634 2901 2861 2949 mortem
2887 2936 2902 2961 ,
2951 2903 3005 2950 et
3045 2911 3150 2950 non
3183 2898 3356 2967 potius
3383 2915 3412 2955 a
3442 2904 3660 2960 morte?

2070 2977 2301 3036 Omnino
2345 2983 2766 3055 quibuscumque
2812 2986 2985 3043 modis
3031 3003 3346 3058 possumus,
3397 2995 3494 3050 sed
3546 3011 3664 3053 mo-

2071 3070 2221 3126 deste
2240 3113 2255 3138 ,
2287 3081 2492 3129 vetusta
2521 3075 2739 3130 vulnera
2766 3064 3152 3146 pertractemus
3182 3098 3194 3132 :
3224 3090 3278 3136 et
3301 3085 3440 3138 cauti
3468 3087 3657 3153 simus,

2071 3177 2140 3216 ne
2178 3163 2318 3218 inter
2360 3178 2548 3219 manus
2605 3166 2796 3221 medici
2853 3167 3065 3223 deficiat
3102 3171 3191 3240 qui
3246 3184 3478 3229 curatur.
3517 3177 3662 3246 Quid

2071 3254 2250 3325 itaque
2276 3256 2568 3312 curandum
2603 3258 2755 3314 nobis
2794 3268 2876 3315 est
2918 3261 3039 3330 quia
3071 3264 3242 3332 plorat
3285 3282 3417 3336 puer
3456 3270 3546 3340 qui
3591 3272 3659 3327 ad

2069 3345 2306 3402 scholam
2333 3347 2580 3403 ducitur?
2608 3348 2956 3420 Cogitandum
2989 3355 3144 3409 nobis
3174 3364 3256 3410 est
3294 3358 3416 3428 quia
3447 3362 3662 3430 repellit

2070 3449 2260 3495 maniis
2289 3441 2483 3497 medici
2507 3444 2596 3512 qui
2637 3443 2887 3498 secatur?
2915 3445 3215 3502 Piscatores
3260 3448 3472 3505 fuerunt
3514 3455 3658 3525 Apo-

2070 3533 2226 3599 stoli,
2270 3543 2324 3590 et
2361 3535 2617 3590 Dominus
2644 3537 2777 3591 dixit
2831 3539 2942 3604 eis,
2997 3537 3209 3594 Faciam
3248 3559 3333 3596 vos
3383 3545 3659 3614 piscatores

2071 3629 2331 3682 hominum
2363 3630 2576 3699 (Matth.
2605 3646 2661 3685 1v
2683 3673 2697 3698 ,
2728 3631 2842 3700 l9).
2875 3632 2977 3687 Per
3002 3634 3316 3704 prophetam
3355 3645 3533 3692 autem
3577 3641 3660 3696 di-

2070 3723 2212 3779 citur
2238 3722 2379 3792 quod
2427 3723 2570 3777 Deus
2624 3723 2796 3792 primo
2847 3726 3140 3792 piscatores
3194 3734 3309 3780 erat
3361 3730 3653 3798 missurus,

2070 3821 2256 3882 postea
2286 3820 2567 3866 venatores
2599 3811 2814 3880 (Jerem.
2847 3827 2941 3866 xvr
2961 3853 2976 3877 ,
3009 3814 3121 3882 16).
3153 3815 3332 3869 Primo
3362 3815 3657 3885 piscatores

2069 3903 2248 3963 misit,
2294 3911 2482 3970 postea
2531 3911 2809 3956 venatores
2855 3901 3038 3955 mittit.
3091 3903 3265 3971 Quare
3327 3907 3655 3977 piscatores,

2070 4007 2234 4062 quare
2278 3992 2593 4046 venatores?
2638 3992 2714 4045 De
2737 3992 2931 4061 abysso
2971 4001 3027 4047 et
3055 3992 3319 4062 profundo
3371 3997 3533 4051 maris
3562 4012 3657 4053 su-

2068 4085 2400 4156 perstitionis
2421 4083 2735 4138 idololatriae
2762 4083 3040 4140 credentes
3071 4084 3257 4156 piscati
3289 4098 3414 4142 sunt
3452 4090 3658 4164 retibus

2070 4175 2212 4234 ﬁdei.
2246 4176 2539 4232 Venatores
2564 4184 2738 4231 autem
2769 4191 2876 4244 quo
2918 4176 3067 4233 missi
3109 4179 3271 4233 sunt?
3297 4179 3428 4235 Cum
3457 4181 3533 4235 illi
3559 4197 3657 4236 va-

2068 4277 2321 4339 garentur
2345 4284 2442 4338 per
2470 4275 2679 4324 montes
2708 4277 2765 4325 et
2784 4268 2949 4325 colles
2967 4311 2982 4337 ,
3012 4268 3064 4325 id
3087 4278 3203 4337 est,
3233 4286 3330 4342 per
3373 4273 3656 4342 superbias

2071 4360 2342 4415 hominum
2363 4402 2377 4426 ,
2410 4375 2505 4431 per
2535 4368 2774 4417 tumores
2811 4368 3098 4417 terrarum.
3125 4361 3279 4417 Mons
3307 4378 3443 4418 unus
3474 4364 3655 4420 Dona-

2070 4459 2156 4506 tus
2175 4494 2188 4518 ,
2213 4461 2266 4506 et
2295 4453 2429 4506 alius
2458 4467 2612 4507 mons
2642 4453 2829 4516 Arius;
2849 4452 2998 4507 'alter
3026 4467 3182 4508 mons
3211 4453 3490 4519 Photinus,
3515 4458 3653 4510 alter

2071 4557 2225 4597 mons
2249 4542 2482 4596 Novatus
2515 4561 2527 4595 :
2557 4559 2654 4612 per
2674 4543 2804 4597 istos
2829 4547 3039 4597 montes
3069 4543 3352 4607 errabant;
3383 4547 3656 4600 venatori-

2071 4634 2170 4688 bus
2192 4633 2460 4704 indigebat
2481 4648 2637 4688 error
2678 4634 2936 4702 ipsorum.
2972 4633 3095 4687 Ideo
3123 4643 3175 4686 et
3204 4633 3484 4688 distributa
3531 4645 3658 4692 sunt

2072 4725 2243 4779 officia
2273 4725 2594 4792 piscatorum
2621 4730 2675 4778 et
2713 4732 3054 4787 venatorum,
3086 4738 3154 4777 ne
3184 4721 3322 4778 forte
3362 4725 3445 4778 isti
3476 4725 3658 4782 dicant

2072 4815 2225 4870 nobis
2256 4831 2268 4868 :
2301 4814 2476 4883 Quare
2523 4814 2763 4883 Apostoli
2812 4814 3078 4868 neminem
3125 4823 3450 4884 coegerunt,
3487 4818 3658 4870 nemi-

2071 4923 2196 4964 nem
2239 4906 2601 4978 impulerunt?
2645 4907 2779 4976 Quia
2824 4908 3061 4976 piscator
3088 4914 3205 4972 est,
3235 4908 3369 4961 retia
3401 4909 3563 4962 mittit
3604 4911 3650 4963 iu

2072 5013 2250 5063 mare,
2281 4996 2423 5068 quod
2463 4997 2748 5052 incurrerit
2793 4996 2971 5051 trahit.
3002 4997 3235 5051 Venator
3276 5007 3450 5051 autem
3497 5001 3651 5056 silvas

2071 5091 2263 5162 cingit,
2311 5098 2492 5146 sentes
2519 5092 2750 5156 excutit,
2784 5090 3078 5146 terroribus
3122 5091 3355 5160 undique
3402 5093 3655 5161 multipli-

2071 5183 2201 5238 catis
2230 5182 2369 5252 cogit
2417 5183 2469 5236 in
2524 5183 2676 5237 retia.
2705 5181 2783 5237 Ne
2835 5183 2934 5236 hac
2980 5189 3098 5247 eat,
3123 5198 3192 5236 ne
3217 5182 3334 5235 illac
3373 5191 3499 5236 eat:
3535 5183 3689 5237 inde

2072 5289 2293 5329 occurre
2312 5315 2326 5339 ,
2361 5272 2482 5328 inde
2508 5273 2686 5340 caede,
2714 5274 2836 5328 inde
2868 5283 3042 5341 terre;
3073 5291 3177 5328 non
3222 5283 3411 5340 exeat,
3441 5290 3546 5330 non
3575 5275 3659 5331 cf-

2072 5363 2253 5436 fugiat.
2282 5364 2388 5420 Sed
2415 5365 2546 5419 retia
2573 5374 2753 5420 nostra
2782 5366 2888 5420 vita
2915 5374 3032 5433 est,
3061 5375 3264 5422 tantum
3286 5368 3502 5423 dilectio
3526 5383 3658 5423 con-

2071 5465 2331 5511 servetur.
2374 5456 2480 5512 Nec
2525 5457 2766 5512 attendas
2796 5473 2955 5528 quam
2986 5458 3058 5512 illi
3111 5459 3186 5512 sis
3230 5459 3525 5526 molestus,
3559 5459 3656 5515 sed

2069 5563 2228 5619 quam
2262 5550 2355 5604 tibi
2380 5549 2469 5606 ille
2495 5549 2566 5606 sit
2593 5549 2838 5606 dilectus.
2868 5550 3051 5617 Qualis
3078 5550 3248 5621 pietas
3269 5593 3283 5617 ,
3316 5551 3360 5606 si
3399 5552 3574 5623 parcis
3597 5557 3670 5618 et,

2075 5638 2331 5696 moritur?

2910 5735 3412 5816 (Vingt—trois.)
