4140 6216
543 232 645 287 ’115

606 332 830 401 CAPUT
859 330 1093 400 X.——i2.
1122 344 1418 402 Similitudo
1435 346 1617 401 docens
1639 348 1837 418 pietatis
1861 367 1987 418 esse,
2018 368 2132 406 cum

535 437 783 494 haereticis
810 438 1068 494 obstinatis
1093 456 1194 493 non
1219 440 1451 511 parcitur
1476 482 1491 507 ,
1521 456 1583 493 ne
1608 448 1834 509 pereant.
1869 440 2083 501 Fratres
2108 487 2123 511 ,

533 529 674 587 hanc
703 533 859 587 etiam
888 531 1220 587 considerate
1275 533 1729 601 comparationem
1777 544 1830 590 et
1874 536 2128 592 similitu-

534 621 715 678 dinem
750 641 763 679 :
794 639 892 677 una
943 623 1084 677 enim
1131 638 1217 678 res
1259 621 1457 678 multas
1503 624 1880 682 similitudines
1927 626 2126 685 habere

531 724 725 785 potest.
763 716 831 767 Ea
886 714 1188 769 conditione
1240 725 1533 771 nascuntur
1574 717 1841 785 homines,
1902 728 1959 774 ut
2002 718 2130 776 velit

532 808 632 863 sibi
661 808 833 861 omnis
860 808 1018 862 homo
1047 825 1075 861 a
1100 807 1220 863 filiis
1245 809 1356 863 suis
1387 809 1600 865 succedi
1630 828 1645 878 ;
1668 821 1721 866 et
1751 827 1908 867 nemo
1932 819 2017 867 est
2034 813 2126 884 qui

528 916 635 955 non
658 896 798 954 hunc
820 900 1056 955 ordinem
1084 902 1135 957 in
1158 901 1317 957 domo
1343 918 1437 957 sua
1454 902 1542 959 vel
1570 914 1717 975 Oplel
1733 904 1820 961 vel
1840 915 2041 977 speret,
2068 916 2128 964 ut

528 1001 872 1063 generatores
903 992 1131 1048 ﬁliarum
1158 994 1369 1060 cedant,
1431 1005 1485 1051 et
1530 997 1771 1067 generati
1812 997 2122 1056 succedant.

529 1084 729 1139 Tamen
753 1084 797 1139 si
824 1095 972 1154 pater
1002 1101 1165 1140 senex
1194 1096 1416 1157 mgrotet
1448 1107 1461 1141 :
1497 1103 1604 1142 non
1645 1088 1767 1143 dico
1790 1130 1804 1155 ,
1854 1090 1898 1144 si
1948 1090 2122 1159 filius,

529 1177 614 1232 cui
651 1178 787 1232 adsit
842 1186 1011 1246 pater,
1042 1195 1197 1247 quem
1244 1180 1435 1248 qumrit
1476 1178 1765 1246 hzeredem,
1794 1198 1950 1251 quem
1980 1185 2127 1254 cupit

528 1285 913 1335 successorem,
947 1286 1104 1340 quem
1146 1280 1427 1340 propterea
1471 1273 1673 1341 genuit,
1710 1282 1764 1326 ut
1790 1273 1881 1326 illo
1910 1285 2124 1330 mortuo

526 1360 639 1429 ipse
698 1361 874 1425 vivat;
932 1379 1035 1417 non
1067 1363 1168 1417 hoc
1220 1362 1340 1417 dico
1368 1380 1381 1415 :
1412 1364 1456 1418 si
1487 1374 1633 1433 pater
1668 1376 1892 1434 aegrotet
1921 1381 2119 1433 senex,

525 1451 715 1516 iturus,
743 1452 851 1522 jam
888 1452 1090 1506 vicinus
1121 1454 1300 1518 morti,
1329 1453 1441 1522 jam
1479 1462 1681 1507 naturae
1731 1454 1977 1511 ordinem
2024 1473 2121 1527 pc-

526 1550 665 1609 tens,
693 1543 800 1611 jam
852 1542 986 1597 ultra
1035 1544 1175 1614 quod
1222 1553 1401 1613 speret
1444 1562 1550 1599 non
1594 1547 1822 1614 habens;
1870 1560 2043 1603 tamen
2076 1552 2124 1606 si

525 1640 766 1701 trgrotet,
798 1640 849 1687 et
890 1633 1026 1687 adsit
1064 1633 1135 1687 illi
1161 1635 1251 1705 pie
1304 1632 1443 1688 illius
1473 1634 1625 1705 ejus,
1682 1645 1734 1691 et
1786 1635 1961 1692 videat
1996 1654 2122 1695 eum

524 1723 763 1776 medicus
787 1712 970 1776 lctbali
994 1734 1047 1777 et
1094 1724 1253 1778 noxio
1276 1740 1466 1779 somno
1498 1724 1692 1794 premi,
1728 1725 1932 1796 patiens
1958 1739 2039 1784 est
2067 1730 2121 1785 in

525 1829 706 1868 senem
736 1816 1049 1869 moriturum
1079 1825 1295 1885 prapter
1342 1817 1485 1885 ipsos
1514 1833 1710 1893 paucos
1764 1818 1879 1875 dies
1931 1821 2121 1891 quibus

524 1902 610 1959 hic
628 1914 809 1977 potest
836 1908 1036 1971 vivere;
1063 1914 1168 1961 stat
1190 1905 1348 1975 lilius,
1382 1916 1437 1964 et
1480 1909 1631 1964 adest
1662 1912 1795 1981 patri
1823 1908 2115 1969 sollicitus:

524 2008 578 2054 et
603 2014 721 2053 cum
743 1996 967 2055 audierit
996 2000 1261 2055 medicum
1283 2001 1569 2070 dicentem,
1597 2000 1706 2058 Iste
1729 2002 1888 2060 homo
1915 2006 2119 2062 lethar-

524 2088 675 2159 gicus
705 2100 878 2161 potest
902 2105 1041 2157 esse,
1076 2102 1129 2146 et
1155 2091 1279 2147 inde
1303 2094 1463 2157 mori,
1484 2090 1526 2148 si
1552 2096 1889 2163 permittatur
1914 2095 2120 2153 dormi-

524 2195 618 2247 re;
642 2182 685 2236 sl
713 2182 872 2237 vultis
894 2194 1017 2237 eum
1048 2183 1246 2249 vivere,
1273 2199 1377 2239 non
1399 2184 1631 2243 dormiat
1668 2204 1681 2239 :
1720 2184 1866 2241 illum
1899 2202 2120 2245 somnus

522 2270 612 2329 ille
638 2274 827 2329 noxius
853 2276 1064 2343 premit,
1088 2276 1177 2345 qui
1199 2283 1252 2329 et
1280 2274 1475 2331 noxius
1498 2284 1600 2342 est,
1620 2284 1672 2330 et
1691 2276 1859 2333 dulcis
1898 2287 1997 2333 est.
2026 2278 2118 2334 Fi-

523 2364 626 2420 lius
646 2376 821 2420 autem
845 2363 961 2435 ejus
1001 2356 1304 2421 admonitus
1332 2380 1363 2421 a
1396 2365 1602 2421 medico
1624 2409 1640 2435 ,
1674 2374 1780 2423 stat
1809 2368 2067 2425 sollicitus
2099 2413 2113 2436 ,

526 2452 664 2526 patri
688 2454 962 2520 molestus,
1000 2454 1193 2525 pulsat;
1227 2466 1280 2510 et
1329 2456 1373 2510 si
1412 2457 1640 2526 pulsatio
1678 2457 1794 2527 ejus
1845 2457 2071 2514 vincitur
2095 2503 2110 2527 ,

522 2544 825 2611 vellicat;et
851 2548 893 2600 si
921 2548 1186 2603 vellicatio
1238 2547 1369 2602 nihil
1412 2549 1540 2618 agit,
1570 2550 1777 2619 pungit.
1804 2549 1962 2605 Certe
2001 2558 2118 2606 mo-

520 2638 689 2693 lcslus
718 2645 799 2692 est
826 2640 958 2708 patri
994 2652 1007 2691 :
1036 2647 1087 2693 et
1118 2646 1261 2693 esset
1289 2638 1517 2707 impius,
1574 2639 1675 2693 nisi
1732 2642 1989 2697 molestus
2034 2658 2119 2698 es-

522 2740 624 2788 set.
658 2730 837 2786 Atille
862 2748 1017 2802 quem
1048 2732 1277 2785 delectat
1307 2732 1464 2798 mori,
1495 2732 1778 2786 molestum
1820 2734 1919 2788 sibi
1949 2732 2115 2791 filium

524 2824 658 2878 tristi
681 2832 896 2894 aspectu
923 2832 975 2876 et
1003 2837 1133 2876 voce
1160 2820 1501 2875 reverberat:
1528 2822 1752 2890 Quiesce
1781 2822 1944 2890 mihi;
1986 2826 2114 2896 quid
2192 2829 2197 2835 '

523 2916 651 2969 mihi
682 2916 937 2969 molestus
962 2913 1065 2967 es?
1091 2911 1196 2967 Sed
1228 2910 1464 2966 medicus
1490 2914 1560 2967 ait
1591 2914 1711 2983 quia
1743 2913 1787 2968 si
1809 2913 2112 2985 dormieris,

522 3007 787 3061 morieris.
817 3006 882 3060 Et
929 3002 1018 3058 ille
1051 3021 1063 3058 :
1093 3002 1308 3058 Dimitte
1337 3021 1421 3058 me
1449 3021 1462 3069 ;
1495 3005 1629 3059 mori
1659 3006 1799 3060 volo.
1828 3005 2006 3063 Senex
2037 3008 2116 3065 di-

524 3096 617 3167 cit,
650 3098 783 3154 Mori
815 3097 938 3152 volo
973 3117 985 3149 :
1020 3108 1071 3152 ct
1098 3112 1229 3168 puer
1274 3097 1465 3168 impius
1513 3106 1633 3165 est,
1681 3100 1724 3153 si
1781 3115 1888 3156 non
1936 3100 2111 3168 dicat,

521 3190 634 3262 Ego
660 3192 802 3246 nolo.
826 3182 891 3244 Et
916 3190 1005 3244 illa
1032 3191 1137 3244 vita
1166 3189 1345 3259 utique
1385 3189 1694 3259 temporalis
1728 3200 1810 3245 est
1838 3231 1856 3258 ,
1889 3206 1987 3246 nec
2026 3190 2116 3247 ille

521 3284 576 3338 in
606 3296 668 3338 ea
700 3291 982 3351 perpetuus
1011 3283 1144 3345 erit,
1176 3281 1261 3335 cui
1300 3280 1437 3334 ﬁlius
1480 3290 1563 3335 est
1587 3279 1841 3336 molestus
1884 3291 1940 3337 ut
1967 3283 2113 3338 exci-

522 3383 619 3439 tet;
649 3388 750 3428 nec
780 3372 868 3425 ille
899 3371 989 3440 qui
1019 3371 1234 3425 abeunti
1276 3371 1413 3441 patri
1439 3380 1492 3425 ct
1534 3372 1815 3429 decedenti
1855 3373 2112 3429 succedit.

526 3459 702 3519 Ambo
731 3478 827 3533 per
854 3476 970 3515 eam
1001 3471 1295 3527 transeunt,
1322 3454 1478 3517 ambo
1508 3478 1601 3534 per
1637 3464 1779 3519 illam
1808 3466 2111 3536 temporali-

522 3565 606 3612 ter
626 3553 1099 3612 transvolvautzet
1124 3563 1300 3610 tamen
1345 3555 1491 3626 impii
1537 3566 1681 3623 sunt,
1708 3558 1806 3613 nisi
1835 3558 1900 3613 ad
1943 3559 2112 3629 ipsam

523 3648 625 3704 sibi
656 3645 1035 3717 temporalem,
1087 3648 1248 3702 etiam
1291 3662 1412 3703 cum
1454 3649 1682 3705 invicem
1737 3650 1944 3705 molesti
1990 3659 2114 3706 sunt

523 3740 821 3797 consulant.
848 3739 1059 3810 Ergone
1086 3736 1241 3793 video
1282 3736 1499 3795 fratrem
1551 3756 1727 3795 meum
1776 3756 1969 3796 somno
2019 3755 2115 3795 no-

524 3835 625 3889 xia:
651 3833 1050 3888 consuetudinis
1081 3834 1268 3900 premi,
1298 3843 1351 3888 et
1380 3849 1485 3887 non
1526 3834 1700 3889 excito
1724 3875 1737 3899 ,
1785 3832 1910 3888 dum
1952 3834 2113 3889 timeo

526 3928 783 3982 molestus
810 3944 931 3982 esse
961 3926 1242 3981 dormienti
1290 3939 1448 3997 atque
1474 3929 1715 3997 pereunti
1738 3928 1761 3982 ?
1788 3929 1942 3983 Absit
1967 3943 1996 3982 a
2029 3945 2113 3985 me

522 4024 580 4073 ut.
600 4020 699 4073 hoc
730 4020 979 4087 facerem,
1016 4034 1111 4074 nec
1140 4020 1181 4074 si
1212 4018 1302 4073 illo
1330 4021 1450 4074 vivo
1503 4030 1682 4075 nostra
1739 4032 2114 4091 angustaretur

522 4110 824 4165 lizcredilas.
851 4110 1002 4164 Nunc
1033 4126 1159 4166 vero
1188 4126 1307 4164 cum
1346 4111 1475 4165 illud
1508 4111 1647 4180 quod
1702 4113 1971 4182 accepturi
2017 4124 2110 4167 su-

524 4216 642 4254 mus
670 4200 830 4254 dividi
858 4217 959 4254 non
994 4202 1179 4271 possit,
1233 4218 1372 4263 cum,
1409 4217 1721 4270 possessore
1760 4204 2112 4273 multiplicato

523 4293 791 4359 angustari
811 4307 911 4345 non
942 4294 1127 4361 possit;
1170 4305 1277 4348 non
1310 4308 1430 4347 eum
1472 4294 1669 4361 erigam
1719 4295 1804 4348 vel
1853 4299 2111 4352 molestus

942 4392 1029 4397 μμ.-
1074 4391 1613 4399 ___.——.———_————————-—-
1638 4391 1889 4399 -.-..—-*r.——__

550 4390 931 4399 W

1768 234 1827 291 S.
1866 236 2238 295 AUGUSTINI
2273 241 2582 303 EPISCOPI

3726 266 3836 326 716

2244 364 2303 409 ut
2326 354 2528 428 vigilet,
2560 367 2615 415 et
2640 376 2831 420 carens
2859 379 3048 426 somno
3072 370 3424 433 vetustissimi
3465 378 3664 436 erroris
3712 395 3836 437 me-

2238 462 2358 502 cum
2401 449 2455 505 in
2484 449 2797 511 haereditate
2822 458 3052 529 gaudeat
3079 464 3327 522 unitatis?
3353 467 3580 526 Prorsus
3600 470 3827 543 faciam;

2236 539 2281 595 si
2299 541 2479 613 vig'lo,
2503 543 2696 601 faciam
2726 565 2741 602 :
2774 548 2820 605 si
2847 567 2952 607 non
2970 552 3127 624 facio,
3156 566 3212 613 et
3232 575 3331 630 ego
3361 561 3589 619 dormio.

2305 631 2534 692 CAPUT
2564 636 2656 694 XI.
2698 671 2774 683 —
2818 645 2905 700 15.
2933 642 3122 702 Contra
3144 651 3405 710 luereticos
3436 656 3709 715 Ecclesium
3738 660 3828 717 di-

2234 723 2473 781 videntes.
2496 725 2831 801 Charissimi,
2864 735 3119 795 Dominus
3148 741 3520 813 interpellatus
3545 755 3672 804 cata
3690 766 3827 821 quo-

2233 816 2380 884 dam,
2411 834 2533 874 cum
2561 822 2730 878 turbis
2761 825 3090 897 loqueretur,
3116 842 3169 886 et
3198 835 3270 887 ait
3321 836 3394 891 illi
3420 856 3431 891 :
3462 816 3723 907 Domine,
3743 841 3829 897 die

2234 908 2387 981 fratri
2404 927 2514 967 meo
2541 923 2596 967 ut
2616 914 2807 970 dividat
2836 935 3027 973 mecum
3052 923 3415 981 luereditatem.
3443 929 3511 984 Et
3529 931 3782 989 Dominus
3808 950 3824 989 :

2231 996 2352 1070 Dic,
2375 1004 2545 1071 homo,
2568 1008 2680 1077 quis
2713 1025 2793 1064 me
2821 1014 3075 1066 constituit
3105 1015 3377 1073 divisorem
3406 1021 3721 1078 Inereditatis
3746 1025 3828 1080 in-

2233 1108 2308 1154 ter
2334 1101 2459 1172 vos(
2487 1100 2614 1156 Luc.
2648 1120 2741 1170 xu,
2775 1106 2863 1173 15,
2894 1109 2961 1163 it
2987 1109 3044 1178 )?
3072 1110 3208 1178 Non,
3233 1115 3413 1186 utique
3437 1115 3829 1187 dedignabatur

2232 1205 2581 1261 compescere
2597 1195 2976 1267 cupiditatem,
3009 1201 3102 1256 sed
3132 1203 3345 1259 nolebat
3397 1206 3513 1261 ﬁeri
3564 1207 3732 1277 judex
3759 1208 3829 1264 ad

2231 1279 2565 1339 divisionem.
2596 1285 2707 1342 Nos
2732 1297 2932 1353 autem,
2954 1292 3255 1348 cbarissimi
3275 1336 3291 1361 ,
3326 1310 3433 1350 non
3479 1312 3604 1353 eum
3643 1315 3826 1356 rerum

2233 1373 2415 1428 talium
2436 1373 2672 1445 judicent
2697 1381 3055 1449 requiramus,
3089 1385 3212 1454 quia
3241 1400 3342 1441 nec
3371 1388 3492 1442 talis
3534 1399 3617 1444 est
3646 1389 3821 1448 hane-

2230 1466 2368 1522 ditas
2392 1478 2612 1537 ucstra;
2642 1486 2772 1541 pura
2794 1471 2969 1530 fronte
2992 1515 3010 1543 ,
3044 1477 3182 1532 bona
3210 1480 3535 1552 conscientia
3566 1472 3823 1553 interpel-

2228 1557 2398 1614 lemus
2415 1561 2696 1618 Dominum
2726 1573 2993 1634 nostrum,
3017 1576 3073 1623 et
3097 1568 3242 1624 dicat
3266 1569 3318 1626 ei
3340 1572 3704 1644 unusquisque
3725 1590 3824 1628 nu-

2226 1661 2394 1707 strum
2421 1669 2436 1707 :
2470 1654 2719 1724 Domine,
2746 1655 2834 1713 dic
2860 1656 3011 1714 fratri
3053 1675 3196 1729 meo,
3235 1678 3341 1719 non
3389 1676 3447 1719 ut
3473 1666 3693 1731 dividat,
3726 1668 3822 1725 sed

2228 1753 2282 1799 ut
2312 1748 3118 1806 teneatmecumhmreditatem.
3150 1753 3290 1821 Quid
3328 1758 3476 1811 enim
3512 1758 3588 1812 vis
3617 1754 3823 1815 divide-

2226 1850 2308 1902 re,
2336 1834 2548 1893 frater?
2573 1830 2731 1906 Quod
2785 1841 2929 1897 enim
2959 1830 3163 1899 dimisit
3201 1845 3357 1901 nobis
3403 1848 3655 1904 Dominus
3713 1867 3819 1906 non

2224 1934 2401 1995 potest
2418 1916 2609 1984 dividi.
2641 1932 2845 1987 Aurum
2872 1942 2957 1988 est
2982 1934 3150 2002 euim,
3178 1945 3235 1990 ut
3261 1945 3514 1994 stateram
3542 1940 3820 1998 divisionis

2226 2019 2806 2094 proferatiArgentum
2821 2034 2925 2093 est,
2952 2018 3175 2097 pecunia
3204 2039 3320 2097 est,
3349 2034 3611 2104 mancipia
3656 2045 3781 2091 sunt
3800 2079 3816 2103 ,

2225 2127 2418 2181 pecora
2445 2124 2586 2181 sunt,
2617 2116 2839 2175 arbores
2858 2128 3005 2188 sunt,
3025 2122 3141 2192 agri
3159 2124 3309 2178 sunt?
3328 2124 3518 2181 Omnia
3547 2127 3690 2182 enim
3719 2130 3821 2185 ista

2224 2200 2387 2259 dividi
2407 2215 2653 2276 possunt,
2671 2207 2788 2264 Non
2805 2219 2980 2280 potest
2994 2212 3177 2278 dividi,
3197 2211 3385 2268 Pacem
3397 2232 3560 2269 nteant
3576 2217 3642 2271 do
3659 2220 3817 2287 vobis,

2223 2312 2399 2365 pacem
2428 2314 2588 2352 nteant
2619 2299 2816 2354 dimitto
2853 2302 2991 2355 vobis
3021 2300 3203 2373 (Joan.
3246 2318 3358 2370 xxv,
3384 2305 3504 2378 27).
3533 2307 3820 2368 Postremo

2222 2383 2276 2438 iu
2301 2385 2431 2455 ipsis
2461 2387 2620 2443 etiam
2646 2390 2874 2445 terrenis
2896 2389 3300 2447 haireditatibus
3328 2392 3522 2452 divisio
3548 2399 3817 2456 minorem

2220 2473 2391 2559 facit:
2425 2481 2695 2534 constitue
2716 2479 2851 2536 duos
2890 2480 3088 2538 fratres
3130 2483 3229 2539 sub
3279 2501 3387 2541 uno
3428 2499 3608 2558 patre;
3656 2493 3813 2565 quid-

2220 2556 2347 2637 quid
2373 2569 2607 2637 possidet
2634 2582 2806 2642 pater,
2832 2575 3114 2630 amborum
3152 2586 3266 2646 est,
3300 2556 3471 2634 totum
3529 2556 3699 2650 illius,
3736 2576 3816 2640 to-

2220 2665 2331 2711 tum
2357 2668 2410 2713 et
2430 2659 2590 2714 illius.
2620 2661 2854 2719 Proinde
2879 2666 2925 2720 si
2955 2666 3020 2721 de
3045 2668 3205 2723 rebus
3250 2670 3365 2725 suis
3419 2672 3807 2746 interrogetur,

2219 2747 2298 2801 sic
2316 2747 2604 2818 respondet
2629 2767 2641 2803 :
2676 2752 2839 2823 Cujus
2870 2763 2974 2822 est,
2993 2758 3140 2812 verbi
3166 2761 3361 2830 gratia,
3393 2777 3563 2834 equus
3597 2764 3721 2820 ille?
3744 2766 3815 2821 Et

2219 2835 2265 2892 si
2280 2839 2372 2893 uni
2388 2854 2573 2895 eorum
2602 2840 2803 2900 dixeris
2835 2863 2848 2900 :
2873 2846 3074 2904 Noster
3099 2860 3202 2905 est.
3232 2850 3397 2923 Cujus
3449 2853 3541 2911 ille
3579 2856 3805 2926 fundus,

2218 2926 2307 2986 ille
2327 2934 2545 2988 servus?
2575 2934 2630 2989 lu
2653 2937 2903 2993 omnibus
2933 2946 3260 3011 reSpondet:
3289 2945 3481 3000 Noster
3508 2956 3608 3002 est.
3640 2948 3811 3005 Siau-

2219 3030 2325 3076 tem
2355 3022 2617 3091 dividant,
2654 3027 2767 3097 jam
2813 3030 2957 3085 aliud
2991 3034 3365 3104 respondetur.
3424 3036 3585 3109 Cujus
3642 3055 3811 3110 equus

2218 3113 2346 3169 ille?
2366 3115 2531 3171 Meus.
2551 3117 2723 3199 Cujus
2741 3120 2874 3176 iste?
2901 3122 3103 3179 Fratris
3130 3127 3255 3182 mei.
3278 3127 3419 3183 Ecce
3448 3129 3577 3199 quid
3600 3131 3689 3186 tibi
3727 3132 3809 3188 fe-

2217 3206 2291 3261 cit
2309 3206 2520 3265 divisio.
2546 3209 2663 3266 Non
2696 3195 2857 3268 unum
2906 3217 3178 3286 acquisisti
3206 3260 3221 3283 ,
3253 3219 3349 3273 sed
3381 3195 3541 3276 unum
3572 3222 3812 3292 perdidi-

2218 3297 2306 3351 sti.
2335 3298 2393 3354 Si
2413 3315 2541 3372 ergo
2582 3311 2636 3356 et
2665 3302 2823 3357 talem
2877 3303 3245 3362 ha-reditatem
3294 3310 3614 3368 haberemus
3637 3354 3653 3381 ,
3692 3331 3810 3385 qua:

2218 3382 2382 3446 dividi
2407 3400 2605 3462 posset;
2624 3392 2861 3450 dividere
2893 3405 3066 3451 tamen
3097 3415 3203 3453 nou
3234 3400 3554 3457 deberemus
3574 3445 3591 3471 ,
3626 3421 3692 3459 ne
3708 3382 3811 3461 no-

2216 3487 2358 3536 stras
2384 3482 2597 3539 divitias
2617 3484 2996 3542 minueremus.
3030 3489 3093 3543 Et
3113 3500 3258 3545 certe
3299 3492 3430 3546 nihil
3464 3503 3568 3547 tam
3612 3496 3811 3566 impor-

2219 3583 2406 3630 tunum
2434 3576 2559 3631 ﬁliis
2583 3593 2743 3647 quam
2765 3580 2886 3635 vivo
2916 3591 3072 3650 patre
3115 3583 3254 3639 velle
3276 3584 3535 3641 dividere.
3573 3588 3809 3658 Denique

2217 3663 2263 3719 si
2288 3664 2391 3720 hoc
2409 3665 2584 3723 facere
2616 3668 2924 3737 moliantur,
2954 3673 2998 3726 si
3044 3674 3226 3730 litibus
3274 3685 3330 3731 et
3376 3679 3807 3734 contentionibus

2215 3754 2464 3810 studeant
2512 3757 2579 3812 ad
2628 3758 2974 3818 vindicandas
3022 3766 3121 3819 sibi
3168 3768 3392 3837 quisque
3423 3779 3596 3838 partes
3640 3785 3803 3837 suas,

2215 3846 2475 3900 exclamat
2501 3863 2665 3904 senex
2694 3865 2708 3902 :
2741 3850 2881 3919 Quid
2912 3854 3115 3910 facitis?
3166 3857 3355 3912 Adhuc
3407 3860 3544 3914 vivo.
3598 3862 3806 3930 Exspc-

2216 3947 2358 3995 ctate
2378 3940 2654 4010 paululum
2684 3954 2912 3999 mortem
2960 3963 3169 4014 meam,
3202 3961 3323 4002 tunc
3358 3959 3533 4003 secate
3587 3949 3806 4006 duilium

2215 4045 2411 4086 meam.
2460 4031 2568 4087 Nos
2617 4043 2793 4089 autem
2858 4037 3024 4091 Deum
3077 4048 3278 4107 patrem
3324 4039 3581 4094 habemus
3620 4059 3630 4088 :
3677 4041 3806 4111 quid

2215 4122 2353 4177 imus
2379 4124 2430 4177 in
2454 4123 2812 4181 divisionem?
2857 4129 2982 4198 quid
3035 4130 3172 4183 imus
3217 4130 3269 4183 in
3320 4130 3482 4185 lites?
3526 4132 3682 4186 Certe
3709 4149 3804 4189 ex-

2216 4222 2516 4282 spectemus
2547 4233 2560 4267 :
2593 4216 2639 4270 si
2670 4218 2805 4273 mori
2829 4221 3079 4289 potuerit,
3108 4220 3431 4277 dividamus.

3631 4402 3755 4411 ..η-ι

2020 4400 2029 4401 κ
2046 4400 3583 4411 7,——__——_————-—_——___—__._.
3631 4402 3677 4411 ...-
3702 4404 3714 4410 ι
3732 4405 3755 4411 ι

536 4400 669 4437 ..ρ-α...
672 4403 1937 4439 -σ-η-ῄ--υ-σ--ᾷΙΙ---ΙΙ-ῃ-
1944 4407 1995 4439 -
2000 4406 3799 4440 Ὦ--ῌ
2420 4437 2465 4440 __.
2470 4437 2663 4440 --η
2667 4439 2682 4440 7
2697 4439 2708 4440 γ

546 4430 669 4437 ,ιο-...-

1120 4434 2770 4620 {ﬂanimeum
2780 4434 3184 4621 τιεῖιῆ

1708 4668 2220 4735 HIPPONENSIS
2261 4666 2612 4735 EPISCOPI

1192 4791 1461 4933 DE
1556 4788 2148 4934 URBIS
2246 4786 3101 4938 EXCIDIO

1893 4980 2293 5064 SERMO
2323 4968 2432 5056 (⁸).

1967 5118 2385 5164 ἥψω-κερμ-

588 5209 814 5267 CAPUT
844 5204 1122 5264 PRIMUM.
1150 5238 1221 5249 --
1250 5208 1296 5261 1.
1320 5206 1548 5263 Danielis
1567 5210 1794 5280 exemplo
1822 5200 2104 5279 conﬁtentis

521 5311 723 5357 peccata
754 5316 873 5363 sua,
906 5299 1160 5371 redarguit
1188 5316 1272 5353 eos
1306 5299 1390 5369 qui
1414 5299 1476 5352 de
1501 5298 1648 5354 Urbis
1672 5300 1866 5354 excidio
1886 5314 2120 5354 murmu-

2212 5218 2328 5263 rant
2368 5220 2543 5264 contra
2584 5208 2767 5266 Deum.
2816 5208 2962 5277 Noe,
3004 5208 3188 5267 Daniel
3219 5220 3263 5265 et
3291 5209 3427 5280 Job,
3454 5228 3575 5282 quos
3601 5213 3799 5286 signiﬁ~

2227 5307 2356 5354 cent.
2419 5298 2722 5357 lntueamur
2773 5302 2995 5373 primam
3046 5302 3321 5358 lectionem
3362 5306 3527 5359 Sancti
3570 5307 3800 5367 Danielis

1689 5427 1975 5467 ADMONITIO
2012 5428 2093 5465 rp.

578 5493 745 5548 sermo
767 5481 831 5531 de
854 5479 1088 5548 utilitate
1110 5478 1282 5548 Jejunii
1316 5494 1422 5548 non
1465 5489 1696 5548 repertus
1734 5490 1809 5548 est
1940 5483 1989 5531 in
2014 5480 2119 5531 edit:

2223 5428 2617 5534 igfdifii‘eoiiiiis
2646 5484 2838 5533 excidio
2859 5486 3140 5548 reoognitus
3156 5494 3235 5537 est
3256 5487 3317 5537 ad
3341 5494 3564 5539 veteram
3581 5489 3802 5542 codicem

517 5547 723 5598 elutis
742 5554 790 5595 s.
817 5542 1057 5594 Michaelis
1077 5544 1127 5592 in
1146 5543 1361 5593 Pericula
1381 5542 1546 5603 maris;
1571 5550 1623 5594 et
1638 5545 1699 5594 ad
1719 5544 1978 5594 editiones.
2005 5550 2077 5593 Er.
2103 5550 2157 5594 et
2171 5550 2283 5595 ιον.

600 5635 1116 5714 Comparavimus
1132 5647 1438 5714 praeterea
1464 5654 1562 5696 eas
1595 5654 1799 5696 omnes
1844 5632 2119 5697 editione:

2223 5631 2353 5693 vitio
2385 5633 2555 5694 Ratr.
2578 5630 2969 5709 etConfess.,
2992 5640 3039 5693 ε.
3075 5634 3545 5709 Lmentoratas.
3628 5636 3716 5699 ιι.

583 5716 657 5778 (a)
676 5717 853 5767 (:itatur
867 5730 896 5767 a
910 5714 1038 5767 Beda
1055 5715 1266 5767 intuor.
1288 5726 1338 5764 x.
