4138 6212
365 295 468 368 ‘m

357 415 668 495 "prophetae,
713 415 804 474 ubi
845 432 968 472 eum
1012 414 1312 471 audivimus
1355 424 1631 482 orantem,
1677 425 1729 469 et
1770 415 1946 469 mirati

357 528 571 579 sumus,
626 527 728 567 non
777 509 948 565 solum
989 519 1207 580 peccata
1251 509 1427 578 populi
1468 509 1576 572 sui,
1624 508 1717 563 sed
1757 517 1812 563 et
1853 524 1947 563 sua

358 604 567 675 propria
600 604 962 658 conﬁtentem.
1000 601 1125 654 Nam
1154 609 1274 670 post
1301 601 1464 670 ipsam
1493 600 1786 656 orationem
1806 641 1821 666 ,
1849 617 1947 654 cu-

352 681 440 766 jus
482 694 696 766 quidem
742 694 903 749 verba
935 692 1237 748 indicabant
1266 710 1387 748 eum
1418 709 1523 748 non
1550 694 1722 748 solum
1750 693 1946 762 depre-

356 796 626 856 catorem,
676 787 768 842 sed
810 787 967 840 etiam
1016 784 1413 851 confessorem;
1457 795 1579 856 post
1618 786 1785 856 ipsam
1822 801 1948 855 ergo

354 879 650 934 orationem
677 920 692 944 ,
732 879 853 932 Cum
882 894 1078 932 orarem
1099 919 1114 943 ,
1145 879 1348 947 inquit,
1383 888 1428 931 et
1455 878 1719 945 con/itercr
1745 890 1948 947 peccata

356 986 465 1022 mea
490 980 533 1024 et
563 978 766 1039 peccata
797 969 972 1039 populi
1003 971 1101 1022 mei
1128 969 1346 1023 Domino
1377 968 1485 1023 Deo
1515 984 1622 1020 meo
1657 966 1815 1038 (Dan.
1848 982 1902 1019 Ix
1927 1007 1944 1031 ,

353 1049 470 1130 20).
509 1060 636 1128 Quis
674 1076 799 1131 ergo
837 1071 918 1115 est
954 1061 1042 1131 qui
1084 1075 1141 1115 se
1170 1062 1284 1115 sine
1313 1068 1526 1128 peccato
1551 1074 1670 1113 esse
1702 1059 1947 1127 proﬁtea-

355 1159 476 1214 tur,
525 1165 645 1204 cum
696 1151 877 1206 Daniel
925 1160 1142 1220 peccata
1191 1151 1402 1219 propria
1449 1151 1770 1204 conﬁtetur?
1812 1149 1945 1202 Nam

353 1243 586 1312 superbo
628 1243 839 1297 cuidam
880 1241 1082 1298 dictum
1125 1252 1206 1297 est
1235 1258 1328 1312 per
1355 1242 1685 1296 Ezechielem
1715 1241 1945 1310 prophe-

357 1345 462 1389 tam
518 1354 530 1388 :
587 1335 849 1407 Numquid
897 1346 949 1389 tu
999 1337 1273 1407 sapientior
1321 1352 1474 1405 quam
1521 1334 1702 1388 Daniel
1732 1333 1942 1404 (Exeo/1.

356 1441 526 1480 xxvm
549 1467 563 1492 ,
617 1425 717 1498 3)?
760 1425 817 1480 In
863 1426 1030 1481 tribus
1071 1427 1194 1481 item
1224 1426 1536 1496 quibusdam
1563 1424 1758 1479 sanctis
1782 1425 1941 1489 viris,

353 1531 451 1586 per
479 1531 613 1586 quos
644 1517 741 1572 tria
767 1533 962 1589 genera
991 1511 1263 1571 hominum
1287 1503 1547 1585 signiﬁcat
1574 1517 1710 1570 Deus
1735 1532 1850 1584 qua}
1877 1516 1944 1568 li-

355 1606 636 1662 beraturus
661 1617 775 1674 est,
806 1607 1017 1678 quando
1043 1623 1230 1676 magna
1261 1607 1532 1661 tribulatio
1561 1618 1944 1675 superventura

353 1708 436 1753 est
468 1699 649 1768 generi
681 1698 912 1752 humano
932 1740 946 1762 ,
975 1697 1134 1752 etiam
1161 1696 1304 1750 hunc
1338 1697 1608 1750 Daniclem
1643 1698 1818 1764 posuit
1846 1713 1858 1750 :
1889 1707 1944 1750 et

355 1789 487 1844 dixit
510 1789 651 1860 quod
680 1801 838 1844 nemo
869 1789 990 1844 inde
1012 1790 1322 1844 liberabitur
1343 1831 1358 1854 ,
1387 1791 1485 1842 nisi
1512 1776 1620 1842 Noe
1642 1831 1656 1852 ,
1686 1789 1868 1843 Daniel
1892 1797 1946 1842 et

354 1877 455 1938 Job
477 1875 588 1952 (Id.
624 1898 716 1936 xw
738 1923 753 1948 ,
785 1869 892 1952 lxi).
925 1881 991 1936 Et
1011 1880 1223 1951 quidem
1253 1882 1592 1936 manifestum
1611 1891 1693 1936 est
1720 1882 1859 1952 quod
1890 1884 1944 1937 in

350 1965 438 2026 his
460 1970 644 2027 'tribus
687 1973 992 2027 nominibus
1037 1973 1134 2025 tria
1172 1971 1450 2041 quaedam,
1495 1980 1551 2025 ut
1578 1972 1682 2025 dixi
1705 2013 1718 2037 ,
1746 1988 1942 2042 genera

347 2061 631 2118 hominum
659 2059 919 2133 signiﬁcat
946 2063 1107 2118 Dens.
1129 2061 1243 2117 Jam
1275 2063 1416 2116 enim
1449 2071 1556 2115 tres
1587 2062 1661 2114 illi
1692 2062 1788 2116 viri
1815 2063 1940 2117 dor-

351 2152 585 2207 mierunt
604 2194 616 2217 ,
655 2163 707 2208 et
743 2151 883 2222 apud
910 2152 1074 2206 Deum
1102 2162 1223 2207 sunt
1250 2152 1464 2222 Spiritus
1491 2167 1674 2206 eorum
1692 2193 1709 2220 ,
1740 2162 1794 2208 et
1821 2169 1942 2208 eor-

350 2245 482 2313 pora
532 2257 718 2297 eorum
762 2243 814 2296 in
857 2252 995 2297 terra
1024 2241 1290 2296 ﬂuxerunt
1319 2262 1330 2295 :
1363 2252 1676 2311 exspectant
1701 2259 1942 2297 resurre-

349 2335 584 2388 ctionem
621 2343 676 2388 et
701 2333 765 2387 ad
799 2333 1076 2388 dexteram
1108 2334 1514 2389 collocationem
1542 2375 1556 2398 ,
1592 2349 1687 2387 nec
1711 2333 1942 2404 aliquam

354 2428 406 2482 in
441 2427 547 2484 hoc
581 2426 780 2481 mundo
807 2427 1202 2482 tribulationem
1233 2427 1449 2490 timent,
1483 2427 1619 2481 unde
1645 2443 1704 2482 se
1729 2427 1944 2496 cupiant

353 2519 590 2575 liberari.
621 2519 900 2586 Quomodo
922 2534 1049 2589 ergo
1069 2518 1134 2573 de
1167 2519 1251 2573 illa
1287 2519 1620 2572 tribulatione
1641 2519 1941 2572 liberabun-

354 2620 441 2666 tur
471 2611 602 2677 Noe,
629 2603 808 2665 Daniel
838 2619 888 2665 et
911 2609 1044 2664 Job?
1064 2608 1285 2678 Quando
1307 2609 1514 2664 dicebat
1540 2610 1634 2662 ista
1665 2609 1938 2671 Ezechiel,

351 2703 500 2756 solus
538 2700 759 2756 forsitan
792 2699 973 2755 Daniel
1001 2701 1052 2754 in
1079 2717 1302 2770 corpore
1330 2700 1444 2754 l‘uit.
1472 2699 1602 2754 Nam
1632 2699 1740 2753 Noe
1765 2710 1817 2754 et
1842 2699 1942 2755 Job

350 2795 460 2868 iam
500 2795 627 2850 olim
673 2796 1030 2858 dormierant,
1077 2801 1132 2848 et
1156 2810 1344 2848 somno
1375 2794 1560 2847 mortis
1588 2793 1822 2862 patribus
1850 2810 1942 2862 ap-

356 2885 514 2960 positi
545 2889 771 2942 fuerant.
803 2883 1082 2954 Quomodo
1111 2901 1236 2956 ergo
1270 2893 1512 2955 poterant
1541 2885 1604 2938 de
1633 2885 1940 2940 imminente

347 2975 694 3034 tribulatione
722 2977 969 3044 liberari,
994 2977 1100 3046 jam
1129 2977 1253 3030 olim
1287 2976 1352 3031 de
1379 2992 1538 3030 carne
1565 2975 1812 3029 liberati?
1836 2975 1939 3030 Sed

351 3073 409 3127 iit
431 3068 550 3126 Noe
576 3071 941 3139 signiﬁcantur
965 3069 1088 3124 bOni
1114 3070 1377 3139 pra-positi
1400 3112 1412 3134 ,
1443 3070 1529 3138 qui
1565 3079 1746 3140 regunt
1775 3078 1827 3123 et
1847 3085 1944 3138 gu-

349 3164 580 3222 bernant
608 3163 903 3219 Ecclesiam
924 3206 937 3229 ,
962 3162 1228 3232 quomodo
1250 3163 1358 3218 Noe
1381 3164 1431 3216 in
1458 3163 1654 3217 diluvio
1675 3163 1939 3231 guberna-

350 3257 428 3312 vit
452 3270 654 3312 arcam.
688 3254 743 3308 ln
769 3255 986 3309 Daniele
1014 3254 1375 3324 signiﬁcantur
1399 3270 1585 3309 omnes
1615 3253 1782 3308 sancti
1809 3269 1937 3307 con-

351 3347 584 3404 tineutes
613 3365 627 3402 :
658 3347 713 3402 in
739 3345 838 3402 Job
867 3359 1053 3402 omnes
1074 3346 1337 3415 conjugati
1356 3347 1498 3415 juste
1523 3355 1573 3399 et
1604 3345 1738 3400 bene
1763 3346 1943 3399 viven-

352 3451 455 3496 tes.
499 3439 624 3495 Haec
659 3442 800 3494 enim
845 3439 944 3492 tria
981 3453 1175 3509 genera
1205 3436 1480 3492 hominum
1507 3437 1573 3491 de
1603 3437 1689 3492 illa
1720 3437 1939 3491 tribula-

349 3534 499 3588 tione
533 3532 724 3588 liberat
749 3531 914 3587 Deus.
943 3531 1141 3585 Tamen
1170 3539 1422 3600 quantum
1449 3530 1518 3584 sit
1543 3529 1941 3584 commendatus

353 3623 574 3690 Daniel,
598 3639 662 3678 ex
689 3623 794 3678 hoc
817 3632 1035 3692 apparet
1059 3665 1072 3687 ,
1097 3622 1236 3692 quod
1260 3638 1396 3677 unus
1420 3637 1485 3677 ex
1508 3623 1608 3676 illis
1637 3623 1802 3676 tribus
1833 3637 1943 3676 me~

350 3717 463 3772 fuit
499 3715 759 3770 nominari
801 3732 813 3767 :
853 3724 908 3770 et
937 3723 1108 3769 tamen
1139 3714 1421 3769 conﬁtetur
1449 3723 1660 3783 peccata
1689 3729 1804 3767 sua.
1844 3715 1940 3766 Da-

355 3807 497 3864 niele
531 3822 660 3877 ergo
685 3808 973 3862 conﬁtente
1000 3816 1209 3876 peccata
1235 3823 1328 3862 sua
1349 3848 1363 3871 ,
1394 3807 1544 3874 cujus
1568 3806 1812 3874 superbia
1838 3821 1942 3857 non

353 3899 734 3954 contremiscat
753 3940 766 3964 ,
790 3899 940 3969 cujus
964 3897 1165 3953 inﬂatio
1189 3915 1292 3952 non
1322 3898 1519 3953 residat
1544 3939 1558 3963 ,
1583 3897 1737 3968 cujus
1767 3906 1943 3950 tumor

355 3991 411 4047 et
429 3991 588 4047 elatio
615 4007 718 4044 non
741 3990 1088 4045 cohibeatur?
1119 3990 1247 4055 Quis
1271 3988 1527 4059 glorietur
1548 3997 1750 4039 castum
1773 4001 1830 4040 se
1851 3985 1945 4039 ha-

358 4085 485 4141 bere
525 4101 618 4140 cor
643 4126 656 4148 ,
695 4093 786 4138 aut
823 4085 938 4152 quis
967 4083 1222 4153 glorietur
1251 4081 1507 4135 mundum
1535 4095 1592 4134 se
1618 4094 1736 4133 esse
1760 4093 1791 4132 a
1815 4093 1941 4148 pec-

353 4185 476 4231 tato
507 4173 686 4245 (Prov.
715 4190 784 4227 xx
804 4215 816 4237 ,
847 4172 947 4243 9)?
1331 4171 1336 4180 '

429 4265 657 4323 CAPUT
695 4265 758 4317 ll.
800 4295 872 4304 —
909 4262 1012 4318 Cur
1060 4262 1196 4317 Deus
1242 4279 1340 4316 non
1397 4261 1614 4332 pepercit
1665 4259 1790 4316 Urbi
1828 4277 1944 4329 pro-

357 4369 470 4429 pter
486 4359 671 4428 justas.
701 4354 840 4409 Iusti
867 4355 1059 4409 duobus
1084 4355 1263 4409 modis.
1294 4353 1357 4408 Et
1386 4355 1643 4407 mirantur
1667 4350 1942 4417 homines,

360 4460 417 4505 et
453 4450 650 4504 utinam
678 4456 881 4506 tantum
909 4448 1229 4500 mirarentur
1253 4486 1267 4511 ,
1296 4452 1352 4500 et
1382 4459 1484 4498 non
1510 4443 1670 4498 etiam
1699 4443 1947 4513 blasphe-

361 4550 602 4607 marent,
648 4539 859 4607 quando
904 4535 1124 4606 corripit
1161 4537 1302 4591 Deus
1341 4550 1507 4606 genus
1533 4533 1822 4588 humanum
1847 4574 1861 4598 ,
1892 4541 1947 4587 et

364 4633 585 4703 ﬂagellis
611 4633 708 4702 βίω
734 4629 1095 4701 castigationis
1113 4630 1365 4700 exagitat,
1390 4644 1646 4684 exercens
1668 4625 1944 4697 antejudi-

361 4727 502 4782 cium
522 4725 890 4795 disciplinam,
934 4731 989 4778 et
1035 4723 1347 4793 plerumque
1391 4737 1495 4776 non
1544 4721 1746 4792 eligens
1787 4735 1946 4791 quem

365 4817 623 4888 ﬂagellet,
648 4817 832 4870 nolens
851 4813 1086 4868 invenire
1101 4829 1256 4883 quem
1275 4816 1506 4868 damnet.
1526 4813 1783 4882 Flagellat
1805 4812 1944 4865 enim

365 4909 518 4964 simul
539 4909 708 4978 iustos
724 4919 777 4962 et
798 4908 1022 4976 injustas
1054 4923 1065 4958 :
1096 4922 1396 4975 quanquam
1417 4906 1535 4975 quis
1556 4907 1751 4975 justus,
1781 4906 1824 4960 si
1846 4907 1947 4959 Da-

367 4986 472 5053 niel
500 5008 712 5067 peccata
741 4997 954 5067 prepria
984 4995 1303 5049 conﬁtetur?

435 5091 491 5145 2.
542 5091 700 5148 Lecta
743 5100 826 5145 est
858 5101 980 5144 ante
1007 5088 1122 5143 dies
1151 5088 1309 5142 lectio
1334 5083 1456 5141 libri
1489 5087 1757 5142 Geneseos
1782 5127 1797 5154 ,
1829 5103 1949 5156 qua:

366 5197 496 5248 nos,
529 5184 631 5239 nisi
660 5182 815 5238 fallor
838 5224 853 5250 ,
881 5182 1104 5236 multum
1135 5181 1257 5235 fecit
1278 5180 1506 5233 intentos
1526 5222 1540 5244 ,
1569 5180 1654 5234 ubi
1685 5180 1947 5233 Abraham

361 5275 494 5332 dicit
531 5276 754 5330 Domino
774 5316 789 5341 ,
836 5283 1008 5328 utrum
1042 5274 1086 5328 si
1116 5272 1347 5328 inveniat
1375 5271 1660 5325 incivitate
1688 5271 1950 5339 quinqua-

365 5372 506 5440 ginta
529 5369 704 5440 justos
722 5408 736 5434 ,
765 5376 943 5437 parcat
968 5366 1164 5422 civitati
1196 5373 1411 5435 prOpter
1430 5378 1523 5418 eos
1542 5405 1554 5427 ,
1579 5378 1646 5417 an
1672 5378 1790 5416 cum
1824 5363 1953 5431 ipsis

366 5459 560 5529 perdat
597 5460 886 5515 civitatem.
933 5457 1303 5527 Etrespondit
1339 5458 1388 5510 ei
1420 5456 1673 5510 Dominus
1694 5497 1706 5519 ,
1735 5453 1874 5524 quod
1907 5455 1953 5509 si

369 5549 604 5605 inveniat
643 5549 696 5603 in
735 5548 949 5604 civitate
975 5547 1349 5617 quinquaginta
1375 5546 1550 5616 justos
1571 5586 1585 5608 ,
1617 5553 1797 5615 parcat
1819 5544 1953 5599 civi-

369 5642 486 5696 tati.
521 5640 724 5697 Deinde
755 5641 1021 5697 Abraham
1050 5640 1242 5708 adjecit
1268 5639 1335 5694 ad
1365 5641 1832 5710 interrogationem
1861 5680 1873 5701 ,
1902 5645 1956 5692 et

368 5732 616 5799 qumsivit
658 5740 833 5787 utrum
879 5732 924 5786 si
974 5731 1151 5786 minus
1189 5728 1384 5786 fuerint
1411 5733 1677 5802 quinque,
1706 5738 1760 5786 et
1783 5744 1958 5785 rema-

1537 302 1764 359 SERMO
1803 302 1890 358 DE
1933 301 2132 359 URBlS
2170 301 2463 359 EXCIDIO.

3539 312 3641 371 718

2061 425 2222 469 neant
2247 417 2592 487 quadraginta
2620 419 2854 489 quinque
2877 463 2892 488 ,
2915 421 3157 476 similiter
3180 431 3377 492 parcat.
3401 425 3643 496 Respon-

2057 505 2135 560 dit
2168 507 2334 569 Deus,
2368 524 2583 576 parcere
2609 526 2668 564 se
2695 519 2747 564 et
2771 523 2990 581 propter
3018 513 3358 582 quadraginta
3383 517 3635 585 quinque.

2057 597 2194 665 Quid
2221 601 2380 652 multa
2401 602 2424 652 ἲ
2445 600 2699 654 Paulatim
2723 602 3095 673 interrogando
3113 644 3130 670 ,
3151 614 3207 659 et
3225 616 3288 658 ex
3313 605 3403 658 illo
3419 619 3642 663 numero

2058 688 2388 742 detrahendo
2410 693 2648 759 pervenit
2672 693 2739 747 ad
2763 693 2948 749 decem
2969 737 2984 760 ,
3003 704 3061 749 et
3079 696 3320 765 quaesivit
3339 712 3371 751 a
3395 698 3639 767 Domino,

2061 791 2234 835 utrum
2280 783 2322 836 si
2362 783 2542 837 decem
2568 785 2738 854 justus
2764 788 2815 840 in
2840 789 3053 844 civitate
3079 791 3425 858 compererit,
3457 793 3644 860 perdat

2057 886 2152 926 eos
2194 888 2313 927 cum
2355 875 2572 944 reliquis
2617 877 3088 934 innumerabilibus
3119 881 3268 934 malis
3289 923 3301 944 ,
3335 897 3400 934 an
3428 894 3646 952 propter

2057 960 2245 1015 decem
2277 963 2450 1031 justos
2492 975 2669 1032 parcat
2699 970 2870 1035 potius
2895 969 3111 1024 civitati.
3140 970 3433 1039 Respondit
3462 973 3600 1027 Detis
3623 1015 3638 1039 ,

2058 1051 2216 1104 etiam
2246 1061 2463 1121 propter
2491 1054 2675 1110 decem
2706 1058 2877 1125 justas
2910 1073 3012 1112 non
3041 1074 3100 1113 se
3126 1061 3349 1128 perdere
3371 1062 3644 1117 civitatem

2057 1139 2211 1212 (Gen.
2241 1159 2368 1197 xvm
2396 1183 2411 1208 ,
2443 1146 2652 1215 25-52).
2680 1146 2814 1215 Quid
2846 1165 2972 1218 ergo
3000 1150 3252 1216 dicimus,
3277 1151 3467 1207 fratres
3486 1153 3511 1205 ?
3532 1145 3641 1208 0c-

2055 1235 2220 1287 currit
2246 1236 2385 1288 enim
2418 1237 2570 1290 nobis
2612 1239 2837 1308 quaestio
2867 1240 3037 1294 valida
3074 1252 3124 1295 et
3151 1242 3436 1297 vehemens
3458 1285 3472 1308 ,
3506 1259 3644 1312 pra:-

2055 1325 2238 1377 sertim
2282 1325 2349 1378 ab
2392 1327 2691 1382 hominibus
2719 1332 2810 1397 qui
2836 1329 3124 1398 Scripturis
3149 1333 3345 1388 nostris
3366 1333 3643 1404 impietate

2056 1413 2400 1479 insidiantur,
2451 1433 2556 1471 non
2601 1419 2687 1487 qui
2725 1435 2817 1474 eas
2862 1422 3055 1491 pietate
3096 1425 3444 1492 perquirunt;
3479 1428 3533 1481 et
3561 1426 3642 1480 di-

2054 1519 2213 1573 cunt,
2259 1511 2488 1565 maxime
2528 1512 2596 1566 de
2643 1516 2841 1568 recenti
2884 1517 3090 1569 excidio
3121 1526 3278 1570 tantic
3309 1519 3452 1573 urbis
3482 1536 3498 1573 :
3524 1505 3641 1576 Non

2052 1613 2208 1658 erant
2227 1603 2415 1659 Romae
2439 1607 2814 1676 quinquaginta
2834 1607 3004 1676 justi?
3027 1611 3080 1663 In
3106 1619 3249 1664 Ianto
3271 1621 3492 1666 numero
3512 1609 3642 1667 ﬁde-

2055 1696 2182 1751 lium
2211 1739 2225 1762 ,
2256 1707 2407 1752 tanto
2438 1715 2661 1754 numero
2688 1702 3168 1756 sanctimonialium
3189 1743 3204 1768 ,
3230 1704 3635 1772 continentium,

2053 1798 2201 1841 tanto
2231 1804 2456 1844 numero
2476 1803 2754 1845 servorum
2781 1804 2834 1845 et
2860 1793 3172 1847 ancillarum
3203 1795 3295 1848 Dei
3321 1837 3334 1860 ,
3361 1810 3460 1850 nec
3485 1795 3639 1865 quin-

2048 1882 2300 1950 quaginta
2336 1882 2466 1951 justi
2511 1885 2734 1937 inveniri
2780 1887 3103 1952 potuerunt,
3137 1901 3234 1940 nec
3259 1886 3636 1956 quadraginta,

2054 1989 2152 2029 nec
2191 1975 2402 2044 triginta
2429 2015 2442 2040 ,
2483 1991 2582 2030 nec
2623 1976 2839 2044 viginti,
2883 1991 2982 2030 nec
3024 1975 3245 2032 decem?
3270 1977 3331 2032 Si
3356 1985 3533 2032 autem
3559 1978 3641 2033 in-

2048 2065 2307 2118 credibile
2342 2075 2426 2120 est
2445 2108 2458 2130 ,
2488 2081 2652 2135 quare
2681 2083 2788 2120 non
2819 2068 2959 2122 Deus
2985 2077 3198 2138 propter
3221 2068 3601 2139 quinquaginta
3621 2111 3636 2134 ,

2052 2159 2136 2212 vel
2174 2161 2332 2213 etiam
2375 2169 2590 2228 propter
2629 2159 2815 2214 decem
2846 2160 3019 2229 justus
3045 2162 3281 2228 pepercit
3303 2161 3376 2215 illi
3401 2161 3639 2216 civitati?

2052 2248 2324 2317 Scriptura
2371 2265 2476 2303 non
2522 2250 2681 2316 fallit,
2723 2251 2768 2304 si
2810 2266 2870 2304 se
2899 2250 3060 2304 homo
3089 2265 3193 2304 non
3223 2249 3384 2304 l‘allat.
3412 2250 3543 2306 Cum
3570 2252 3640 2306 de

2046 2339 2249 2409 jnstitia
2291 2341 2547 2409 quaeritur
2568 2380 2584 2403 ,
2626 2349 2683 2394 et
2716 2341 2858 2395 Deus
2885 2341 2956 2396 de
2974 2341 3176 2410 justitia
3205 2343 3528 2409 respondet;
3549 2342 3638 2410 ju—

2051 2441 2166 2488 stos
2185 2433 2378 2503 quaerit
2395 2433 2461 2486 ad
2483 2433 2720 2501 regulam
2743 2433 2978 2486 divinam
3004 2474 3020 2500 ,
3046 2447 3150 2486 non
3175 2433 3241 2487 ad
3271 2434 3509 2503 regulam
3542 2434 3640 2488 hu-

2051 2538 2285 2577 manam.
2311 2522 2433 2579 Cito
2458 2539 2587 2592 ergo
2616 2523 2918 2592 respondeo
2952 2543 2965 2578 :
2995 2525 3100 2580 Aut
3129 2525 3332 2578 invenit
3355 2525 3426 2579 ibi
3448 2525 3528 2580 tot
3547 2527 3639 2596 ju-

2051 2626 2164 2669 stos
2186 2656 2203 2680 ,
2235 2624 2290 2670 et
2307 2615 2546 2684 pepercit
2569 2614 2771 2668 civitati
2793 2631 2809 2680 ;
2835 2616 2932 2668 aut
2953 2616 2997 2668 si
3017 2623 3125 2670 non
3150 2617 3384 2685 pepercit
3407 2617 3638 2686 civitati,

2047 2721 2151 2762 nec
2167 2706 2342 2774 justus
2371 2705 2592 2760 invenit.
2615 2704 2722 2760 Sed
2746 2704 3103 2775 respondetur
3123 2705 3274 2769 mihi,
3300 2705 3638 2762 manifestum

2051 2811 2171 2851 esse
2193 2796 2336 2866 quod
2363 2797 2502 2850 Deus
2529 2810 2636 2850 non
2657 2795 2893 2865 pepercit
2916 2796 3134 2850 civitati.
3159 2797 3482 2865 Respondeo
3495 2811 3636 2867 ego:

2050 2887 2163 2944 lmo
2203 2889 2335 2944 mihi
2362 2905 2466 2942 non
2495 2896 2577 2944 est
2596 2888 2958 2943 manifestum.
2992 2889 3224 2944 Per-ditio
3245 2891 3388 2945 enim
3412 2892 3640 2948 civitatis

2051 2980 2123 3035 ibi
2165 2978 2305 3035 facta
2337 2996 2442 3034 non
2470 2990 2582 3043 est,
2615 2981 2753 3036 sicut
2780 2983 2833 3035 in
2861 2980 3109 3037 Sodomis
3135 2981 3271 3037 facta
3299 2993 3402 3038 est.
3431 2985 3506 3039 De
3529 2984 3637 3040 So-

2051 3071 2225 3126 domis
2247 3073 2388 3126 enim
2409 3072 2635 3142 quaestio
2660 3083 2774 3126 erat
2795 3113 2810 3136 ,
2837 3073 3048 3140 quando
3072 3067 3237 3127 Deum
3270 3072 3533 3128 Abraham
3556 3076 3639 3132 ln-

2052 3166 2357 3233 terrogavit.
2403 3165 2540 3219 Deus
2569 3175 2745 3218 autem
2773 3165 2936 3227 dixit,
2973 3163 3092 3218 Non
3118 3166 3325 3236 perdam
3349 3168 3595 3221 civitatem
3617 3183 3638 3223 :

2051 3274 2156 3312 non
2202 3257 2364 3322 dixit,
2408 3257 2520 3310 Non
2565 3256 2776 3325 ﬂagello
2817 3257 3105 3312 civitatem.
3132 3257 3377 3312 Sodomis
3403 3272 3508 3312 non
3540 3265 3637 3329 pe-

2049 3349 2257 3417 percit,
2305 3347 2591 3404 Sodomam
2640 3347 2870 3417 perdidit
2917 3367 2927 3399 :
2969 3347 3253 3402 Sodomam
3285 3350 3638 3418 penitusi'gne

2049 3440 2415 3510 consumpsit,
2459 3454 2616 3508 quam
2656 3438 2722 3492 ad
2766 3439 3026 3507 judicium
3065 3453 3168 3492 non
3193 3439 3430 3506 distulit,
3457 3439 3550 3495 sed
3580 3440 3636 3495 in

2051 3546 2167 3588 eam
2193 3533 2430 3587 exercuit
2457 3531 2597 3601 quod
2624 3531 2742 3586 aliis
2773 3533 2926 3587 malis
2952 3531 3020 3586 ad
3047 3531 3302 3601 judicium
3322 3535 3634 3591 reservavit.

2049 3624 2276 3680 Prorsus
2301 3625 2476 3679 nullus
2501 3623 2570 3679 de
2595 3624 2843 3678 Sodomis
2871 3625 3077 3688 evasit;
3102 3626 3234 3679 nihil
3254 3625 3487 3682 hominis
3511 3629 3639 3684 reli-

2049 3724 2193 3768 ctum
2236 3724 2355 3777 est,
2407 3714 2538 3768 nihil
2585 3714 2834 3781 pecoris,
2885 3714 3016 3768 nihil
3060 3714 3338 3770 domorum
3387 3735 3399 3769 :
3443 3716 3638 3774 cuncta

2050 3805 2268 3859 omnino
2298 3805 2431 3874 ignis
2454 3803 2747 3858 absorbuit.
2780 3805 2918 3858 Ecce
2944 3806 3213 3873 quomodo
3235 3807 3378 3861 Deus
3403 3805 3637 3877 perdidit

2049 3896 2336 3951 civitatem.
2361 3895 2445 3950 Ab
2465 3896 2596 3950 urbe
2614 3906 2790 3950 autem
2824 3894 2994 3950 Roma
3023 3903 3180 3966 quam
3209 3899 3361 3952 multi
3389 3901 3636 3958 exierunt

2047 3995 2104 4043 et
2125 3986 2338 4041 redituri
2362 3996 2513 4046 sunt.
2541 4003 2703 4056 quam
2731 3988 2882 4042 multi
2906 3997 3217 4042 manserunt
3236 3995 3289 4043 et
3313 4001 3631 4062 evaserunt,

2048 4095 2206 4150 quam
2231 4080 2384 4134 multi
2412 4081 2466 4134 in
2495 4079 2626 4135 locis
2660 4082 2859 4134 sanctis
2885 4095 2982 4135 nec
3005 4082 3143 4150 tangi
3176 4086 3498 4152 potuerunt!
3527 4081 3633 4141 Sed

2048 4171 2279 4242 captivi,
2322 4171 2600 4240 inquiunt,
2637 4172 2791 4225 multi
2830 4171 2973 4225 ducti
3017 4181 3158 4225 sunt.
3199 4173 3310 4227 Hoc
3337 4184 3389 4227 et
3418 4173 3633 4243 Daniel,

2051 4279 2156 4319 non
2191 4262 2257 4318 ad
2275 4264 2591 4334 supplicium
2613 4277 2766 4317 suum
2783 4305 2798 4329 ,
2828 4263 2924 4319 sed
2947 4263 3010 4317 ad
3027 4264 3273 4320 solatium
3295 4276 3630 4323 caeterorum.

2049 4355 2156 4412 Sed
2196 4355 2393 4422 multi,
2442 4356 2720 4424 inquiunt,
2769 4355 2930 4410 occisi
2968 4367 3112 4410 sunt.
3157 4356 3267 4411 Hoc
3306 4365 3359 4411 et
3398 4361 3476 4412 tot
3504 4360 3635 4428 justi

2053 4446 2333 4517 Prophetas
2367 4463 2399 4502 a
2441 4447 2697 4515 sanguine
2741 4446 2869 4499 Abel
2912 4461 3077 4516 usque
3102 4447 3166 4498 ad
3201 4449 3510 4516 sanguinem
3537 4447 3628 4505 Za—

2054 4538 2250 4594 chariae
2286 4539 2500 4610 (Matth.
2549 4555 2704 4600 unt,
2753 4539 2845 4607 55')
2881 4555 2891 4588 :
2926 4537 3028 4592 hoc
3054 4540 3212 4592 etiam
3247 4551 3319 4591 tot
3353 4541 3590 4608 Apostoli
3617 4585 3632 4607 ,

2057 4629 2158 4683 hoc
2179 4630 2292 4698 ipse
2322 4628 2575 4682 Dominus
2607 4626 2990 4693 Prophetarum
3022 4635 3076 4680 et
3107 4629 3501 4694 Apostolorum.
3527 4632 3632 4687 Sed

2057 4722 2254 4786 multi,
2304 4720 2588 4787 inquiunt,
2639 4718 2913 4772 tormentis
2956 4719 3116 4771 variis
3158 4722 3446 4776 excruciati
3490 4733 3634 4780 sunt.

2055 4813 2380 4868 Putamusne
2404 4811 2678 4879 quisquam
2706 4817 2904 4862 tantum
2927 4820 3179 4878 quantum
3200 4811 3338 4865 Job?

2130 4904 2183 4956 5.
2213 4902 2480 4955 Horrenda
2511 4900 2662 4953 nobis
2687 4901 2920 4953 nuntiata
2944 4912 3064 4955 sunt
3085 4916 3100 4964 ;
3122 4909 3328 4972 strages
3357 4903 3530 4972 facta,
3552 4906 3639 4962 in-

2057 4993 2244 5050 cendia
2266 5035 2283 5060 ,
2330 4993 2557 5062 rapinae,
2611 4991 3006 5046 interfectiones
3028 5031 3044 5056 ,
3086 4995 3509 5052 excruciationes
3541 4997 3640 5054 ho-

2061 5088 2282 5141 minum.
2309 5084 2502 5138 Verum
2530 5094 2608 5138 est
2628 5126 2644 5149 ,
2676 5084 2836 5138 multa
2867 5085 3166 5140 audivimus
3189 5129 3204 5152 ,
3231 5090 3409 5144 omnia
3435 5094 3640 5163 gemui.

2060 5194 2180 5233 mus
2216 5219 2233 5246 ,
2282 5189 2424 5246 Saepe
2470 5177 2708 5230 ﬂevimus
2743 5218 2758 5242 ,
2807 5178 2893 5230 vix
2943 5178 3204 5234 consolati
3250 5196 3482 5250 sumus;
3531 5201 3642 5242 non

2059 5271 2236 5324 abnuo
2265 5311 2278 5334 ,
2329 5283 2432 5322 non
2476 5284 2612 5336 nego
2655 5269 2818 5322 multa
2860 5283 2958 5323 nos
2998 5269 3242 5338 audisse,
3279 5273 3447 5330 multa
3473 5274 3644 5334 inilla

2061 5363 2194 5417 urbe
2217 5376 2336 5414 esse
2361 5360 2662 5414 conmissa.

2135 5450 2361 5506 CAPUT
2389 5451 2475 5505 Ill.
2503 5480 2572 5489 ——-
2597 5448 2662 5502 In
2690 5452 2962 5504 vastatione
2993 5449 3144 5506 Urbis
3173 5452 3305 5508 nihil
3325 5456 3527 5527 grauius
3552 5474 3645 5513 ac-

2063 5546 2182 5600 cidit
2210 5545 2494 5600 calamitate
2516 5543 2635 5598 Job.
2665 5543 3071 5612 Verumtamen,
3102 5547 3293 5603 l‘ratres
3315 5550 3418 5604 mei
3439 5550 3644 5619 (inten-

2064 5638 2156 5691 dat
2193 5634 2438 5690 Charitas
2484 5644 2658 5690 vestra
2703 5636 2840 5704 quod
2886 5636 3064 5705 dico),
3106 5639 3402 5694 audivimus
3446 5640 3650 5698 librum

2066 5729 2230 5783 sancti
2274 5728 2405 5796 Job,
2449 5729 2586 5798 quod
2630 5727 2847 5797 perditis
2884 5727 3078 5796 rebus,
3112 5730 3328 5800 perditis
3355 5731 3510 5804 ﬁliis,
3545 5746 3659 5790 ueto
