4138 6212
1811 128 1845 139 ἰτ
1872 129 1931 139 -σ.ο

526 225 629 282 719

522 341 692 410 ipsam
730 353 946 395 carnem
989 350 1107 406 quas
1145 334 1218 389 illi
1248 331 1361 388 sola
1397 334 1757 393 remanserat,
1785 323 1984 379 salvam
2012 336 2110 393 po-

527 435 628 490 tuit
666 432 938 495 obtinere;
981 427 1074 483 sed
1115 439 1399 496 percussus
1434 420 1579 493 gravi
1623 418 1843 474 vulnere
1879 430 1911 469 a
1937 416 2111 484 capite

526 541 698 597 usque
744 523 810 578 ad
861 519 1059 592 pedes,
1110 516 1333 572 sedebat
1377 514 1432 569 in
1471 521 1713 568 stercore
1736 550 1750 573 ,
1800 513 2113 578 putresccns

525 621 740 683 ulcere,
788 614 936 670 sanie
980 611 1181 675 ﬂuens,
1228 607 1500 664 vermibus
1544 611 1791 666 scatens,
1834 598 2115 655 tormentis

527 706 886 766 acerbissimis
924 703 1171 758 dolorum
1206 699 1489 755 cruciatus.
1530 695 1587 753 Si
1618 693 1770 750 nobis
1796 692 1875 748 sic
1898 691 2113 746 nuntia-

527 809 677 855 retur
714 796 962 851 universa
987 794 1173 848 civitas
1202 790 1390 847 sedere
1408 830 1423 855 ,
1454 787 1673 852 sedere,
1704 786 1917 855 inquam
1938 825 1954 851 ,
1981 781 2115 837 civi-

528 898 613 944 tas
650 888 893 943 universa
916 928 931 949 ,
962 883 1111 938 nullo
1135 881 1207 937 ibi
1241 894 1373 935 sano
1393 920 1410 948 ,
1442 879 1495 933 in
1521 875 1838 948 gravissimo
1860 873 2078 928 vulnere
2098 912 2114 937 ,

529 988 586 1036 et
626 979 705 1035 sic
744 987 1050 1048 putrescere
1091 972 1361 1029 vermibus
1404 972 1589 1037 vivos,
1629 965 1896 1039 quomodo
1923 963 2118 1019 mortui

528 1078 850 1143 putruerunt
879 1086 891 1121 ε
922 1066 1062 1136 quod
1102 1075 1217 1121 erat
1240 1062 1453 1134 gravius
1472 1061 1497 1113 ?
1527 1060 1727 1124 hocne,
1754 1073 1823 1112 an
1852 1055 1981 1111 illud
2008 1054 2122 1109 bel-

531 1162 684 1220 lum?
718 1161 854 1215 Puto
891 1156 1034 1228 quod
1072 1155 1250 1210 mitius
1278 1155 1330 1208 in
1360 1167 1574 1207 carnem
1605 1150 1889 1204 humanam
1919 1147 2121 1203 ferrum

534 1252 778 1315 saeviret,
832 1263 990 1318 quam
1036 1260 1284 1311 vermes;
1330 1241 1659 1298 tolerabilius
1701 1239 1769 1295 de
1816 1237 2124 1293 vulneribus

534 1342 751 1412 sanguis
787 1346 1122 1408 erumperet,
1163 1350 1320 1406 quam
1351 1334 1417 1390 de
1448 1332 1725 1403 putredine
1750 1331 1928 1385 sanies
1950 1327 2123 1383 distil-

535 1434 690 1490 laret.
740 1432 979 1487 Cadaver
1020 1428 1292 1499 corrumpi
1318 1426 1538 1496 respicis
1562 1467 1578 1493 ,
1611 1431 1665 1479 et
1690 1421 1955 1478 horrescis
1987 1439 2000 1474 :
2031 1419 2128 1476 sed

539 1526 659 1581 ideo
683 1525 858 1579 minor
883 1537 1036 1594 pcena
1062 1564 1076 1587 ,
1104 1519 1244 1590 quod
1273 1519 1468 1573 absens
1496 1515 1693 1571 anima.
1718 1516 1785 1567 At
1804 1527 1931 1567 vero
1952 1513 2004 1565 in
2025 1509 2129 1566 Job

538 1631 777 1687 praesens
802 1615 976 1669 anima
998 1628 1117 1683 quae
1142 1610 1392 1675 sentiret,
1423 1608 1582 1679 ligata
1603 1620 1671 1662 ne
1692 1605 1926 1677 fugeret,
1949 1602 2128 1672 subje-

539 1720 627 1768 cta
659 1718 719 1763 ut
751 1708 983 1772 doleret,
1025 1713 1343 1775 compuncta
1380 1711 1439 1756 ut
1476 1699 1871 1769 blasphemaret
1891 1697 1931 1749 ί.
1957 1694 2131 1751 Susti-

490 1782 493 1789 ’
541 1804 660 1856 nuit
682 1810 858 1854 autem
887 1800 909 1830 ²
940 1796 1336 1852 tribulationem
1365 1792 1494 1858 Job,
1524 1799 1579 1846 et
1605 1790 1916 1858 deputatum
1944 1795 2026 1841 est
2055 1784 2132 1840 illi

544 1894 611 1950 ad
656 1907 897 1962 magnam
934 1890 1213 1961 justitiam.
1250 1887 1367 1942 Non
1410 1900 1539 1955 ergo
1579 1887 1856 1954 quisquam
1897 1879 2136 1936 attendat

545 1986 671 2058 quid
704 1985 932 2056 patiatur
951 2025 965 2048 ,
994 1981 1088 2037 sed
1115 1980 1238 2051 quid
1270 1980 1444 2034 faciat.
1477 1977 1677 2039 Homo,
1706 1977 1757 2029 in
1779 1990 1844 2030 eo
1869 1973 2009 2045 quod
2038 1987 2134 2041 pa-

548 2079 676 2134 teris
697 2119 711 2142 ,
747 2084 983 2149 potestas
1011 2083 1096 2128 tua
1123 2088 1228 2127 non
1261 2079 1346 2126 est
1371 2087 1385 2124 :
1416 2069 1469 2123 in
1499 2083 1566 2123 eo
1593 2067 1733 2138 quod
1758 2066 1912 2129 facis,
1944 2063 2135 2118 volun-

550 2181 632 2227 tas
673 2180 758 2224 tua
790 2169 872 2224 vel
911 2182 1109 2222 nocens
1138 2164 1221 2219 vel
1252 2164 1507 2218 innocens
1533 2170 1635 2216 est.
1664 2158 1969 2213 Patiebatur
1992 2155 2094 2211 Job
2117 2195 2134 2220 ,

555 2264 730 2321 stabat
772 2262 963 2318 mulier
1001 2259 1185 2314 relicta
1223 2256 1336 2311 sola
1358 2296 1375 2323 ,
1421 2268 1528 2308 non
1568 2252 1635 2306 ad
1677 2249 2093 2306 consolationem
2118 2286 2134 2311 ,

550 2356 646 2413 sed
694 2355 760 2411 ad
806 2355 1192 2413 tentationem;
1241 2363 1347 2403 non
1393 2362 1512 2417 quae
1541 2344 1756 2400 afferret
1781 2342 2135 2406 medicinam,

502 2498 509 2505 .
551 2449 646 2505 sed
675 2462 793 2518 quae
823 2453 1066 2502 moneret
1093 2440 1480 2511 blasphemiam
1512 2454 1526 2491 :
1558 2435 1656 2490 Dic
1680 2432 1903 2505 aliquid,
1935 2432 2139 2501 inquit,

552 2542 607 2595 in
642 2539 809 2594 Deum
830 2578 844 2601 ,
876 2547 922 2590 et
947 2549 1157 2589 morere.
1194 2531 1381 2587 Videte
1405 2525 1854 2600 quemadmodum
1892 2522 1971 2578 illi
2006 2521 2144 2577 mori

554 2630 872 2687 beneﬁcium
917 2627 1015 2683 fuit
1035 2667 1049 2691 ,
1081 2633 1136 2681 et
1166 2624 1270 2679 tale
1298 2620 1613 2677 beneﬁcium
1642 2632 1800 2673 nemo
1826 2616 2006 2671 dabat.
2036 2614 2144 2671 Sed

557 2724 615 2778 in
635 2721 719 2775 his
744 2718 994 2773 omnibus
1017 2731 1139 2786 quae
1167 2723 1347 2769 sancta
1376 2713 1552 2766 anima
1573 2709 1907 2774 sustinebat,
1935 2707 2143 2776 patien-

558 2813 630 2867 tia
646 2808 1014 2874 exercebatur,
1033 2806 1166 2860 ﬁdes
1188 2803 1526 2874 probabatur,
1540 2801 1732 2855 mulier
1748 2798 2142 2865 confutabatur,

561 2899 809 2956 diabolus
833 2897 1158 2952 vincebatur.
1185 2893 1559 2963 Spectaculum
1584 2904 1835 2960 magnum
1858 2931 1874 2956 ,
1900 2896 1956 2945 et
1983 2890 2036 2944 iu
2059 2889 2147 2944 illa

559 2992 803 3049 feditatc
856 2987 1151 3060 putredinis
1202 2984 1455 3056 praeclara
1503 2981 1840 3053 pulchritudo
1889 2980 2143 3035 virtutis!

520 3140 531 3147 ,
559 3083 748 3139 Yastat
782 3082 1009 3137 latenter
1046 3078 1292 3133 inimicus
1336 3093 1350 3128 :
1395 3082 1580 3145 aperte
1606 3074 1807 3129 malum
1833 3072 2023 3128 suadet
2049 3071 2150 3126 ini-

559 3177 737 3241 mica;
781 3171 1098 3244 adjutorium
1143 3168 1377 3234 diaboli,
1417 3182 1527 3222 non
1574 3166 1795 3230 mariti;
1834 3165 1945 3219 Eva
1974 3177 2146 3231 nova,

558 3268 656 3324 sed
677 3267 766 3322 ille
792 3280 899 3319 non
921 3271 1074 3318 vetus
1099 3262 1268 3316 Adam
1299 3276 1312 3311 :
1341 3259 1435 3313 Dic
1459 3258 1653 3329 aliquid
1678 3258 1732 3312 in
1756 3256 1951 3321 Deum,
1976 3263 2023 3310 et
2041 3270 2152 3309 mo—

560 3374 691 3413 rere.
739 3352 1165 3424 Blasphemando
1211 3360 1506 3420 extorque,
1552 3342 2007 3420 quod'precando
2044 3360 2151 3403 non

562 3457 720 3522 potes
757 3446 1064 3515 impetrare.
1104 3443 1296 3497 Locuta
1329 3459 1381 3496 es
1401 3483 1417 3508 ,
1471 3442 1671 3513 inquit,
1702 3452 1942 3512 tanquam
1965 3456 2068 3494 una
2092 3456 2155 3495 ea:

566 3539 916 3609 insipientibus
944 3534 1254 3590 mulieribus.
1283 3534 1554 3590 Attendite
1582 3535 1744 3589 verba
1772 3533 1924 3588 fortis
1947 3532 2151 3600 ﬁdelis;

566 3630 825 3685 attendite
853 3628 1011 3684 verba
1041 3625 1171 3681 foris
1200 3628 1575 3696 putrescentis,
1607 3625 1751 3680 intus
1780 3625 1969 3697 integri
2002 3642 2017 3679 :
2047 3623 2153 3679 Lo-

567 3732 686 3778 cuta
723 3739 774 3777 es
794 3763 808 3789 ,
848 3721 1046 3791 inquit,
1080 3728 1317 3790 tanquam
1350 3736 1453 3773 una
1478 3735 1540 3773 ea:
1558 3718 1911 3790 insipientibus
1932 3718 2159 3773 mulieri-

569 3815 680 3870 bus.
727 3813 787 3870 Si
828 3814 956 3869 bona
998 3811 1309 3883 percepimus
1340 3811 1405 3865 de
1428 3827 1583 3865 manu
1605 3810 1852 3878 Domini,
1891 3811 2028 3864 mala
2055 3826 2158 3864 non

568 3906 922 3963 sustinebimus
944 3903 1064 3976 (Job
1089 3919 1129 3970 ι,
1157 3912 1202 3955 et
1228 3902 1288 3973 ιι)
1309 3903 1331 3956 ?
1352 3903 1512 3957 Pater
1551 3911 1635 3958 est
1655 3920 1672 3968 ;
1696 3903 1950 3974 numquid
1971 3917 2157 3958 aman-

571 3997 673 4053 dus
701 3995 980 4053 blandiens
1000 4035 1014 4059 ,
1041 4001 1096 4048 et
1124 3992 1458 4062 respuendas
1482 3994 1819 4065 corripiens?
1846 3994 2033 4051 Nonne
2061 4011 2158 4067 pa-

556 4080 657 4143 ter
693 4096 777 4142 est
799 4127 815 4153 ,
856 4094 911 4139 et
954 4084 1271 4155 promittens
1304 4084 1464 4139 vitam
1486 4125 1502 4149 ,
1533 4094 1588 4139 et
1610 4086 1893 4156 imponens
1920 4087 2160 4158 discipli-

573 4181 741 4236 nam?
785 4177 1068 4233 Exciditne
1111 4177 1205 4231 tibi
1254 4195 1268 4231 :
1316 4176 1457 4247 Fili,
1502 4179 1744 4234 accedens
1781 4181 1850 4234 ad
1879 4183 2162 4237 servitutem

500 4272 523 4327 '.'
575 4273 673 4329 Dei
695 4312 713 4340 ,
739 4281 816 4325 sta
840 4271 893 4325 in
910 4270 1112 4341 justitia
1140 4279 1185 4324 et
1219 4270 1423 4337 timore,
1445 4278 1492 4324 et
1517 4284 1752 4340 prwpara
1775 4272 1997 4327 animam
2025 4281 2163 4327 tuam

576 4366 647 4425 ad
704 4364 1068 4419 tentationem?
1106 4362 1268 4417 Omne
1322 4363 1457 4433 quod
1502 4362 1593 4416 tibi
1638 4364 1932 4433 applicitum
1976 4366 2158 4435 fuerit,
2254 4386 2255 4389 η

575 4457 790 4530 accipe;
812 4466 860 4511 et
898 4456 951 4511 in
977 4455 1152 4511 dolore
1173 4455 1381 4522 sustine,
1395 4464 1442 4510 et
1468 4455 1523 4508 in
1550 4454 1830 4510 humilitate
1856 4463 1943 4509 tua
1966 4457 2164 4525 patien-

579 4551 703 4605 tiam
739 4548 865 4603 habe
900 4567 918 4603 .'
955 4549 1194 4619 quoniam
1218 4549 1272 4602 in
1298 4551 1412 4619 igne
1440 4548 1682 4619 probatur
1707 4564 1889 4601 aurum
1915 4558 1961 4602 et
1986 4566 2167 4621 argen-

581 4653 689 4697 tum
712 4683 728 4707 ,
765 4642 989 4695 homines
1029 4656 1140 4694 vero
1177 4638 1507 4709 acceptabiles
1541 4640 1595 4693 in
1631 4640 1829 4695 camino
1860 4641 2167 4696 humiliatio-

577 4735 659 4789 nis
699 4732 884 4804 (Eccli.
930 4747 996 4796 ιι,
1037 4729 1197 4803 1-5)?
1222 4730 1502 4786 Exciditne
1532 4732 1624 4787 tibi
1655 4749 1668 4785 :
1701 4732 1862 4800 Quem
1886 4734 2018 4788 enim
2045 4734 2166 4788 dili-

580 4828 654 4898 git
692 4825 940 4880 Dominus
960 4866 975 4892 ,
1017 4824 1262 4894 corripit;
1304 4825 1532 4895 ﬂagellat
1561 4836 1726 4879 autem
1752 4843 1949 4881 omnem
1976 4826 2166 4881 Filium

577 4933 725 4989 quem
750 4917 925 4986 recipit
959 4913 1139 4988 (Prov.
1168 4930 1259 4979 ιιι,
1291 4914 1389 4982 12,
1414 4924 1461 4970 et
1484 4915 1643 4970 Hebr.
1670 4934 1739 4972 χιι
1758 4960 1773 4987 ,
1806 4917 1906 4991 6)?

650 5007 873 5064 CAPUT
906 5007 994 5061 ιν.
1016 5036 1088 5046 -
1103 5007 1158 5061 4.
1187 5005 1453 5061 Cruciatus
1485 5011 1784 5078 temporales
1806 5027 1921 5064 cum
1942 5012 2168 5081 gehenna

580 5098 860 5169 comparati
909 5114 1063 5173 quam
1112 5097 1261 5152 leves.
1320 5096 1502 5167 Cogita
1552 5101 1817 5170 quoslibet
1875 5103 2165 5172 cruciatus,

582 5189 813 5247 extende
840 5188 1077 5243 animum
1106 5188 1162 5243 in
1189 5188 1454 5259 quaslibet
1500 5189 1553 5245 in
1582 5190 1686 5247 hac
1717 5192 1824 5248 vita
1853 5208 2038 5264 pinnas
2066 5195 2167 5248 hu-

581 5295 806 5348 manas;
839 5294 1089 5351 compara
1137 5280 1205 5336 ad
1249 5280 1585 5352 gehennam,
1635 5293 1689 5339 et
1737 5285 1855 5341 leve
1882 5298 1963 5341 est
2009 5302 2167 5344 omne

586 5374 729 5446 quod
756 5374 979 5445 cogitas.
1014 5373 1113 5429 llic
1143 5374 1469 5445 temporalis,
1496 5376 1569 5431 ibi
1606 5385 1838 5435 aeternus
1865 5386 1967 5446 εει,
1997 5388 2053 5435 ει
2080 5383 2168 5451 qui

653 5596 670 5625 ί
704 5592 937 5643 Nonnulla
968 5593 1047 5646 hic
1067 5594 1387 5645 restituuntur
1411 5607 1473 5645 ex
1497 5595 1772 5648 Michaelino
1791 5605 1874 5649 Ms.

652 5658 673 5687 ³
704 5662 778 5705 tr.
804 5656 950 5720 Lugd.
975 5664 1094 5707 Ven.
1120 5664 1249 5719 Lov.,
1272 5655 1492 5707 sustinuit
1509 5663 1684 5709 tamen.
1750 5668 1804 5709 Μ.

1672 270 1675 273 ,
1728 211 1787 268 S.
1828 201 2196 266 AUGUSTINI
2242 203 2544 263 EPISCOPI

3693 208 3801 266 720

2218 326 2429 395 terquet
2455 333 2509 379 et
2532 324 2619 394 qui
2652 330 2947 394 torquetur.
2978 321 3246 393 Numquid
3290 322 3470 380 adhuc
3511 323 3802 394 patiuntur,

2218 415 2307 485 qui
2338 414 2430 469 illo
2456 423 2696 484 tempore
2739 414 2881 484 passi
2912 422 3065 481 sunt,
3106 427 3213 484 quo
3233 413 3405 469 Roma
3447 424 3657 470 vastata
3689 418 3809 472 est?

2219 507 2378 562 Dives
2404 514 2580 560 autem
2604 505 2693 560 ille
2716 504 2891 561 adhuc
2910 505 3050 575 apud
3067 504 3269 560 inferos
3296 506 3493 574 patitur
3515 505 3664 579 (Luc.
3689 524 3806 576 xvr,

2222 598 2435 672 19-26).
2464 600 2640 666 Arsit,
2671 598 2856 665 ardet,
2888 598 3126 663 ardebit;
3158 599 3302 653 vivet
3347 614 3515 670 usque
3552 599 3619 655 ad
3666 601 3813 670 judis

2221 691 2360 745 cium
2392 708 2405 743 :
2437 691 2658 762 recipiet
2683 705 2921 758 carnem,
2966 707 3071 745 non
3114 690 3180 745 ad
3225 690 3543 747 beneﬁcium
3564 735 3577 758 ,
3607 693 3702 749 sed
3742 690 3813 750 ad

2222 782 2559 853 supplicium.
2585 783 2706 839 lllas
2729 798 2914 853 pinnas
2942 783 3246 849 timeamus,
3275 784 3320 840 si
3343 784 3509 840 Deum
3539 786 3810 843 timemus.

2223 874 2487 945 Quidquid
2511 874 2595 930 hic
2622 889 2811 945 passus
2829 874 2991 930 fuerit
3012 877 3193 940 homo,
3212 876 3258 931 si
3285 878 3600 949 corrigatur,
3626 894 3815 935 emen-

2225 968 2369 1023 datio
2396 978 2479 1024 est
2507 987 2520 1025 :
2549 969 2593 1023 si
2619 984 2719 1024 nec
2744 969 2822 1024 sic
2847 969 3165 1040 corrigatur,
3190 968 3385 1039 duplex
3409 970 3684 1026 damnatio
3707 979 3812 1027 est.

2225 1059 2296 1116 Et
2329 1060 2415 1115 bic
2445 1062 2587 1116 enim
2618 1062 2713 1116 luit
2742 1075 2930 1131 pmnas
2958 1062 3299 1131 temporales,
3324 1071 3378 1117 et
3407 1062 3477 1118 ibi
3508 1064 3817 1133 experietur

2228 1162 2473 1208 aeternas.
2511 1153 2640 1209 Dico
2689 1153 2946 1209 Charitati
2986 1162 3210 1220 vestrae,
3254 1153 3444 1211 fratres
3490 1172 3502 1207 :
3550 1163 3817 1227 martyres

2229 1253 2378 1300 certe
2435 1254 2648 1301 sanctos
2697 1245 2993 1308 laudamus,
3023 1244 3419 1315 gloriﬁcamus,
3448 1246 3813 1315 admiramur;

2231 1336 2347 1393 dies
2367 1352 2553 1393 eorum
2572 1321 2661 1408 pia
2683 1337 3023 1393 solemnitate
3042 1337 3396 1405 celebramus,
3422 1338 3608 1394 merita
3631 1354 3815 1396 eorum

2233 1443 2569 1495 veneramur,
2598 1435 2673 1496 et,
2701 1428 2747 1484 si
2775 1441 3081 1498 possumus,
3108 1428 3398 1484 imitamur.
3427 1430 3522 1486 Est
3560 1430 3817 1501 profecto,

2235 1531 2318 1577 est
2347 1537 2535 1593 magna
2561 1529 2854 1592 martyrum
2883 1521 3087 1592 gloria;
3118 1521 3212 1577 sed
3238 1522 3421 1578 nescio
3439 1530 3615 1578 utrum
3646 1525 3822 1579 minor

2233 1615 2401 1686 gloria
2446 1614 2545 1669 fuit
2583 1614 2752 1670 sancti
2777 1612 2878 1669 Job
2907 1632 2919 1667 :
2950 1628 3050 1670 nec
3078 1622 3256 1669 tamen
3280 1614 3329 1670 ei
3355 1612 3650 1681 dicebatur,
3673 1613 3824 1670 Thus

2237 1721 2377 1777 pone
2414 1705 2571 1761 idolis
2594 1747 2610 1773 ,
2653 1705 2893 1761 sacriﬁca
2936 1704 3038 1760 diis
3065 1704 3256 1761 alienis
3279 1747 3295 1774 ,
3341 1720 3475 1776 nega
3512 1706 3822 1771 Christum;

2239 1798 2515 1855 dicebatur
2545 1807 2720 1855 tamen
2745 1839 2761 1865 ,
2804 1797 3119 1869 Blasphema
3148 1798 3339 1854 Deum.
3375 1798 3486 1855 Nec
3529 1799 3826 1865 dicebatur,

2238 1901 2299 1946 ut
2336 1890 2738 1961 intelligeretur,
2766 1889 2825 1946 Si
2862 1890 3314 1960 blasphemaveris
3335 1908 3365 1955 ,'
3394 1890 3619 1962 putredo
3652 1890 3831 1945 omnis

2240 1985 2555 2041 abscessura
2597 1984 2900 2055 sanitasque
2922 1984 3157 2040 reditura
3196 1992 3279 2040 est
3308 2003 3322 2039 :
3350 1983 3467 2050 sed,
3497 1983 3553 2041 Si
3578 1984 3831 2055 blasphe-

2244 2077 2496 2143 maveris,
2545 2075 2755 2132 dicebat
2798 2077 2975 2144 inepta
3005 2083 3060 2131 et
3088 2076 3284 2131 insulsa
3314 2060 3526 2140 mulier,
3557 2076 3825 2142 morieris,

2244 2178 2299 2222 et
2328 2167 2607 2223 moriendo
2645 2168 2930 2222 tormentis
2975 2166 3205 2222 carebis.
3234 2166 3397 2234 Quasi
3423 2182 3552 2221 vero
3578 2168 3831 2224 morienti

2245 2260 2561 2331 blasphemo
2589 2275 2692 2315 non
2720 2267 2952 2315 mternus
2992 2258 3146 2313 dolor
3182 2257 3509 2314 succederet.
3539 2258 3733 2315 Mulier
3756 2259 3831 2315 fa-

2246 2361 2337 2407 tua
2366 2352 2647 2422 praesentis
2674 2349 2968 2421 putredinis
3033 2348 3284 2405 horrebat
3313 2350 3640 2418 molestiam,
3676 2361 3833 2407 aeter-

2247 2458 2370 2498 nam
2402 2441 2667 2497 ﬂammam
2706 2440 2925 2495 minimc
2953 2440 3236 2510 cogitabat.
3271 2439 3505 2496 Ferebat
3555 2441 3644 2498 ille
3691 2457 3832 2513 pras-

2248 2551 2373 2591 sens
2402 2536 2619 2601 malum,
2651 2549 2720 2589 ne
2749 2534 3009 2591 incideret
3048 2534 3102 2589 in
3133 2533 3390 2590 futurum.
3417 2534 3657 2592 Tenebat
3681 2550 3774 2592 cor
3799 2552 3833 2593 a

2248 2630 2387 2683 mala
2418 2628 2755 2699 cogitatione,
2785 2627 3019 2698 linguam
3049 2642 3080 2682 a
3100 2627 3416 2693 maledicto;
3453 2628 3700 2703 servabat
3718 2627 3837 2682 ani-

2249 2738 2352 2777 mae
2381 2722 2736 2793 integritatem
2762 2719 2815 2774 in
2848 2719 3127 2790 putredine
3162 2720 3427 2791 corporis.
3461 2719 3684 2776 Videbat
3709 2719 3836 2788 quid

2250 2815 2305 2869 in
2335 2814 2569 2870 futurum
2604 2814 2899 2879 evadebat;
2928 2813 3051 2870 ideo
3079 2812 3221 2884 quod
3260 2812 3576 2883 patiebatur,
3610 2811 3835 2869 ferebat.

2252 2911 2361 2978 Sic,
2387 2913 2466 2968 sic
2485 2911 2851 2984 unusquisque
2881 2910 3206 2966 cbristianus
3247 2907 3459 2980 quando
3493 2907 3725 2978 aliquam
3755 2908 3836 2961 af—

2253 3002 2542 3058 ﬂictionem
2588 3002 2831 3073 corporis
2871 3002 3093 3072 patitur,
3123 3002 3392 3072 gehennas
3428 2998 3644 3070 cogitet,
3676 3006 3731 3053 ct
3762 2999 3841 3053 vi-

2257 3093 2385 3150 deat
2432 3110 2590 3165 quam
2625 3093 2742 3150 leve
2783 3102 2865 3149 cst
2892 3094 2908 3124 ¹
2953 3092 3094 3163 quod
3140 3092 3355 3162 patitur.
3401 3090 3514 3144 Non
3546 3098 3840 3144 murmuret

2255 3184 2541 3240 adversum
2590 3184 2776 3250 Deum,
2824 3200 2931 3237 non
2976 3184 3156 3238 dicat:
3187 3184 3346 3249 Deus,
3399 3182 3524 3253 quid
3575 3182 3664 3236 tibi
3710 3178 3832 3247 feci,

2257 3288 2424 3343 quare
2472 3274 2570 3327 ista
2616 3273 2831 3342 patior?
2878 3271 2989 3325 lmo
3040 3273 3184 3328 dicat
3237 3273 3379 3343 quod
3426 3272 3562 3327 dixit
3602 3273 3715 3343 ipse
3741 3272 3840 3329 Job

2257 3364 2500 3435 quamvis
2527 3371 2743 3418 sanctus
2776 3380 2789 3417 :
2820 3362 3100 3435 anuisisti
3121 3363 3290 3417 omnia
3317 3372 3519 3433 peccata
3548 3380 3681 3432 mea,
3713 3373 3758 3418 et
3783 3380 3842 3420 ea

2259 3464 2500 3528 tanquam
2523 3456 2577 3510 in
2602 3456 2804 3511 sacculo
2833 3456 3043 3527 signasti
3072 3455 3190 3528 (Job
3217 3471 3326 3524 xw,
3374 3456 3459 3524 16,
3494 3457 3609 3530 17).
3640 3457 3755 3512 Non
3780 3471 3840 3513 se

2259 3563 2419 3604 ausus
2447 3557 2532 3605 est
2550 3548 2731 3605 dicere
2753 3549 2867 3603 sine
2891 3556 3132 3620 peccato,
3180 3550 3269 3621 qui
3295 3550 3612 3621 patiebatur,
3652 3564 3758 3603 non
3789 3556 3851 3603 ut

2259 3643 2557 3714 puniretur,
2592 3641 2687 3697 sed
2712 3650 2770 3697 ut
2796 3643 3130 3712 probaretur.
3169 3641 3282 3697 Hoc
3305 3642 3448 3697 dicat
3476 3641 3847 3713 unusquisque

2260 3748 2381 3790 cum
2405 3734 2621 3804 patitur.

2333 3828 2559 3883 CAPUT
2588 3827 2653 3881 ν.
2680 3857 2748 3867 ——
2784 3827 2837 3881 5.
2876 3825 2911 3879 J
2917 3827 3015 3879 usti
3036 3826 3215 3881 Romae
3237 3843 3303 3879 an
3332 3843 3432 3880 non
3457 3827 3759 3893 exstiterint,
3793 3833 3850 3879 ut

2264 3933 2469 3997 propter
2489 3923 2625 3994 ipsos
2672 3920 2797 3977 Urbi
2818 3930 3125 3992 parceretur.
3171 3917 3390 3973 Peccata
3439 3934 3553 3989 qua:
3589 3935 3693 3973 non
3734 3919 3852 3997 ﬁcte

2265 3996 2601 4088 conﬁteantur
2628 4033 2797 4071 omnes
2836 4016 3037 4070 habent.
3074 4015 3309 4070 Fuerunt
3348 4014 3536 4069 Romae
3581 3996 3849 4084 quinqua;

2264 4112 2409 4182 ginta
2424 4110 2576 4181 justi,
2603 4109 2767 4180 imoﬁsi
2795 4108 3008 4163 modum
3032 4106 3323 4161 humanum
3340 4103 3666 4171 consideres,
3687 4104 3852 4161 millia

2262 4204 2527 4275 iustorum
2562 4221 2573 4257 :
2603 4204 2649 4259 si
2700 4204 2934 4273 regulam
2984 4201 3344 4272 perfectionis,
3394 4215 3552 4255 nemo
3582 4201 3848 4270 justorum

2268 4298 2467 4353 existit.
2495 4297 2827 4367 Quicumque
2853 4297 3039 4351 Roma:
3066 4297 3156 4367 qui
3184 4311 3242 4351 se
3268 4294 3464 4351 audeat
3484 4294 3686 4364 justum
3707 4294 3851 4351 dice-

2268 4404 2348 4455 re,
2382 4404 2412 4443 a
2461 4404 2546 4443 me
2591 4402 2696 4442 non
2740 4387 2888 4441 audit
2911 4390 2931 4418 ²
2969 4404 2981 4440 :
3017 4387 3283 4457 Numquid
3319 4401 3373 4441 tu
3399 4387 3672 4456 sapientior
3697 4404 3848 4457 quam

2270 4479 2456 4535 Daniel
2477 4479 2688 4549 (Ezech.
2718 4493 2910 4544 xxvm,
2943 4476 3042 4549 5)?
3072 4478 3207 4532 Audi
3235 4493 3363 4548 ergo
3392 4479 3537 4533 illum
3582 4479 3844 4535 conﬁten-

2271 4584 2377 4629 tem
2406 4581 2620 4643 peccata
2654 4586 2748 4627 sua
2776 4570 2939 4639 (Dan.
2968 4587 3048 4637 1x,
3077 4571 3199 4640 20).
3224 4573 3304 4626 An
3332 4571 3466 4629 forte
3486 4588 3603 4628 cum
3632 4575 3848 4629 conﬁte-

2273 4664 2447 4728 batur,
2499 4661 2889 4717 mcntiebatur?
2935 4662 3069 4716 Hinc
3107 4678 3235 4733 ergo
3283 4663 3516 4720 habebat
3553 4675 3847 4734 peccatum,

2272 4754 2394 4827 quia
2420 4754 2486 4810 de
2511 4754 2621 4809 suis
2650 4754 2881 4824 peccatis
2898 4754 3009 4809 Deo
3029 4755 3403 4811 mentiebatur.
3438 4757 3544 4812 Sed
3572 4758 3855 4827 aliquando

2272 4854 2709 4918 argumentantur
2749 4846 3009 4911 homines,
3064 4855 3118 4902 et
3160 4847 3361 4913 dicunt,
3409 4848 3579 4903 Debet
3617 4857 3667 4904 et
3696 4848 3857 4903 homo

2268 4937 2443 5009 justus
2491 4937 2602 4992 Deo
2653 4937 2831 4993 dicere
2858 4938 2979 5007 quia
3025 4945 3271 5007 peccator
3305 4947 3389 4993 est
3417 4939 3698 5008 :quamvis
3727 4938 3858 4993 sciat

2272 5030 2475 5088 nullum
2498 5046 2557 5088 se
2588 5031 2787 5088 habere
2815 5040 3113 5102 peccatum,
3146 5039 3320 5087 tamen
3346 5031 3485 5086 dicat
3511 5032 3637 5095 Deo,
3672 5031 3859 5087 Habeo

2276 5135 2573 5196 peccatum.
2595 5124 2754 5180 Miror
2769 5124 2811 5180 si
2837 5124 2936 5179 ista
2964 5123 3169 5196 consilii
3185 5124 3382 5178 sanitas
3410 5121 3722 5192 appellanda
3752 5132 3855 5179 est.

2272 5217 2403 5287 Quis
2430 5226 2481 5274 te
2506 5217 2631 5274 facit
2669 5232 2777 5273 non
2806 5215 3004 5271 habere
3032 5215 3346 5285 peccatum?
3381 5229 3558 5272 nonne
3600 5215 3744 5272 Deus
3768 5215 3859 5285 qui

2340 5420 2357 5451 ί
2390 5414 2697 5468 Michaelinus
2732 5414 2907 5474 codex,
2931 5419 2979 5465 et
3016 5410 3223 5466 lucidius
3265 5413 3532 5480 pervidebit
3573 5425 3722 5477 quam
3759 5413 3861 5465 leve

2390 5487 2638 5614 ῗηωεοόειιι
2660 5547 2763 5614 μετ,
2781 5550 2919 5614 nemo
2930 5536 3189 5614 iustorum.
3203 5540 3389 5592 Existat
3406 5538 3687 5614 quicunque
3703 5546 3863 5614 Roma;

2275 5602 2453 5717 quidet:
2495 5602 2671 5654 audeat
2713 5599 2901 5665 justum
2933 5599 3123 5655 dicere.
3172 5615 3209 5653 Α
3252 5614 3329 5654 me
3372 5599 3572 5664 audiet,
3612 5599 3859 5667 'Ntanqtttd

2333 5701 2349 5729 ,
2452 5700 2463 5713 .
