4138 6212
326 349 423 406 721
1498 336 1726 395 SERMO
1764 336 1853 394 DE
1890 335 2094 396 URBIS
2131 336 2431 397 EXCIDIO.

323 471 478 520 sanat
500 460 734 518 animam
762 452 949 515 tuam?
974 455 1034 513 Si
1065 462 1244 512 tamen
1272 467 1380 510 non
1409 450 1575 508 habes
1612 461 1909 523 peccatum.

322 551 455 608 Nam
476 550 790 617 considera;
820 557 874 605 et
909 547 1167 613 invenies,
1201 559 1306 601 non
1338 551 1636 615 peccatum,
1664 541 1759 598 sed
1787 556 1913 612 pec-

324 655 460 703 cata.
488 645 688 701 Tamen
732 644 777 700 si
818 655 1035 715 prorsus
1063 656 1168 696 non
1214 638 1379 693 habes
1407 646 1702 708 peccatum,
1734 650 1913 693 nonne

324 739 464 794 illius
491 737 810 794 beneficium
838 741 942 801 est,
984 733 1071 789 cui
1098 731 1275 788 dixisti
1308 747 1322 785 :
1352 727 1465 801 Ego
1494 729 1630 797 dixi,
1655 727 1909 797 Domine,

322 833 558 887 miserere
592 831 729 897 mei;
770 845 898 884 sana
938 826 1165 881 animam
1211 840 1407 889 meam,
1447 821 1685 894 quoniam
1712 820 1915 894 peccavi

330 925 421 979 tibi
462 923 634 995 (Psal.
674 939 763 988 XL,
803 919 894 993 5)?
932 918 989 975 Si
1015 932 1143 988 ergo
1169 916 1284 973 sine
1334 924 1552 987 peccato
1604 922 1689 971 est
1735 913 1912 968 anima

325 1027 436 1085 tua,
487 1025 671 1073 sanata
718 1022 801 1071 est
848 1012 997 1069 omni
1045 1011 1208 1067 modo
1250 1007 1425 1064 anima
1478 1016 1567 1062 tua
1602 1005 1688 1061 :si
1726 1013 1911 1061 sanata

321 1118 408 1165 est
451 1108 595 1163 omni
643 1106 802 1162 modo
830 1104 1007 1160 anima
1062 1113 1176 1167 tua,
1212 1115 1378 1173 quare
1412 1101 1649 1171 ingratus
1698 1113 1758 1153 es
1794 1112 1911 1157 me-

320 1200 440 1257 dico
469 1208 579 1267 tuo,
620 1208 679 1255 ut
729 1198 877 1253 dicas
925 1196 1121 1252 vulnus
1154 1208 1275 1250 esse
1319 1192 1524 1261 adhuc,
1572 1192 1665 1248 ubi
1693 1206 1909 1247 omnem

319 1294 603 1349 sanitatem
641 1291 731 1346 ille
764 1289 874 1360 jam
918 1287 1077 1344 fecit?
1114 1286 1171 1343 Si
1196 1299 1391 1358 corpus
1417 1292 1565 1339 tuum
1603 1280 1912 1354 languidum

318 1394 416 1441 aut
439 1384 769 1439 vulneratum
797 1378 1004 1436 medico
1028 1376 1357 1440 ostenderes,
1398 1384 1453 1431 et
1480 1389 1698 1447 rogares
1735 1383 1793 1429 ut
1814 1372 1913 1429 tibi

320 1474 602 1531 adhiberet
625 1471 843 1528 curandi
874 1470 1198 1541 diligentiam
1221 1509 1234 1534 ,
1262 1476 1423 1538 atque
1445 1464 1534 1520 ille
1569 1464 1791 1531 faceret,
1827 1480 1914 1520 sa-

319 1580 558 1636 numque
583 1573 638 1620 et
660 1563 979 1619 incolumem
1018 1560 1288 1624 redderet,
1320 1567 1375 1613 et
1400 1568 1454 1613 tu
1483 1556 1657 1612 adhuc
1681 1556 1910 1623 diceres,

318 1656 438 1712 Non
458 1671 576 1711 sum
611 1668 809 1719 sanus;
840 1666 1018 1709 nonne
1041 1665 1189 1707 esses
1215 1648 1424 1705 medico
1443 1647 1715 1720 ingratus?
1732 1662 1915 1704 nonne

319 1764 471 1806 esses
495 1748 549 1804 in
579 1746 844 1804 medicum
884 1741 1343 1802 contumeliosus?
1365 1739 1424 1799 Si
1447 1748 1503 1799 et
1539 1741 1683 1798 Deus
1706 1740 1916 1798 sanavit

321 1847 399 1908 te,
425 1839 589 1896 audes
612 1838 825 1907 dicere,
852 1836 1041 1892 Adhuc
1066 1834 1257 1891 vulnus
1282 1832 1492 1890 habeo?
1519 1848 1620 1890 nec
1656 1833 1816 1890 times
1844 1848 1915 1890 ne

322 1929 420 1986 tibi
440 1929 779 2001 respondeat,
813 1928 955 1999 Ergo
982 1942 1082 1998 ego
1109 1924 1242 1982 nihil
1286 1925 1390 1996 egi,
1434 1932 1527 1980 aut
1572 1932 1742 1981 totum
1769 1924 1915 1997 quod

319 2019 406 2090 egi
435 2017 633 2085 effudi;
672 2032 783 2073 non
825 2017 1028 2087 accipio
1058 2014 1360 2072 mercedem
1381 2056 1397 2081 ,
1450 2029 1559 2071 non
1585 2029 1800 2071 mereor
1826 2015 1915 2072 vel

320 2111 569 2169 laudem?
595 2113 822 2167 Avertat
845 2111 985 2166 Deus
1012 2108 1151 2165 hanc
1175 2108 1485 2175 amentiam,
1516 2116 1571 2165 et
1594 2106 1738 2166 hanc
1759 2124 1917 2181 argu-

320 2202 705 2260 mentationem
727 2216 939 2257 vanam.
963 2200 1113 2256 Dicat
1133 2198 1316 2266 homo,
1346 2199 1607 2256 Peccator
1630 2214 1768 2267 sum,
1789 2200 1914 2271 quia

324 2303 577 2368 peccator
603 2302 687 2349 est
712 2312 727 2348 :
749 2293 912 2361 dicat,
944 2292 1227 2348 Peccatum
1259 2290 1455 2358 habeo,
1484 2290 1607 2361 quia
1635 2298 1915 2362 peccatum

322 2387 506 2445 habet.
547 2387 665 2443 Non
693 2386 837 2442 enim
883 2385 929 2440 si
956 2398 1064 2440 non
1087 2383 1283 2450 habet,
1309 2382 1604 2452 sapientior
1630 2391 1715 2438 est
1750 2397 1913 2454 quam

324 2478 532 2534 Daniel.
556 2477 721 2549 Ergo,
740 2475 931 2532 fratres
946 2475 1075 2540 mei,
1098 2474 1240 2529 illam
1257 2474 1609 2545 quaestionem
1631 2472 1914 2544 aliquando

323 2569 702 2627 determinem.
734 2568 792 2624 Si
813 2567 943 2638 justi
970 2567 1048 2622 sic
1073 2564 1376 2637 appellandi
1401 2572 1555 2633 sunt,
1587 2565 1727 2620 sicut
1753 2563 1915 2620 modo

325 2660 556 2731 quodam
594 2660 828 2715 humano
865 2658 993 2729 justi
1018 2656 1373 2729 appellantur,
1405 2655 1698 2713 secundum
1722 2670 1913 2727 quam-

323 2752 446 2808 dam
473 2752 934 2808 conversationem
972 2765 1075 2819 qua
1122 2750 1262 2804 inter
1290 2748 1538 2804 homines
1582 2748 1769 2803 vivunt
1797 2747 1915 2803 sine

239 2843 249 2851 â€™
325 2844 541 2915 querela
577 2863 590 2899 :
624 2844 775 2919 multi
804 2843 936 2898 tales
965 2841 1148 2897 Roma:
1173 2858 1187 2905 ;
1215 2849 1271 2897 et
1308 2850 1526 2911 propter
1546 2840 1646 2896 hos
1675 2839 1917 2911 pepercit

325 2933 498 3001 Deus,
527 2934 679 2989 multi
710 2942 998 2990 evaserunt
1029 2951 1041 2986 :
1068 2932 1163 2988 sed
1191 2941 1245 2987 et
1285 2932 1364 2987 eis
1406 2932 1493 3001 qui
1523 2932 1720 2987 mortui
1749 2940 1874 2986 sunt
1896 2973 1912 3000 ,

327 3025 569 3097 pepercit
596 3026 758 3080 Deus.
788 3022 983 3079 Mortui
1002 3022 1146 3077 enim
1168 3022 1222 3075 in
1241 3021 1381 3077 bona
1401 3020 1510 3076 vita
1527 3029 1581 3077 et
1612 3036 1738 3076 vera
1759 3021 1918 3090 justi-

326 3120 422 3186 tia,
448 3119 505 3174 in
530 3118 669 3172 bona
700 3115 835 3182 fide,
865 3129 1045 3170 nonne
1072 3112 1330 3169 utrumuis
1356 3127 1535 3167 rerum
1564 3113 1916 3166 humanarum

327 3216 646 3273 caruerunt,
675 3214 734 3264 et
758 3206 827 3262 ad
872 3206 1111 3262 divinum
1152 3204 1485 3275 refrigerium
1517 3202 1918 3273 pervenerunt?

327 3298 525 3356 Mortui
550 3307 676 3356 sunt
703 3306 823 3368 post
855 3297 1225 3352 tribulationes
1246 3337 1262 3363 ,
1299 3294 1567 3367 quomodo
1593 3309 1794 3367 pauper
1828 3295 1919 3351 ille

326 3401 454 3447 ante
496 3390 715 3462 januam
744 3390 944 3446 divitis.
989 3389 1097 3446 Sed
1134 3389 1277 3459 passi
1316 3399 1441 3444 sunt
1470 3387 1701 3444 famem?
1730 3402 1920 3459 passus

328 3493 415 3542 cst
440 3492 493 3541 et
520 3484 629 3540 ille.
652 3483 802 3540 Passi
831 3491 957 3540 sunt
975 3483 1192 3539 vulnera
1213 3482 1238 3537 ?
1261 3496 1449 3553 passus
1466 3492 1548 3538 est
1563 3490 1618 3538 et
1632 3482 1720 3539 ille
1741 3500 1754 3536 :
1783 3482 1919 3539 forte

328 3575 509 3631 minus
537 3590 631 3632 eos
658 3589 820 3632 canes
844 3575 1137 3630 linxerunt.
1156 3573 1347 3629 ÎœÎ¿Î¹Î¹Ï…á½·
1374 3573 1542 3630 sunt?
1567 3582 1810 3630 mortuus
1835 3585 1921 3630 est

328 3677 386 3723 et
430 3667 519 3722 ille
570 3685 585 3723 :
632 3665 727 3723 sed
756 3681 863 3738 quo
909 3665 1015 3721 fine
1042 3663 1208 3721 audi:
1254 3661 1508 3736 Contigit,
1541 3664 1753 3736 inquit,
1790 3665 1922 3719 mori

327 3760 532 3831 inopem
550 3758 716 3826 illum,
739 3765 787 3812 et
831 3758 1023 3830 auferri
1058 3755 1123 3811 ab
1157 3754 1362 3827 Angelis
1394 3755 1452 3810 in
1482 3756 1650 3810 sinum
1678 3754 1918 3811 Abrahtv.

330 3848 485 3919 (Luc.
516 3865 632 3918 xvr,
652 3846 872 3921 20-23).

401 3938 627 3996 CAPUT
658 3938 874 3994 VI.â€”6.
894 3935 1221 4006 QuomodoU
1224 3937 1302 3992 rbi
1319 3935 1458 3991 Deus
1473 3935 1693 4007 pepercit
1718 3942 1924 4005 prapter

328 4035 517 4103 justas.
548 4029 1011 4101 Constantinopolis
1034 4037 1224 4085 terrore
1243 4026 1553 4082 imminentis
1579 4024 1675 4080 sibi
1701 4025 1925 4080 incendii

331 4126 599 4182 emendata
613 4125 852 4180 divinitus
876 4135 923 4179 et
946 4133 1166 4181 servata.
1197 4122 1408 4181 Utinam
1432 4121 1620 4178 videre
1640 4134 1923 4192 possemus

333 4217 505 4273 oculis
528 4216 737 4272 animas
756 4224 1066 4271 sanctorum
1087 4214 1179 4287 qui
1195 4213 1250 4270 in
1272 4213 1365 4269 illo
1386 4212 1528 4269 bello
1553 4212 1748 4268 mortui
1773 4221 1920 4279 sunt;

331 4316 462 4364 tunc
488 4305 742 4364 videretis
766 4305 1038 4378 quomodo
1064 4305 1209 4361 Deus
1236 4304 1538 4376 pepercerit
1561 4303 1783 4360 civitati.
1806 4302 1923 4358 Mil-

332 4399 404 4454 lia
434 4399 577 4454 enim
607 4407 912 4455 sanctorum
940 4398 995 4453 in
1038 4395 1323 4468 refrigerio
1366 4404 1512 4461 sunt,
1543 4395 1837 4451 laetantium
1869 4403 1924 4450 et

330 4490 625 4545 dicentium
656 4491 767 4547 Deo
801 4509 814 4545 :
843 4489 1053 4548 Gratias
1093 4489 1211 4557 tibi,
1258 4488 1380 4560 quia
1420 4503 1520 4544 nos
1546 4503 1578 4544 a
1605 4486 1782 4543 carnis
1807 4502 1923 4543 mo-

331 4581 503 4637 lestiis
529 4588 587 4635 et
621 4582 902 4638 tormentis
926 4580 1135 4637 eruisti.
1163 4578 1375 4637 Gratias
1401 4579 1515 4647 tibi,
1542 4580 1665 4651 quia
1686 4579 1797 4650 jam
1824 4594 1925 4635 nec

331 4674 609 4742 barbaros,
639 4690 736 4732 nec
755 4674 1025 4731 diabolum
1047 4673 1435 4739 formidamus;
1466 4685 1575 4728 non
1598 4672 1847 4727 timemus
1868 4672 1922 4727 in

335 4776 477 4823 terra
505 4767 718 4831 famem,
759 4782 867 4822 non
887 4767 1136 4822 timemus
1153 4765 1469 4837 grandinem
1490 4805 1506 4830 ,
1536 4779 1645 4820 non
1672 4765 1923 4819 timemus

334 4860 572 4926 hostem,
597 4873 705 4913 non
730 4858 980 4913 timemus
1007 4858 1271 4926 lictorem,
1299 4872 1408 4913 non
1437 4858 1684 4912 timemus
1704 4871 1925 4927 oppres-

322 4954 514 5008 â€˜sorem
543 4969 557 5003 :
590 4949 686 5006 sed
724 4963 910 5005 sumus
936 4950 988 5004 in
1017 4956 1158 5004 terra
1203 4949 1432 5015 mortui,
1473 4948 1614 5019 apud
1656 4957 1730 5016 te,
1762 4949 1921 5012 Deus,

335 5059 445 5099 non
470 5041 738 5110 morituri,
768 5041 824 5096 in
854 5054 1018 5112 regno
1044 5048 1137 5094 tuo
1170 5037 1325 5106 salvi,
1356 5036 1500 5093 dono
1526 5048 1637 5105 tuo,
1681 5054 1787 5092 non
1812 5053 1928 5093 me-

335 5135 444 5190 rito
468 5142 671 5189 nostro.
695 5131 883 5200 Qualis
908 5130 1094 5188 civitas
1120 5138 1204 5186 est
1227 5127 1511 5184 humilium
1538 5129 1555 5161 â¸
1583 5142 1701 5198 quae
1724 5128 1827 5184 ista
1845 5127 1928 5183 di-

337 5225 451 5283 cit?
469 5226 553 5281 An
574 5224 774 5297 putatis
800 5224 1070 5281 civitatem
1098 5222 1152 5279 in
1196 5220 1490 5294 parietibus
1531 5219 1927 5291 deputandam?

338 5320 539 5376 Civitas
568 5319 623 5374 in
650 5317 858 5375 civ.ous
884 5326 993 5386 est,
1024 5330 1131 5372 non
1176 5315 1231 5370 in
1271 5312 1585 5386 parietibus.
1618 5306 1855 5383 Denique
1880 5312 1929 5369 si

338 5412 546 5469 diceret
567 5412 708 5468 Deus
732 5405 1048 5478 Sodomitis,
1077 5408 1290 5481 Fugite,
1320 5406 1443 5478 quia
1474 5405 1790 5462 incensurus
1809 5420 1929 5460 sum

339 5488 522 5560 locum
551 5503 749 5560 istum:
777 5515 960 5559 nonne
997 5515 1249 5572 magnum
1294 5498 1543 5554 meritum
1596 5511 1691 5553 eos
1730 5495 1929 5552 habere

342 5595 665 5662 diceremus,
713 5592 760 5650 si
797 5591 1067 5664 fugerent,
1092 5601 1148 5647 et
1186 5589 1398 5646 flamma
1443 5587 1511 5645 de
1537 5587 1677 5645 coelo
1703 5586 1928 5643 descen-
2014 5572 2021 5606 âµ

343 5689 480 5748 dens
518 5689 720 5746 mantia
749 5687 1090 5759 parietesque
1124 5685 1404 5742 vastaret?
1443 5683 1632 5741 Nonne
1660 5683 1801 5738 Deus
1836 5695 1925 5752 pe-

410 5829 430 5860 Î¹
459 5831 535 5877 Er.
560 5830 613 5877 et
633 5833 715 5881 us.
737 5824 893 5887 Ï‰ÎµÎ¹Î»,

3501 336 3606 399 722

2020 462 2264 524 percerat
2280 453 2498 522 civitati,
2522 454 2642 525 quia
2658 455 2839 513 civitas
2860 457 3195 529 migraverat,
3229 463 3283 511 et
3308 457 3597 526 perniciem

2019 543 2162 601 illius
2183 546 2320 617 ignis
2345 556 2585 602 evaserat
2613 548 2637 599 ?

2090 640 2144 693 7.
2170 637 2361 695 Nonne
2401 648 2524 695 ante
2563 653 2759 710 paucos
2785 655 2984 708 annos,
3015 640 3243 695 Arcadio
3273 641 3595 710 imperatore

2020 729 2477 802 Constantinopoli
2529 730 2691 803 (quod
2729 731 2869 799 dico,
2898 731 3117 787 audiunt
3160 733 3401 786 nonnulli
3445 733 3603 786 forsi-

2018 831 2110 880 tan
2137 824 2224 896 qui
2250 832 2529 891 noverunt,
2575 806 2781 880 etsunt
2828 826 2878 879 iu
2913 824 3013 880 hoc
3049 826 3245 896 populo
3288 826 3377 896 qui
3408 836 3461 881 et
3488 825 3598 881 illic

2019 924 2317 986 praesentes
2348 914 2610 987 fuerunt),
2640 917 2824 971 volens
2850 916 2990 971 Deus
3010 926 3210 972 terrere
3230 916 3521 985 civitatem,
3546 927 3602 973 et

2020 1007 2271 1063 terrendo
2299 1008 2618 1075 emendare,
2671 1009 2920 1065 terrendo
2947 1018 3293 1078 convertere,
3347 1010 3599 1065 terrendo

2019 1100 2303 1168 mundare,
2333 1102 2584 1158 terrendo
2620 1111 2844 1167 mutare,
2876 1118 3032 1158 servo
3058 1103 3265 1157 cuidam
3294 1118 3393 1158 suo
3419 1102 3600 1168 fideli,

2022 1193 2162 1258 viro,
2194 1202 2252 1248 ut
2271 1192 2485 1258 dicitur,
2517 1193 2752 1260 militari,
2784 1195 2926 1248 venit
2953 1194 3004 1248 in
3027 1194 3370 1262 revelatione,
3394 1201 3447 1249 et
3468 1193 3605 1248 dixit

2020 1284 2073 1341 ei
2087 1284 2359 1341 civitatem
2381 1295 2605 1341 venturo
2619 1284 2687 1340 de
2713 1285 2852 1341 caelo
2879 1286 2997 1356 igne
3020 1286 3343 1355 perituram;
3372 1298 3604 1354 eumque

1974 1372 1977 1373 â·
2021 1376 2298 1432 admonuit
2322 1386 2382 1432 ut
2411 1377 2660 1447 episcopo
2685 1377 2904 1433 diceret.
2934 1378 3141 1432 Dictum
3176 1386 3293 1444 est;
3336 1392 3445 1433 non
3475 1392 3606 1432 con-

2020 1468 2243 1539 tempsit
2292 1469 2607 1539 episcopus,
2652 1478 2707 1524 et
2735 1470 2994 1525 allocutus
3019 1478 3101 1524 est
3135 1469 3390 1540 populum
3422 1487 3437 1501 Î¿
3468 1482 3606 1524 con-

2021 1576 2181 1617 versa
2208 1571 2292 1618 est
2324 1562 2512 1619 civitas
2538 1563 2591 1617 in
2639 1562 2839 1617 luctum
2874 1562 3221 1631 poenitentiae,
3253 1561 3604 1634 quemadmo-

2020 1655 2148 1711 dum
2172 1655 2439 1727 quondam
2467 1655 2555 1710 illa
2591 1656 2806 1727 antiqua
2835 1655 3024 1711 Ninive
3049 1654 3224 1727 (Iona:
3268 1672 3353 1723 Ill,
3387 1655 3465 1728 5).
3496 1654 3603 1710 Ta-

2022 1762 2146 1804 men
2172 1762 2243 1804 ne
2267 1754 2519 1819 putarent
2543 1747 2787 1803 homines
2816 1747 2964 1803 illum
2990 1748 3080 1818 qui
3119 1747 3327 1825 dixerat
3356 1748 3440 1803 vel
3460 1746 3605 1803 falsi-

2021 1845 2133 1894 tate
2159 1838 2441 1910 deceptum
2463 1839 2548 1894 vel
2575 1837 2781 1895 fallacia
2803 1838 3102 1909 decepisse,
3128 1840 3274 1894 venit
3298 1837 3413 1895 dies
3441 1836 3602 1908 quem

2019 1928 2164 1986 Deus
2183 1928 2356 1985 fuerat
2379 1930 2732 1985 comminatus
2757 1947 2770 1983 :
2794 1930 3012 1985 intentis
3050 1929 3300 1985 omnibus
3325 1937 3379 1984 et
3404 1931 3606 1984 exitum

2020 2036 2144 2079 cum
2166 2022 2355 2078 timore
2377 2037 2571 2093 magno
2598 2023 3055 2093 exspectantibus,
3080 2023 3249 2078 noctis
3276 2022 3427 2077 initio
3457 2030 3606 2078 teneâ€”

2020 2114 2213 2172 brante
2230 2116 2342 2186 jam
2376 2114 2595 2182 mundo,
2620 2116 2735 2170 visa
2769 2124 2852 2172 est
2879 2118 3034 2187 ignea
3062 2115 3233 2170 nubes
3269 2114 3335 2170 ab
3364 2114 3602 2181 oriente,
3688 2136 3691 2141 Î»

2021 2207 2199 2277 primo
2227 2221 2403 2277 parva,
2433 2206 2627 2262 deinde
2657 2207 2908 2277 paulatim
2936 2215 2992 2261 ut
3021 2205 3311 2262 accedebat
3340 2219 3501 2276 super
3529 2205 3608 2259 ci-

2023 2298 2242 2353 vitatem
2273 2297 2346 2352 ita
2375 2298 2670 2362 crescebat,
2698 2299 2871 2353 donec
2898 2299 2992 2353 toti
3024 2298 3139 2353 urbi
3182 2297 3316 2367 ignis
3345 2297 3362 2327 Â¹
3388 2294 3607 2351 terribi-

2022 2389 2148 2446 liter
2174 2389 2496 2445 immineret.
2512 2388 2805 2444 Videbatur
2825 2388 3090 2444 horrenda
3114 2388 3327 2442 flamma
3352 2385 3605 2457 pendere,

2024 2495 2127 2536 nec
2156 2479 2292 2535 odor
2319 2478 2592 2549 sulphuris
2610 2477 2813 2534 deerat.
2847 2477 3045 2533 Omnes
3073 2478 3140 2532 ad
3167 2476 3448 2532 ecclesiam
3473 2490 3606 2531 cou-

2023 2571 2337 2643 fugiebant,
2371 2586 2478 2627 non
2504 2571 2747 2642 capiebat
2784 2569 3176 2625 multitudinem
3223 2569 3394 2633 locus,
3427 2568 3609 2637 Bapti-

2024 2677 2202 2719 smum
2230 2661 2579 2733 extorquebat
2609 2661 2879 2732 quisquea
2901 2676 3006 2731 quo
3034 2667 3264 2731 poterat.
3288 2659 3405 2714 Non
3432 2658 3609 2714 solum

2023 2754 2080 2809 in
2100 2752 2346 2819 ecclesia,
2373 2752 2467 2809 sed
2488 2752 2645 2807 etiam
2676 2767 2769 2823 per
2797 2751 3006 2819 domos,
3034 2767 3132 2822 per
3156 2751 3303 2806 vicos
3318 2767 3381 2807 ac
3409 2750 3610 2820 plateas

2025 2844 2173 2899 salus
2220 2842 2550 2899 Sacramenti
2596 2842 2941 2914 exigebatur;
2970 2850 3028 2897 ut
3066 2840 3340 2912 fugeretur
3368 2841 3468 2909 ira,
3499 2855 3613 2896 non

2024 2949 2264 3006 przesens
2288 2934 2489 3004 utique,
2521 2933 2615 2988 sed
2641 2932 2835 2988 futura.
2879 2932 3081 2988 Tamen
3112 2942 3234 3004 post
3266 2946 3513 3004 magnam
3540 2931 3610 2987 il-

2024 3028 2131 3083 lam
2187 3016 2605 3093 tribulationem,
2656 3027 2749 3081 ubi
2795 3026 3035 3081 exhibuit
3074 3026 3216 3081 Deus
3247 3024 3405 3080 fidem
3432 3024 3613 3080 verbis

2027 3118 2159 3182 suis,
2189 3128 2243 3172 et
2266 3117 2580 3171 revelationi
2618 3116 2757 3171 servi
2782 3117 2885 3179 sui,
2916 3115 3100 3186 coepit,
3134 3123 3192 3170 ut
3217 3123 3478 3182 creverat,
3505 3114 3612 3170 mi-

2026 3209 2121 3264 nui
2150 3208 2339 3272 nubes,
2384 3207 2744 3277 paulatimque
2775 3216 3094 3277 consumpta
3131 3214 3235 3263 est.
3262 3206 3494 3276 Populus
3520 3219 3611 3261 se-

2027 3315 2190 3357 curus
2235 3298 2506 3370 paululum
2534 3298 2732 3367 factus,
2774 3299 2967 3354 iterum
2999 3298 3204 3355 audivit
3231 3299 3451 3355 omnino
3490 3312 3614 3355 esse

2028 3391 2384 3463 migrandum,
2414 3390 2554 3461 quod
2580 3391 2765 3447 civitas
2787 3399 2933 3448 esset
2966 3392 3214 3462 proximo
3241 3392 3460 3448 sabbato
3493 3406 3617 3462 per-

2029 3485 2192 3539 itura.
2223 3483 2468 3554 Migravit
2493 3498 2613 3539 cum
2640 3482 2967 3555 imperatore
2998 3492 3108 3557 tota
3124 3483 3347 3551 civitas;
3377 3498 3536 3539 nemo
3555 3482 3615 3539 in

2028 3574 2191 3632 domo
2220 3574 2497 3642 remansit,
2542 3589 2703 3631 nemo
2744 3575 2965 3631 domum
2990 3576 3224 3631 clausit:
3255 3575 3413 3647 longe
3453 3591 3613 3631 rece-

2029 3666 2164 3722 dens
2188 3681 2219 3721 a
2250 3666 2535 3732 moenibus,
2572 3674 2627 3722 et
2668 3666 2844 3722 dulcia
2876 3674 3012 3722 tecta
3050 3666 3364 3736 respiciens,
3410 3666 3612 3721 relictis

2031 3758 2363 3814 charissimis
2392 3758 2608 3813 sedibus
2635 3772 2769 3813 voce
2795 3758 3088 3813 miserabili
3115 3758 3376 3813 valefecit.
3405 3758 3476 3812 Et
3517 3758 3617 3813 ali-

2030 3858 2161 3921 quot
2188 3850 2421 3905 millibus
2442 3857 2588 3903 tanta
2614 3850 2705 3905 illa
2736 3850 3019 3905 multitudo
3049 3865 3350 3921 progressa,
3394 3866 3503 3907 uno
3531 3860 3612 3907 ta-

2029 3956 2154 3997 men
2181 3940 2299 3995 loco
2327 3938 2611 3996 fundendis
2640 3939 2705 3995 ad
2727 3941 2893 3996 Deum
2914 3941 3242 3997 orationibus
3265 3952 3607 4014 congregata,

2031 4048 2286 4104 magnum
2309 4031 2513 4087 fumqu
2541 4031 2719 4088 subito
2742 4031 2893 4100 vidit,
2926 4044 2981 4089 et
3007 4048 3191 4090 vocem
3218 4049 3463 4105 magnam
3487 4037 3616 4091 emi-

2030 4128 2103 4183 sit
2134 4126 2202 4181 ad
2228 4127 2392 4182 Deum
2426 4143 2440 4179 :
2485 4124 2805 4197 tandemque
2855 4125 3235 4197 tranquillitate
3284 4134 3571 4197 conspecta
3596 4169 3613 4197 ,

2030 4219 2210 4275 missis
2234 4219 2326 4289 qui
2352 4218 2739 4285 renuntiarent,
2771 4217 2996 4275 sollicita
3022 4233 3142 4289 quae
3160 4218 3412 4289 praedicta
3442 4217 3619 4276 fuerat

2032 4304 2175 4368 hora
2193 4321 2480 4379 transacta,
2505 4320 2558 4367 et
2578 4312 3004 4367 renuntiantibus
3023 4311 3163 4383 quod
3190 4312 3335 4368 salva
3366 4312 3617 4371 universa

2030 4405 2230 4462 moenia
2252 4414 2308 4461 et
2332 4412 2467 4461 tecta
2489 4404 2867 4471 consisterent,
2898 4418 3087 4459 omnes
3115 4419 3237 4460 cum
3268 4404 3467 4474 ingenti
3491 4420 3616 4476 gra-

2030 4497 2292 4554 tulatione
2338 4497 2634 4554 redierunt.
2665 4495 2834 4552 Nemo
2872 4495 2940 4551 de
2988 4495 3149 4552 domo
3191 4511 3287 4552 sua
3325 4496 3616 4568 quidquam

2029 4588 2297 4662 perdidit,
2330 4596 2600 4658 patentem
2640 4587 2814 4642 omnis
2845 4585 3007 4642 homo
3046 4586 3186 4642 sicut
3227 4585 3431 4642 dimisit
3456 4586 3609 4642 inve-

2030 4684 2111 4739 nit
2132 4679 2231 4753 (a).

2103 4771 2327 4830 CAPUT
2356 4771 2466 4827 VII.
2497 4800 2568 4812 -â€”
2591 4770 2645 4826 8.
2674 4769 2740 4825 Ut
2760 4767 3235 4836 Constantinopolis
3275 4768 3346 4823 ita
3367 4778 3415 4823 et
3451 4767 3619 4824 Roma

2031 4882 2066 4920 a
2090 4863 2197 4919 Deo
2234 4870 2462 4932 correpta
2511 4860 2678 4930 potius
2718 4876 2870 4932 quam
2904 4858 3119 4930 perdita.
3148 4858 3287 4926 Quid
3338 4859 3618 4916 dicemus?

2032 4954 2224 5012 Utrum
2255 4955 2355 5009 ista
2379 4952 2456 5007 ira
2486 4951 2685 5016 Dei,an
2718 4950 2889 5021 potius
2927 4950 3288 5006 misericordia
3337 4950 3619 5019 fuit?Quis

2032 5047 2239 5104 dubitet
2262 5043 2815 5101 misericordissimum
2845 5051 3046 5116 patrem
3067 5043 3334 5115 corrigere
3361 5044 3617 5115 voluisse,

2033 5149 2089 5195 et
2115 5136 2382 5202 terrendo,
2414 5150 2522 5191 non
2568 5134 2839 5206 perdendo
2872 5134 3079 5206 punire,
3107 5134 3321 5206 quando
3354 5134 3488 5190 nihil
3517 5136 3618 5192 ho-

2034 5230 2262 5296 minum,
2292 5228 2424 5283 nihil
2451 5227 2751 5294 domorum,
2786 5225 2918 5281 nihil
2947 5226 3203 5282 moenium
3243 5236 3388 5282 tanta
3415 5227 3624 5298 impen-

2034 5318 2171 5376 dens
2211 5333 2447 5391 prtesens
2483 5317 2760 5373 calamitas
2786 5319 2806 5349 '
2833 5315 3009 5372 laesit?
3030 5316 3255 5373 Prorsus
3283 5319 3420 5374 sicut
3443 5318 3623 5375 solent

2035 5426 2227 5471 manus
2253 5410 2384 5481 erigi
2414 5409 2480 5465 ad
2498 5407 2887 5475 feriendum,et
2901 5417 3241 5466 consternato
3284 5409 3375 5466 illo
3411 5410 3502 5481 qui
3542 5410 3625 5466 fe-

2105 5633 2123 5696 f
2160 5629 2297 5696 aditi,
2318 5626 2501 5692 ingens.
2525 5627 2697 5696 Melius
2725 5636 2808 5696 bis.
2832 5628 3156 5696 nich.,_igttt's_.

2102 5694 2123 5766 Ï„
2155 5691 2385 5766 sesese
2524 5691 3364 5766 .Ar__ediu...prewcawnueus-

2102 5753 2175 5818 (á¾³)
2223 5752 2544 5818 meminerunt
2586 5752 2884 5818 marcellinus
2924 5762 2979 5805 et
3022 5762 3226 5818 Prosper
3269 5756 3321 5804 in
3361 5755 3533 5818 chron.
3575 5759 3632 5804 et

2038 5813 2211 5866 Paulus
2234 5813 2479 5874 diaconus,
2498 5813 2581 5864 lib.
2608 5815 2683 5877 13.
2711 5814 2872 5867 Refert
2898 5813 3205 5868 Baronius'ad
3224 5828 3407 5871 annum
3422 5817 3537 5869 396.
