4138 6212
465 300 577 357 723

467 435 688 494 riendus
712 441 847 497 erat,
880 428 1219 487 miseratione
1242 423 1506 491 revocari,
1535 423 1608 478 ita
1637 420 1833 476 factum
1875 424 1958 473 est
1984 414 2059 470 illi

471 527 699 585 civitati.
736 526 1106 581 Verumtamen
1143 520 1188 573 si
1218 532 1283 574 eo
1327 526 1584 586 tempore,
1618 528 1722 584 quo
1767 510 1858 565 illa
1898 509 2060 563 dere-

471 621 596 678 licta
643 617 869 691 populus
905 615 1182 671 universus
1231 610 1515 672 abscessit,
1558 608 1783 662 irrueret
1842 601 2067 665 vastitas

469 713 611 779 loco,
640 721 909 780 t0tamque
948 707 1131 762 urbem
1160 706 1296 760 sicut
1342 701 1649 765 Sodomam,
1682 696 1842 753 nullis
1868 695 2057 749 saltem

471 806 643 869 ruinis
668 801 1088 866 remanentibus,
1123 797 1468 867 perdidisset;
1496 795 1615 866 quis
1660 794 1817 847 etiam
1860 790 1937 845 sic
1964 787 2063 841 du-

472 897 669 952 bitaret
707 893 847 964 quod
881 893 1022 947 Deus
1068 891 1389 960 pepercisset
1430 888 1504 942 illi
1550 886 1767 950 etvitati,
1792 898 1892 953 qua
1925 894 2061 955 pra)-

473 987 677 1043 monita
708 995 762 1040 et
788 984 992 1047 territa,
1015 992 1067 1038 et
1092 982 1399 1038 discedente
1422 989 1580 1048 atque
1610 977 1884 1044 tl‘tigl‘altie,
1913 973 2060 1027 locus

473 1080 565 1135 ille
591 1077 1029 1135 consumeretur?
1049 1076 1137 1131 Sic
1160 1075 1376 1129 minimc
1404 1070 1750 1125 dubitandum
1770 1077 1850 1123 est
1873 1082 2060 1137 peper«

470 1173 609 1231 cisSe
640 1172 803 1227 Deum
836 1169 1089 1223 Romamn
1115 1168 1273 1222 etiam
1316 1163 1541 1228 civitati,
1573 1180 1690 1231 qua:
1717 1168 1839 1215 ante
1866 1157 2061 1213 hostile

478 1260 779 1317 incendium
835 1260 889 1315 in
941 1259 1120 1314 multis
1169 1273 1234 1311 ex
1286 1255 1449 1309 multa
1513 1262 1661 1323 parte
1719 1253 2056 1322 migraverat.

472 1352 765 1427 Migrarnnt
808 1354 896 1422 qui
951 1351 1216 1421 fugerunt,
1246 1349 1539 1419 migrarunt
1578 1347 1666 1416 qui
1715 1345 1782 1399 de
1834 1359 2060 1412 corpore

469 1446 714 1502 exierunt
742 1463 756 1499 :
788 1444 935 1501 multi
983 1451 1271 1514 pra'sentes
1297 1452 1582 1511 utcumque
1604 1440 1889 1501 latuerunt,
1912 1435 2061 1490 multi

473 1537 526 1592 in
580 1538 712 1594 locis
764 1539 962 1592 sanctis
1010 1536 1113 1590 vivi
1169 1536 1410 1605 salvique
1459 1533 1651 1588 servati
1705 1538 1848 1586 sunt.
1908 1529 2059 1584 Manu

469 1645 596 1700 ergo
624 1629 958 1686 emendantis
988 1628 1080 1683 Dei
1119 1636 1361 1696 cnrrepta
1416 1636 1497 1681 est
1526 1628 1700 1695 potius
1726 1622 1916 1678 civitas
1950 1622 2058 1685 illa,

469 1736 627 1790 quam
677 1721 881 1790 perdita
930 1739 943 1775 :
989 1729 1236 1789 tanquam
1280 1733 1467 1775 servus
1518 1717 1693 1773 sciens
1736 1716 2060 1769 voluntatem

468 1810 668 1867 domini
699 1811 802 1875 sui,
849 1820 902 1867 et
931 1811 1127 1866 faciens
1166 1812 1322 1882 digna
1370 1808 1556 1881 plagis,
1575 1807 1843 1878 vapulabit
1885 1806 2063 1862 multis

470 1902 622 1971 (Luc.
647 1919 740 1969 xu,
773 1903 884 1973 47).

544 1994 770 2053 CAPUT
792 1993 1081 2049 Vlll.—-9.
1124 1992 1479 2049 Tribulationis
1518 1992 1806 2065 temporalis
1847 1990 2059 2045 utilitas.

471 2088 646 2156 Atque
661 2085 861 2141 utinam
878 2086 1049 2141 valeat
1064 2084 1129 2140 ad
1153 2085 1458 2155 cxctnplnm
1478 2070 1698 2149 timoris,
1714 2094 1767 2139 et
1782 2083 1919 2138 mala
1944 2096 2064 2138 con-

474 2174 801 2247 cupiscentia
831 2177 1017 2232 sitiens
1039 2176 1315 2239 mundum,
1332 2184 1384 2229 et
1401 2184 1655 2246 appetens
1674 2174 1871 2246 perfrui
1887 2173 2064 2244 perni-

470 2252 786 2324 ciosissimis
819 2267 1194 2340 voluptatibus,
1216 2268 1613 2325 demonstrante
1644 2267 1869 2322 Domino
1906 2281 2063 2338 quam

471 2359 581 2415 sint
615 2360 890 2416 instabiles
932 2371 985 2416 et
1031 2360 1245 2417 caducae
1277 2375 1463 2415 omnes
1503 2360 1686 2416 surculi
1723 2360 1982 2415 vanitates
2012 2368 2066 2415 et

470 2450 694 2507 insaniae
737 2453 1042 2521 mendaces,
1067 2455 1244 2523 potius
1285 2452 1605 2519 refrenetur,
1637 2467 1795 2525 quam
1832 2451 1931 2507 sub
1973 2449 2064 2505 lla-

469 2544 626 2613 gellis
668 2543 994 2616 dignissimis
1048 2544 1303 2599 adversus
1340 2544 1620 2598 Dominum
1681 2550 2061 2597 murmuretur.

472 2633 579 2690 Sed
601 2650 759 2690 unam
790 2635 1035 2690 tribulam
1059 2636 1221 2690 sentit
1246 2650 1392 2701 area,
1419 2642 1479 2688 ut
1507 2633 1698 2702 stipula
1733 2630 2062 2698 concidatur,

471 2740 694 2796 granum
742 2726 1244 2792 mundetnr;unum
1272 2728 1447 2797 ignem
1479 2727 1673 2796 patitur
1700 2724 1885 2780 fornax
1924 2723 2069 2780 auri-

475 2818 614 2882 ﬁcis,
643 2827 700 2875 ut
727 2818 878 2892 palea
902 2820 959 2881 in
996 2820 1227 2875 cinerem
1274 2827 1478 2889 pergat,
1496 2833 1681 2872 aurum
1707 2816 1954 2875 sordibus
1978 2834 2068 2875 ca—

471 2921 591 2985 reat
620 2929 633 2966 :
662 2912 738 2969 sic
779 2921 833 2967 et
872 2927 1028 2967 unam
1072 2912 1463 2967 tribulationem
1506 2912 1671 2968 Roma
1720 2913 1957 2983 pertulit,
2006 2913 2061 2970 in

478 3021 583 3077 qua
604 3005 687 3067 vel
708 3004 1022 3077 emendatus
1052 3006 1138 3061 vel
1170 3006 1424 3062 liberatus
1438 3015 1521 3061 est
1560 3006 1711 3075 pius;
1740 3007 1932 3077 impius
1969 3022 2065 3062 au-

475 3106 589 3169 tem
613 3097 895 3157 damnatus
911 3108 1013 3177 est,
1031 3100 1142 3159 sive
1158 3098 1225 3154 ab
1251 3098 1351 3154 hac
1367 3101 1471 3154 vita
1492 3108 1677 3169 raptus
1698 3100 1765 3154 sit
1790 3100 1879 3156 ubi
1898 3100 2067 3171 magis

1992 277 2215 335 APPEN
2223 280 2330 336 DIX
2344 323 2355 335 .

3640 286 3748 346 ’ω

2168 416 2688 488 poenasjnstissimas
2708 417 2897 485 lueret,
2932 420 3047 477 sive
3070 414 3161 489 hic
3176 421 3495 493 remanserit
3521 422 3612 481 ubi
3658 423 3756 495 da-

2168 509 2453 566 mnabilius
2464 509 2975 581 blasphemaret,aut
2986 520 3130 567 certe
3144 529 3237 597 pro
3251 513 3498 583 ineti‘abili
3512 515 3751 585 clemen-

2167 604 2236 658 tia
2266 619 2359 660 sua
2393 604 2551 673 Deus,
2571 620 2704 677 quos
2728 606 2874 663 novit
2892 606 3195 675 salvandos,
3217 609 3540 678 paenitentiae
3570 624 3747 671 reser-

2165 709 2313 754 varet
2327 699 2365 751 ¹.
2386 698 2500 757 Non
2524 714 2650 771 ergo
2668 714 2769 755 nos
2790 709 2998 765 moveat
3015 699 3167 769 labor
3189 702 3417 771 piorum;
3442 702 3752 769 exercitatio

2165 799 2267 859 est,
2284 806 2390 855 non
2418 790 2707 846 damnatio.
2740 790 2851 846 Nisi
2887 791 3021 847 forte
3058 792 3338 847 horremus
3359 809 3482 849 cum
3513 792 3753 850 videmus

2165 882 2378 955 indigna
2402 886 2643 955 ctgravia
2667 883 2719 937 in
2764 882 2863 937 hac
2886 892 3023 937 terra
3048 885 3248 955 perpeti
3271 885 3502 955 aliquem
3522 886 3748 957 justum,

2165 983 2219 1029 et
2234 974 2596 1029 obliviscimur
2621 989 2738 1044 quae
2755 972 3215 1047 perluleritjustus
3239 978 3500 1047 justornm
3519 988 3748 1033 sanctus-

2164 1081 2268 1136 que
2302 1064 2796 1135 sanctorum.Quod
2834 1082 2987 1137 passa
3018 1077 3100 1123 est
3132 1069 3381 1124 universa
3420 1070 3506 1123 illa
3542 1053 3753 1137 civitas,

2168 1172 2353 1226 passus
2385 1165 2469 1212 est
2502 1174 2656 1213 unus.
2676 1156 2785 1215 Sed
2809 1156 2982 1213 videte
3011 1158 3130 1230 quis
3171 1175 3307 1215 unus
3331 1178 3342 1213 :
3368 1159 3479 1217 Rex
3508 1179 3684 1232 regum
3710 1171 3755 1216 et

2166 1246 2412 1301 Dominus
2426 1249 2793 1303 dominantium
2825 1247 3007 1322 (Apoc.
3028 1266 3138 1318 nx,
3164 1249 3277 1323 16),
3307 1251 3750 1322 comprehensus,

2167 1338 2397 1405 vinctus,
2412 1338 2617 1413 ﬂagella
2627 1348 2729 1408 tus,
2743 1340 3083 1396 contumeliis
3100 1340 3344 1397 omnibus
3356 1341 3753 1415 agitatus,ligno

2166 1444 2457 1500 suspensus
2497 1440 2548 1486 et
2590 1430 2747 1505 ﬁxus,
2797 1431 3035 1486 occisus.
3071 1431 3327 1505 Appende
3373 1447 3493 1487 cum
3538 1431 3752 1489 Christo

2165 1520 2408 1588 Romam,
2428 1521 2670 1595 appende
2697 1537 2818 1576 cum
2845 1522 3055 1577 Christo
3083 1530 3247 1576 totam
3270 1531 3486 1591 terram,
3507 1524 3749 1595 appende

2166 1628 2283 1666 cum
2330 1610 2541 1667 Christo
2580 1592 2772 1669 coelum
2801 1624 2855 1669 et
2896 1623 3091 1669 terram
3123 1632 3137 1669 :
3171 1614 3304 1669 nihil
3347 1626 3584 1672 creatum
3630 1631 3751 1671 cum

2165 1704 2414 1757 Crealnre
2466 1713 2738 1772 pensatur,
2762 1704 2963 1761 nullum
3006 1720 3141 1776 opus
3173 1704 3365 1761 artiﬁci
3391 1719 3748 1779 comparatur.

2128 1801 2132 1806 ’
2169 1795 2351 1851 Omnia
2393 1813 2482 1868 per
2521 1798 2691 1869 ipsum,
2728 1799 2865 1870 facta
2888 1805 3098 1867 sunt,et
3144 1799 3253 1856 sine
3297 1799 3409 1871 ipso
3450 1803 3643 1872 factum
3681 1811 3754 1857 est

2164 1888 2293 1943 nihil
2320 1886 2493 1962 (Joan.
2527 1904 2574 1954 ι,
2598 1889 2679 1959 '5);
2714 1898 2769 1945 et
2817 1896 2997 1946 tamen
3029 1904 3060 1945 a
3099 1889 3542 1962 persequentibus
3578 1889 3753 1971 depu-.

2165 1988 2304 2034 tatus
2347 1988 2429 2033 est
2457 1978 2605 2034 nihil.
2633 1977 2891 2035 Feramus
2921 1995 3051 2053 ergo
3093 1980 3239 2053 quod
3281 1996 3383 2037 nos
3429 1981 3573 2037 Deus
3609 1980 3754 2039 ferre

2164 2069 2418 2131 voluerit;
2473 2069 2565 2138 qui
2606 2069 2762 2123 nobis
2798 2070 3052 2127 curandis
3092 2079 3252 2143 atque
3318 2071 3589 2140 sanandis,
3630 2072 3752 2144 quis

2166 2160 2324 2215 etiam
2352 2159 2507 2214 dolor
2532 2160 2599 2215 sit
2630 2160 2798 2230 utilis,
2824 2162 2962 2217 sicut
2985 2162 3222 2219 medicus
3247 2162 3413 2218 novit.
3433 2163 3593 2220 Certe
3627 2163 3754 2219 scri-

2166 2261 2310 2323 ptum
2332 2260 2438 2329 est,
2456 2250 2711 2307 Patientia
2736 2269 2864 2328 Opus
2889 2257 3165 2328 perfectum
3194 2254 3338 2310 habet
3376 2252 3577 2329 (Jacobi
3603 2271 3651 2324 ι,
3671 2255 3751 2327 4)ε

2165 2346 2305 2418 quod
2336 2355 2514 2402 autem
2541 2347 2645 2402 erit
2683 2362 2819 2418 Opus
2860 2347 3151 2418 patientiae,
3180 2348 3225 2403 si
3251 2347 3383 2402 nihil
3409 2347 3619 2404 adversi
3654 2362 3753 2417 pa-

2169 2439 2402 2496 tiamur?
2427 2437 2535 2494 Cur
2548 2455 2675 2512 ergo
2696 2439 2832 2494 mala
2854 2439 3164 2512 temporalia
3185 2440 3386 2514 perpeti
3412 2439 3759 2496 recusamus!

2168 2532 2251 2586 An
2289 2529 2425 2586 forte
2467 2530 2648 2601 perlici
2697 2530 3213 2587 formidamus?Sed
3263 2531 3421 2602 plane
3462 2545 3677 2587 oremus
3700 2539 3755 2586 et

2167 2622 2579 2693 ingemiscamus
2610 2632 2664 2677 et
2694 2623 2963 2693 ploremus
2991 2621 3058 2679 ad
3095 2624 3395 2690 Dominum,
3425 2631 3488 2678 ut
3518 2632 3757 2687 servetur

2167 2729 2292 2787 erga
2323 2730 2420 2772 nos
2449 2714 2590 2786 quod
2618 2714 2903 2784 Apostolus
2929 2712 3060 2768 dicit
3091 2731 3103 2767 :
3133 2711 3331 2768 Fidelis
3356 2714 3513 2782 Deus,
3545 2715 3631 2784 qui
3652 2731 3753 2769 non

2168 2819 2253 2858 vos
2277 2804 2402 2859 sinet
2428 2805 2609 2858 tentari
2632 2820 2786 2875 supra
2827 2802 2882 2857 id
2904 2802 3040 2876 quod
3076 2805 3314 2873 potestis;
3336 2803 3426 2858 sed
3463 2803 3615 2874 faciet
3643 2821 3756 2858 cum

2170 2900 2438 2953 tentatione
2490 2900 2643 2954 etiam
2680 2898 2888 2967 exitum,
2928 2906 2983 2953 ut
3016 2899 3259 2954 sustinere
3313 2898 3514 2970 possitis
3548 2897 3568 2972 (
3588 2899 3604 2952 Ι
3631 2896 3753 2974 Cor.

2170 2988 2375 3059 3,15).

2236 3124 2254 3156 ι
2290 3123 2693 3175 uienonaullain
2713 3122 2863 3175 editis
2890 3123 3498 3177 «inrestituuntuex
3520 3121 3756 3182 uuida.

480 3226 3747 3289 Μ

1674 3272 1978 3281 ...καῂ

1424 3274 2838 3529 ῖῇῦῇὺῖῐ

3219 3274 3457 3284 ————-—

1766 3609 2065 3693 ΤΟΜΙ
2119 3612 2470 3694 SEXTI

466 3756 1446 3935 'OPERUM
1567 3779 2390 3929 SANCTI
2516 3782 2632 3924 A
2683 3782 3760 3935 UGUSTINI

1945 4021 2290 4068 CONTINENS

1311 4145 1856 4207 SUBDITITIA
1910 4144 2329 4218 QU/EDAM
2384 4146 2875 4211 OPUSCULA
2903 4194 2919 4223 ,

1948 4281 2229 4328 SCILICET
2249 4287 2262 4327 2

478 4386 722 4434 LIBRUM
764 4383 879 4429 XXI
924 4379 1435 4426 SENTENTIARUM.

476 4467 805 4514 DIALOGUM
848 4464 970 4507 LXV
1014 4459 1461 4516 QUESTIONUM.

475 4548 719 4594 LIBRUM
762 4546 846 4590 DE
890 4542 1041 4587 FIDE
1085 4542 1171 4584 ΔΒ
1212 4539 1499 4583 PETEUM.

474 4631 559 4673 DE
603 4625 852 4672 BP!le
894 4624 976 4667 ET
1018 4622 1244 4667 ANIMA.

475 4711 560 4753 DE
603 4706 919 4752 AMICITIA.

474 4790 559 4833 DE
596 4785 984 4841 summum
1026 4779 1444 4837 ntmcrmms.

473 4869 565 4912 me
603 4865 949 4925 DILIGBNDO
988 4861 1141 4908 nso.

475 4946 869 5001 souwouu.

472 5024 949 5072 MEDITATIONES
959 5050 974 5066 ο

473 5107 559 5149 ΒΕ
602 5102 1029 5150 CONTEITIONE
1072 5099 1327 5145 CORDIS.

473 5186 799 5233 MANUALE.

850 5339 1043 5389 Αιιισθ
1085 5338 1256 5392 QUOD
1298 5336 1563 5383 DICITUR
1602 5334 2015 5385 PBCCATORIB.

473 5426 559 5470 DE
601 5423 879 5485 πιιιιιιιιοι
920 5418 1237 5473 ΕΔΒΙΤΛΟΟ
1245 5418 1342 5463 ιο.

472 5505 559 5549 ΒΕ
603 5506 792 5551 SCALA
838 5498 1151 5546 PARADISI.

472 5584 561 5629 DE
603 5581 985 5630 COGNITIONE
1031 5578 1212 5622 VERE
1254 5577 1444 5623 "TE.

472 5662 558 5708 DE
601 5666 748 5712 νιτΑ
788 5659 1189 5707 CERISTIANA.

2167 4387 2250 4428 DE
2292 4386 2721 4432 SALUTABIBUS
2764 4389 3191 4440 DOCUMENTIS.

2165 4466 2251 4507 DE
2294 4467 2625 4509 DUODECIM
2668 4468 3035 4513 ABUSIONUM
3077 4470 3416 4516 GRADIBUS.

2166 4545 2250 4587 DE
2292 4545 2536 4589 SEPTEM
2580 4546 2795 4601 VITIIS,
2844 4547 2922 4588 ET
2960 4546 3202 4592 SEPTEM
3246 4550 3431 4594 DONIS
3473 4553 3752 4598 SPIRITUS

2246 4622 2487 4666 SANCTI.

2166 4703 2249 4744 DE
2292 4701 2643 4745 CONELICTU
2682 4701 2997 4747 VITIOBURI
3040 4704 3121 4747 ET
3164 4706 3521 4754 VIRTUTUM.

2164 4782 2248 4824 DE
2292 4780 2682 4825 SOBRIETA'I'E
2726 4782 2806 4825 ET
2848 4782 3220 4829 ΟΔΒἩΤΔἯΕ.

2164 4862 2248 4902 DE
2292 4862 2461 4907 VEEA
2504 4862 2584 4905 ET
2628 4862 2821 4913 FALSA
2864 4861 3300 4913 POENITENTIA-

2162 4940 2248 4982 DE
2290 4940 2734 4987 ANTICHRISTO.

2163 5020 2561 5065 PSALTERIUM
2639 5019 2810 5074 QUOD
2874 5023 3264 5069 AUGUSTINUS
3326 5027 3525 5071 MATR!
3620 5029 3754 5075 SUB

2242 5099 2658 5145 COMPOSUISSE
2702 5103 2957 5147 FEBTUB
2968 5131 2981 5144 .

2162 5180 2632 5225 EXPOSITIONEM
2674 5181 2928 5226 CANTICI
2970 5183 3383 5228 MAGNIFICAT.

2162 5260 2547 5305 TEACTATUM
2591 5262 2674 5304 DE
2717 5262 3148 5307 ASSUMPTIONE
3192 5265 3251 5306 Β.
3298 5264 3538 5308 ΜΑΒΙΕ.

2110 5324 2123 5335 ⁸
2162 5341 2246 5382 DE
2290 5341 2689 5385 VISITATIONB
2731 5340 3166 5391 rﬂtnmonuu.

2163 5421 2493 5467 SERHONES
2531 5422 2614 5465 DE
2655 5420 3126 5469 ωηεωιΑΤιοαΕ
3171 5423 3601 5470 κοιτυοιιυι

2163 5500 2490 5544 SERMONES
2534 5500 2709 5559 suos
2755 5500 3057 5559 quosnam
3102 5504 3187 5559 Al?
3231 5503 3555 5559 Possumne.
3582 5540 3601 5550 ρ

2163 5580 2488 5626 SERMONES
2532 5581 2765 5625 DEMUM
2792 5581 2875 5627 AD
2918 5581 3200 5629 ΕΗΔ.τῆΕὸ
3245 5584 3308 5629 IN
3353 5583 3595 5647 κηποι

1874 5728 2371 5811 mw
