4138 6212
529 372 637 428 ’197

503 478 688 559 ’Βὶςηί
725 486 1034 559 euntenirn
1075 483 1165 555 qui
1196 481 1285 559 tali
1309 481 1647 559 exeuditione
1669 479 2020 559 decipiantur,
2049 494 2108 559 ut

532 553 692 628 paSna
721 557 827 611 illis
864 555 955 628 fiat
980 553 1258 628 hochuod
1301 553 1887 628 videnturimpetrare
1911 553 2115 609 beneﬁ-

533 623 696 693 cium,
725 642 845 682 cum
889 627 967 681 eis
1008 623 1262 681 exhibent
1304 624 1454 694 quasi
1496 624 1738 694 privatim
1780 623 1938 694 aeria;
1967 634 2119 694 pote-

532 707 699 753 states
724 697 967 765 quaedam
1011 696 1283 758 miracula,
1323 693 1384 749 ut
1412 693 1505 765 eos
1532 693 1760 765 habeant
1786 693 2113 764 subjugatos,

532 764 794 836 permissu
826 777 1001 821 tamen
1028 765 1226 820 divinae
1252 764 1596 835 providentiae
1619 764 1659 830 ί,
1690 773 1745 818 ut
1781 779 1877 834 pro
1913 766 2117 820 meritis

531 838 828 907 animarum
858 853 951 892 sua
978 837 1170 907 cuique
1201 836 1516 891 tribuantur.

600 905 765 989 Serv}.
904 937 975 989 τ-
1006 905 1098 960 οί
1121 908 1337 989 piscibus
1382 914 1580 989 ceruum
1616 907 1979 989 quittquoginta
2024 909 2117 961 tri-

527 975 638 1030 bus.
673 978 856 1032 Potest
892 979 1052 1033 etiam
1093 975 1139 1032 si
1173 992 1427 1032 numerus
1460 976 1559 1030 iste
1587 975 1975 1043 censideretur,
2018 992 2113 1032 oc-

528 1062 750 1129 currere
777 1047 844 1102 ad
880 1048 1152 1129 Ecclesiae.
1181 1048 1536 1129 sanctitatem,
1574 1055 1675 1129 etc.
1704 1086 1719 1099 .
1748 1087 1758 1096 .
1788 1086 1800 1100 .
1824 1085 1845 1128 ,ο
1872 1048 1958 1102 ubi
1986 1062 2115 1129 pec-

527 1126 761 1193 catores,
806 1118 896 1189 qui
944 1118 1011 1174 ad
1053 1120 1320 1174 sinistram
1355 1118 1639 1188 pertinent,
1687 1117 2114 1193 non\inveniun-

528 1195 618 1243 tur
639 1195 736 1243 (al.

599 1186 763 1314 Eg}.
795 1258 885 1314 Vl.
925 1288 996 1332 ἡ
1024 1259 1091 1313 In
1126 1275 1225 1332 quo
1277 1258 1455 1313 melior
1498 1259 1563 1312 sit
1588 1258 1736 1312 homo
1777 1258 2113 1332 belluis._Ho-

527 1328 729 1400 minem
759 1343 826 1384 ex
870 1330 1046 1400 anima
1075 1328 1395 1400 et'corpore
1438 1339 1683 1383 constare
1725 1328 1853 1381 nulli
1893 1328 2112 1400 dubium

527 1407 631 1465 est,
660 1399 732 1454 ita
760 1408 818 1453 ut
841 1399 1017 1454 anima
1042 1400 1112 1456 sit
1140 1400 1221 1455 vis
1246 1399 1486 1469 quaedam
1519 1414 1621 1467 qua
1651 1412 1845 1467 corpus
1876 1399 2109 1453 viviﬁca-

526 1478 649 1535 tur;
681 1480 736 1525 et
776 1469 883 1524 sint
921 1469 1048 1537 duo,
1091 1470 1162 1525 ita
1192 1480 1249 1525 ut
1276 1485 1438 1525 unum
1466 1471 1632 1523 altero
1657 1469 1726 1522 sit
1753 1470 2108 1537 prrcstantius,

524 1539 999 1611 illuddomiuetur,
1027 1541 1129 1596 hoc
1154 1541 1370 1611 serviat.
1393 1540 1498 1595 Sed
1522 1554 1706 1611 rursus
1723 1540 1775 1592 in
1794 1538 1979 1611 eadem
1999 1540 2113 1594 ani-

527 1625 617 1680 ma
643 1609 751 1665 duo
778 1609 1019 1680 quaedam
1045 1608 1292 1667 videntur
1315 1629 1327 1663 :
1354 1626 1516 1665 unum
1546 1609 1684 1680 quod
1707 1623 1892 1662 amans
1912 1608 2110 1676 divina,

522 1679 776 1753 intelligit
798 1679 856 1737 et
897 1682 1186 1753 participat,
1210 1681 1423 1753 rationi,
1473 1695 1538 1735 ac
1570 1679 1777 1753 dicatur
1823 1680 2109 1753 rationale;

524 1749 754 1807 alterum
778 1749 933 1823 quod
973 1749 1321 1823 sensibilibus
1357 1751 1569 1823 fruens,
1594 1749 1782 1823 belluis
1809 1751 2111 1823 communi-

525 1830 636 1887 cat,
654 1836 718 1877 ac
742 1818 1154 1887 sitfirrationale.
1173 1822 1328 1889 Quod
1346 1836 1532 1876 rursus
1560 1822 1611 1874 in
1633 1818 1839 1889 duobus
1865 1820 2110 1875 animad-

523 1892 841 1963 vertendum
867 1900 977 1963 est,
1002 1888 1229 1963 quorum
1261 1907 1422 1947 unum
1452 1902 1537 1946 est
1582 1906 1704 1963 quo
1725 1888 1976 1963 resistere
2018 1906 2113 1960 ap-

524 1962 661 2032 petit
685 1960 1064 2032 obsistentibus
1079 1964 1134 2028 ²;
1163 1963 1411 2029 alterum,
1435 1960 1787 2032 quoadipisci
1813 1973 2112 2032 congruen-

524 1974 661 2030 petit
685 1974 1134 2031 opsmenuous';
1163 1974 1411 2029 alterum,
1435 1977 1541 2032 quo
1567 1974 1787 2029 adipisci
1813 1974 1915 2015 con
1983 1975 2111 2016 uen-

523 2031 621 2096 tia,
653 2031 796 2101 quod
838 2040 893 2087 et
926 2031 1132 2089 belluas
1177 2032 1353 2088 facere
1391 2031 1728 2086 manifestum
1775 2038 1878 2101 est.
1908 1974 2111 2097 gibbus

524 2100 782 2172 collectis,
816 2103 1093 2172 apparebit
1122 2102 1390 2159 hominem
1415 2110 1674 2172 constare
1692 2115 1756 2172 ex
1786 2100 1962 2172 anima
1991 2102 2113 2171 qui-

523 2170 649 2243 dem
672 2179 728 2226 et
751 2169 1015 2243 corpore,
1045 2172 1140 2229 sed
1181 2172 1372 2228 ofﬁciis
1408 2172 1509 2227 hac
1543 2171 1827 2243 partitione
1862 2169 2106 2243 diversis.

521 2240 621 2314 His
645 2250 824 2297 autem
849 2240 1104 2299 omnibus
1133 2243 1380 2314 praesidet
1422 2243 1511 2297 illa
1547 2240 1715 2314 prima
1744 2250 1799 2296 et
1822 2240 2015 2314 rationi
2033 2240 2111 2314 vi-

521 2311 642 2395 cina
671 2327 815 2395 pars,
845 2328 965 2382 quae
982 2329 1106 2369 cum
1133 2310 1255 2395 sese
1279 2328 1500 2395 suaque,
1525 2313 1575 2367 vi
1602 2326 1666 2395 ae
1692 2311 1925 2395 potentia
1950 2310 2113 2395 fabri-

520 2380 741 2455 cateris,
772 2380 879 2438 non
905 2398 1000 2455 per
1018 2399 1104 2455 se,
1135 2385 1256 2455 quia
1278 2380 1484 2453 ipsa—ex
1510 2398 1570 2438 se
1595 2381 1726 2436 nihil
1751 2390 1851 2455 est,
1879 2380 1990 2455 s_ed_
2012 2396 2110 2455 per

521 2450 919 2524 benignitatem
934 2453 1028 2525 Dei
1067 2450 1169 2525 per
1202 2450 1361 2525 quam
1403 2455 1577 2508 anima
1626 2460 1727 2525 est,
1776 2450 1935 2525 fuerit
1959 2451 2108 2506 dele-

519 2520 684 2587 ctata',
711 2531 914 2579 natura:
940 2520 1247 2581 inferiorem
1269 2526 1321 2579 in
1343 2538 1401 2578 se
1420 2533 1629 2594 partem
1646 2520 2109 2594 frenando,_atque

519 2606 555 2647 a
581 2595 743 2650 rebus
795 2594 1176 2663 temporalibus
1217 2590 1563 2658 abducendo,
1619 2592 1813 2649 liberat
1861 2590 2107 2663 dolorum

520 2673 782 2733 egestate,
811 2661 1118 2734 indigentia:
1140 2664 1471 2729 difficultate,
1495 2663 1803 2734 morborum
1824 2661 2101 2734 molestiis,

520 2730 682 2804 atque
709 2730 774 2790 in
802 2749 897 2791 sua
924 2730 1063 2791 bona
1101 2734 1338 2791 beneﬁca
1379 2734 1659 2804 largitione
1687 2730 1912 2804 reducit,
1946 2740 2001 2784 ut
2022 2732 2109 2798 ju-

520 2799 683 2859 stitize
698 2804 752 2859 in
777 2820 843 2861 ea
868 2804 1093 2860 ﬁrmitas
1108 2813 1339 2869 maneat,
1358 2799 1629 2869 regﬁando
1649 2799 1938 2855 secundum
1955 2814 2105 2855 suam

521 2882 767 2944 naturam
794 2885 849 2931 et
884 2875 1136 2931 servienti
1181 2870 1480 2944 praestando
1525 2870 2034 2944 :cujus__servientis
2063 2872 2107 2925 si

521 2943 635 3015 vita
665 2946 822 3001 fuerit
843 2946 1124 3010 delectata,
1156 2940 1211 2999 εἰ
1230 2944 1346 3000 haec
1369 2940 1676 3015 temporalia
1702 2940 1968 3015 dilexerit,
1988 2956 2106 3015 _no_n

522 3013 826 3082 dominans,
869 3015 966 3072 sed
1006 3009 1266 3081 serviens,
1308 3024 1362 3070 et
1404 3009 1511 3069 non
1539 3021 1799 3083 praestans
1848 3009 2104 3083 inferiori,

522 3084 620 3141 sed
640 3086 689 3141 ei
709 3087 1029 3158 obsequens,
1052 3086 1394 3158 iudicabitur,
1422 3084 1488 3139 ad
1517 3082 1811 3158 errtremum
1838 3082 2108 3158 graviores

563 3171 712 3212 uanas
748 3150 1293 3228 experturafdeserla
1322 3150 1388 3210 iis
1416 3153 1661 3210 omnibus
1682 3168 1800 3223 qua:
1826 3150 2107 3206 adversum

520 3169 621 3282 Bei
658 3236 919 3282 praecepta
944 3228 1157 3282 dilexit:
1204 3226 1528 3282 recurrendo
1556 3234 1730 3278 autem
1760 3221 1827 3276 ad
1852 3236 2103 3282 superna,

571 3227 621 3283 ei
657 3221 919 3303 praeceptu
944 3221 1171 3303 dilexit;
1204 3226 1528 3303 recurrendo
1556 3221 2103 3303 autem_ad_superna,

523 3310 590 3352 ac
615 3293 674 3352 se
700 3293 863 3353 totam
882 3299 977 3353 Dei
1004 3297 1275 3354 beneﬁciis
1307 3294 1650 3359 resumendo,
1673 3293 1774 3349 erit
1798 3293 1986 3346 similis
2011 3293 2059 3346 ei
2076 3307 2106 3346 a

525 3380 635 3436 quo
658 3367 796 3423 facta
821 3376 923 3431 est,
953 3375 1007 3421 et
1025 3369 1126 3423 erit
1152 3369 1325 3432 beata,
1348 3365 1688 3436 habensejus
1708 3362 2106 3436 similitudinem

525 3430 597 3506 aid
644 3452 805 3506 quam
848 3430 984 3492 facta
1028 3446 1128 3491 est.
1168 3437 1256 3491 Sic
1284 3430 1436 3506 enim_
1466 3430 1720 3506 scriptum
1748 3430 1971 3506 es_t_:_Et
1990 3431 2107 3500 fecit

525 3499 680 3585 Deus-
698 3506 950 3585 hominem
993 3507 1061 3560 ad
1102 3506 1372 3575 imaginem
1401 3504 1496 3559 Dei
1536 3499 1764 3585 {Gem},
1794 3499 1907 3573 27).
1937 3499 2106 3585 Quam

525 3589 631 3630 nos
649 3575 767 3647 ipso
794 3577 984 3631 intuitu
1021 3571 1330 3647 recepturos
1352 3571 1589 3647 esse__si_c
1610 3571 1801 3647 dicitur
1828 3571 1923 3642 per
1945 3571 2109 3627 Joan-

526 3660 655 3716 nem
670 3642 980 3716 apostolum
1013 3665 1026 3699 :
1068 3642 1380 3707 Chorissimi,
1416 3645 1512 3713 lilii
1538 3642 1635 3716 Dei
1658 3659 1853 3711 sumus,
1899 3652 1946 3696 et
1983 3658 2109 3716 nort-

529 3713 911 3790 dtmtapparuit
933 3716 1053 3790 quid
1072 3718 1289 3790 erimus;
1309 3716 1493 3790 scimus
1512 3715 1630 3785 quia
1655 3729 1770 3767 cum
1789 3713 2105 3790 apparuerit2

527 3781 721 3861 {imites'
746 3781 1015 3861 eiei-imus,
1047 3781 1283 3861 quoniunt
1311 3781 1587 3861 ridebimus
1630 3800 1744 3838 eum
1762 3781 2036 3861 _sicttli__est
2065 3781 2109 3851 (ἰ

527 3856 796 3934 Joan._u_t,
832 3858 933 3934 2)._
952 3852 1429 3934 Dedistributione
1469 3865 1648 3912 autem
1689 3856 1880 3934 anima;
1907 3852 2108 3909 dictum

530 3937 647 3984 est:
677 3925 880 4002 Diliges
896 3930 1173 3986 Dominum
1201 3928 1363 3984 Deum
1386 3939 1605 3983 tuumea:
1627 3935 1732 4002 tote
1753 3925 1904 3981 corde
1931 3934 2037 4002 me,
2063 3933 2111 3978 et

530 4015 597 4054 ea:
623 4009 728 4056 tota
750 3994 923 4056 citima
945 4011 1051 4068 tua,
1081 4011 1131 4056 et
1149 4018 1212 4055 ea:
1234 4009 1339 4054 tota
1366 4010 1529 4054 mente
1552 4007 1640 4052 tua
1668 3995 1843 4068 (Deut.
1868 4010 1944 4068 vi,
1977 3994 2031 4068 5,
2064 4002 2111 4048 et

530 4069 722 4143 Matth.
738 4087 875 4143 xxii,
898 4068 1009 4143 57).
1038 4065 1108 4143 Et
1129 4071 1403 4143 apostolus
1441 4065 1744 4143 Paulussic
1766 4068 1877 4121 ait:
1900 4065 2112 4120 Salvum

535 4142 691 4212 feciet
724 4137 980 4212 Dominus:
1015 4137 1249 4212 spiritum
1294 4148 1535 4212 vestrum,
1569 4137 1800 4212 cuipiam
1835 4146 1881 4190 et
1929 4150 2111 4205 corpus

534 4205 581 4277 (ι
608 4208 787 4280 Thess.
818 4225 870 4270 v,
896 4206 1012 4280 21’s).
1039 4205 1373 4280 Quapropter
1409 4206 1539 4280 nihil
1569 4206 1774 4280 belluise
1788 4205 1949 4280 homo
1971 4220 2110 4273 prae—

533 4275 662 4346 stat,
687 4278 788 4331 nisi
825 4275 976 4346 quod
999 4275 1368 4331 intellectualis
1395 4276 1571 4346 anima
1597 4284 1687 4346 est
1706 4290 1741 4346 :_
1764 4275 1892 4346 ipsis
1933 4284 2113 4328 autem

534 4342 1073 4401 hominibus—caeteris
1099 4353 1332 4415 praestat,
1374 4359 1497 4398 cum
1526 4342 2110 4415 intelligit’DeumLpe—

534 4432 646 4492 que
656 4416 965 4492 temporalia
995 4412 1135 4492 bona
1153 4429 1431 4485 perversus
1453 4413 1687 4492 uanitate
1705 4420 1956 4492 sectatur.
1978 4412 2112 4467 Nam

536 4482 593 4544 et
614 4488 741 4544 illud
769 4482 1057 4544 'verissime
1084 4482 1284 4541 dictum
1313 4495 1417 4553 est,
1464 4482 1636 4553 Nolite
1661 4495 1765 4537 esse
1806 4482 1931 4535 sicut
1952 4497 2115 4553 equus

536 4570 591 4637 et
614 4560 935 4637 mutuabor:
964 4557 1204 4637 babentes
1232 4557 1547 4637 intellectum
1567 4552 1914 4637 (Ρεαιλξξιχι,
1942 4552 2117 4637 9);.Ιξι

534 4631 689 4713 illud,
845 4630 1112 4713 gloriatur,
1137 4630 1191 4682 in
1219 4627 1440 4713 Domin
1458 4621 1901 4713 glerieturagltger;
1932 4621 2113 4713 ιἲ

536 4704 617 4759 sic
641 4689 905 4775 intelligit,
934 4700 1068 4768 Quia
1096 4689 1196 4775 ego
1225 4714 1343 4775 sum
1371 4689 1655 4775 Dominus:
1676 4689 1744 4748 Et
1763 4692 1917 4775 illud,
1938 4689 2117 4775 ‘Vaui:

536 4783 616 4828 tas
639 4763 933 4838 vanitai'un't,
946 4763 1012 4827 "et
1038 4763 1207 4826 omuia
1220 4770 1433 4825 vanitas.
1457 4768 1585 4833 Quae
1604 4763 2117 4838 abunda_ntia_homini

534 4846 589 4899 in
620 4845 757 4899 omni
782 4833 953 4899 labore
968 4858 1082 4912 suo,
1111 4856 1257 4914 quem
1274 4841 1382 4912 ipse
1405 4838 1600 4894 laborat
1619 4835 1707 4890 sub
1735 4834 1840 4890 sole
1860 4833 2053 4908 (Eecle.
2077 4848 2114 4899 ι,

577 4916 772 5042 ’ἔξω
814 4984 925 5040 Vll.
953 5014 1028 5027 --
1056 4981 1138 5038 De
1185 4981 1410 5053 corporis
1448 4977 1824 5053 resurrectione.
1879 4973 2119 5042 Excepto

537 5072 605 5113 eo
625 5057 768 5127 quod
794 5056 939 5111 omni
968 5054 1073 5127 ﬂde
1098 5048 1314 5127 dignum
1337 5059 1450 5115 est,
1466 5048 1614 5127 _n_ih_il
1663 5049 1830 5127 Deum
1854 5060 1960 5099 non
1992 5058 2118 5113 pos-

539 5120 747 5192 εε,ἰειιί
771 5126 931 5181 etiam
970 5120 1376 5181 ratiocinatione
1401 5120 1578 5197 colligi
1607 5126 1780 5189 potest
1798 5129 1968 5197 ζ,ιιοη
1999 5129 2121 5169 esse

538 5184 726 5254 contra
769 5206 1012 5269 naturam
1041 5204 1116 5269 _ut
1156 5199 1405 5269 resurgat
1427 5184 2119 5269 hoeicorpus..yniversum

540 5283 766 5337 corpus,
794 5266 939 5336 quod
984 5266 1151 5337 etiam
1172 5255 1344 5333 hujus“
1372 5260 1588 5337 mundi__
1606 5255 1873 5337 sensibilis
1897 5255 2019 5337 coeli
2068 5264 2124 5309 et

540 5323 703 5394 terrae
732 5323 947 5407 nomine
985 5323 1345 5407 signiﬁcatur,
1379 5339 1480 5407 est
1521 5331 1700 5400 aliquo
1729 5327 1909 5383 modo.
1951 5323 2122 5381 Omne

541 5417 721 5480 autem
749 5406 893 5480 quod
929 5414 1013 5461 est
1035 5401 1227 5480 'aliquo
1274 5401 1473 5480 modo,
1494 5416 1667 5471 neque
1693 5407 1871 5480 tamen
1913 5409 2122 5480 summo

547 5479 709 5534 modo
728 5521 743 5548 ,
766 5473 909 5548 _ejus
934 5473 1154 5547 speciei
1179 5473 1582 5548 participatione
1609 5480 1690 5527 est
1710 5511 1726 5537 ,
1762 5473 1816 5523 in
1838 5475 2122 5548 quantum-

541 5543 771 5619 cumque
794 5543 1034 5619 est,qu:e
1062 5543 1273 5601 sumine
1296 5543 1457 5619 modo
1486 5551 1588 5609 est;
1605 5553 1869 5619 qua,cum
1891 5544 2120 5619 tenetur,

548 5604 820 5676 ordinatas
862 5604 1100 5690 quasque
1138 5604 1584 5672 commutationes
1623 5604 1741 5682 "pati
1785 5616 1973 5681 poteSt.
2005 5604 2124 5662 Non

606 5738 627 5804 ἒ
660 5743 763 5804 Msa
785 5733 981 5804 άίυέηρέ
1199 5742 1337 5792 voce,
1360 5721 1694 5793 prouidentia.

606 5798 630 5829 ⁸
660 5803 792 5855 mm,

606 5857 681 5921 (a)
704 5848 1067 5919 Ex'quaest.57,
1092 5858 1222 5905 inter
1242 5856 1418 5912 Quaest.
1441 5848 1521 5901 8’5.

502 5987 546 6002 τηρ
750 5998 793 6003 νε
868 5995 911 6005 -ι-
1078 5996 1105 6008 ι-

1986 362 2355 426 APPENDIX.

3711 366 3818 425 728

2229 494 2406 568 autem
2434 497 2555 541 esse
2591 485 3181 568 omninocorpusnnen
3226 493 3429 568 potest.
3456 486 3679 568 Sienim
3703 502 3816 542 om-

2224 560 2349 627 nino
2373 570 2570 627 corpus
2596 570 2701 627 non
2731 556 2857 622 erit,
2885 565 2975 611 aut
3005 556 3136 627 nihil
3161 556 3298 624 erit,
3345 564 3440 613 aut
3467 558 3667 627 aliquid
3695 573 3812 613 me-

2224 626 2368 682 lius:
2399 626 2495 682 sed
2532 626 2664 681 nihil
2714 640 2833 682 esse
2887 641 2991 681 non
3045 626 3271 694 sinitur,
3305 626 3585 683 obtinente
3629 631 3810 697 specie

2222 712 2343 767 quae
2382 711 2593 769 semper
2608 708 2801 769 emanet
2843 705 2896 752 et
2939 712 3065 751 vere
3093 712 3408 769 summeque
3453 709 3534 753 est
3570 716 3583 752 :
3615 699 3806 754 melius

2222 778 2399 822 autem
2424 767 2623 837 aliquid
2668 782 2787 822 esse
2819 783 2975 836 quam
3003 782 3199 837 corpus
3225 767 3333 823 non
3363 778 3569 838 potest;
3601 770 3723 838 quia
3752 779 3809 825 et

2222 838 2463 909 corporis
2504 838 2734 909 universi
2775 848 2950 893 certus
2979 847 3059 894 est
3100 838 3323 905 modus,
3370 848 3425 894 et
3468 855 3653 909 eorum
3679 855 3802 909 quae

2222 906 2534 977 incerporea
2559 906 2694 963 facta
2726 917 2882 973 sunt,
2916 924 3169 964 numerus
3195 910 3376 979 augeri
3425 926 3529 965 non
3563 906 3761 980 indiget
3786 929 3812 977 ;,

2221 987 2276 1033 et
2313 992 2423 1033 non
2445 989 2529 1033 est
2556 980 2945 1050 opusaliquam
2976 994 3167 1034 novam
3196 990 3436 1034 naturam
3468 980 3585 1036 ﬁeri
3606 1021 3619 1043 ,
3647 981 3802 1050 quasi

2220 1058 2313 1103 aut
2343 1064 2447 1103 non
2475 1049 2651 1104 omnia
2681 1048 2819 1105 facta
2842 1118 2847 1119 ί
2872 1048 3104 1114 fuerint,
3136 1058 3228 1104 aut
3269 1051 3323 1104 in
3367 1051 3542 1105 locum
3575 1048 3801 1119 alicujus

2221 1133 2339 1201 quae
2377 1120 2594 1201 perierit
2619 1119 2722 1201 alia
2775 1106 3139 1201 substituenda
3169 1120 3264 1201 sit;
3310 1135 3431 1175 cum
3465 1129 3530 1201 _e_t
3564 1106 3830 1201 perfecte}

2221 1190 2357 1245 facta
2386 1190 2492 1245 sint
2529 1190 2705 1245 omnia
2726 1232 2741 1256 ,
2781 1199 2835 1245 et
2857 1205 2917 1244 ea
2945 1192 3307 1261 guberneutur
3331 1192 3666 1260 providentia
3710 1206 3796 1247 se-

2219 1260 2451 1315 cundum
2473 1261 2705 1330 speciem
2721 1274 2934 1329 semper
2956 1260 3289 1328 manentem,
3312 1269 3373 1315 ut
3400 1261 3661 1315 ordinatae
3688 1276 3797 1316 mu-

2222 1330 2494 1403 tabilitati,
2542 1339 2596 1385 et
2626 1345 2719 1398 per
2749 1330 2850 1385 hoc
2876 1330 2945 1403 ine
2970 1332 3226 1403 mutantis
3262 1330 3545 1403 quamdam
3586 1345 3801 1387 manen-

2220 1399 2347 1454 tiam
2371 1400 2527 1455 cedat
2570 1408 2756 1455 natura
2786 1400 3052 1455 sensibilis
3072 1442 3086 1465 ,
3115 1399 3370 1469 atque'ita
3400 1403 3452 1455 in
3482 1416 3578 1456 suo
3597 1416 3795 1470 genere

2219 1479 2491 1535 teneatur,
2519 1470 2839 1541 modumque
2868 1471 3142 1541 proprium
3164 1472 3447 1527 custodiat.
3490 1472 3566 1526 Ex
3601 1486 3708 1541 quo
3738 1473 3799 1528 ﬁt

2218 1549 2278 1595 ut
2304 1556 2497 1611 corpus
2525 1556 2685 1612 omne
2710 1541 2866 1596 aliter
2888 1550 3046 1612 atque
3076 1541 3231 1596 aliter
3260 1543 3363 1608 sit,
3394 1556 3587 1611 corpus
3615 1551 3793 1599 tamen

2217 1624 2338 1666 esse
2368 1627 2473 1666 non
2497 1611 2703 1667 desinat
2727 1626 2740 1662 :
2766 1612 2837 1666 ita
2858 1611 3119 1667 universa:
3142 1619 3344 1667 natura:
3366 1612 3508 1666 salva
3536 1620 3658 1667 sunt
3686 1628 3793 1667 om-

2218 1680 2303 1766 uia
2325 1722 2341 1749 ,
2373 1697 2489 1766 qua;
2515 1681 2981 1766 sensibug'nostris
3004 1681 3283 1765 discedunt
3306 1690 3364 1766 et
3388 1682 3607 1766 interire
3646 1684 3787 1752 peni-

2218 1759 2302 1804 tus
2328 1751 2717 1823 existimantur.
2740 1751 2895 1809 Unde
2932 1767 3038 1807 non
3066 1752 3256 1806 mirum
3288 1761 3371 1807 est
3398 1753 3441 1807 si
3473 1752 3574 1807 hoc
3596 1751 3794 1823 carpus

2215 1821 2433 1893 modum
2465 1824 2623 1877 istum
2652 1837 2806 1893 suum
2825 1863 2840 1887 ,
2869 1837 2975 1893 quo
3004 1837 3144 1877 nunc
3167 1832 3249 1877 est
3268 1863 3285 1888 ,
3316 1824 3370 1876 in
3394 1831 3649 1892 quantum
3675 1821 3787 1891 est,

2215 1891 2467 1962 recipiat,
2482 1901 2586 1964 aut
2612 1891 2901 1964 meliorem
2915 1892 3144 1964 aliquem
3169 1891 3423 1964 sortiatur
3438 1908 3462 1964 ;_
3485 1907 3607 1947 cum
3635 1895 3679 1948 is
3701 1896 3793 1964 qui

2215 1972 2434 2018 vocatur
2478 1962 2720 2018 interitus
2740 2003 2755 2029 ,
2781 1962 3035 2019 discessio
3080 1962 3135 2017 in
3163 1963 3297 2018 alios
3344 1962 3529 2019 modos
3556 1964 3653 2031 sit,
3682 1962 3792 2021 non

2216 2034 2434 2103 omnino
2462 2034 2777 2103 peremptio.
3129 2076 3133 2080 .

2286 2102 2473 2159 SENT.’
2495 2103 2625 2158 Vlll.
2650 2133 2723 2143 —
2755 2102 2828 2157 De
2859 2103 2977 2172 ﬁde,
3018 2120 3107 2174 spe
3134 2111 3180 2157 et
3196 2102 3461 2174 charitate.
3493 2103 3651 2159 Fides
3673 2105 3792 2162 sine

2214 2186 2312 2242 spe
2337 2183 2390 2229 et
2413 2174 2669 2246 charitate
2691 2181 2793 2241 est,
2816 2174 2860 2229 si
2891 2173 3069 2228 dicas:
3092 2173 3267 2229 Credo
3290 2188 3415 2228 vera
3436 2188 3553 2229 esse
3577 2174 3643 2230 ad
3670 2191 3791 2246 qua:

2214 2258 2304 2314 r_ne
2333 2260 2524 2309 vocas;
2554 2244 2646 2299 sed
2677 2259 2775 2314 ego
2802 2259 2864 2299 ea
2893 2258 3085 2313 capere
3126 2259 3232 2298 non
3258 2258 3493 2313 possum,
3525 2260 3621 2299 nec
3648 2244 3791 2302 velo.

2214 2312 2373 2370 Fides
2412 2316 2527 2370 sine
2578 2329 2673 2384 spe
2713 2312 2832 2369 cum
2878 2312 3135 2369 charitate
3162 2312 3273 2378 est,
3309 2314 3355 2368 si
3397 2314 3582 2369 dicas:
3615 2315 3792 2371 Credo

2214 2399 2340 2439 vera
2371 2400 2490 2440 esse
2515 2384 2583 2439 ad
2608 2399 2725 2454 qua:
2753 2398 2839 2439 me
2864 2398 3046 2450 vocas,
3070 2392 3125 2439 et
3147 2385 3269 2439 volo
3295 2399 3356 2439 ea
3382 2386 3664 2454 consequi;
3694 2387 3792 2441 sed

2214 2469 2320 2509 non
2351 2470 2587 2526 pessum.
2618 2454 2773 2510 Fides
2799 2469 2919 2526 cum
2960 2468 3055 2523 spe
3084 2455 3198 2509 sine
3223 2454 3481 2510 cbaritate
3505 2461 3606 2523 est,
3635 2457 3680 2510 si
3708 2456 3793 2511 di-

2213 2538 2307 2579 cas
2332 2522 2541 2596 {Credo
2567 2540 2690 2596 vera
2715 2524 2924 2596 essead
2944 2522 3179 2596 qu:e_me
3200 2538 3379 2596 vocas,
3405 2534 3458 2578 et
3482 2541 3546 2579 ea
3571 2541 3792 2596 possum

2214 2595 2425 2663 assequi
2455 2596 2500 2649 si
2530 2595 2719 2659 velim;
2758 2594 2852 2650 sed
2879 2593 3023 2649 nolo.
3054 2593 3298 2649 Charitas
3340 2594 3455 2649 sine
3482 2593 3660 2664 speet
3689 2596 3791 2653 ﬁde

2213 2671 2316 2724 est,
2344 2666 2386 2719 si
2417 2665 2538 2734 quis
2567 2665 2730 2730 dicat,
2753 2664 3097 2720 vehementer
3123 2679 3183 2720 se
3219 2665 3358 2720 velle
3382 2665 3498 2720 sine
3524 2665 3792 2722 illecebris

2213 2735 2454 2804 corporis
2495 2736 2577 2789 sui
2620 2735 2797 2790 vivere
2839 2735 2892 2790 in
2928 2745 3220 2799 aeternum;
3251 2734 3345 2790 sed
3371 2749 3546 2805 neque
3570 2735 3792 2793 credere

2214 2817 2334 2878 esse
2358 2805 2517 2878 vitam
2548 2816 2822 2878 reternam,
2845 2820 2962 2878 uec,
2982 2806 3026 2860 si
3049 2806 3137 2871 sit,
3161 2820 3278 2878 eam
3299 2819 3356 2860 se
3380 2819 3544 2878 posse
3556 2806 3787 2878 assequi.

2213 2874 2346 2945 Cium
2389 2873 2491 2929 ﬁde
2520 2875 2637 2930 sine
2683 2889 2777 2945 spe
2814 2874 3049 2930 cbaritas
3085 2884 3188 2941 est,
3233 2876 3276 2930 si
3307 2884 3361 2930 et
3381 2873 3711 2932 desiderare
3730 2892 3791 2932 se

2214 2944 2375 2998 vitam
2416 2944 2781 3011 :eternam,’et
2821 2945 3043 3001 credere
3084 2960 3203 3001 esse
3230 2946 3347 3015 quis
3384 2945 3558 3015 dicat;
3592 2945 3688 3001 sed
3726 2962 3788 3003 se

2215 3028 2373 3083 posse
2398 3017 2609 3098 assequi
2640 3024 2817 3098 neget.
2846 3015 3199 3098 Spesnautem
3238 3014 3353 3098 sine
3389 3014 3791 3098 ﬁdequomodo

2214 3098 2334 3140 esse
2364 3086 2549 3154 possit,
2581 3101 2684 3141 non
2716 3085 2945 3143 invenio.
2977 3085 3144 3141 Nemo
3173 3086 3314 3141 enim
3344 3095 3519 3154 sperat
3543 3098 3601 3139 se
3628 3100 3788 3155 posse

2213 3156 2425 3227 assequi
2455 3156 2594 3226 quod
2637 3172 2757 3212 esse
2796 3172 2901 3211 non
2947 3156 3134 3211 credit.
3178 3156 3399 3227 Oportet
3439 3171 3566 3226 ergo
3612 3157 3790 3212 inesse

2213 3226 2393 3281 animo
2420 3227 2597 3281 omnia
2629 3228 2747 3291 tria,
2778 3227 2957 3291 ﬁdem,
2984 3242 3134 3294 spem
3161 3237 3215 3281 et
3230 3226 3592 3290 ’charitatem;
3640 3237 3697 3281 ut
3730 3236 3789 3283 et

2213 3295 2555 3367 credatrvera
2585 3311 2704 3351 esse
2729 3295 2796 3350 ad
2826 3306 3221 3367 quaeuvocatur,
3255 3305 3309 3352 et
3338 3307 3517 3366 speret
3545 3312 3602 3352 se
3632 3312 3790 3367 posse

2213 3366 2445 3434 assequi,
2474 3376 2528 3435 et
2556 3366 2772 3435 omnino
2801 3380 2864 3420 ea
2889 3365 3093 3435 diligat.

2283 3434 2576 3508 §e1vr._l_X_.
2619 3434 2880 3508 —-—‘Quod
2908 3434 3226 3506 philosophia
3268 3437 3337 3508 iu,
3366 3445 3465 3508 tres
3512 3447 3677 3508 partes
3706 3437 3786 3491 di-

2214 3504 2418 3578 eiditur.
2452 3505 2793 3578 Philosophia
2829 3504 3023 3578 intres
3071 3504 3262 3578 partes
3289 3504 3574 3578 dividitur;
3615 3523 3792 3563 mora-

2214 3572 2341 3642 lem,
2383 3572 2702 3642 naturalem',
2741 3572 3315 3632 rationalemeoralis
3344 3578 3397 3631 in
3436 3577 3588 3642 duas,
3620 3578 3793 3633 scien-

2213 3644 2343 3698 tiam
2369 3656 2421 3698 ει
2445 3645 2974 3701 administrationem.
3001 3647 3233 3703 Scientia
3263 3647 3314 3700 in
3343 3648 3495 3714 duas,
3529 3648 3789 3703 hortatio-

2214 3729 2337 3769 nem
2364 3724 2417 3770 et
2445 3716 2807 3770 tractationem
2844 3716 3104 3771 bonorum
3148 3727 3203 3772 ct
3240 3719 3520 3771 malorum.
3556 3718 3793 3773 Admini-

2213 3785 2401 3857 stratio
2437 3785 2499 3857 in
2537 3783 2698 3852 duas,
2733 3784 2971 3857 efﬁcium
3016 3796 3071 3841 et
3110 3786 3267 3857 ﬁnem
3313 3806 3326 3840 :
3374 3788 3606 3842 ofﬁcium
3650 3789 3792 3857 quod

2215 3854 2695 3927 facereidebemus,
2721 3854 2881 3910 ﬁnem
2907 3855 2974 3910 ad
2995 3856 3136 3924 quod
3160 3855 3439 3927 referimus
3468 3858 3645 3927 omnia
3668 3854 3793 3927 qum

2214 3935 2361 3982 recte
2389 3926 2873 3996 faciamus,ipsum
2892 3933 3070 3996 autem
3108 3926 3174 3979 ad
3202 3926 3329 3978 nihil
3357 3926 3496 3979 aliud
3538 3926 3791 3981 refertur.

2216 3996 2482 4053 Naturalis
2511 3995 2844 4051 distribuitur
2866 3995 2917 4050 in
2948 3995 3081 4050 duas
3106 4006 3300 4066 partes,
3330 4010 3585 4064 corporea
3617 4004 3671 4050 et
3710 3998 3795 4052 in-

2217 4082 2494 4139 corporea.
2521 4067 2906 4139 Corporeorum
2936 4065 3124 4139 divisio
3162 4066 3392 4139 quinque
3436 4065 3789 4139 partitauest:

2218 4138 2271 4193 in
2294 4136 2530 4206 causam,
2561 4136 2679 4210 qua:
2704 4136 2910 4210 aliquid
2936 4136 3091 4203 facit;
3124 4136 3420 4210 materiam,
3453 4136 3592 4191 unde
3636 4136 3790 4210 facit;

2219 4219 2445 4276 motum,
2493 4206 2597 4279 per
2629 4208 2769 4279 quod
2794 4206 2971 4279 facit;
3012 4208 3601 4279 causationempquare
3631 4206 3789 4274 facit;

2220 4277 2651 4349 effectum,'quod
2669 4278 2810 4333 facit.
2831 4278 3266 4347 Incorporeorum
3284 4277 3662 4349 quadripartita
3678 4287 3759 4331 est
3776 4295 3790 4331 ε

2219 4349 2274 4404 in
2305 4351 2478 4403 locum
2501 4347 2705 4413 {locus
2730 4349 2871 4403 enim
2912 4363 3017 4402 non
3062 4356 3146 4403 est
3185 4364 3397 4417 corpus,
3430 4347 3523 4401 sed
3566 4348 3795 4415 spatium

2221 4419 2363 4487 quod
2389 4421 2659 4475 obtinetur
2683 4434 2712 4472 a
2737 4433 2960 4489 corpore
2989 4435 3001 4471 :
3036 4418 3088 4472 in
3126 4427 3334 4488 tempus
3360 4436 3372 4470 :
3404 4418 3455 4471 in
3484 4418 3811 4481 extremita:

2221 4497 2333 4555 tes;
2363 4489 2725 4544 extremitates
2750 4490 2893 4543 enim
2924 4503 3208 4557 corporum
3247 4504 3351 4542 non
3392 4495 3512 4541 sunt
3546 4500 3790 4557 corpora,

2222 4559 2346 4627 quia
2386 4574 2489 4612 non
2534 4558 2730 4612 habent
2768 4556 3218 4613 crassitudinem:
3252 4560 3306 4612 in
3347 4557 3610 4621 dicibilia;
3657 4556 3791 4610 dici-

2221 4628 2346 4682 bilia
2398 4628 2540 4681 enim
2592 4644 2710 4696 qua:
2761 4628 3089 4696 concipimus
3137 4630 3317 4682 animo
3363 4636 3419 4682 ut
3462 4627 3796 4682 enuntiemus

2225 4697 2421 4760 verbis,
2453 4711 2559 4751 non
2590 4695 2712 4750 sunt
2735 4710 2978 4764 corpora.
3003 4695 3144 4751 Sane
3173 4709 3298 4753 tunc
3334 4698 3581 4752 dicuntur
3608 4698 3796 4751 dicibi-

2225 4767 2316 4832 lia,
2345 4767 2390 4822 si
2426 4782 2491 4821 ex
2535 4766 2694 4820 rebus
2718 4765 2895 4820 verbis
2920 4767 3098 4821 animo
3127 4766 3383 4832 impressa
3430 4778 3571 4823 sunt.
3620 4768 3797 4821 Ratio-

2225 4840 2359 4892 nalis
2379 4836 2712 4908 distribuitur
2737 4836 2790 4889 in
2819 4843 2925 4891 tres
2948 4846 3123 4906 partes
3148 4855 3159 4891 :
3189 4836 3546 4908 dirigentium,
3573 4853 3689 4908 qua:
3714 4847 3796 4891 est

2226 4909 2278 4963 in
2315 4905 2652 4979 perceptione
2683 4905 2965 4979 sensuum,
2994 4908 3092 4979 vel
3119 4923 3236 4963 esse
3279 4905 3498 4979 dicitur;
3540 4905 3798 4963 deﬁnien-

2227 4976 2376 5044 tiam,
2404 4992 2506 5049 qua
2534 4976 2817 5032 deﬁnimus
2844 4977 3096 5048 quidquid
3126 4979 3228 5043 sit;
3275 4978 3622 5033 diﬁ‘ercntiam
3651 5020 3666 5045 ,
3695 4992 3799 5047 qua

2227 5051 2606 5119 ratiocinamur
2630 5058 3104 5119 argumentumque
3124 5049 3509 5104 concludimus.

2298 5121 2460 5177 Seur.
2500 5118 2570 5174 Χ.
2609 5118 2785 5173 -ίιη
2827 5135 2925 5189 quo
2990 5130 3125 5173 statu
3180 5129 3287 5173 erat
3329 5119 3493 5171 Adam
3530 5126 3799 5187 arumnam

2230 5201 2472 5263 peccaret.
2502 5191 2797 5263 Antequam
2825 5201 3105 5263 peccasset
3146 5189 3345 5263 Adam,
3365 5190 3541 5242 anima
3572 5197 3687 5241 erat
3715 5202 3803 5263 ra-

2231 5258 2463 5329 tionalis,
2491 5258 2725 5332 perfecta
2749 5259 2977 5332 etbeata
3001 5279 3014 5314 :
3040 5276 3233 5330 corpus
3263 5258 3486 5332 habens;
3516 5273 3622 5332 non
3647 5258 3805 5328 quale

2230 5349 2370 5389 nunc
2408 5329 2662 5386 habemus
2694 5329 2880 5399 fragile
2908 5343 3065 5399 atque
3096 5329 3338 5396 mortale,
3369 5331 3462 5385 sed
3492 5330 3644 5400 quale
3670 5344 3805 5400 con-

2231 5404 2452 5475 gruebat
2476 5403 2563 5457 tali
2592 5402 2804 5475 animae,
2832 5415 2950 5469 qua:
2976 5400 3208 5455 nondum
3248 5401 3302 5455 in
3341 5415 3401 5475 se
3426 5399 3522 5456 Dei
3556 5399 3805 5455 similitu-

2231 5471 2408 5529 dinem
2432 5487 2590 5543 prava
2616 5471 3253 5543 voluntatecorruperat;
3286 5473 3441 5540 quale
3467 5486 3566 5525 nos
3593 5483 3808 5543 queque

2233 5555 2355 5616 post
2405 5539 2865 5616 resurrectionem
2902 5540 3166 5616 habituri_
3184 5539 3401 5616 sumus,
3452 5557 3573 5596 cum
3620 5539 3812 5616 eadem

2235 5610 2411 5670 anima
2440 5612 2682 5668 eamdem
2711 5610 3106 5665 similitudinem
3136 5612 3231 5667 Dei
3261 5610 3496 5682 perfecta
3527 5612 3819 5665 sanctitate

2234 5684 2551 5756 perceperit.
2571 5686 2762 5756 Postea
2782 5694 2909 5735 vero
2924 5694 3083 5751 quam
3103 5685 3363 5756 peccavit,
3384 5683 3520 5756 facta
3536 5691 3617 5739 est
3634 5682 3816 5756 anima

2233 5751 2508 5834 rationalis
2530 5751 2817 5834 cupiditate
2829 5751 3121 5825 corrupta,
3131 5768 3324 5825 corpus
3350 5754 3557 5813 habens
3584 5752 3742 5827 quale
3760 5751 3818 5805 iu

2240 5825 2394 5883 nobis
2415 5837 2556 5882 nunc
2579 5825 2866 5881 cernimus.
