4138 6212
465 246 569 304 757

464 360 614 430 Quod
643 361 690 417 si
711 360 951 426 dixisset,
979 359 1335 423 Necessitate;
1364 358 1682 429 sequebatur
1703 336 1844 430 illum
1866 373 2029 430 gran-

354 476 363 483 .
463 424 546 487 dis
569 432 887 487 absurditas.
916 424 1207 495 Siautem,
1256 424 1570 492 Voluntate;
1613 424 2052 497 respondebatur

464 502 563 565 illi,
588 501 729 572 Ergo
757 504 1029 557 voluntate
1061 510 1144 557 est
1171 501 1323 571 Deus,
1375 515 1478 553 non
1529 509 1711 572 natura
1739 516 1751 551 :
1776 508 1831 553 et
1871 498 1940 572 ita
1979 500 2030 552 in

364 618 375 623 -
465 568 709 642 laqueum
737 589 892 642 quem
914 572 1123 627 volebat
1144 568 1356 640 ponere,
1392 572 1503 640 ipse
1530 569 1743 634 incidit;
1768 580 1821 625 et
1847 568 2034 624 videns

464 657 523 699 se
549 642 873 707 convictum,
904 642 1189 697 obmutuit.

533 713 750 779 Ουιεετ.
804 713 934 768 VIII.
989 711 1265 779 Quomodo
1312 710 1439 765 illud
1491 709 1886 780 intelligendum
1929 716 2033 777 est,

364 832 367 833 ν
462 784 604 852 quod
634 784 845 852 legitur,
879 782 1022 839 Sicut
1051 782 1205 835 Pater
1227 782 1379 834 vitam
1405 781 1546 835 habet
1574 783 1626 834 in
1650 782 1943 852 SAetllelt'pSO,
1963 780 2038 852 sic

502 799 604 838 uoa
635 799 651 840 t
723 799 845 848 Itur,
879 799 1022 839 Sicut
1051 799 1205 835 ram
1227 799 1379 834 vitam
1405 799 1546 835 habet
1574 799 1626 834 ιη
1650 799 1935 852 semetipso,
1963 799 2038 834 διε

462 799 599 908 gedit
622 800 833 908 8ῗῆῗὶΗο
859 855 1042 908 habere
1085 854 1236 907 vitam
1257 853 1310 905 in
1342 852 1604 920 semetipso
1632 850 1807 921 (Joan.
1838 867 1893 919 ν,
1920 848 2040 921 26)?

535 925 691 979 lisse.
735 923 942 981 Scimus
967 924 1159 979 Filium
1178 922 1272 977 Dei
1300 939 1330 976 a
1351 920 1762 993 semetipsonon
1785 935 1925 993 esse,
1943 920 2037 978 sed

426 1009 492 1059 3a
522 995 674 1050 Patre
704 996 936 1065 genitum
956 1009 1109 1059 esse;
1131 994 1342 1065 Patrem
1372 992 1563 1065 Verona
1606 992 1753 1065 nullo
1790 992 2038 1065 genitum

464 1079 601 1129 esse,
631 1081 662 1120 a
689 1062 836 1121 nullo
863 1066 1025 1119 vitam
1067 1064 1355 1133 accepisse.
1402 1062 1559 1133 Dedit
1604 1062 1764 1133 Pater
1790 1062 1928 1117 Filio
1953 1063 2036 1115 vi-

465 1141 570 1191 tam
585 1136 850 1206 gignendo
875 1153 888 1190 :
912 1150 1019 1189 non
1045 1131 1363 1206 quodprius
1390 1131 1547 1186 fuerit
1575 1132 1739 1206 Filius
1766 1134 1881 1188 sine
1910 1134 2037 1199 vita,

463 1215 513 1260 et
541 1203 724 1276 postea
750 1205 1014 1276 acceperit
1041 1206 1233 1268 vitam;
1280 1204 1417 1259 sicut
1457 1217 1556 1276 nos
1593 1203 1681 1276 qui
1705 1217 1816 1276 per
1853 1217 2041 1276 pecca-

465 1273 575 1331 tum
605 1273 1093 1339 amisimus’vitam,
1126 1283 1180 1328 et
1229 1290 1323 1343 per
1367 1274 1588 1344 gratiam
1631 1273 1921 1328 Salvatoris
1950 1289 2040 1326 re-

464 1346 724 1415 cipimus:
753 1346 843 1400 sed
894 1345 1014 1399 ideo
1060 1345 1274 1410 dicitur,
1323 1345 1534 1412 Accepit
1576 1344 1910 1415 vitam,gquia
1938 1358 2042 1415 non

464 1413 548 1497 est
573 1416 602 1469 a
630 1432 689 1540 ss
714 1418 829 1486 ipso
857 1416 1094 1487 genitus;
1136 1429 1242 1469 non
1265 1415 1406 1469 enim
1434 1413 1711 1469 existendo
1749 1414 1913 1479 dedit,
1949 1413 2045 1468 sed

464 1501 652 1540 atanen
691 1504 743 1540 o.

462 1501 743 1556 gignendo.

534 1554 752 1623 Quass'r.
795 1555 883 1609 I'X.
924 1555 1184 1623 Quoniam
1208 1563 1261 1609 et
1286 1556 1494 1609 ratione
1514 1563 1569 1608 et
1586 1554 1901 1609 testimoniis
1920 1569 2040 1623 per-

465 1629 678 1684 suasisti
701 1626 829 1680 mihi
854 1626 922 1681 de
949 1626 1279 1694 subjectione
1302 1624 1440 1690 Filii,
1469 1624 1612 1695 quod
1637 1640 1738 1678 non
1758 1625 1827 1678 sit
1848 1639 2045 1680 secun-

465 1696 591 1751 dum
621 1697 971 1752 substantiam
999 1698 1194 1761 minor,
1223 1695 1318 1752 sed
1345 1696 1634 1750 secundum
1658 1696 1879 1749 formam
1905 1696 2046 1751 servi

464 1781 621 1837 quam
645 1768 961 1835 assumpsit;
996 1766 1117 1822 ideo
1143 1781 1324 1836 quer
1353 1767 1476 1836 quid
1504 1766 1570 1837 de
1599 1767 1850 1819 missione
1871 1765 2044 1835 Spiri-

466 1836 552 1892 tus
573 1838 738 1893 sancti
767 1838 967 1891 sentias
991 1856 1002 1890 :
1026 1837 1278 1906 numquid
1306 1846 1360 1890 et
1387 1837 1499 1906 ipse
1527 1836 1796 1892 hominem
1840 1850 2044 1891 assum-

466 1908 593 1978 psit,
624 1916 680 1962 ut
709 1908 903 1963 missus
927 1922 1045 1961 esse
1067 1907 1305 1978 dicatur?

541 1979 699 2034 Rssr.
742 1978 891 2032 Sicut
915 1993 1011 2032 nec
1037 1977 1327 2031 secundum
1349 1976 1693 2031 substantiam
1719 1976 1931 2040 dicitur,
1952 1991 2048 2032 seu

469 2048 686 2113 missus,
710 2063 805 2103 seu
844 2047 1018 2101 minor
1056 2046 1248 2111 Filius;
1291 2049 1362 2101 ita
1396 2062 1497 2101 nec
1537 2047 1763 2116 Spiritus
1808 2057 2044 2103 sanctus.

470 2118 747 2173 Postremo
773 2117 912 2173 sicut
937 2118 1023 2171 ille
1064 2126 1278 2187 propter
1306 2117 1573 2171 hominem
1604 2118 1780 2172 minor
1801 2125 1893 2171 aut
1918 2119 2048 2172 mis-

470 2202 593 2253 sus;
620 2189 689 2243 ita
728 2189 827 2242 iste
868 2186 1082 2258 propter
1110 2186 1408 2242 columbam
1437 2188 1521 2242 vel
1548 2188 1723 2257 ignem
1751 2186 1943 2242 missus
1970 2187 2051 2242 di-

469 2260 607 2330 citur
626 2258 839 2330 (Matth.
872 2257 1072 2330 1711,16,
1099 2267 1144 2312 et
1185 2258 1297 2312 Act.
1328 2273 1384 2330 ιι,
1408 2257 1469 2330 2)
1494 2275 1507 2310 :
1538 2259 1760 2323 scilicet,
1789 2258 1909 2330 quia
1939 2273 2044 2330 non

469 2328 523 2383 in
550 2344 612 2385 ea
637 2328 931 2384 substantia
956 2344 1057 2397 qua
1078 2338 1161 2383 est
1184 2329 1404 2398 mqualis
1424 2329 1583 2394 Patri,
1621 2329 1897 2398 apparuit;
1930 2328 2045 2395 sed,

470 2411 529 2454 ut
574 2400 770 2454 dictum
815 2409 919 2465 est,
950 2414 1047 2468 per
1081 2397 1373 2467 subiectam
1412 2407 1732 2453 creaturam.
1764 2397 1878 2452 Non
1905 2399 2048 2453 enim

471 2469 607 2525 sicut
633 2469 800 2524 Filius
846 2467 1113 2524 hominem
1152 2467 1461 2538 assumpsit,
1491 2479 1550 2523 ut
1587 2470 1668 2523 sic
1705 2469 1756 2522 in
1793 2478 2048 2524 :eternum

472 2551 797 2610 permaneat.
820 2540 896 2595 sic
921 2539 1147 2609 Spiritus
1163 2548 1374 2594 sanctus
1399 2539 1696 2610 columbam
1724 2540 1805 2593 vel
1833 2539 2046 2610 ignem:

472 2608 565 2666 sed
588 2610 740 2666 facta:
761 2611 865 2665 illae
883 2608 1117 2665 visiones
1141 2610 1208 2665 de
1229 2618 1469 2666 creatura
1492 2609 1764 2676 inferiore,
1794 2608 1858 2662 ad
1883 2609 2052 2664 mani-

471 2679 768 2751 festandum
794 2682 1045 2751 Spiritum
1076 2690 1337 2747 sanctum,
1362 2695 1481 2736 esse
1501 2691 1684 2751 pos1ea
1710 2679 2047 2751 destiterunt.

470 2749 768 2822 Numquam
798 2749 937 2806 enim
976 2752 1065 2805 illa
1097 2749 1649 2822 incomprehensibilis
1675 2750 2048 2822 immutabilis-

473 2835 578 2902 que
601 2820 871 2902 divi-nitas.
901 2837 1018 2902 qua:
1037 2830 1120 2902 est
1140 2821 1384 2902 .‘l‘rinitas‘
1404 2821 1662 2902 Deus,_ab
1681 2821 1846 2902 oculis
1860 2835 2052 2902 carna-

474 2890 613 2947 libus
632 2890 794 2946 videri
829 2900 1019 2961 potest,
1054 2890 1178 2957 nisi,
1208 2899 1265 2944 ut
1285 2891 1481 2945 dictum
1509 2898 1610 2957 est,
1640 2905 1736 2959 per
1757 2890 2050 2959 subiectam

472 2971 789 3016 creaturam.

545 3031 765 3099 Quas'r.
807 3031 876 3086 Χ.
898 3030 1063 3086 Filius
1091 3040 1265 3085 autem
1297 3031 1391 3085 Dei
1415 3029 1682 3099 quomodo
1705 3030 1774 3083 sit
1803 3028 1870 3084 de
1897 3030 2053 3085 Patre

475 3110 648 3166 natus,
678 3100 907 3170 Spiritus
927 3116 1053 3155 vero
1072 3110 1285 3155 sanctus
1300 3100 1368 3154 ab
1383 3111 1608 3170 utroque
1628 3100 1942 3170 procedens,
1960 3099 2053 3155 de—

476 3169 963 3242 clarasti.’ldeoque
985 3186 1167 3242 qu:ch
1205 3171 1329 3241 quid
1360 3169 1535 3226 distat
1557 3171 1696 3225 inter
1723 3169 2051 3226 nativitatem

476 3241 618 3308 Filii,
649 3251 704 3297 et
730 3243 1125 3311 processionem
1149 3241 1376 3311 Spiritus
1399 3242 1587 3296 sancti.

547 3312 709 3368 Res».
751 3311 919 3368 Filius
946 3324 1121 3368 autem
1153 3310 1314 3366 salius
1344 3322 1426 3367 est
1456 3312 1646 3375 Patris.
1683 3327 1786 3366 non
1826 3310 2053 3381 Spiritus

476 3393 719 3448 sanctus;
761 3384 1037 3438 amborum
1080 3383 1314 3452 spiritus,
1360 3382 1411 3436 id
1457 3390 1558 3446 est,
1608 3382 1782 3437 Patris
1818 3392 1873 3438 et
1910 3381 2049 3437 Filii.

477 3453 628 3522 Quod
655 3455 696 3508 si
725 3453 953 3522 Spiritus
978 3463 1192 3508 sanctus
1220 3452 1356 3507 lilius
1382 3468 1503 3509 esse
1529 3453 1796 3508 diceretur
1827 3472 1840 3507 :
1875 3453 2050 3508 nullus

477 3534 654 3578 autem
683 3524 821 3578 filius
849 3534 933 3580 est
976 3525 1074 3579 nisi
1118 3524 1364 3587 duorum,
1398 3525 1561 3591 patris
1593 3532 1648 3579 et
1676 3526 1880 3590 matris,
1912 3524 2052 3593 quod

478 3595 616 3649 absit
641 3604 699 3649 ut
727 3596 862 3651 inter
881 3595 1053 3666 Deum
1079 3595 1287 3666 Patrem
1308 3594 1578 3666 etFilium
1611 3595 1714 3649 tale
1742 3594 1941 3666 aliquid
1959 3609 2052 3649 su-

479 3665 745 3736 spicemur
768 3683 780 3719 :
805 3665 925 3735 quia
954 3680 1052 3721 nec
1082 3664 1218 3719 filius
1244 3664 1472 3719 hominis
1495 3666 1652 3720 simul
1678 3681 1743 3720 ex
1772 3664 1919 3735 patre
1940 3680 2056 3735 pro-

479 3736 637 3801 cedit,
675 3745 732 3792 et
768 3752 832 3791 ex
861 3744 1065 3801 matre;
1094 3736 1215 3807 quia
1242 3751 1361 3791 cum
1394 3736 1633 3807 procedit
1656 3752 1719 3791 ex
1750 3747 1917 3805 patre,
1949 3751 2053 3807 non

482 3815 604 3860 tunc
636 3807 873 3873 procedit
896 3822 960 3861 ex
991 3816 1180 3873 matre,
1218 3816 1272 3861 et
1299 3821 1418 3860 cum
1448 3806 1687 3875 procedit
1712 3822 1775 3859 ex
1806 3816 1973 3860 matre
2001 3806 2053 3859 in

483 3875 581 3930 hac
610 3875 747 3942 luce,
776 3892 880 3932 non
909 3886 1034 3931 tunc
1076 3876 1317 3946 procedit
1358 3892 1429 3946 ex,
1469 3885 1634 3944 patre.
1665 3876 1891 3946 Spiritus
1928 3891 2056 3946 vero

481 3956 694 4001 sanctus
723 3964 827 4001 non
867 3948 934 4002 de
971 3944 1128 4002 Patre
1153 3945 1392 4017 procedit
1419 3945 1473 3999 in
1492 3946 1715 4011 Filium,
1742 3956 1805 4017 et
1829 3944 1894 4017 de
1922 3945 2057 4017 Filio

484 4017 719 4084 procedit
754 4017 819 4071 ad
845 4014 1274 4072 sanctiﬁcandam
1305 4026 1624 4080 creaturam,
1661 4014 1755 4071 sed
1802 4015 1960 4069 simul
1988 4015 2058 4071 de

485 4096 710 4156 utroque
739 4088 994 4155 procedit.

552 4154 780 4227 Quis'r.’
807 4157 898 4212 XI.
938 4156 1216 4225 Quomodo
1243 4155 1642 4225 intelligendum
1668 4166 1749 4211 est
1765 4154 1892 4210 illud
1914 4155 2057 4225 quod

481 4226 714 4282 Joannes
739 4228 1061 4298 evangelista
1083 4228 1151 4298 de
1175 4227 1373 4297 Spiritu
1402 4235 1587 4298 sancto
1612 4227 1760 4292 dicit,
1780 4227 1918 4298 quod
1952 4241 2057 4281 non

482 4297 729 4368 loquetur
752 4313 779 4350 a
803 4296 1108 4367 semetipso.
1132 4296 1219 4353 Sic
1238 4299 1381 4353 enim
1402 4298 1506 4351 ait:
1535 4296 1653 4351 Non
1674 4299 1804 4351 enim
1831 4296 2061 4368 loquetur

482 4384 514 4421 α
555 4370 851 4511 εωῖξςὶρεω
897 4368 985 4424 sed
1022 4384 1344 4440 quaecumque
1377 4368 1565 4432 audiet,
1607 4368 1835 4440 loquetur
1879 4368 2057 4440 (Joan.

482 4454 595 4504 xvr,
710 4477 725 4494 .

481 4454 595 4504 xvr,
614 4441 725 4504 15).

552 4510 713 4565 Rssr.
754 4510 867 4566 Non
899 4510 1145 4582 loquetur
1187 4525 1216 4564 a
1257 4512 1563 4579 semetipso,
1616 4510 1889 4582 quianon
1921 4516 2004 4582 est
2030 4524 2060 4561 a

484 4582 786 4650 semetipso.
822 4578 985 4637 Pater
1002 4582 1144 4637 enim
1166 4597 1195 4636 a
1224 4582 1367 4637 nullo
1392 4578 1473 4636 est
1495 4578 1680 4646 natus;
1710 4578 1875 4633 Filius
1899 4594 1928 4633 a
1957 4579 2061 4633 Pa-

486 4660 579 4723 tre_
594 4649 685 4703 est
701 4652 938 4723 genitus;
965 4651 1193 4723 Spiritus
1213 4662 1428 4709 sanctus
1454 4667 1482 4705 a
1512 4651 1668 4706 Patre
1697 4649 1913 4723 etgFilio
1935 4664 2062 4718 pro-

484 4719 858 4792 cedens.__ldeo
887 4736 990 4775 non
1011 4719 1251 4792 loquitur
1271 4738 1298 4777 a
1327 4723 1647 4791 semetipso;
1679 4721 1770 4777 sed
1797 4736 2064 4791 quaecum-

484 4804 589 4859 que
616 4788 782 4853 audit,
808 4790 1057 4858 loquitur.
1087 4788 1284 4848 Audire
1314 4794 1390 4847 illi
1427 4788 1546 4848 esse
1571 4801 1684 4857 est;
1725 4788 1845 4847 esse
1882 4801 2062 4845 autem

483 4876 515 4913 a
542 4874 600 4941 se
630 4874 737 4913 non
764 4867 865 4925 est,
894 4859 987 4914 sed
1008 4875 1039 4913 a
1068 4860 1256 4916 Patre:
1279 4863 1398 4917 ideo
1418 4877 1768 4933 quaecumque
1793 4861 1961 4927 audit,
1984 4862 2065 4915 lo-

524 4938 685 4984 uitur.

482 4945 778 5070 W332“.
819 4997 935 5054 XII.
966 4998 1110 5071 Quid
1140 5009 1225 5071 eg!
1251 5001 1391 5069 quod
1422 5000 1549 5055 dieit
1567 5001 1840 5071 apostolus
1868 5000 2064 5056 Paulus

484 5071 549 5125 ad
578 5067 846 5126 Romanos
874 5070 1143 5141 scribens:
1168 5067 1458 5141 Numquid
1481 5067 1910 5141 orenius,ginquit,
1938 5072 2065 5124 sicut

487 5152 703 5211 Oportet,
735 5139 1132 5211 nescimus;setl
1158 5138 1518 5211 ipseSpiritus
1544 5138 1765 5211 postulat
1798 5138 1897 5211 pro
1925 5142 2066 5195 nobis

487 5210 746 5282 gemitibus
782 5210 1219 5266 inenarrabilibus.
1255 5210 1352 5277 Qui
1389 5219 1561 5264 autem
1602 5219 1852 5282 scrutatur
1887 5212 2061 5277 corda,

487 5280 589 5355 icit
602 5283 723 5355 quid
749 5282 994 5355 desideret
1017 5282 1287 5355 Spiritus;
1322 5282 1441 5355 quia
1466 5280 1740 5355 secundum
1766 5280 1930 5334 Deum
1975 5298 2066 5352 po-

488 5350 641 5425 stulat
670 5369 779 5425 pro,
795 5353 985 5425 sanctis
1006 5350 1181 5425 (Rom.
1209 5350 1445 5425 vmﬂﬁg,
1471 5350 1597 5422 θην

560 5421 721 5479 Resp.
763 5423 949 5478 Modus
972 5421 1076 5493 iste
1098 5423 1380 5479 locutionis
1406 5421 1712 5493 frequenter
1739 5422 1790 5477 in
1821 5422 2063 5493 Scriptu-

488 5493 565 5549 ris
584 5495 781 5550 sanctis
805 5492 1091 5561 invenitur,
1116 5494 1252 5550 sicut
1272 5495 1398 5549 dicit
1420 5493 1675 5548 Dominus
1689 5493 1754 5547 ad
1774 5492 2062 5560 Abraham,

492 5562 647 5618 Nunc
672 5564 881 5636 cognovi
907 5564 1043 5636 quod
1071 5565 1246 5638 timeas
1274 5563 1607 5638 Deunt_(Gen.
1646 5580 1785 5638 ιιιιιιἶ
1812 5562 1901 5635 12)
1919 5565 2064 5638 ;“hoc

492 5643 595 5701 est,
632 5634 958 5706 cognoscere
1001 5636 1381 5706 tefecizsicut
1407 5634 1533 5691 dicit
1571 5634 1887 5706 Apostolus,
1914 5634 2065 5689 Nunc

497 5704 845 5777 cognoscentes
869 5705 1053 5774 Deum,
1078 5705 1180 5761 imo
1214 5723 1346 5761 nunc
1364 5707 1551 5780 cogniti
1574 5723 1604 5759 (ι
1622 5704 1736 5761 Deo
1766 5705 1958 5779 (Galat.
1982 5723 2053 5773 tv,

1562 243 1900 302 DIALOGUS
1938 244 2408 312 QUES'flONUM
2447 244 2611 301 LXV.

3626 250 3732 308 758

2146 359 2223 437 ἓ).
2255 359 2478 429 Semper
2516 361 2694 437 omnia
2717 361 2768 416 in
2795 362 3077 437 praesentia
3107 362 3210 437 Dei
3244 370 3407 437 sunt;
3436 371 3721 437 antequam

2146 430 2294 506 ﬁant,
2322 431 2603 506 prasentia
2631 430 2860 497 sunt;‘et
2902 431 3078 506 futura
3100 434 3210 501 jam
3236 433 3373 506 facta
3399 444 3554 490 sunt:
3577 430 3720 506 quo-

2144 499 2304 554 modo
2328 499 2471 555 nunc
2497 501 2725 557 dicimur
2767 503 2963 571 cogniti
2991 520 3022 558 a
3053 499 3182 571 Deo,
3212 506 3309 560 nisi
3340 504 3569 562 faciente
3601 499 3725 560 'Deo

2146 577 2204 623 ut
2236 584 2618 640 cognoscamus
2648 573 2851 628 Deum?
2877 574 2963 629 Sic
3001 583 3054 630 et
3083 575 3166 628 hic
3209 575 3456 630 scribitur
3498 576 3726 644 Spiritus

2146 649 2359 715 sanctus
2393 657 2608 715 gemere
2650 659 2747 711 pro
2778 644 2949 715 nobis,
2980 644 3164 715 idest,
3196 655 3473 715 gementes
3504 662 3600 701 nos
3645 647 3726 701 fa-

2146 725 2288 767 cere.
2339 712 2572 767 lnfundit
2613 715 2754 768 enim
2801 713 2963 769 nobis
3001 712 3316 770 charitatem
3367 716 3417 769 in
3466 716 3629 771 Deum
3674 726 3730 772 et

2147 783 2471 855 proximum.
2505 784 2649 855 Sicut
2674 784 2869 839 dicitur
2898 786 3050 840 laetus
3074 784 3212 852 dies,
3236 785 3375 855 quod
3398 787 3548 841 laetos
3570 786 3727 843 facit:

2146 861 2236 925 aut
2265 853 2449 925 tristis,
2488 854 2625 923 quod
2655 855 2833 925 tristes
2871 855 3021 920 facit;
3050 865 3138 909 aut
3168 853 3283 910 laeta
3311 856 3557 923 cpistola,
3585 857 3728 925 quod

2147 922 2299 977 laetos
2315 924 2483 996 facit:
2508 922 2587 977 ita
2609 933 2661 978 ct
2681 924 2766 979 hic
2791 941 3003 996 gemere
3020 925 3215 981 dicitur
3235 922 3465 996 Spiritus
3486 922 3725 991 sanctus,

2148 1006 2214 1049 eo
2241 993 2380 1062 quod
2407 1009 2502 1048 nos
2526 993 2813 1063 gementes
2834 995 2975 1050 facit.

2219 1064 2435 1139 ngsr.
2476 1064 2614 1119 XIII.
2656 1065 2786 1121 Cum
2813 1066 2980 1122 Judaei
3029 1067 3236 1139 signum
3281 1075 3525 1139 peterent
3554 1082 3591 1139 7a
3621 1067 3730 1121 Do-

2150 1135 2294 1189 mino
2322 1134 2599 1189 Salvatore
2626 1146 2825 1200 nostro,
2858 1134 3131 1205 respondit
3158 1134 3300 1192 illis?
3326 1137 3593 1191 Generatio
3621 1140 3729 1192 lucc

2149 1206 2618 1278 adultera_siguum
2644 1208 2842 1277 qua'rit,
2866 1218 2914 1278 et
2934 1209 3133 1278 signum
3170 1224 3267 1278 non
3294 1207 3495 1260 dabitur
3533 1207 3601 1271 ei,
3632 1208 3731 1262 nisi

2149 1276 2349 1347 signum
2376 1275 2525 1347 Jouw
2550 1275 2827 1345 prop/reue.
2855 1275 2997 1331 Sicut
3015 1279 3147 1331 enim
3168 1276 3330 1332 Jonas
3351 1278 3446 1347 fuit
3482 1278 3533 1331 in
3559 1287 3729 1332 ventre

2149 1346 2242 1397 ceti
2257 1347 2411 1399 tribus
2427 1346 2601 1399 diebus
2623 1357 2667 1399 et
2688 1348 2845 1401 tribus
2864 1347 3111 1413 noctibus,
3127 1350 3199 1401 ita
3215 1349 3307 1402 erit
3324 1345 3369 1402 et
3390 1345 3556 1401 Filius
3568 1348 3727 1401 homi-

2149 1416 2228 1468 nis
2245 1415 2298 1467 iu
2316 1417 2465 1487 corde
2489 1425 2634 1470 terra:
2652 1418 2807 1471 tribus
2833 1418 3005 1473 diebus
3023 1428 3070 1471 et
3086 1419 3242 1472 tribus
3263 1417 3487 1471 noctibus
3511 1416 3724 1487 (Matth.

2156 1499 2250 1558 xit,
2285 1486 2372 1558 59ε
2399 1486 2505 1556 40).
2539 1488 2783 1558 Approba
2822 1503 2949 1558 ergo
2978 1489 3244 1557 quomodo
3269 1489 3320 1543 in
3349 1486 3552 1543 inferno
3573 1487 3735 1544 fuerit

2153 1555 2319 1610 tribus
2343 1556 2549 1619 diebus,
2579 1555 2637 1611 et
2656 1559 2820 1612 tribus
2842 1555 3107 1624 noctibus,
3134 1574 3256 1614 cum
3286 1558 3373 1614 die
3411 1567 3560 1615 sexta
3590 1559 3720 1617 sab-

2152 1624 2257 1679 bati
2280 1643 2396 1693 qua:
2417 1637 2499 1682 est
2525 1643 2831 1697 parasceve,
2867 1632 2994 1683 hora
3026 1645 3165 1684 nona
3194 1629 3431 1684 emiserit
3457 1629 3722 1697 spiritum,

2152 1705 2203 1750 et
2230 1698 2401 1765 prima
2447 1699 2649 1770 sﬂibati
2680 1707 2803 1755 ante
2834 1700 3006 1755 lucem
3035 1716 3152 1770 quae
3195 1708 3279 1755 est
3301 1700 3614 1770 ADominica,
3644 1714 3731 1754 re-

2150 1770 2459 1823 surrexerit.
2489 1768 2628 1824 Ecce
2657 1785 2762 1825 non
2789 1780 2916 1825 sunt
2959 1768 3067 1825 tres
3108 1769 3223 1826 dies
3262 1768 3424 1840 pleni,
3474 1785 3573 1825 nec
3620 1777 3731 1826 tres

2152 1846 2357 1895 110οῐ08.

2223 1908 2382 1991 Resp.
2424 1908 2638 1991 Antiqui
2663 1917 2842 1979 patres
2877 1910 3043 1965 nostri
3079 1910 3181 1991 hoc
3205 1918 3509 1991 senserunt,
3538 1910 3734 1991 ut‘pri-

2150 1992 2237 2032 ma
2266 1978 2382 2036 dies
2406 1995 2525 2050 qua:
2555 1989 2638 2035 est
2669 1978 2964 2050 ’parasceve
2984 1996 3013 2034 a
3042 1988 3191 2050 parte
3218 1979 3426 2046 ultima,
3456 1990 3511 2035 et
3543 1978 3728 2036 ultima

2150 2063 2270 2121 qua:
2295 2058 2377 2121 est
2398 2049 2731 2105 Dominicaa
2775 2061 2922 2119 parte
2962 2049 3152 2121 prima,
3186 2059 3291 2105 tota
3323 2065 3459 2121 cum
3487 2051 3736 2106 noctibus

2152 2120 2263 2173 suis
2287 2119 2478 2175 debeat
2506 2122 2802 2190 computari
2841 2140 2855 2175 :
2901 2119 3065 2177 et‘ita
3106 2119 3499 2176 denominando
3522 2136 3554 2177 a
3585 2129 3737 2190 parte

2155 2197 2343 2255 totum,
2383 2199 2492 2246 tres
2539 2189 2651 2246 dies
2679 2190 2927 2258 fuerunt;
2952 2191 3136 2246 ultima
3187 2204 3309 2260 pars
3351 2190 3503 2260 ferite
3546 2189 3730 2260 sextae,

2156 2267 2332 2383 totum,
2354 2260 2653 2326 sabbatum,
2683 2270 2738 2316 et
2781 2263 2948 2331 prima
2981 2276 3103 2331 pars
3146 2259 3442 2316 Dominicis
3471 2275 3590 2315 cum
3622 2259 3735 2315 suis

2156 2339 2293 2383 nocti
2337 2346 2420 2383 us.

2153 2339 2420 2384 noctibus.

2224 2399 2440 2470 Qumsr.
2494 2400 2633 2457 XIV.
2694 2400 2827 2457 Cum
2871 2401 3207 2470 repromittat
3252 2399 3506 2455 Dominus
3550 2408 3735 2457 noster

2153 2469 2308 2525 Jesus
2359 2469 2603 2526 Christus
2649 2473 2847 2527 sanctis
2876 2469 3017 2541 quod
3044 2472 3095 2529 in
3127 2471 3519 2541 resurrectione
3559 2470 3736 2541 fulge-

2156 2541 2287 2596 bunt
2323 2541 2461 2596 sicut
2500 2542 2581 2596 sol
2608 2541 2718 2612 (Id.
2760 2557 2873 2609 χιιι,
2898 2540 3025 2613 ιδ),
3055 2556 3222 2613 quare
3258 2541 3372 2611 ipse
3397 2540 3659 2597 Dominus
3682 2542 3739 2597 in

2155 2613 2546 2667 resurrectione
2571 2626 2666 2668 sua
2698 2613 2776 2669 sic
2805 2628 2911 2668 non
2937 2611 3118 2669 fulsit?

2227 2681 2386 2755 lisse.
2415 2681 2713 2755 Clarilicata
2733 2699 2893 2755 carne
2910 2680 3429 2755 utiquegresurrexit;
3451 2680 3740 2755 sednoluit

2155 2752 2207 2806 in
2235 2767 2294 2809 ea
2324 2752 2706 2824 clariticatione
2725 2752 3139 2824 discipulis’suis
3168 2766 3449 2824 apparere,
3476 2752 3737 2824 quianon

2155 2830 2374 2891 possent
2387 2822 2556 2876 oculis
2571 2824 2680 2878 suis
2695 2823 2850 2878 talem
2862 2822 3165 2879 claritatem
3184 2822 3505 2892 perspicere.
3520 2822 3573 2877 Si
3594 2824 3739 2879 enim

2154 2902 2441 2962 antequam
2463 2902 2762 2949 moreretur
2782 2909 2878 2963 pro
2898 2894 3055 2950 nobis
3073 2902 3129 2948 et
3157 2902 3482 2963 resurgeret,
3518 2894 3736 2963 quando

2158 2963 2562 3031 transﬁguratus
2582 2972 2662 3018 est
2684 2964 2736 3035 in
2760 2972 2963 3028 monte,
2999 2963 3249 3035 discipuli
3284 2963 3368 3018 sui
3395 2978 3516 3035 eum
3536 2964 3739 3035 _videre

2157 3046 2263 3085 non
2293 3042 2599 3101 potuerunt,
2632 3033 2726 3089 sed
2756 3048 2867 3102 prae
2893 3035 3085 3089 timore
3105 3032 3159 3088 in
3181 3042 3378 3088 terram
3404 3032 3733 3099 ceciderunt;

2156 3111 2355 3173 quanto
2379 3103 2568 3172 magis,
2622 3103 2908 3159 clarificata
2943 3117 3106 3159 carne
3131 3102 3362 3169 Domini,
3401 3118 3519 3158 eam
3557 3105 3742 3161 videre

2155 3188 2263 3226 non
2284 3173 2609 3242 potuerunt?

2226 3241 2451 3315 Qumsr.
2469 3242 2586 3297 XV.
2608 3242 2815 3315 Marcus
2859 3244 3183 3315 evangelista
3234 3252 3416 3315 narrat
3458 3243 3738 3301 Dominum

2159 3314 2287 3368 hora
2337 3313 2490 3386 tertia
2509 3313 2837 3386 crucifixum
2862 3313 3056 3386 (Marc.
3081 3329 3189 3386 xv,
3231 3313 3361 3386 25),
3389 3313 3741 3386 JOannesau-

2160 3392 2441 3510 anciele
2455 3382 2768 3510 (5:331:53
2787 3426 2804 3452 ,
2836 3382 3064 3458 1ι-18);
3095 3384 3184 3441 cui
3210 3382 3385 3456 potius
3411 3385 3737 3442 credendum

2602 3473 2632 3510 u

2157 3465 2240 3511 est
2264 3469 2329 3509 ex
2351 3454 2432 3510 his
2455 3454 2701 3511 duobus?

2228 3525 2392 3582 Resp.
2439 3524 2507 3581 Et
2545 3527 2635 3582 ille
2662 3540 2846 3582 verum
2891 3526 3061 3592 dixit,
3107 3534 3163 3582 et
3186 3525 3275 3582 ille
3316 3526 3579 3582 similiter.
3608 3526 3740 3582 Nam

2160 3596 2291 3651 hora
2321 3595 2474 3651 tertia
2500 3597 2860 3667 clamaverunt
2891 3596 3060 3667 Pilato
3083 3595 3253 3651 Judaei
3283 3614 3297 3649 :
3326 3595 3594 3667 Cruci/Ege,
3627 3614 3744 3651 cru-

2159 3668 2446 3738 ciﬁgc‘eum
2479 3666 2627 3738 (Luc.
2659 3682 2840 3738 xxtrl,
2859 3667 2971 3737 21).
3002 3666 3202 3738 Milites
3214 3675 3395 3738 autem
3435 3666 3564 3738 hora
3593 3677 3741 3738 sexta

2158 3735 2537 3793 cru’cilixerunt
2578 3752 2722 3793 eum.
2772 3735 2938 3805 Igitur
2961 3735 3102 3805 quod
3149 3735 3226 3789 illi
3277 3735 3487 3805 lingua,
3527 3735 3628 3788 hoc
3655 3736 3742 3791 isti

2158 3806 2402 3863 manibus
2441 3805 2747 3861 effecerunt.
2796 3803 2874 3861 Ne
2900 3803 3078 3860 autem
3104 3803 3409 3860 viderentur
3435 3803 3605 3859 Judaei
3636 3819 3740 3862 non

2160 3875 2493 3946 crueilixisse
2536 3874 2851 3940 Dominum,
2899 3875 3019 3931 ideo
3046 3874 3370 3946 evangelista
3408 3875 3584 3946 posuit
3613 3874 3743 3931 hora

2162 3948 2314 4003 tertia
2338 3944 2648 4017 crucifixum
2677 3945 2957 4017 Dominum
2976 3986 2993 4013 ,
3016 3946 3138 4017 quia
3166 3944 3269 4000 non
3299 3953 3501 3999 tantum
3526 3944 3599 4017 illi
3623 3962 3746 4002 cru-

2161 4018 2446 4088 citixerunt
2489 4016 2579 4087 qui
2626 4016 2982 4088 ministerium
3021 4015 3405 4088 impleverunt,
3449 4015 3547 4072 sed
3574 4027 3639 4088 et_
3665 4017 3742 4071 illi

2162 4088 2254 4157 qui
2277 4085 2656 4142 clamaverunt.
2688 4085 2743 4142 In
2773 4087 2853 4142 eis
2878 4088 3020 4143 cnim
3046 4085 3369 4157 completum
3395 4095 3478 4141 est
3501 4086 3644 4156 quod
3667 4089 3741 4142 ait

2162 4156 2611 4228 Psalmographus
2657 4173 2671 4211 :
2727 4158 2850 4212 Filii
2877 4158 3137 4214 hominum
3159 4156 3183 4223 ,ί
3198 4156 3370 4211 dentes
3395 4173 3571 4228 eorum
3602 4174 3746 4212 arma

2164 4238 2209 4301 et
2238 4226 2431 4301 sagitta:
2454 4226 2538 4293 ,et
2558 4228 2733 4301 lingua
2761 4245 2936 4301 eorum
2958 4229 3216 4301 mae/uera
3239 4226 3584 4301 acuta‘(PAsal.
3615 4244 3699 4285 ινι
3723 4268 3739 4294 ,

2163 4300 2243 4370 5).
2276 4297 2439 4355 Vides
2465 4297 2675 4369 qualem
2701 4300 2930 4370 gladium
2956 4300 3276 4366 habuerunt,
3309 4297 3449 4355 unde
3478 4298 3607 4355 hora
3635 4309 3744 4355 ter-

2164 4371 2232 4425 tia
2265 4370 2542 4424 Dominum
2567 4370 2892 4426 occiderunt.
3454 4430 3465 4435 η

2235 4441 2455 4507 ρυλες-ι’.
2477 4439 2618 4494 XVI.
2659 4442 2791 4495 Cum
2820 4441 2958 4495 Deus
2981 4441 3161 4495 omnia
3188 4441 3323 4494 bona
3353 4439 3635 4499 creaverit,
3665 4440 3747 4493 ni-

2168 4510 2349 4581 hilque
2373 4512 2442 4565 sit
2456 4510 2602 4581 quod
2623 4525 2731 4564 non
2748 4509 2923 4564 abillo
2947 4510 3216 4581 conditum
3242 4510 3332 4581 sit,
3352 4508 3749 4581 undemalum?

2237 4577 2398 4636 Rcsr.
2423 4577 2615 4633 malum
2640 4589 2828 4633 natura
2850 4594 2955 4633 non
2981 4590 3098 4644 est;
3125 4578 3219 4633 sed
3245 4578 3470 4647 privatio
3496 4577 3619 4632 boni
3649 4581 3748 4632 hoc

2168 4666 2362 4706 nomen
2388 4650 2612 4717 accepit.
2647 4649 2884 4719 Denique
2913 4648 3112 4704 bonum
3143 4658 3317 4719 potest
3343 4662 3464 4702 esse
3489 4648 3604 4703 sine
3631 4664 3745 4702 ma.

2169 4724 2219 4777 lo
2241 4763 2254 4783 .
2305 4721 2398 4776 sed
2428 4719 2625 4773 malum
2654 4734 2758 4773 non
2788 4717 2962 4788 potest
2990 4733 3112 4774 esse
3152 4718 3267 4773 sine
3297 4717 3438 4773 bono
3457 4758 3471 4781 ,
3508 4732 3605 4773 nec

2168 4800 2273 4847 test
2300 4804 2421 4846 esse
2462 4789 2660 4843 malum
2691 4787 2801 4844 ubi
2822 4804 2927 4843 non
2959 4789 3120 4845 fuerit
3160 4788 3380 4844 bonum.
3410 4787 3489 4842 Ac
3518 4803 3615 4858 per
3647 4787 3749 4844 hoc

2169 4863 2392 4917 dicimus
2430 4868 2485 4914 et
2525 4860 2770 4929 angelum
2814 4860 3019 4929 bonum.
3038 4867 3095 4914 et
3140 4859 3384 4929 angelum
3436 4860 3666 4929 malum,
3698 4870 3751 4915 et

2171 4934 2439 4987 hominem
2483 4928 2680 4984 bonum
2721 4938 2776 4985 et
2816 4929 3086 4984 hominem
3132 4928 3368 4983 malum:
3400 4928 3496 4983 sed
3553 4928 3751 4985 bonum

2169 5002 2309 5072 quod
2357 5000 2605 5072 angelus,
2654 5000 2852 5072 malum
2881 5000 3023 5070 quod
3066 5000 3322 5072 vitiosus;
3369 5000 3565 5072 bonum
3610 5001 3750 5072 quod

2170 5069 2366 5137 homo,
2400 5069 2596 5124 malum
2626 5071 2768 5139 quod
2810 5069 3054 5140 vitiOsus.
3101 5069 3331 5140 Ideoque
3374 5069 3588 5140 quando
3615 5070 3751 5125 dici-

2170 5158 2290 5198 mus
2314 5142 2533 5207 bonum,
2556 5151 2797 5196 naturam
2826 5139 3130 5207 laudamus;
3161 5139 3373 5209 quando
3392 5139 3614 5194 dicimus
3636 5156 3751 5194 ma-

2170 5214 2281 5267 lum
2301 5255 2315 5278 ,
2347 5227 2451 5267 non
2492 5219 2736 5266 naturam
2756 5254 2771 5277 ,
2821 5211 2916 5266 sed
2947 5212 3130 5266 vitium
3151 5252 3165 5277 ,
3196 5210 3337 5281 quod
3368 5218 3450 5266 est
3473 5211 3627 5267 bona
3653 5224 3750 5265 na-

2174 5295 2305 5339 tura:
2332 5284 2656 5339 contrarium
2678 5324 2693 5349 ,
2719 5281 3179 5352 reprehendimus.

2242 5355 2456 5421 Quaasr.
2485 5353 2648 5408 XVII.
2676 5351 2875 5410 Omnes
2898 5353 3087 5424 Angeli
3110 5352 3342 5422 aequales
3367 5366 3436 5407 an
3464 5351 3751 5424 inaequales

2171 5425 2335 5480 creati
2373 5424 2530 5479 sunt?
2569 5424 2639 5480 Et
2677 5425 2719 5480 si
2751 5422 3014 5494 aequales,
3044 5438 3139 5478 cur
3168 5437 3273 5494 non
3319 5437 3508 5477 omnes
3535 5422 3670 5477 ﬁrmi
3698 5431 3754 5494 et

2173 5496 2388 5551 stabiles
2417 5495 2666 5550 luerunt?
2712 5494 2769 5551 Si
2794 5493 2921 5550 vero
2959 5493 3410 5564 intequales,,quo
3448 5494 3639 5549 merito
3663 5493 3755 5548 alii

2172 5566 2519 5637 prmscientiae
2556 5582 2666 5621 suae
2697 5565 3038 5620 stabilitatem
3064 5563 3307 5637 accipere
3330 5572 3672 5637 meruerunt,
3700 5572 3758 5619 et

2172 5633 2257 5691 alii
2287 5634 2524 5692 futurum
2554 5650 2664 5693 sum
2690 5636 2857 5692 ruina:
2884 5649 3067 5692 casum
3095 5634 3317 5692 minime
3343 5633 3635 5706 praevidere
3655 5648 3757 5705 p0—

2124 5757 2150 5763 ν,
2179 5708 2425 5764 tuerunt?
