4138 6212
437 243 526 298 151
1147 233 1511 293 APPENDIX.
1550 187 1923 292 ADMONITIO
1960 230 2027 291 IN
2064 231 2613 304 SUBSEQUENTEM
2650 234 2928 295 LIBRUM.

425 357 536 428 puli
577 355 786 426 figurati
829 359 986 428 Sunt,
1033 369 1192 428 unam
1232 363 1448 428 vestem
1475 367 1503 405 a
1543 360 1693 423 tergo
1721 360 2014 421 portantes,

426 424 819 483 sacramentum
859 425 1061 480 scilicet
1095 424 1202 492 jam
1242 424 1521 493 praeteritae
1551 433 1709 492 atque
1738 432 2018 478 transactaa

427 499 713 553 dominica:
735 497 1039 567 passionis:
1059 494 1347 567 nuditatem
1375 495 1538 562 patris
1563 503 1817 567 tegentes,
1845 508 2019 563 neque

431 571 698 624 intuentes
719 564 750 634 ,“
767 572 857 636 qui
897 568 946 619 in
981 564 1178 619 Christi
1213 579 1398 619 necem
1432 566 2019 636 nonconsentiunt,et

428 656 550 694 eum
582 633 839 692 honorant
862 636 1183 702 velamento,
1211 643 1459 705 tanquam
1487 635 1718 690 scientes
1743 633 1883 690 unde
1910 635 2019 690 sint

431 713 560 764 nati.
595 709 793 762 Medius
839 707 1011 772 filius,
1060 706 1111 759 id
1155 715 1238 761 est
1280 705 1509 774 populus
1533 705 1840 760 Judreorum
1872 705 2017 774 (ideo

429 779 656 843 medius,
685 778 804 846 quia
835 793 930 830 nec
960 777 1246 846 primatum
1280 775 1656 846 Apostolorum
1684 776 1890 841 tenuit,
1918 791 2017 831 nec

430 853 644 904 ultimus
674 845 723 902 in
752 845 1001 917 gentibus
1025 846 1311 915 credidit),
1334 845 1472 900 vidit
1497 845 1790 902 nuditatem
1825 847 2013 916 patris,

427 923 547 990 quia
573 919 845 990 consensit
869 919 920 972 in
947 933 1131 990 necem
1153 917 1370 990 Christi.
1396 917 1462 971 Et
1482 918 1743 972 nuntiavit
1763 917 2016 990 fratribus

427 986 557 1046 suis.
601 989 705 1043 Per
742 1004 862 1044 eum
902 988 1095 1058 quippe
1136 986 1531 1043 manifestatum
1568 998 1650 1042 est
1693 997 1748 1042 et
1784 987 2015 1057 quodam

427 1060 586 1114 modo
635 1057 990 1128 publicatum,
1031 1057 1177 1127 quod
1227 1066 1342 1112 erat
1387 1059 1680 1128 prOpIietize
1729 1068 2012 1113 secretum.

337 1149 344 1158 ε
427 1127 658 1199 Ideoque
700 1131 760 1182 iit
805 1129 1025 1183 fratrum
1073 1143 1289 1199 suorum
1338 1127 1542 1183 servus.
1583 1127 1720 1199 _Quid
1761 1137 1843 1182 est
1871 1130 2015 1183 enim

425 1197 752 1255 aliud‘hodie
789 1215 920 1270 gens
948 1201 1095 1267 ipsa,
1128 1198 1230 1270 nisi
1264 1197 2011 1270 scriniariaChristianorum,

427 1281 644 1340 portans
687 1268 882 1339 Legem
923 1278 978 1324 et
1017 1269 1311 1340 Prophetas
1348 1269 1415 1322 ad
1448 1268 1808 1326 testimonium
1840 1285 2015 1324 asser-

425 1337 584 1396 tionis
613 1337 884 1405 Ecclesiae,
916 1349 974 1394 ut
1000 1355 1100 1394 nos
1126 1337 1451 1394 honoremus
1478 1353 1572 1408 per
1597 1348 2010 1406 sacramentum,

424 1413 564 1482 quod
590 1411 832 1465 nuntiant
862 1410 936 1464 illi
970 1425 1064 1478 per
1086 1409 1353 1464 litteram?

495 1482 709 1532 numsr.
740 1479 897 1532 LXII.
946 1479 1080 1532 Ouid
1127 1479 1386 1532 signiﬁcat
1425 1479 1566 1532 auod
1605 1479 1711 1532 dixi

387 1515 393 1524 ~
440 1479 452 1482 ⁷
495 1482 709 1550 Quaasr.
740 1479 897 1535 LXII.
946 1479 1080 1547 Quid
1127 1479 1386 1549 signiﬁcat
1425 1479 1566 1550 quod
1605 1479 1738 1534 dixit
1775 1479 1918 1534 Deus
1946 1479 2014 1534 ad

380 1527 394 1582 ί
422 1552 690 1606 Abraham
709 1593 723 1616 ,
757 1550 1013 1622 Egredere
1041 1551 1258 1622 de_terra
1283 1559 1389 1615 tua,
1423 1560 1467 1622 et
1497 1551 1557 1605 de
1584 1551 1879 1621 cognatione
1904 1561 2010 1618 tua,

423 1633 472 1677 et
501 1623 564 1675 de
589 1623 738 1676 domo
769 1618 927 1692 patris
953 1625 1025 1675 tui
1053 1618 1209 1690 (Gen.
1236 1636 1333 1687 xu,
1352 1619 1447 1692 1)?

498 1693 657 1748 Raso.
700 1691 963 1746 Abraham
1009 1707 1290 1761 personam
1335 1691 1530 1745 Christi
1573 1693 1833 1760 portabat.
1865 1692 2015 1746 Sicut

425 1763 566 1818 enim
594 1762 860 1818 Abraham
893 1771 1090 1816 terram
1131 1774 1182 1816 et
1217 1763 1584 1830 cognationem
1613 1778 1762 1816 suam
1789 1762 2008 1829 dimisit,

423 1843 478 1888 et
506 1834 721 1887 domum
750 1833 915 1902 patris
941 1833 1056 1897 sui,
1089 1841 1142 1902 et
1177 1833 1322 1885 venit
1361 1833 1411 1884 in
1448 1845 1645 1886 terram
1672 1847 1829 1902 quam
1858 1833 2014 1901 igno~

422 1904 574 1956 rabat
603 1921 614 1955 :
648 1905 716 1958 ita
746 1900 801 1957 et
831 1900 1072 1956 Christus
1107 1901 1307 1955 dimisit
1344 1911 1553 1970 gentem
1584 1900 1734 1956 suam
1756 1943 1769 1966 ,
1809 1900 2013 1957 scilicet

423 1973 726 2027 Iudaeorum
747 2014 762 2037 ,
794 1979 849 2024 et
876 1972 1019 2026 venit
1054 1971 1119 2024 ad
1150 1971 1403 2040 populum
1439 1973 1707 2026 Gentium.
1742 1973 1838 2026 Hic
1881 1981 2014 2026 tem-

423 2043 625 2112 poralis
646 2042 946 2110 explanatio
970 2041 1071 2095 hoc
1091 2040 1288 2112 habet:
1313 2042 1583 2096 moraliter
1606 2051 1781 2096 autem
1805 2043 2011 2097 eximus

423 2111 492 2166 de
519 2121 659 2166 terra
688 2121 868 2166 nostra
892 2112 931 2176 ⁸,
972 2111 1184 2180 quando
1225 2111 1432 2165 divitias
1463 2121 1515 2166 et
1541 2112 1722 2166 mundi
1752 2112 1906 2181 hujus
1934 2112 2012 2166 fa-

421 2183 649 2238 cultates
691 2182 1118 2246 contemnimus;
1151 2190 1206 2237 et
1241 2181 1307 2236 de
1345 2182 1660 2252 cognatione
1701 2191 1914 2249 nostra,
1957 2181 2010 2237 id

421 2261 526 2320 est,
553 2253 622 2307 de
647 2252 792 2306 vitiis
820 2253 1082 2322 prioribus
1102 2293 1116 2315 ,
1144 2267 1261 2322 qua:
1290 2253 1444 2307 nobis
1471 2267 1501 2305 a
1531 2254 1803 2307 nativitate
1830 2263 2012 2308 nostra

419 2323 765 2394 cohaerentia,
789 2322 936 2378 velut
953 2322 1210 2394 affinitate
1230 2323 1455 2394 quadam
1477 2331 1531 2377 et
1550 2323 2012 2394 consanguinitate

419 2393 701 2462 conjuncta
743 2402 899 2459 sunt;
929 2402 983 2448 et
1010 2392 1078 2447 de
1103 2392 1264 2463 domo
1293 2394 1458 2463 patris
1484 2394 1687 2459 nostri,
1719 2392 1772 2447 id
1799 2401 1908 2457 est,
1941 2393 2010 2448 de

419 2467 564 2517 omni
603 2464 859 2520 memoria
888 2463 1071 2518 mundi
1101 2462 1258 2533 hujus
1277 2462 1300 2532 ,
1325 2479 1444 2533 qua:
1472 2464 1748 2518 oculorum
1779 2464 2012 2519 occurrit

419 2534 710 2590 obtutibus.

491 2605 711 2671 Quass'r.
733 2603 918 2658 LXIII.
949 2603 1091 2669 Quot
1114 2613 1239 2658 sunt
1261 2619 1454 2674 genera
1480 2603 1785 2659 visionum?

491 2675 652 2729 Resp.
695 2674 839 2728 Tria.
868 2673 1046 2728 Prima
1075 2674 1210 2728 visio
1253 2673 1334 2728 est
1378 2675 1704 2744 corporalis;
1750 2673 2005 2740 secunda,

417 2743 748 2814 spiritualis;
782 2744 957 2808 tertia,
985 2744 1377 2814 intellectualis.
1391 2744 1707 2814 Corporalis
1728 2758 1852 2813 ergo
1873 2745 2009 2798 visio

416 2812 501 2869 est
526 2830 644 2883 quae
671 2814 729 2867 fit
760 2827 857 2882 per
884 2827 1099 2881 corpus.
1131 2812 1452 2880 Spiritualis,
1484 2828 1606 2866 cum
1636 2812 1892 2882 imagines
1918 2829 2010 2868 eo-

415 2882 680 2954 rumque:
705 2883 966 2947 videmus,
995 2883 1046 2936 in
1077 2883 1332 2936 memoria
1348 2882 1649 2954 condimus.
1675 2883 2010 2938 Intellectua-

415 2953 720 3024 lisinempe,
747 2967 868 3007 cum
890 2968 950 3024 ea
977 2967 1095 3022 quae
1113 2953 1722 3024 corporaliterividemus
1748 2963 1799 3006 et
1823 2955 2006 3024 imagi-

416 3023 609 3078 naliter
635 3023 686 3077 in
716 3023 972 3079 memoria
999 3025 1311 3086 retinemus,
1336 3023 1600 3078 intellectu
1621 3023 2004 3091 discernimus;

415 3094 558 3164 quod
587 3093 715 3148 illud
748 3094 1048 3164 sitcorpus,
1086 3094 1214 3147 illud
1245 3094 1536 3148 similitudo
1564 3095 1824 3163 corporis.
1858 3095 2007 3149 l’lnnc

414 3163 593 3219 autem
639 3165 960 3220 intellectum
1008 3163 1194 3234 bestia:
1241 3175 1294 3219 et
1341 3179 1531 3233 pecora
1573 3173 1732 3234 atque
1775 3165 2006 3220 volatilia

413 3235 719 3290 nullatenus
748 3234 965 3289 habent.
1001 3233 1191 3289 Vident
1219 3235 1331 3303 ipsa
1364 3251 1458 3302 per
1482 3233 1709 3303 corpus;
1739 3242 1794 3289 et
1819 3249 2004 3288 eorum

415 3321 537 3376 quae
573 3305 757 3361 vident
797 3304 1148 3374 imaginaliter
1187 3305 1397 3374 species
1442 3303 1735 3372 formatur,
1780 3305 1922 3360 unde
1950 3313 2006 3359 et

477 3523 500 3556 ι
521 3528 598 3586 nr.
622 3522 770 3586 Lugd.
795 3528 848 3586 et
875 3530 997 3586 ven.
1029 3522 1120 3586 sic,
1137 3521 1311 3586 legunt
1340 3523 1472 3574 hunc
1503 3521 1662 3574 locum
1686 3538 1699 3572 :
1727 3522 1817 3574 Hic
1838 3528 1884 3575 et
1906 3522 2006 3576 alia

413 3578 804 3651 wplamtio'ltoc
824 3582 965 3637 habet
992 3597 1012 3636 :
1033 3578 1225 3636 exim}
1255 3585 1318 3636 de
1339 3590 1473 3636 terra
1507 3591 1688 3636 nostra.
1753 3591 1812 3634 Μ.

3608 232 3714 299 732

2125 365 2316 424 pecora
2345 353 2601 424 praesepia
2629 359 3048 424 recognoscunt,
3077 361 3132 409 et
3159 367 3284 410 aves
3308 353 3375 411 ad
3405 354 3558 412 nidos
3585 373 3714 414 suos

2124 421 2348 478 redeunt
2374 441 2387 496 ξ
2413 421 2632 479 εθὰίιιθο
2653 439 2713 479 se
2741 421 2852 496 ipsa
2881 424 3179 495 intelligunt
3207 442 3324 496 qua:
3349 427 3474 491 sint,
3503 443 3600 483 nec
3622 427 3715 483 illa

2123 507 2245 566 quae
2271 493 2441 566 oculis
2470 503 2714 548 cernunt.
2761 493 3376 566 Postremo—corporalis
3418 496 3554 552 visio
3598 498 3715 554 sino

2123 564 2382 638 spirituali
2412 580 2532 638 esse
2563 580 2666 619 non
2701 573 2894 638 potest.
2940 565 3131 638 Statim
3176 564 3304 638 ergo
3343 576 3401 621 ut
3424 568 3715 624 avertimus

2123 634 2304 708 oculos
2331 633 2398 708 ab
2424 634 2501 689 eis
2530 633 2946 708 quaagvidemus,
2978 633 3447 708 imagines'eorum
3488 654 3606 708 quae
3635 640 3715 694 vi-

2123 703 2330 778 dimus,
2363 705 2415 758 in
2446 703 2701 778 memoria
2733 707 3044 778 retinemus.
3077 703 3375 778 Spiritualis
3409 703 3537 764 vero
3579 710 3714 765 visio

2122 775 2238 829 sine
2265 777 2525 846 corporali
2554 790 2674 830 esse
2701 783 2912 846 potest;
2942 777 3084 832 unde
3112 775 3166 833 et
3192 779 3442 835 absentes
3470 779 3714 835 homines

2122 845 2484 918 recordamur,
2511 855 2565 900 et
2594 847 2653 918 in;
2672 845 2904 918 tenebris
2933 862 2994 918 ea
3023 862 3141 918 qua:
3164 847 3392 903 vidimus
3413 889 3431 916 ,
3459 850 3714 918 imagina-

2122 915 2242 989 Iiter
2288 915 2590 989 cerniinus._
2628 916 3008 989 Intellectualis
3040 915 3246 989 'nempe
3299 915 3421 975 nec'
3448 915 3712 989 corporali

2123 985 2325 1060 indiget
2369 1000 2468 1039 nec
2514 986 2794 1060 spirituali.
2844 987 2946 1041 Per
2991 985 3319 1060 intellectum
3369 1005 3470 1044 nec
3516 985 3715 1060 corpus

2121 1056 2381 1129 videmus,
2411 1071 2509 1129 nec
2535 1057 2814 1129 imaginem
2829 1058 3098 1129 corporis.
3123 1058 3225 1113 Per
3249 1059 3386 1115 hanc
3411 1056 3714 1129 quippe'vi-

2122 1125 2278 1180 detur
2297 1126 2523 1198 justitia,
2547 1125 2804 1198 Charitas,
2826 1125 2948 1196 ipse
2960 1128 3117 1198 Deus,
3146 1129 3260 1198 ipsa
3281 1125 3709 1197 mens—hominis,

2121 1211 2238 1266 qua)
2269 1197 2470 1250 nullum
2500 1212 2690 1266 corpus
2722 1196 2900 1266 habet,
2933 1197 3130 1251 nullam
3161 1196 3561 1254 Similitudiuem
3589 1196 3712 1254 Cor?

2123 1265 2284 1335 poris.
2315 1267 2396 1320 0b
2423 1266 2474 1320 id
2502 1275 2556 1321 et
2582 1265 2766 1336 raptus
2792 1265 2965 1323 fuerat
2987 1269 3259 1336 apostolus
3285 1269 3481 1323 Paulus
3519 1269 3573 1324 in
3606 1281 3714 1325 ter-

2122 1337 2252 1391 tium
2283 1337 2476 1392 coelum
2519 1335 2586 1407 (II
2614 1335 2730 1392 Cor.
2759 1353 2833 1392 xu
2852 1379 2867 1404 ,
2891 1337 2951 1407 2)
2971 1379 2985 1403 ,
3015 1335 3068 1392 id
3094 1348 3177 1393 est
3203 1339 3270 1393 ad
3295 1339 3712 1397 intellectualem

2117 1407 2399 1478 visionem,
2429 1416 2487 1461 ut
2516 1407 2681 1462 Deum
2711 1423 2815 1462 non
2847 1423 2942 1476 per
2965 1423 3178 1478 corpus,
3207 1424 3312 1464 non
3344 1424 3439 1478 per
3465 1411 3710 1466 similitu-

2119 1477 2297 1548 dinem
2336 1478 2607 1547 corporis,
2649 1478 2744 1533 sed
2785 1478 2924 1532 sicut
2960 1487 3041 1548 est
3066 1477 3192 1548 ipsa
3217 1477 3415 1536 veritas
3443 1491 3706 1537 cerneret.

2119 1547 2251 1601 Tres
2281 1562 2408 1617 ergo
2435 1547 2726 1622 coeli-,tria
2764 1547 3187 1622 suntAvisionUm
3217 1549 3283 1605 de
3311 1551 3511 1622 quibus
3532 1551 3707 1622 loqui-

2120 1632 2267 1690 mur,
2297 1616 2515 1690 genera.
2544 1617 2626 1672 Ad
2655 1619 2754 1690 hoc
2783 1616 3020 1690 profecto
3047 1616 3363 1688 pervenerat
3392 1616 3619 1690 Paulus,
3653 1631 3710 1679 ut

2120 1687 2286 1761 Deum
2315 1688 2394 1761 sic
2422 1688 2474 1761 in
2505 1688 2605 1743 ista
2633 1689 2740 1743 vita
2763 1687 2996 1755 videret,
3031 1687 3166 1745 sicut
3201 1691 3372 1747 sancti
3412 1701 3531 1761 post
3569 1687 3708 1748 hanc

2120 1758 2280 1812 vitam
2308 1758 2580 1812 videbunt.

2187 1827 2403 1901 Quass'r.
2442 1827 2641 1901 LXIV.
2669 1829 3035 1901 Quotgenera
3063 1839 3188 1885 sunt
3215 1831 3556 1901 Apostolatus
3575 1874 3590 1901 ,
3623 1831 3707 1890 vel

2117 1899 2272 1971 quale
2300 1914 2492 1971 nomen
2523 1899 2595 1971 sit
2617 1899 2935 1969 Apostolus,
2968 1899 3454 1971 voloicognoscere.

2189 1968 2349 2023 llesr.
2378 1968 2678 2038 Apostolus
2695 1971 3072 2044 interpretatur
3092 1968 3300 2027 Missus.
3327 1973 3706 2044 Apostolorum

2117 2047 2239 2111 sunt
2280 2055 2476 2111 genera
2511 2049 2738 2111 quatuor
2767 2057 2779 2094 :
2812 2040 2846 2095 a
2871 2040 3014 2107 Deo,
3046 2056 3150 2095 non
3189 2057 3284 2111 per
3325 2040 3632 2110 hominem;
3672 2061 3707 2101 a

2119 2109 2250 2175 Deo,
2283 2110 2376 2164 sed
2407 2125 2502 2179 per
2530 2109 2833 2174 hominem;
2866 2126 2961 2180 per
2991 2109 3259 2168 hominem
3288 2122 3526 2179 tantum;
3557 2123 3612 2170 et
3639 2130 3707 2171 ex

2116 2193 2197 2255 se.
2240 2181 2284 2255 ᾼ
2321 2181 2430 2234 Deo
2459 2183 2670 2255 _eten_im
2714 2181 2908 2255 missus
2941 2191 3032 2255 est
3060 2181 3286 2255 Moyses.
3318 2187 3360 2238 A
3395 2185 3501 2239 Deo
3529 2193 3583 2239 et
3610 2199 3707 2255 per

2117 2247 2407 2315 hominem,
2429 2251 2562 2305 sicut
2581 2251 2735 2306 Jesus
2755 2249 2916 2305 Nave.
2941 2251 3044 2306 Per
3063 2247 3331 2308 hominem
3355 2263 3577 2321 tantttm,
3601 2247 3706 2310 sic-

2117 2327 2176 2394 ut
2200 2322 2398 2394 nostris
2425 2321 2753 2394 temporibus
2772 2321 2935 2394 multi
2964 2323 3141 2378 favore
3179 2324 3321 2394 vulgi
3360 2326 3413 2380 in
3451 2325 3703 2380 sacerdo-

2118 2391 2246 2443 tium
2267 2391 2544 2466 _subrogati
2586 2401 2727 2446 sunt.
2770 2392 2853 2446 Ex
2899 2406 2959 2449 se
3001 2403 3214 2462 autem,
3260 2391 3396 2450 sicut
3439 2404 3562 2450 sunt
3603 2394 3706 2466 ipsi

2117 2461 2613 2530 pseudoprophette.

2119 2531 2400 2654 ιωρὲἴεὲό
2415 2531 2583 2654 μιν.
2615 2532 2894 2600 Quomodo
2931 2548 3213 2606 possumus
3239 2535 3377 2592 scire
3402 2537 3490 2608 qui
3519 2536 3703 2593 mitta-

2141 2615 2204 2654 ιιι·
2231 2615 2261 2654 8
2292 2615 2438 2656 U80?
3350 2636 3352 2638 τ

2188 2669 2348 2724 Rnsr.
2384 2671 2532 2746 Illum
2562 2687 2855 2746 cognosce
2881 2676 3102 2730 missum
3147 2692 3175 2731 a
3215 2677 3356 2744 Deo,
3394 2693 3552 2746 quem
3596 2693 3704 2733 non

2117 2743 2704 2816 paucorumhominum
2739 2744 2968 2800 laudatio
3009 2747 3096 2800 vel
3140 2748 3313 2816 potius
3344 2743 3578 2803 adulatio
3608 2749 3703 2804 eli-

2115 2812 2224 2880 git;
2253 2811 2346 2866 sed
2370 2813 2515 2889 illum
2538 2830 2694 2882 quem
2723 2824 2776 2869 et
2792 2817 2901 2889 vita
2931 2826 2985 2872 et
3006 2811 3185 2889 mores
3210 2819 3392 2889 optimi
3418 2828 3701 2886 exornant,

2114 2889 2168 2935 et
2192 2884 2612 2959 _apostolicorum
2654 2886 2889 2959 _exagiof
2911 2884 3282 2959 sacerdotum',
3313 2889 3394 2942 vel
3419 2890 3579 2944 etiam
3609 2884 3704 2959 qui

2114 2952 2482 3007 universorum
2505 2952 2822 3028 populorum
2841 2955 3041 3025 judicio
3061 2959 3465 3028 comprobatur:
3486 2959 3575 3028 qui
3593 2952 3701 3014 non

2113 3027 2316 3099 appetit
2343 3039 2592 3099 praeesse,
2618 3026 2836 3099 quinon
2863 3028 3140 3099 pecuniam
3169 3026 3259 3083 dat
3286 3038 3343 3084 ut
3362 3026 3701 3099 episcopatus

2114 3090 2371 3168 honorem
2403 3090 2659 3168 acquirat}
2699 3095 2830 3150 Nam
2862 3090 2928 3152 de
2961 3114 3026 3153 eo
3063 3099 3152 3168 qui
3195 3090 3426 3168 praeesse
3463 3090 3699 3166 fesiinat,

2113 3163 2326 3230 quidam
2360 3163 2566 3239 patrum
2610 3167 2880 3239 eleganter
2918 3163 3405 3239 expressit—dicens
3435 3188 3447 3224 :
3480 3169 3622 3226 Sciat
3649 3163 3703 3224 se

2114 3248 2214 3312 non
2239 3250 2344 3312 esse
2366 3237 2684 3312 episcopum,
2707 3238 2797 3312 qui
2817 3237 3040 3312 pauesce;
3058 3238 3449 3312 desiderauinon
3466 3241 3701 3312 prodesse

2114 3300 2462 3374 (Augustinus,
2491 3300 2554 3360 de
2577 3300 2729 3360 Civil.
2755 3300 2871 3374 Dei,
2905 3307 2991 3362 lib.
3023 3308 3111 3376 I9,
3143 3326 3257 3380 cap.
3288 3300 3402 3381 1⁷9).

2175 3526 2192 3598 ξ
2217 3523 2352 3584 Editi,
2377 3524 2504 3598 actio
2525 3527 2849 3598 conmwndat._
2867 3536 2923 3578 At
2941 3536 3022 3580 Ms.
3054 3530 3378 3598 Corbeiensis,
3415 3529 3588 3596 exagio
3610 3543 3628 3581 :
3652 3530 3702 3580 id

2113 3593 2206 3649 est,
2231 3590 2486 3650 examine;
2511 3594 2562 3638 et
2583 3596 2718 3639 caret
2747 3590 2921 3650 verbo,
2939 3592 3251 3642 commendat.

1519 3723 3499 3922 iii—TW;

1493 3977 1576 4038 IN
1620 3976 2245 4052 SUBSEQUENTUM
2287 3976 2612 4039 LIBRUM.

487 4119 650 4181 Liber
673 4117 743 4178 de
767 4119 902 4176 Fide
928 4119 994 4174 ad
1022 4118 1239 4173 Petrum
1270 4119 1409 4173 inter
1433 4117 1713 4187 Augustini
1741 4133 1902 4187 opera
1928 4119 2056 4174 olim
2086 4119 2376 4189 impressus
2403 4130 2487 4175 est
2512 4127 2750 4176 veterum
2779 4118 2979 4189 aliquot
3003 4120 3481 4190 manuscriptorum
3509 4128 3702 4176 aucto-

416 4215 594 4277 ritate,
621 4212 711 4282 qni
734 4211 786 4265 ei
809 4209 1099 4278 assignant.
1128 4208 1327 4263 Verum
1368 4222 1474 4263 non
1513 4224 1634 4263 esse
1677 4210 1954 4278 Augustini
1995 4211 2158 4281 probe
2201 4215 2516 4268 monstravit
2553 4213 2806 4269 Erasmus
2840 4229 2904 4269 ex
2935 4215 3047 4286 ipsa
3078 4215 3253 4285 phrasi
3280 4215 3504 4287 aliisque
3539 4230 3697 4286 argu-

415 4304 633 4365 mentis,
660 4316 778 4373 qua:
802 4299 890 4354 hic
913 4297 1119 4354 referre
1148 4297 1470 4368 superfluum
1496 4307 1760 4368 putamus.
1787 4300 1917 4355 Nam
1945 4301 2269 4359 indubitatus
2295 4304 2411 4374 ejus
2437 4314 2621 4360 auctor
2647 4321 2676 4359 a
2703 4307 2914 4360 nemine
2933 4306 3045 4376 jam
3073 4308 3344 4377 ignoratur
3370 4307 3696 4378 Fulgentius.

416 4402 554 4458 Huic
580 4407 727 4456 certe
761 4395 953 4452 asserit
989 4395 1248 4464 scriptura
1276 4393 1639 4463 antiquissima
1667 4393 1866 4449 codicis
1894 4394 2233 4452 Corbeiensis
2261 4407 2386 4452 ante
2412 4399 2557 4453 mille
2583 4413 2752 4454 annos
2785 4401 3021 4464 exarati,
3053 4416 3172 4470 quae
3198 4401 3264 4456 ad
3291 4401 3468 4470 operis
3495 4401 3696 4456 calcem

415 4493 700 4553 exhibetur
725 4490 778 4545 in
809 4489 923 4544 haec
941 4487 1102 4542 verba
1125 4503 1139 4540 :
1165 4484 1424 4557 Fulgentii
1447 4485 1670 4554 episcopi
1685 4494 1872 4540 sancta:
1884 4483 2123 4541 Ecclesia:
2149 4487 2410 4543 catholica:
2432 4487 2709 4559 Ruspensis
2733 4488 2794 4541 de
2816 4489 3010 4558 Regula
3035 4504 3164 4542 vero:
3188 4489 3309 4558 ﬁdei
3329 4489 3452 4544 liber
3471 4479 3695 4561 explicit.

415 4587 599 4660 Neque
624 4579 1075 4647 contemnendus,
1108 4594 1408 4650 quanquam
1436 4577 1601 4633 altera
1630 4587 1683 4632 et
1713 4579 2009 4646 posteriore
2039 4595 2197 4634 manu
2224 4579 2416 4634 ibidem
2458 4579 2667 4634 additus
2709 4581 2762 4634 in
2794 4578 2966 4633 fronte
2995 4580 3172 4648 operis
3206 4580 3392 4635 titulus
3420 4599 3433 4635 :
3463 4580 3696 4652 Epistola

418 4677 683 4752 Fulgentii
707 4674 926 4749 epist-api
953 4674 1016 4727 de
1040 4668 1172 4724 Fide
1195 4670 1461 4725 catholica.
1477 4669 1742 4725 Praeterea
1769 4670 1868 4725 sub
1893 4669 2156 4741 Fulgentii
2184 4671 2398 4726 nomine
2423 4670 2618 4723 citatur
2645 4685 2675 4723 a
2703 4670 2990 4724 Ratramno
3010 4711 3023 4733 ,
3053 4669 3104 4724 in
3135 4671 3266 4725 libro
3291 4672 3357 4727 de
3381 4671 3618 4743 Corpore
3643 4680 3698 4727 et

415 4773 688 4844 Sanguine
710 4768 941 4825 Domini.
971 4764 1205 4821 Isidorus
1230 4764 1389 4820 etiam
1415 4763 1469 4817 in
1495 4763 1768 4833 Catalogo,
1797 4773 1850 4818 et
1881 4764 2148 4819 Honorius
2175 4762 2663 4832 Augustodunensis
2694 4763 2748 4816 in
2773 4762 3050 4818 Chronicis
3078 4772 3338 4819 testantur
3363 4765 3694 4835 Fulgentium

415 4865 696 4936 scripsisse
726 4860 983 4931 Regulam
1011 4872 1154 4913 verte
1182 4855 1306 4912 fidei
1338 4874 1354 4910 :
1381 4863 1435 4910 et
1460 4869 1578 4910 eam
1602 4853 1859 4925 Regulam
1891 4854 1958 4908 ab
1997 4853 2186 4909 eodem
2217 4850 2493 4922 Fulgentio
2531 4852 2662 4922 petit
2699 4851 3004 4910 Ferrandus
3045 4852 3332 4921 diaconus,
3379 4855 3432 4908 in
3472 4853 3695 4923 epistola

413 4959 559 5016 inter
580 4954 954 5026 Fulgentianas
980 4966 1130 5006 nova:
1152 4947 1402 5004 editionis
1427 4947 1634 5003 decima
1662 4948 1832 5002 tertia.
1859 4945 2248 5001 lnscrihehatur
2268 4943 2396 4998 olim
2421 4963 2435 4998 ς
2462 4942 2537 4998 De
2556 4941 2688 4998 Fide
2711 4943 2778 4997 ad
2800 4942 3012 4999 Petrum
3041 4945 3327 5000 diaconum.
3351 4945 3455 5002 Sed
3478 4944 3694 5000 Petrum

414 5047 561 5106 hunc
579 5048 742 5104 alium
763 5060 795 5100 a
814 5044 976 5100 Petro
999 5041 1224 5098 diacono
1246 5041 1331 5097 cui
1357 5040 1585 5109 scriptus
1609 5048 1690 5094 est
1716 5037 1978 5108 Fulgentii
1998 5036 2064 5091 de
2084 5035 2451 5090 lncarnatione
2477 5035 2633 5103 liber,
2659 5034 2816 5092 facile
2842 5036 3132 5103 credimus,
3155 5036 3226 5091 ob
3251 5035 3482 5090 rationes
3508 5034 3697 5088 allatas

417 5139 476 5198 in
503 5154 640 5196 nova
662 5135 926 5209 Fulgentii
952 5133 1206 5198 editione,
1235 5147 1357 5204 quae
1379 5130 1598 5186 Parisiis
1623 5145 1688 5184 ex
1711 5129 1921 5184 officina
1941 5126 2211 5184 Guillelmi
2236 5127 2467 5197 Desprez
2488 5127 2600 5196 jam
2625 5143 2767 5182 nunc
2792 5127 2989 5198 prodit,
3017 5127 3193 5183 studio
3219 5134 3275 5182 et
3298 5127 3478 5182 labore
3501 5123 3697 5182 eruditi

415 5231 520 5287 viri
544 5229 706 5287 Luca:
733 5226 1014 5297 Mangeant
1041 5223 1232 5280 Clerici
1265 5220 1582 5277 Parisiensis
1621 5220 1923 5290 recognita,
1973 5227 2126 5274 aucta
2170 5227 2224 5272 et
2266 5220 2537 5291 castigata.
2587 5218 2697 5275 Nec
2741 5219 2932 5289 injuria
2977 5227 3297 5289 expunctum
3346 5234 3376 5274 e
3421 5218 3574 5274 titulo
3615 5225 3699 5272 est

417 5322 628 5379 diaconi
655 5334 884 5384 nomen;
914 5314 1126 5388 quando
1153 5315 1296 5370 hunc
1324 5314 1378 5368 in
1406 5312 1626 5370 exordio
1650 5311 1958 5382 Fulgentius
1990 5311 2202 5366 Petrum
2230 5310 2397 5366 filium
2425 5319 2608 5377 vocat,
2639 5327 2776 5377 non,
2810 5311 2884 5364 uti
2911 5309 3165 5365 diaconos
3189 5310 3513 5380 compellare
3539 5307 3697 5374 solet,

417 5415 641 5472 fratrem
669 5422 759 5470 aut
785 5410 1191 5468 condiaconum.
1217 5407 1643 5478 Recognovimus
1671 5405 1772 5460 hoc
1799 5420 1930 5474 opus
1956 5405 2021 5458 ad
2049 5402 2176 5459 Mss.
2201 5403 2470 5459 Romanos
2495 5402 2827 5456 bibliothecae
2853 5401 3119 5456 Vaticana:
3143 5411 3391 5471 quatuor,
3420 5400 3487 5454 ad
3508 5398 3698 5469 Angli-

416 5523 583 5565 canos
619 5509 755 5564 duos
777 5549 791 5574 ,
820 5505 886 5561 ad
913 5502 1333 5560 vetustissimum
1357 5500 1733 5556 Corbeiensem
1757 5541 1771 5564 ,
1803 5497 1868 5552 ad
1896 5497 2240 5552 Sorbonicum
2263 5537 2277 5562 ,
2304 5493 2633 5551 Victorinum
2654 5535 2669 5559 ,
2700 5493 3019 5548 Beceensem
3042 5534 3056 5558 ,
3083 5502 3136 5548 et
3162 5493 3296 5549 alios
3324 5491 3608 5564 quosdam.
3637 5489 3698 5546 In

418 5598 730 5658 Corbeiensi
778 5607 832 5654 et
872 5596 988 5652 aliis
1035 5595 1270 5650 melioris
1312 5601 1453 5648 notae
1498 5592 1621 5646 Mss.
1669 5591 1860 5645 desinit
1901 5589 1952 5642 in
1996 5587 2099 5644 ﬁne
2127 5587 2313 5661 capitis
2337 5586 2440 5654 ΔΑΗ
2475 5601 2646 5658 neque
2672 5593 2829 5657 caput
2851 5584 2955 5653 45,
2988 5585 3133 5656 quod
3159 5584 3372 5644 diverso
3402 5585 3526 5644 stilo
3550 5591 3605 5644 et
3627 5580 3696 5639 ad

423 5691 597 5748 virum
625 5692 906 5748 militarem
937 5686 1191 5758 scriptum
1221 5692 1322 5756 est,
1354 5684 1412 5742 in
1440 5684 1519 5741 eis
1549 5697 1770 5754 usquam
1802 5680 2084 5754 reperitur.

1409 5857 1452 5868 "‘
1459 5862 1566 5878 ’,Δανιι
1645 5864 1666 5872 ’θ
1719 5866 1748 5880 ο,
1761 5866 1780 5876 ὐ
1860 5862 1906 5874 ’.δ-
