4138 6212
495 271 597 342 ⁸759

491 398 594 455 lica
617 405 858 453 creatura
890 393 1161 464 cognoscit
1182 401 1235 446 et
1261 391 1443 446 adorat
1475 388 1824 464 Altissimum.

571 469 656 524 18.
690 469 777 524 Sic
803 484 928 533 ergo
959 461 1230 535 peccatum
1263 474 1310 535 et
1359 477 1509 528 pmua
1536 461 1740 535 peccati
1764 499 1787 535 ,_
1825 472 1942 526 qua:
1973 471 2069 524 per

493 541 670 594 scelus
715 529 976 604 corrupta}
1009 535 1243 587 mulieris
1291 533 1502 586 intravit
1535 533 1582 583 iit
1632 529 1921 604 ιιιιιιιιίιιιιι,
1975 543 2070 604 per

496 609 764 664 inviolate
795 598 1010 673 virginis
1051 613 1255 672 partum
1283 605 1516 655 aufertur
1546 618 1572 652 a
1605 600 1821 673 mundo.
1859 600 1922 651 lit
1946 598 2067 673 quia

496 680 550 733 lu
581 669 1123 745 conditimte‘geueris
1145 675 1357 728 humani
1393 689 1484 739 per
1514 671 1788 745 mulierem
1809 712 1821 730 .
1854 685 1973 738 qua:
2002 669 2068 722 de

497 751 615 803 Solo
636 750 749 803 viro
781 743 1039 806 factaest.
1071 746 1289 810 contigit
1312 756 1364 797 ut
1397 745 1581 796 mortis
1612 743 1825 794 vinculo
1853 749 2062 794 tenere-

497 831 616 874 mur
645 820 878 873 obstricd
911 862 923 879 ,
975 818 1072 870 hoe
1105 818 1154 868 in
1199 815 1562 884 redemptione
1602 813 1813 884 humani
1862 811 2071 884 generis

497 891 671 944 divina
706 890 911 944 bonitas
933 889 1060 956 egit,
1091 896 1147 941 ut
1177 904 1270 955 per
1291 882 1480 948 virum,
1503 884 1591 952 qui
1619 883 1683 956 die
1708 882 1821 956 sola
1851 882 2073 935 muliere

497 971 652 1014 natus
673 969 788 1022 est,
820 961 920 1013 vita
951 953 1252 1012 hominibus'
1280 956 1607 1010 redderetur.
1645 953 1751 1006 Illic
1782 953 2066 1005 humanam

498 1040 739 1085 naturam
771 1029 1089 1098 nequissima
1116 1028 1427 1098 deceptione
1455 1025 1551 1098 sibi
1581 1024 1823 1098 diabolus
1853 1024 1903 1075 in
1950 1037 2074 1090 pec-

497 1102 600 1156 eatl
627 1095 1024 1154 similitudinem
1052 1098 1266 1152 sociavit
1304 1115 1315 1148 :
1350 1097 1433 1150 hic
1479 1097 1614 1148 Deus
1659 1095 1944 1147 humanam
1974 1108 2071 1146 na-

498 1177 671 1226 turam
698 1173 748 1225 in
778 1172 1034 1225 unitatem
1066 1185 1305 1238 persona-
1336 1167 1590 1234 suscepit.
1630 1165 1713 1238 ilbi
1753 1163 1946 1238 femina
1975 1163 2067 1238 de-

497 1254 650 1308 cepta
687 1251 802 1307 ost,
850 1254 904 1294 ιιι
951 1235 1098 1293 ﬁeret
1144 1240 1249 1293 tilia
1290 1237 1485 1292 diaboli
1525 1255 1538 1289 :
1589 1237 1673 1289 hic
1716 1237 1863 1305 virgo
1905 1235 2072 1303 gratia

503 1314 701 1376 repleta
725 1323 801 1366 est
824 1356 836 1372 .
872 1322 926 1365 ιιι
955 1310 1107 1364 ﬁeret
1135 1322 1305 1364 mater
1323 1308 1515 1362 sumini
1543 1317 1702 1376 atque
1723 1308 2074 1359 incommuta-

503 1377 623 1438 bilis
654 1382 914 1450 Uoigeniti
961 1383 1069 1435 Dei.
1135 1381 1204 1434 lbi
1251 1379 1470 1448 angelus
1495 1377 1730 1450 (lt-jectus
1761 1389 2072 1450 pc_r_su_per-

501 1454 640 1525 biant
666 1495 681 1519 ,
712 1445 944 1508 se'ducta:
983 1452 1223 1525 mulieris
1251 1445 1484 1525 animum
1511 1447 1741 1525 obtinuit
1773 1464 1785 1499 :
1822 1445 1906 1525 hic
1939 1446 2075 1525 Deus

503 1516 785 1578 huntilians
811 1538 868 1578 se
897 1539 992 1593 per
1016 1521 1434 1593 misericordiam
1462 1561 1493 1593 ,γ
1511 1519 1828 1593 incorrupta}
1855 1516 2074 1593 virginis

502 1606 709 1648 ιιιιϊιιιιι
750 1611 818 1648 cx
847 1585 910 1648 ea
946 1594 1242 1648 nasciturus
1287 1591 1540 1661 implevit.
1597 1589 1684 1642 Dei
1729 1589 1870 1661 enim
1913 1585 2076 1661 Filius

499 1663 654 1719 Jesus
681 1665 924 1718 (lin-ignis
949 1665 1036 1734 qui
1082 1665 1131 1717 in
1169 1662 1335 1716 forma
1364 1657 1456 1714 Dei
1478 1671 1628 1723 erat;
1669 1657 1850 1734 quod}
1880 1657 1980 1710 nisi
2009 1671 2078 1710 ex

503 1746 687 1808 natura
713 1736 883 1790 Patris
907 1730 1062 1808 natus
1088 1743 1265 1808 esset,
1294 1748 1417 1808 esse
1447 1748 1550 1784 non
1578 1740 1792 1808 posset:
1825 1730 1957 1808 ipse,
1988 1741 2077 1808 se-

497 1805 732 1858 Cundum
759 1807 1103 1874 apostolicam
1135 1804 1430 1874 doctrinam
1451 1844 1466 1867 ,
1508 1799 2081 1874 semetipsumieainanio

501 1876 568 1927 vit
599 1868 813 1946 formam
840 1876 965 1946 servi
989 1875 1258 1942 accipiens.
1291 1872 1534 1946 Formam
1565 1887 1701 1946 ergo
1714 1870 1876 1932 servi,
1903 1868 1950 1921 id
1973 1874 2075 1932 est,

503 1941 745 1998 naturam
779 1945 915 1998 servi
963 1945 1013 1996 in
1045 1941 1192 1996 suam
1236 1943 1437 2011 acet-pit
1475 1943 1612 1994 Deus
1652 1941 1737 1992 ille
1775 1953 2076 2011 personam,

502 2026 660 2080 atque
708 2018 774 2067 ita
824 2016 1092 2067 hominum
1141 2013 1305 2065 factor
1345 2008 1398 2064 in
1447 2011 1776 2063 similitudine
1816 2008 2082 2080 hominum

504 2078 666 2154 [uetus
687 2126 700 2146 ,
752 2085 920 2138 habitu
952 2095 1032 2138 est
1060 2085 1288 2136 inventus
1327 2093 1378 2134 ut
1411 2083 1557 2133 homo
1571 2098 1592 2154 _,'
1649 2081 1761 2146 ipse
1803 2078 2082 2132 Itumiliavit

504 2151 822 2224 aenwtipsum
845 2198 857 2218 ,
890 2161 1052 2225 foetus
1072 2154 1305 2208 obediens
1330 2168 1484 2225 usque
1513 2151 1578 2203 ad
1615 2158 1845 2213 mortem,
1877 2159 2083 2202 mortem

501 2235 670 2300 autem
698 2227 862 2300 erucis
890 2224 1145 2300 (Philipp.
1179 2241 1232 2284 ll.
1267 2224 1402 2300 trs)-
1478 2292 1510 2300 η
1755 2291 1767 2300 ,
1989 2289 2000 2300 .

581 2295 664 2348 19.
699 2291 904 2350 Intente
932 2291 1242 2363 igiturhanc
1270 2292 1512 2361 Apostoli
1539 2291 1858 2363 senteniiam
1885 2291 2081 2363 cogita,

503 2375 561 2419 ut
590 2366 638 2419 in
670 2382 731 2421 ea
771 2359 1060 2434 cognosces
1099 2359 1366 2434 quomodo
1403 2362 1686 2434 Dominum
1722 2361 1900 2434 Jesum
1933 2359 2088 2413 Chri-

505 2444 644 2489 stum
690 2430 937 2490 eumdem
990 2430 1153 2489 Deum
1197 2445 1356 2503 atque
1400 2432 1668 2486 hominem
1707 2430 1934 2493 credas;
1987 2443 2087 2483 nec

503 2513 589 2559 tan
612 2520 678 2561 en
707 2507 757 2560 in
783 2522 848 2560 eo
877 2507 1154 2560 veritatem
1195 2505 1467 2573 utriusque
1502 2513 1702 2573 natura:
1733 2507 1784 2556 in
1826 2515 1930 2573 una
1959 2515 2084 2568 per-

499 2588 650 2640 sona,
683 2588 772 2630 aut
795 2575 1120 2638 confundas,
1157 2585 1248 2629 aut
1271 2571 1494 2628 dividas.
1543 2572 1673 2626 (Iunt
1703 2585 1831 2641 ergo
1858 2571 2088 2639 primum

499 2648 651 2700 audis
675 2648 743 2702 de
769 2648 990 2701 Domino
1015 2645 1142 2700 Jesu
1163 2645 1394 2707 Christo,
1416 2643 1536 2712 quia
1562 2642 1612 2695 in
1631 2643 1796 2697 forma
1824 2641 1918 2695 Dei
1934 2649 2085 2712 erat;

499 2726 712 2793 oportet
755 2727 806 2771 te
841 2730 1130 2793 agnoscere
1153 2756 1176 2793 ._
1219 2710 1624 2793 ﬁrmissiineque
1654 2721 1836 2793 tenere
1862 2752 1878 2774 ,
1915 2711 1966 2792 in
1997 2710 2090 2793 ill-0

505 2733 712 2785 oportet
755 2733 806 2771 ιε
841 2733 868 2768 ll
909 2733 1130 2771 noscere
1153 2756 1167 2775 ο
1219 2733 1624 2793 Itrmtssunequc
1654 2733 1836 2766 tenere
1862 2752 1878 2774 ο
1915 2733 1966 2792 Ιιι
1997 2733 2090 2764 ιιιυ

505 2787 692 2840 forma:
721 2733 938 2841 nomige
975 2785 1266 2840 naturalem
1299 2781 1908 2854 plenitudinemidebere
1936 2779 2091 2834 tutel-

504 2854 613 2924 ligi.
645 2855 699 2910 lu
723 2855 890 2909 forma
915 2857 1072 2925 igitttr
1099 2856 1188 2908 Dei
1209 2852 1467 2925 Dominus
1487 2852 1643 2908 Iesus
1669 2852 1912 2925 Christus
1939 2859 2085 2914 erat;

500 2923 622 2993 quia
649 2928 700 2979 in
733 2935 915 2980 natura
940 2923 1039 2980 Dei
1078 2924 1249 2979 Patris
1285 2939 1496 2994 semper
1519 2931 1670 2988 erat,
1709 2923 1775 2979 de
1800 2937 1907 2991 quo
1935 2930 2091 2994 natus

478 2992 636 3050 erat.
665 2995 835 3052 Unius
875 3011 1004 3066 ergo
1051 3003 1252 3050 natura:
1281 2992 1591 3066 cum'Patre
1621 3002 1737 3059 est,
1785 2992 2088 3066 aequaliter-

502 3081 604 3134 que
632 3082 751 3120 cum
775 3081 841 3122 eo
864 3061 1219 3136 sempiternus
1246 3075 1403 3134 atque
1446 3065 1735 3136 immensus
1758 3106 1772 3126 ,
1817 3061 2092 3136 aequaliter

503 3132 816 3192 immortalis
843 3148 897 3192 et
927 3132 1393 3197 incommutabilis,
1425 3135 1700 3202 :cqualiter
1729 3132 2007 3187 invisibilis
2038 3141 2092 3185 et

503 3208 870 3262 inenarrabilis
895 3253 906 3264 .
965 3208 1241 3271 a~qua|iter
1268 3206 1436 3258 bonus
1462 3215 1515 3258 et
1557 3205 1730 3272 justus
1749 3246 1764 3268 ,
1814 3202 2093 3271 a-qualiter

501 3281 782 3334 miseratur
805 3289 859 3334 et
895 3278 1198 3332 ιιιιεειίειιιέ
1220 3319 1235 3341 ,
1283 3276 1486 3344 patiens
1511 3284 1566 3328 et
1607 3276 1830 3329 multum
1879 3273 2089 3344 mist-ri-

500 3364 624 3402 eors
656 3360 709 3402 et
737 3365 926 3411 verax,
975 3349 1247 3415 :t-qualiter
1283 3342 1430 3401 tortis
1460 3355 1514 3400 et
1553 3344 1769 3408 suavis;
1817 3342 2092 3411 aequaliter

501 3420 717 3488 sapiens
746 3428 903 3487 atque
933 3418 1285 3486 omnipotens.

573 3483 662 3543 ΞΟ.
690 3483 919 3542 Proinde
949 3488 1060 3542 haec
1084 3483 1274 3542 'omola
1301 3503 1418 3556 qum
1449 3486 1684 3556 diximus
1709 3483 1776 3538 de
1804 3483 1940 3536 Filio
1960 3483 2088 3556 Dei,

504 3558 808 3612 ﬁrmissima
838 3558 940 3612 ﬁde
967 3562 1200 3613 retinens
1227 3560 1248 3588 ¹
1280 3562 1295 3625 (
1324 3554 1445 3624 quia
1474 3558 1587 3610 hmo
1617 3555 1802 3625 utique
1827 3554 2004 3607 omnia
2034 3554 2086 3606 in

501 3630 707 3683 unitte
731 3643 932 3683 natura:
974 3629 1174 3684 habens
1197 3624 1317 3682 cum
1351 3629 1522 3689 Patre,
1573 3625 1688 3679 sine
1717 3624 1880 3679 dubio
1909 3639 2088 3692 :equa-

504 3699 572 3754 lis
619 3710 694 3755 est
742 3699 881 3755 Patri
914 3717 926 3752 :
956 3710 1173 3771 propter
1218 3697 1357 3769 quod
1399 3707 1456 3752 et
1505 3696 1792 3771 Apostolus
1838 3695 2090 3748 continuo

502 3771 794 3841 adjungens
842 3771 913 3826 ait
944 3767 972 3824 ί
1005 3767 1126 3824 Non
1170 3767 1403 3841 rapinam
1455 3767 1996 3841 arbit_rutu_s__es_t_.e§se
2037 3779 2092 3818 se

501 3834 742 3911 aviualcm
771 3841 913 3905 Deo;
963 3857 1068 3896 non
1103 3834 1242 3896 enini
1293 3840 1493 3911 rapina:
1523 3839 1542 3870 ³
1571 3837 1668 3891 fuit
1706 3837 1790 3911 illa
1821 3834 1938 3911 Filii
1968 3849 2088 3911 cum

503 3905 660 3967 Patre
688 3913 977 3968 divinitatis
1024 3913 1334 3982 aequalitas,
1358 3905 1476 3964 'sed
1509 3906 1771 3982 nature),
1814 3907 1975 3960 etiam
2005 3905 2090 3982 ilia

499 3997 618 4050 quzr
653 3992 1043 4050 consequenter
1080 3977 1348 4049 subjungit
1385 3981 1671 4050 Apostolus
1699 3979 1919 4050 dicens,
1967 3977 2089 4050 quia

501 4047 818 4120 scutétipsum
839 4047 1128 4106 'exittanivit
1167 4047 1382 4120 formam
1403 4047 1531 4120 servi
1552 4049 1803 4117 accipiens
1823 4089 1838 4109 ,
1864 4047 1919 4120 in
1945 4047 2090 4100 simi-

503 4116 714 4174 litudine
739 4124 998 4175 hominum
1030 4116 1191 4191 factus
1210 4160 1224 4180 ,
1265 4130 1311 4172 et
1342 4119 1517 4191 habitu
1549 4116 1868 4191 iuventusul
1898 4116 2047 4170 homo
2069 4133 2092 4180 ,’

500 4201 554 4244 et
590 4193 708 4256 quia
756 4187 1039 4243 Itumiliavil
1076 4191 1428 4256 semetipsum,
1475 4189 1636 4255 factus
1679 4187 1910 4240 obedienc
1936 4203 2092 4251 usque

501 4260 570 4310 ad
600 4270 808 4312 mortem
831 4301 844 4320 ,
891 4270 1098 4312 mortem
1123 4268 1289 4310 autem
1317 4257 1477 4309 crucis
1506 4272 1524 4309 :
1551 4259 1726 4310 omnia
1768 4259 1882 4309 hzec
1908 4256 1974 4310 de
2001 4257 2091 4310 illo

502 4329 772 4396 unigenito
799 4329 910 4382 Deo
938 4329 1027 4383 Dei
1059 4327 1194 4380 Filio
1218 4369 1233 4390 ,
1264 4326 1328 4379 de
1362 4326 1451 4378 illo
1486 4326 1657 4396 Verbo
1685 4327 1793 4396 Deo
1817 4365 1832 4389 ,
1880 4325 1946 4378 de
1971 4341 2091 4396 quo

501 4394 630 4452 dicit
672 4400 1024 4467 evangelista,
1074 4396 1140 4450 In
1172 4396 1420 4467 principio
1446 4406 1552 4448 erat
1587 4394 1832 4467 Verbum,
1878 4404 1934 4467 ct_
1970 4394 2091 4449 Ver-

504 4471 619 4522 bum
650 4480 757 4524 erat
795 4464 933 4536 opud
971 4469 1134 4523 Deum
1157 4464 1180 4531 ,V
1218 4477 1261 4519 rt
1293 4464 1430 4520 Deus
1467 4476 1573 4520 erat
1607 4464 1856 4528 Verbum;
1905 4465 1971 4536 de
2001 4467 2090 4522 illa

507 4541 598 4594 Dei
631 4535 866 4605 Virtute,
918 4542 1112 4610 Deique
1151 4539 1416 4610 Sapientia
1445 4580 1457 4595 .
1493 4538 1572 4610 tle
1599 4553 1699 4606 qtta
1723 4536 1851 4610 Deo
1873 4535 2084 4610 dicitur,

506 4611 689 4666 Omnia
739 4614 789 4666 iu
831 4606 1093 4673 Sapientia
1142 4611 1304 4680 fecisti
1350 4606 1518 4680 (Paul.
1558 4623 1682 4680 cut,
1712 4607 1838 4680 24);
1884 4606 1968 4680 de
1997 4608 2089 4662 illo

505 4683 770 4753 Principio
799 4699 918 4739 cum
949 4699 1055 4752 quo
1086 4678 1246 4735 unum
1277 4678 1373 4753 est:
1404 4679 1559 4753 Pater
1603 4679 1714 4748 ipse
1753 4678 2086 4753 principium,

500 4764 557 4810 et
599 4754 652 4809 in
686 4749 800 4822 'quo
843 4754 942 4808 sibi
969 4749 1242 4808 coaeterno
1277 4750 1402 4804 fecit
1446 4751 1638 4822 cteltnn
1674 4758 1727 4804 ct
1771 4759 1994 4815 terram,
2037 4749 2088 4822 id

501 4835 584 4878 est
622 4820 835 4880 omnem
879 4824 1207 4893 spiritualem
1236 4820 1675 4893 corporalemque
1705 4828 1982 4893 naturam;
2021 4820 2090 4893 de

503 4893 615 4948 Deo
643 4891 932 4964 unigenito,
959 4895 1047 4964 qui
1078 4903 1159 4947 est
1186 4893 1238 4946 in
1260 4893 1376 4946 sinu
1401 4891 1614 4964 Patris,
1649 4899 1708 4944 ιιι
1736 4891 1878 4954 dixi,
1909 4891 2087 4964 omnia

503 4963 617 5018 iure
668 4962 1017 5034 personaliter
1063 4965 1278 5032 accipe;
1341 4962 1484 5017 salva
1544 4969 1718 5034 tamen
1758 4963 2083 5034 aeternitate,

501 5031 888 5099 immensitate,
917 5031 1338 5096 immortalitate,
1373 5031 1923 5097 incommutabilitatc,
1955 5032 2090 5085 invi-

501 5105 750 5160 sibilttate
771 5107 1060 5159 divinitatis
1090 5105 1222 5174 ejus.
1256 5104 1384 5171 Quae
1408 5105 1488 5174 ita,
1508 5102 1817 5157 naturaliter
1838 5111 1890 5174 ut
1911 5117 2088 5174 xequa-

503 5174 622 5230 liter
655 5180 953 5230 communia
983 5172 1244 5229 etttn‘Deo
1289 5176 1441 5229 Patre
1479 5173 1638 5227 habet
1683 5175 1818 5227 Deus
1849 5172 2014 5226 Filius
2040 5172 2084 5238 ⁸,

501 5256 558 5302 ιιι
599 5247 718 5300 licet
751 5247 910 5300 homo
938 5262 1031 5315 pro
1061 5247 1213 5300 nobis
1255 5245 1408 5299 fuerit
1438 5245 1696 5299 veraciter
1727 5243 1895 5298 lactus
1923 5286 1936 5309 ,
1967 5260 2083 5313 pcr-

503 5322 755 5371 tnanserit
779 5327 948 5370 tamen
981 5318 1198 5385 a-qualis
1231 5331 1355 5370 iero
1379 5316 1485 5369 Deo
1510 5316 1529 5345 ⁵
1561 5315 1699 5368 Patri
1722 5359 1734 5376 ,
1759 5315 1828 5370 de
1855 5331 1960 5384 quo
1988 5331 2082 5369 na—

565 5430 581 5461 ι
610 5430 724 5479 Btliti
749 5436 878 5492 [αντ.
905 5428 1034 5492 quia.
1063 5426 1348 5492 amendatur
1369 5427 1428 5476 ad
1449 5428 1790 5492 Cor-beiensem
1815 5435 1894 5475 Ms.

561 5492 582 5521 ⁸
606 5493 744 5548 ειιιιι,
771 5488 936 5540 retine.
962 5491 1261 5546 tastigautur
1283 5489 1343 5536 ad
1368 5496 1586 5544 veteres,
1614 5488 1777 5538 libros.

563 5551 736 5614 _‘mv.,
756 5554 944 5612 inputo.
971 5560 1020 5603 Et
1047 5553 1188 5614 paulo
1210 5558 1336 5614 post,
1357 5551 1442 5600 sed
1463 5557 1662 5600 natura.

559 5611 584 5675 θ
607 5614 724 5663 ιιίιιιι
746 5611 843 5675 alii,
873 5614 961 5666 Dei

456 5701 464 5716 -
499 5745 535 5784 υ
534 5673 586 5785 1ιῖ
585 5676 790 5785 lﬁttest,
831 5673 963 5728 'oero
995 5685 1128 5734 Deo,
1166 5688 1193 5724 a
1256 5683 1336 5725 tis.
1383 5673 1663 5727 Corbeiensi
1716 5681 1768 5726 et
1818 5673 1924 5727 aliis
1961 5686 2084 5726 non-

1957 261 2324 328 APPENDIX.

3671 274 3782 332 760

2177 394 2260 460 tus
2307 394 2389 460 est
2430 400 2595 460 verus
2633 394 2688 444 et
2724 387 2936 445 Veritas
2980 389 3144 445 Deus.
3199 389 3558 460 Semctipsum
3609 388 3774 460 igitur

2174 457 2465 512 exiuanivit
2486 501 2500 523 ,
2530 461 2623 514 sed
2662 460 2725 514 de
2748 460 3060 531 plenitudine
3088 461 3197 527 ejus
3231 477 3320 514 nos
3363 457 3533 514 omnes
3563 457 3768 530 accepi-

2175 544 2283 600 mus
2313 544 2330 580 :
2359 545 2517 596 quam
2544 532 2922 598 plenitudinem
2945 532 2987 584 si
3011 531 3768 600 exinanitusamitteret.quod

2176 597 2241 650 de
2263 614 2321 650 ea
2352 600 2504 652 nobis
2529 597 2683 653 daret
2713 601 2892 669 utique
2926 617 3029 655 non
3055 603 3294 655 haberet.
3345 601 3546 655 Eodem
3584 597 3766 655 autem

2178 683 2284 720 non
2308 669 2561 740 habente.
2607 686 2704 723 nos
2747 673 2933 740 procul
2969 672 3131 724 dubio
3156 673 3286 726 nihil
3319 686 3593 739 possemus
3622 672 3764 724 accio

2179 753 2322 811 pere.
2370 739 2447 791 De
2477 739 2784 798 plenitudine
2803 750 2978 796 autent
3005 744 3113 811 ejus
3145 759 3236 796 nos
3259 759 3432 796 omnes
3459 743 3766 809 accepimus.

2181 810 2255 862 Ex
2297 812 2560 881 eoiigitur
2601 812 2745 881 quod
2787 812 2938 866 nobis
2975 810 3044 866 de
3090 813 3418 880 [lenitudine
3459 828 3552 867 sua
3597 812 3766 878 dedit,

2180 879 2415 934 ostendit
2439 879 2630 943 etiam,
2650 897 2768 936 cum
2800 897 2858 936 se
2885 879 3178 937 exinanivit
3203 925 3217 947 ,
3251 883 3637 951 plenitudinem
3661 898 3768 935 non

2178 951 2422 1004 amisisse
2461 967 2617 1021 quam
2670 951 2851 1006 habuit
2882 971 2894 1006 :
2922 954 3042 1022 quia
3091 955 3134 1007 si
3187 953 3570 1021 plenitudinem
3612 969 3764 1005 suam

2177 1022 2466 1085 amitteret,
2490 1023 2616 1077 dare
2637 1023 2702 1076 de
2724 1023 2810 1076 illa
2830 1023 3130 1078 nullatenus
3149 1033 3346 1091 posset.
3372 1023 3620 1076 Formam
3639 1037 3771 1091 ergo

2179 1092 2323 1162 servi
2351 1093 2557 1162 accepit
2587 1110 2599 1144 :
2630 1107 2801 1162 neque
2834 1094 2973 1146 enim
3009 1093 3152 1148 aliud
3197 1094 3291 1148 luit
3329 1094 3414 1147 illa
3446 1093 3537 1148 Dei
3569 1093 3768 1146 sumini

2179 1161 2487 1229 exinanitio,
2522 1163 2620 1217 nisi
2649 1161 2833 1216 forma:
2854 1164 3078 1227 servilis,
3102 1165 3154 1218 id
3179 1173 3260 1219 est
3285 1175 3487 1219 natura:
3515 1162 3771 1218 humana:

2179 1232 2437 1302 acceptio.

2253 1304 2341 1357 2i.
2373 1302 2606 1374 Utraque
2643 1312 2723 1358 est
2753 1304 2908 1374 igitur
2939 1303 2989 1358 in
3013 1303 3226 1358 Christo
3252 1303 3442 1368 forma,
3467 1304 3588 1372 quia
3616 1313 3769 1358 utra-

2180 1389 2285 1442 que
2310 1383 2364 1428 et
2394 1389 2518 1429 vera
2549 1384 2604 1428 et
2630 1375 2786 1442 plena
2815 1385 2899 1428 est
2942 1374 2992 1428 in
3019 1374 3234 1429 Christo
3278 1374 3592 1429 substantia.
3644 1375 3768 1428 Ideo

2181 1456 2398 1514 sanctus
2435 1445 2756 1514 evangelista
2809 1446 3022 1512 plenum
3053 1459 3175 1499 eum
3214 1445 3396 1514 gratize
3437 1455 3490 1500 et
3533 1445 3770 1500 veritatis

2185 1513 2666 1586 praedicatlJoon.
2706 1531 2765 1586 ι,
2812 1515 3015 1586 1,]6,
3057 1515 3148 1582 14)
3181 1534 3192 1568 :
3225 1513 3346 1586 quia
3391 1524 3446 1570 et
3492 1516 3542 1570 in
3590 1515 3768 1570 divina

2183 1594 2370 1655 natura
2396 1626 2411 1648 ,
2459 1584 2509 1638 in
2555 1601 2678 1655 qua,
2704 1585 2844 1638 Deus
2873 1584 3080 1638 Veritas
3106 1595 3188 1640 est
3213 1584 3254 1647 ,⁷
3275 1585 3460 1649 plenus
3484 1595 3593 1652 est;
3635 1595 3689 1640 et
3714 1587 3767 1640 in

2184 1654 2434 1726 humana,
2467 1656 2516 1708 in
2544 1654 2645 1723 qua
2670 1654 2830 1709 homo
2863 1671 3022 1710 verus
3052 1655 3232 1710 Gratia
3257 1655 3425 1726 iactus
3445 1665 3524 1711 est
3542 1698 3555 1719 ,
3581 1657 3770 1726 plenus

2183 1736 2284 1796 est.
2313 1724 2366 1776 Ιιι
2392 1726 2478 1778 illa
2512 1725 2836 1793 plenitudine
2868 1726 3006 1779 Deus
3030 1735 3111 1780 est
3135 1768 3148 1788 ,
3183 1727 3233 1781 in
3265 1725 3433 1781 forma
3463 1728 3553 1780 Dei
3585 1724 3768 1796 inqua-

2184 1795 2249 1850 Iis
2286 1796 2425 1859 Deo;
2479 1795 2529 1849 in
2562 1796 2657 1849 ista
2689 1796 3016 1865 plenitudine
3045 1811 3264 1864 servus,
3313 1797 3364 1850 in
3407 1797 3573 1853 forma
3601 1795 3767 1864 servi,

2183 1866 2305 1934 quia
2335 1866 2386 1918 in
2415 1866 2743 1920 similitudine
2781 1867 3038 1920 hominum
3064 1871 3226 1937 factus
3245 1909 3260 1932 ,
3291 1866 3460 1920 habitu
3491 1877 3573 1922 est
3597 1868 3771 1922 inven-

2186 1945 2266 1988 tus
2296 1946 2348 1989 ut
2378 1937 2549 1990 homo.
2590 1937 2920 1991 Exinanicns
2957 1952 3085 2007 ergo
3114 1939 3456 2007 semetipsum
3476 1981 3492 2002 ,
3545 1938 3770 1992 formam

2187 2009 2325 2078 servi
2357 2007 2589 2075 accepit,
2619 2017 2676 2061 ut
2705 2010 2850 2061 tieret
2871 2023 3093 2072 servus;
3131 2008 3223 2062 sed
3262 2009 3445 2063 forma:
3477 2009 3566 2063 Dei
3595 2009 3768 2078 pleni-

2189 2077 2424 2148 tudinem
2451 2093 2557 2132 non
2577 2079 2784 2143 amisit,
2815 2079 2864 2131 in
2892 2094 2992 2148 qua
3015 2093 3225 2148 semper
3253 2087 3334 2133 est
3361 2077 3773 2148 :eternus’atque

2189 2147 2639 2202 incommutabilis
2681 2147 2932 2202 Dominus
2962 2166 2976 2204 :
3011 2147 3176 2204 factus
3205 2149 3497 2205 secundum
3545 2147 3771 2204 formam

2189 2219 2328 2272 servi
2354 2217 2514 2272 homo
2534 2234 2692 2272 verus
2717 2261 2732 2285 ,
2772 2219 3010 2289 ejusdem
3056 2229 3261 2274 natura:
3287 2222 3438 2289 cujus
3468 2230 3550 2276 est
3577 2220 3770 2275 ancilla

2191 2298 2398 2360 mater;
2446 2297 2500 2343 et
2539 2304 2760 2344 manens
2802 2291 2852 2344 in
2899 2288 3066 2360 forma
3097 2290 3189 2346 Dei
3222 2288 3362 2345 Deus
3387 2307 3578 2357 verus,
3625 2291 3771 2360 ejus-

2190 2358 2312 2414 dem
2357 2369 2557 2414 natura:
2584 2360 2734 2428 cujus
2757 2368 2841 2415 est
2859 2363 3016 2414 etiam
3045 2359 3298 2416 Dominus
3324 2363 3498 2416 Pater.
3531 2362 3585 2416 lu
3606 2358 3772 2416 forma

2195 2429 2288 2484 Dei
2310 2445 2428 2484 cum
2458 2431 2613 2484 Patre
2639 2441 2694 2485 et
2719 2431 2919 2499 Spiritu
2945 2440 3130 2486 sancto
3164 2446 3302 2486 unus
3323 2441 3378 2486 et
3402 2434 3547 2488 solus
3570 2432 3771 2486 forma-

2195 2508 2278 2554 tor
2297 2501 2533 2572 omnium
2558 2501 2703 2572 Deus
2724 2516 2739 2564 ;
2762 2503 3060 2572 iSecundum
3091 2501 3315 2557 formam
3337 2505 3476 2558 servi
3494 2503 3639 2558 solus
3661 2504 3774 2572 ipse

2195 2584 2289 2623 sua
2320 2581 2371 2641 et
2398 2571 2572 2625 Patris
2601 2581 2654 2625 et
2681 2571 2912 2639 Spiritus
2944 2573 3112 2626 sancti
3139 2574 3448 2641 operatione
3481 2571 3770 2628 formatus:

2193 2640 2333 2708 quod
2360 2649 2571 2696 creator
2599 2650 2677 2695 est
2699 2681 2714 2705 ,
2751 2656 3038 2696 commune
3073 2640 3276 2698 habens
3311 2644 3622 2700 naturaliter
3649 2659 3769 2698 cum

2195 2709 2350 2765 Patre
2371 2719 2432 2781 et
2475 2709 2671 2778 Spiritu
2710 2721 2935 2776 sancto;
2977 2713 3119 2781 quod
3156 2724 3336 2768 autem
3383 2724 3592 2770 creatus
3620 2723 3702 2770 est
3733 2715 3771 2779 ',

2194 2781 2339 2834 solus
2369 2780 2571 2855 habens
2608 2781 2959 2855 personaliter
2989 2780 3041 2837 in
3068 2797 3127 2839 se
3151 2783 3288 2853 ipso.
3325 2783 3489 2855 Cujus
3509 2795 3564 2840 et
3583 2785 3774 2840 nativi-

2195 2859 2356 2905 tatem
2384 2851 2613 2924 l‘uturam
2643 2852 2938 2906 secundum
2963 2851 3212 2920 carnem,
3245 2864 3302 2910 et
3329 2851 3579 2924 mortem,
3608 2865 3661 2911 ct
3685 2872 3773 2912 re-

2195 2923 2614 2992 surrectionem,
2659 2930 2820 2992 atque
2861 2923 2914 2977 in
2956 2925 3124 2979 caelos
3161 2927 3530 2982 ascensionem
3577 2927 3686 2982 Lex
3721 2935 3775 2981 et

2195 2991 2491 3067 Propheta;
2517 2991 2892 3067 pramun’tiare
2918 3009 3188 3065 nunquam
3227 2996 3576 3063 destiterunt,
3623 3006 3778 3067 prout

2197 3061 2311 3131 ipse
2335 3061 2673 3132 pratcipiebat
2695 3104 2708 3124 ,
2739 3061 3093 3120 obedientes"
3125 3076 3179 3122 et
3211 3067 3387 3123 verbis
3412 3077 3467 3123 et
3495 3061 3666 3123 factis.

2266 3132 2356 3188 22.
2411 3133 2539 3187 Nam
2585 3143 2638 3188 et
2681 3134 2734 3188 in
2779 3135 3048 3190 sacriﬁciis
3084 3138 3377 3192 carnalium
3424 3139 3771 3204 victimarum,

2197 3219 2316 3272 qua:
2359 3203 2458 3258 sibi
2507 3205 2616 3274 ipsa
2662 3213 2844 3274 sancta
2889 3205 3159 3271 Trinitas,
3205 3223 3324 3274 quae
3352 3223 3489 3264 unus
3532 3221 3613 3264 est
3641 3203 3778 3265 Deus

2197 3275 2332 3349 Noi'i
2354 3285 2408 3329 et
2436 3273 3077 3349 the_ris_Tesmmeiitj,_a
3109 3273 3350 3349 patribus
3365 3281 3562 3335 nostris
3584 3281 3775 3349 praeci-

2197 3345 2376 3415 piebat
2399 3345 2607 3411 oll'erri,
2656 3345 2795 3399 illius
2820 3344 3064 3400 sacriﬁcii
3099 3344 3498 3415 signiﬁcabatur
3530 3344 3776 3415 gratissi-

2198 3431 2343 3485 nium
2388 3429 2614 3478 munus,
2669 3429 2776 3485 quo
2817 3429 2913 3483 pro
2951 3416 3103 3472 nobis
3144 3431 3201 3471 se
3247 3417 3418 3485 ipsum
3464 3416 3609 3473 solus
3637 3419 3782 3476 Deus

2198 3484 2366 3539 Filius
2414 3484 2706 3540 secundum
2744 3500 2957 3541 carnem
3001 3494 3144 3542 esset
3189 3484 3604 3544 misericorditer
3631 3490 3782 3546 oblao

2198 3563 2369 3627 turus.
2401 3556 2518 3624 Ipse
2541 3555 2682 3627 enim
2703 3597 2718 3620 ,
2759 3556 3048 3612 secundum
3077 3558 3422 3627 apostolicam
3459 3558 3775 3626 doctrinam,

2198 3626 2372 3679 obtulit
2394 3626 2713 3696 semetipsum
2735 3643 2827 3695 pro
2848 3627 2988 3680 nobis
3012 3626 3313 3682 oblationem
3341 3639 3391 3683 et
3421 3631 3638 3684 hostium
3668 3631 3776 3685 Deo

2196 3696 2249 3749 in
2276 3696 2488 3769 odorem
2525 3697 2785 3769 suauitatis
2828 3697 3140 3769 (Ephesuv,
3172 3696 3248 3769 5).
3290 3700 3408 3768 Ipse
3450 3715 3606 3756 verus
3637 3700 3778 3757 Deus

2197 3777 2250 3820 et
2280 3780 2438 3820 verus
2459 3765 2722 3842 Pontifex,
2750 3770 2838 3835 qul
2861 3765 2958 3842 pro
2991 3768 3144 3824 nobis
3168 3765 3276 3842 nun
3299 3765 3351 3824 in
3376 3772 3631 3842 sanguine
3659 3780 3776 3825 tau-

2196 3851 2378 3908 rorum
2406 3844 2460 3890 ct
2481 3836 2770 3908 hircorum,
2793 3838 2886 3890 sed
2916 3838 2991 3908 in,
3014 3840 3270 3908 sanguine
3299 3855 3396 3896 suo
3424 3836 3586 3896 scine!
3621 3842 3782 3896 intro-

2198 3907 2295 3981 ivit
2321 3909 2370 3981 in
2397 3915 2577 3981 sancta
2608 3905 2788 3981 (Hebr.
2824 3923 2908 3974 ix,
2939 3907 3051 3981 l2).
3083 3905 3237 3977 Quod
3267 3919 3392 3966 tunc
3421 3911 3656 3981 pontifex
3689 3913 3778 3968 ille

2197 3978 2527 4048 signiﬁcabat
2549 4017 2564 4041 ,
2605 3978 2694 4048 qui
2719 3992 2841 4032 cum
2871 3979 3126 4048 sanguine
3159 3981 3211 4034 in
3247 3978 3434 4037 sancta
3467 3991 3779 4039 sanctorum

2199 4047 2294 4117 per
2319 4063 2488 4102 annos
2515 4047 2762 4124 singuios
2785 4047 3035 4124 intrabat.
3077 4049 3179 4105 Iste
3204 4051 3362 4120 igitur
3385 4062 3467 4108 est
3484 4093 3497 4117 ,
3529 4053 3618 4124 qui
3643 4053 3694 4124 in
3717 4069 3778 4109 se

2200 4136 2305 4171 uno
2349 4128 2513 4173 totum
2549 4118 2820 4184 exhibuit,
2865 4119 3007 4188 quod
3040 4135 3160 4175 esse
3194 4118 3562 4178 necessarium
3593 4123 3660 4177 ad
3691 4140 3776 4179 re-

2197 4189 2517 4258 demptionis
2566 4199 2762 4244 nostra:
2813 4190 3014 4245 sciebat
3057 4190 3338 4257 etchtum;
3392 4193 3531 4248 idem
3575 4194 3780 4249 scilicet

2198 4259 2446 4334 sacerdos
2474 4269 2528 4314 et
2547 4259 2864 4314 sacriﬁcium
2887 4303 2902 4326 ,
2941 4261 3081 4316 idem
3109 4262 3611 4334 Deuscttcmplum
3642 4281 3654 4316 :
3687 4280 3777 4319 sa-

2198 4329 2387 4384 cerdos
2411 4371 2425 4394 ,
2479 4345 2573 4398 per
2613 4345 2772 4399 quem
2814 4347 2998 4387 sumus
3024 4333 3380 4398 reconciliati;
3432 4329 3772 4400 sacriﬁcium,

2197 4417 2302 4473 quo
2329 4400 2654 4473 reconciliati
2688 4418 2700 4453 :
2731 4402 3006 4473 iemplum,
3032 4403 3084 4457 in
3101 4418 3207 4473 quo
3224 4405 3583 4468 reconciliati;
3615 4405 3774 4472 Deus,

2197 4470 2280 4524 cui
2323 4470 2695 4543 reconciliati,
2724 4470 2880 4543 solus
2909 4481 3083 4528 tamen
3111 4470 3362 4530 sacerdos
3385 4517 3400 4540 ,
3433 4470 3774 4543 sacriﬁcium,

2197 4549 2253 4596 et
2289 4541 2577 4610 templum;
2610 4542 2732 4610 quia
2774 4541 2888 4597 haec
2930 4543 3107 4597 omnia
3149 4545 3288 4600 Deus
3330 4546 3624 4601 secundum
3670 4541 3777 4600 lor;

2196 4626 2336 4687 niam
2365 4611 2552 4687 servi;
2580 4626 2690 4687 _non
2723 4621 2900 4667 autem
2941 4614 3092 4687 solus
3132 4614 3312 4687 Deus;
3357 4619 3479 4687 quia
3510 4617 3611 4672 hoc
3652 4633 3774 4672 cunt

2197 4679 2357 4734 Patre
2381 4690 2432 4734 et
2453 4678 2654 4749 Spiritu
2685 4690 2870 4736 sancto
2893 4683 3185 4738 secundum
3212 4678 3438 4741 formam
3470 4687 3583 4742 Dei.

2265 4750 2752 4824 25.il{econciliati
2806 4766 2988 4824 sumus
3028 4753 3185 4824 igitur
3231 4772 3326 4823 per
3367 4757 3538 4812 solum
3585 4756 3774 4812 Filium

2197 4819 2485 4876 secundum
2515 4835 2730 4875 carnem
2752 4863 2765 4886 ,
2813 4821 2906 4877 sed
2938 4819 3070 4879 non'
3083 4825 3185 4880 soli
3211 4819 3346 4882 Filio
3373 4827 3667 4883 secundum
3695 4827 3777 4881 di-

2197 4892 2492 4967 vinitatem.
2546 4891 2778 4967 Trinitas
2803 4894 2945 4967 enim
2985 4909 3082 4950 nos
3122 4895 3223 4950 sibi
3269 4898 3633 4952 reconciliavit
3682 4913 3775 4967 per

2197 4962 2300 5036 hoc
2329 4961 2470 5036 quod
2510 4964 2682 5036 solum
2711 4962 2946 5036 Verbum
2974 4979 3190 5021 carnem
3218 4968 3329 5036 ipsa
3364 4967 3600 5022 Trinitas
3629 4961 3771 5024 fecit.

2196 5034 2252 5107 lin
2279 5049 2384 5104 quo
2406 5034 2485 5090 sic
2514 5035 2714 5090 veritas
2739 5035 3187 5092 incommutabilis
3217 5034 3494 5107 permanet
3531 5039 3776 5094 humana:

2194 5105 2493 5179 divinisque
2523 5117 2760 5179 natura),
2806 5116 2867 5162 ut
2894 5111 3033 5164 sicut
3061 5123 3182 5162 vera
3207 5105 3419 5178 semper
3445 5121 3530 5164 est
3555 5111 3672 5179 ejus
3695 5108 3778 5164 di-

2196 5177 2386 5232 vinitas
2409 5218 2423 5240 ,
2457 5192 2611 5243 quam
2641 5178 2709 5233 de
2745 5178 2900 5234 Patre
2944 5177 3425 5234 incommutabilem
3471 5177 3663 5247 habet,
3705 5179 3776 5236 ita

2195 5263 2319 5302 vera
2364 5263 2576 5318 semper
2614 5257 2776 5320 atque
2820 5250 3268 5320 incommutabilis
3311 5249 3427 5320 ejus
3473 5250 3779 5306 humanitas

2195 5319 2280 5374 sit.
2309 5335 2466 5387 quam
2494 5320 2592 5375 sibi
2621 5319 2822 5374 unitam
2850 5334 3055 5390 summa
3080 5319 3328 5390 divinitas
3346 5319 3512 5390 gerit.

2264 5391 2355 5446 24.
2387 5390 2511 5446 llaec
2539 5406 2705 5462 pauca
2727 5390 2794 5445 de
2819 5389 2925 5445 ﬁde
2949 5397 3147 5446 sancta:
3171 5389 3446 5446 Trinitatis
3469 5431 3486 5458 ,
3529 5406 3650 5461 qua:
3686 5405 3780 5446 so-

2260 5553 2275 5582 ι
2301 5551 2384 5600 uic
2409 5549 2524 5600 editi
2544 5549 2743 5612 addunt,
2768 5545 2974 5612 formam
2988 5545 3116 5599 servi
3133 5545 3397 5599 secundum
3418 5558 3564 5612 quam
3586 5552 3778 5600 creatus

2193 5620 2300 5683 esti:
2323 5614 2586 5683 glossema.
2610 5609 2738 5683 (ιιιορ
2756 5611 2897 5658 abes‘
2910 5621 2940 5658 ³
2957 5615 3066 5683 “is-9'
3112 5671 3125 5683 .
3187 5671 3218 5683 ..

2197 5670 2427 5788 be'mApud
2476 5670 2584 5724 Lov.
2625 5670 2854 5723 omissum
2895 5679 3001 5724 erat
3017 5707 3031 5733 ,
3077 5671 3375 5733 obedientes;
3399 5671 3528 5740 quod
3552 5677 3660 5724 nos.
3689 5670 3776 5723 ιιι
