4138 6212
1965 246 2331 306 APPENDIX.
3693 247 3811 309 776

2198 370 2321 419 ante
2397 360 2826 416 constitutionem
2895 356 3078 416 mundi
3145 359 3197 416 in
3254 357 3596 430 adoptionem
3653 363 3796 419 lilio-

2199 449 2315 488 rum
2348 433 2439 487 Dei
2481 431 2882 504 przcdestinatos
2929 448 2958 485 a
3001 432 3174 504 Deo_:
3221 447 3395 502 neque
3427 433 3602 504 perire
3632 449 3796 504 posse

2199 505 2427 573 aliquem
2462 517 2647 557 eorum
2676 516 2810 571 quos
2839 502 2974 557 Deus
3003 501 3399 574 pra'destinavit
3429 501 3493 574 ad
3543 501 3790 574 regnum,

2203 572 2306 629 nec
2321 589 2640 642 quemquam
2661 588 2845 644 eorum
2867 587 3000 642 quos
3023 573 3160 626 Deus
3182 590 3285 644 non
3307 572 3705 644 praedestinavit
3727 575 3794 631 ad

524 255 635 326 7'75

527 375 750 434 dicens:
778 371 848 429 Et
865 378 1051 427 mortui
1066 373 1330 438 resurgenl
1347 364 1644 438 incorrupti,
1671 371 1719 417 et
1737 378 1830 438 nos
1847 363 2087 438 immuta-

528 433 708 522 ὁρκίων.
732 444 799 500 Et
812 443 1097 522 ostendens
1116 433 1236 522 qua:
1260 437 1363 522 erit
1386 437 1498 522 ipsa
1527 433 2088 522 immutatioiagdjecit:

530 517 739 588 Oportet
763 515 894 588 enim
919 505 1241 588 corruptique
1264 509 1356 562 hoc
1381 505 1590 588 induere
1605 505 2042 588 incorruptionem
2072 545 2088 569 ,

535 572 805 644 et'mortale
821 586 912 638 hoc
926 572 1134 636 induere
1149 578 1588 632 immortalitatem.
1604 575 1660 630 In
1677 589 1861 646 eorum
1881 572 1957 646 (a)
1971 587 2093 646 cor-

527 659 745 728 poribus,
795 657 881 708 iiet
908 651 1048 722 quod
1097 651 1209 728 ipse
1261 647 1546 728 Apostolus
1575 651 1685 700 ait:
1720 644 2012 728 Seminatur
2038 644 2094 725 in

455 773 466 782 ,
527 717 845 796 corruptione
870 765 884 787 ,
926 717 1225 796 surget—im
1259 717 1634 796 ineorruptione
1665 731 1684 769 :
1707 717 1988 796 seminatur
2034 717 2094 796 in

527 785 836 868 ignobilitate
858 785 878 868 ,7
900 785 1066 862 surgét
1096 792 1147 844 in
1175 790 1335 868 gloria
1357 805 1374 842 :
1401 785 1672 842 seminatur
1694 786 1752 867 in
1778 785 2092 868 inﬁrmitate,

527 857 696 937 surget
720 867 771 918 in
806 857 1007 937 Avirtuté
1029 857 1842 937 .jseminaturneorpusanimale
1860 897 1875 917 ,
1929 863 2098 937 surget

526 924 710 1007 corpus
737 932 999 1007 spirituale
1026 929 1212 1007 (ICor.
1245 945 1333 995 xv,
1363 929 1555 1007 εις-55,
1579 927 1779 994 42-44).
1804 924 1954 992 Quod
1983 939 2102 1006 pro-

532 995 711 1077 pte'rea
739 995 1012 1077 spiritui-le
1036 995 1191 1077 dixit,
1225 1017 1330 1077 non
1367 998 1489 1068 quia
1535 997 1705 1077 ipsum
1735 1009 1929 1076 corpus
1951 995 2103 1077 spiri-

533 1065 617 1132 ius
675 1065 816 1140 erit,
859 1072 950 1128 sed
1011 1073 1132 1140 quia
1191 1065 1730 1140 viviﬁcantesmritu
1796 1065 2100 1120 immortale

530 1156 690 1217 atque
757 1137 1155 1217 in'corruptibile
1208 1138 1560 1211 permanebit.
1608 1137 1694 1217 Sic
1723 1144 1922 1217 autem
1975 1145 2100 1217 tunc

533 1203 742 1271 dicetur
762 1203 1034 1283 spiritu-ale
1070 1203 1286 1283 corpus,
1316 1225 1434 1264 cum
1477 1221 1581 1262 non
1609 1207 1824 1283 spiritus
1852 1206 1985 1283 sig,
2007 1203 2103 1259 sed

534 1276 842 1355 permaneat
909 1297 1135 1355 corpus;
1168 1276 1326 1335 'sicut
1402 1292 1543 1355 nunc
1606 1276 2098 1355 animale_dicitur,

533 1346 653 1412 cum
684 1366 857 1408 tamen
908 1346 1209 1405 inveniatur
1246 1365 1350 1404 non
1385 1349 1560 1402 anima
1601 1361 1742 1409 esse,
1768 1346 1861 1400 sed
1887 1360 2100 1413 corpus.

603 1424 827 1479 CAPUT
854 1422 1023 1486 XXX,
1053 1438 1139 1474 seu
1165 1420 1297 1476 Rea.
1327 1434 1494 1472 xxvu.
1538 1419 1624 1472 75.
1659 1415 1809 1468 Fides
1835 1425 1878 1469 et
1922 1414 2104 1483 Bapti-

535 1514 689 1552 smus.
723 1494 1050 1548 Firmissime
1079 1502 1222 1554 tene,
1252 1498 1306 1543 et
1331 1489 1630 1542 nullatenus
1656 1486 1863 1540 dubites
1886 1526 1900 1550 ,
1942 1499 2104 1539 exce-

537 1569 641 1637 ptis
665 1565 767 1619 illis
793 1564 881 1637 qui
930 1579 1026 1637 pro
1060 1561 1273 1637 nomine
1301 1558 1496 1612 Christi
1527 1571 1624 1610 suo
1650 1557 1904 1637 sanguine
1932 1555 2108 1624 bapti-

539 1627 742 1698 inntur,
773 1627 970 1688 nullum
1001 1632 1268 1684 hominem
1287 1637 1626 1696 accepturum
1651 1627 1812 1698 vitam
1827 1634 2110 1698 azternam,

537 1709 625 1776 qui
650 1695 752 1759 non
776 1704 860 1758 hic
885 1721 913 1754 ιι
943 1702 1094 1756 malis
1119 1699 1403 1776 suisﬂfuerit
1420 1695 1517 1766 per
1542 1697 1904 1776 paenitentiam
1925 1695 2110 1774 iidem-

539 1766 641 1846 que
669 1787 993 1846 conversus,
1025 1781 1079 1826 et
1108 1787 1201 1846 p_t-r
1224 1766 1621 1846 sacramentum
1671 1766 1902 1846 iideinet
1943 1766 2111 1846 pmni-

542 1835 722 1901 tentia:
744 1886 757 1906 ,
792 1844 840 1897 id
866 1835 1451 1909 est,iper'Baptismum
1504 1839 1780 1909 liberatus.
1809 1836 1874 1888 Et
1899 1835 2114 1909 majori-

539 1917 641 1971 bus
693 1905 903 1982 quidem
957 1905 1317 1982 noeessarium
1369 1923 1496 1982 esse
1542 1917 1595 1961 et
1647 1907 2007 1982 paenitentiam
2045 1905 2114 1958 de

545 1975 832 2038 malis‘snis
862 1996 1038 2050 agere,
1062 1981 1282 2034 etiidem
1304 1977 1618 2032 catholicam
1649 1975 1936 2050 secundum
1960 1989 2113 2050 regu-

546 2055 650 2108 lam
678 2045 920 2106 veritatis
941 2060 1142 2115 tenere,
1173 2059 1230 2104 et
1257 2057 1640 2102 sacramentum
1669 2045 2004 2115 Baptismatis
2025 2059 2115 2115 ac-

545 2125 722 2194 cipere
743 2140 755 2174 :
780 2120 1010 2194 parvulis
1030 2114 1176 2194 vero,
1196 2119 1285 2188 qui
1305 2132 1402 2172 nec
1423 2114 1914 2194 propria_vol_untat_e
1934 2114 2118 2169 crede-

545 2185 624 2259 re',
651 2207 750 2247 nec
771 2185 1130 2260 paenitentiam
1153 2185 1248 2260 pro
1271 2198 1487 2257 peccato
1507 2185 1997 2260 quodorigiualiter
2013 2194 2120 2238 tra-

545 2255 697 2327 itu-nt,
732 2255 889 2330 agere
930 2255 1167 2329 possunt,
1203 2255 1602 2330 sacramentum
1635 2256 1756 2310 iidei
1781 2263 1836 2330 et
1861 2255 2119 2330 paeniten-

547 2335 653 2399 tiae,
684 2325 824 2402 quod
872 2325 953 2385 est
981 2339 1219 2384 sanctum
1253 2328 1518 2398 Baptisma
1540 2367 1554 2391 ,
1604 2325 1854 2402 quamdiu
1903 2325 2120 2402 rationis

548 2395 676 2458 artas
692 2395 876 2458 eorum
891 2415 1054 2468 capax
1067 2415 1184 2455 esse
1202 2415 1306 2454 non
1327 2395 1518 2468 potest,
1532 2395 1855 2468 sufiicerc_ad
1872 2395 2116 2468 salutem.

621 2471 848 2527 CAPUT
872 2464 1066 2534 XXXI,
1091 2487 1178 2524 seu
1209 2464 1341 2525 Rea;
1367 2483 1554 2522 xxvut.
1609 2467 1697 2520 74.
1755 2464 1951 2518 Gratia.
2004 2465 2122 2519 Fir-

547 2544 785 2598 missime
819 2552 959 2604 tene,
984 2550 1036 2594 et
1063 2540 1361 2595 nullatenus
1387 2538 1612 2602 dubites,
1641 2537 1906 2591 neminem
1925 2535 2010 2588 hic
2029 2536 2125 2588 ho-

548 2615 748 2668 minum
778 2626 932 2678 posse
955 2611 1314 2679 pmnitentiam
1341 2623 1498 2679 agere
1529 2649 1542 2670 ,
1576 2607 1676 2661 nisi
1706 2621 1864 2675 quem
1895 2605 2031 2679 Deus
2059 2605 2124 2658 il-

549 2675 908 2746 luminaverit,
932 2675 983 2733 et
1002 2681 1238 2750 gratuita
1266 2675 1605 2750 miseratione
1614 2675 1961 2750 converterit.
1983 2677 2127 2750 Apo-

551 2754 718 2806 stolus
742 2745 1038 2805 cuitndicii
1069 2768 1081 2802 :
1108 2747 1188 2802 Ne
1213 2749 1341 2815 forte
1369 2747 1449 2800 det
1475 2746 1575 2798 illis
1601 2745 1738 2798 Deus
1783 2745 2126 2815 pwnitentiam

548 2823 616 2874 ad
641 2818 1034 2892 cognoscendam
1061 2813 1314 2892 ueritatem
1331 2858 1343 2880 ,
1379 2826 1424 2868 et
1452 2816 1743 2884 resipiscam
1771 2813 1802 2866 a
1828 2814 2015 2868 diaboli
2045 2813 2126 2867 la-

552 2893 688 2961 queis
701 2886 795 2961 '(l_|_
806 2888 961 2961 _7‘im_._
973 2903 1035 2961 it,
1047 2887 1146 2961 _?.5,
1168 2886 1282 2961 ἓξ).

620 2953 845 3014 CAPUT
871 2957 1084 3023 XXXII,
1103 2975 1187 3011 seu
1204 2953 1338 3012 RBG.
1362 2971 1506 3010 χχιχ.
1527 2955 1614 3009 75.
1637 2953 1784 3008 Nihil
1797 2955 1882 3025 agi
1896 2955 2000 3008 sine
2020 2971 2130 3024 gra-

553 3031 642 3084 tia.
669 3030 992 3084 Firmissime
1015 3037 1154 3093 tene,
1183 3037 1238 3082 et
1258 3027 1553 3081 nullatenus
1579 3025 1807 3090 dubites,
1838 3039 1992 3094 posse
2012 3025 2130 3094 qui-

552 3100 672 3156 dem
693 3098 979 3161 hominem,
995 3115 1149 3166 quem
1170 3112 1267 3152 nec
1289 3097 1577 3166 ignorantia
1597 3095 1910 3161 litterarum,
1930 3111 2027 3150 uec
2043 3096 2133 3149 ali-

552 3115 672 3156 aem
693 3115 979 3161 hominem,
1032 3115 1149 3154 ueni
1170 3115 1267 3152 nec
1289 3115 1577 3166 ιειιοτιιηιιει
1597 3115 1910 3161 ιιιιεΓιιι-ιιιιι,
1930 3115 2027 3150 IICC
2043 3115 2132 3149 au-

551 3187 653 3241 qua
682 3171 922 3240 prohibet
944 3115 1275 3241 imfiierillitas
1299 3167 1380 3222 vel
1403 3165 1714 3241 adversitas,
1743 3166 1902 3241 verba
1933 3175 2132 3221 sancta:

552 3236 759 3315 legiset
780 3239 1068 3315 Evangelii,
1099 3241 1209 3293 sive
1234 3238 1428 3315 legere,
1461 3239 1572 3315 sive
1598 3251 1782 3315 ex_or_e
1821 3236 2131 3315 cujusquam

555 3305 912 3382 priedicaloris
929 3305 1130 3382 'audire
1151 3327 1164 3362 :
1182 3308 1274 3362 sed
1292 3305 1506 3382 'divinis
1528 3306 1789 3382 mandatis
1807 3305 2024 3361 obedire
2040 3321 2133 3382 ne-

553 3377 958 3455 iuinem_poss__e,
1002 3379 1103 3432 nisi
1129 3393 1284 3448 quem
1298 3378 1451 3455 .Deus
1480 3377 1646 3455 gratia
1671 3391 1763 3455 sua
1796 3377 2128 3455 prte‘venerit,

552 3461 612 3506 ut
639 3445 953 3520 quod'audit
971 3445 1212 3520 corpore,
1237 3447 1400 3520 etiam
1427 3445 1587 3500 corde
1618 3445 1872 3520 percipiat
1893 3445 1936 3507 ³,
1967 3454 2136 3520 et_ac-

552 3515 704 3589 cepia
728 3518 979 3573 divinitus
1003 3515 1139 3589 bona
1169 3516 1438 3589 voluntate
1452 3525 1618 3589 atque
1642 3517 1855 3589 virtute,
1885 3515 2130 3589 mandata

555 3583 649 3646 Dei
678 3589 852 3644 facere
894 3597 948 3641 et
988 3587 1113 3642 velit
1145 3595 1199 3641 et
1226 3586 1409 3656 possit.
1442 3583 1621 3654 Neque
1661 3584 1801 3656 enim
1828 3585 1914 3653 qui
1938 3586 2134 3656 plantat

553 3668 626 3715 est
649 3658 843 3727 aliquid
862 3701 877 3725 ,
907 3673 1061 3727 neque
1087 3657 1172 3727 qui
1211 3655 1371 3726 rigat,
1413 3656 1500 3710 sed
1527 3655 1612 3724 qui
1653 3655 2010 3727 incrementum
2047 3656 2134 3710 dat

553 3676 626 3715 est
649 3676 719 3714 att
757 3676 842 3712 ma
862 3701 877 3725 ,
907 3676 1061 3727 neque
1087 3676 1172 3727 qut
1211 3676 1371 3726 rigat,
1413 3676 1498 3710 sea
1527 3676 1610 3724 qut
1653 3676 2010 3708 tncrententum
2047 3676 2134 3710 aat

553 3676 755 3802 Βαιεό
785 3729 901 3784 Cor.
927 3744 1003 3794 ιιι,
1026 3728 1080 3802 7)
1109 3744 1121 3780 :
1149 3727 1425 3802 Quietiam
1446 3736 1683 3802 aperatur
1699 3725 1751 3778 in
1779 3724 1931 3802 uehis
1947 3735 1992 3780 et
2012 3727 2136 3781 velle

552 3810 600 3856 et
621 3795 1156 3873 perlicereLprg_tgona
1183 3799 1440 3873 veluntate
1469 3795 1725 3873 (Philipp.
1757 3812 1815 3859 ιι,

621 3865 847 3927 CAPUT
865 3865 1099 3934 XXXIII,
1123 3885 1209 3923 seu
1227 3869 1358 3924 Βεϐ.
1378 3865 1508 3922 ιη.
1529 3866 1614 3921 76.
1633 3865 1797 3920 Deum
1817 3867 1944 3920 nihil
1960 3866 2132 3922 latere.

555 3942 886 3996 Firmissime
912 3949 1054 4005 tene,
1087 3947 1141 3995 et
1180 3940 1476 3994 nullatenus
1503 3937 1711 3993 dubites
1735 3977 1748 4001 ,
1797 3938 1905 3992 Deo
1935 3936 2135 3992 incom-

554 4011 794 4066 mutabili
822 4026 924 4064 non
947 4011 1118 4064 solum
1140 4010 1406 4078 praeterita
1432 4017 1484 4063 et
1515 4006 1813 4077 prmscnlia,
1852 4007 1945 4062 sed
1973 4009 2133 4063 etiam

551 4082 725 4135 futura
773 4081 948 4133 omnia
992 4079 1491 4134 incommutabiliter
1529 4093 1648 4132 esse
1700 4079 1996 4139 notissima,
2049 4079 2136 4134 cui

553 4151 776 4205 dicitur:
801 4148 934 4202 Deus
955 4149 1381 4218 quiioccullorunt
1397 4163 1448 4218 es
1477 4149 1720 4217 cognitor,
1750 4150 1836 4217 qui
1850 4149 1946 4204 scis
1970 4150 2136 4202 omnia

551 4216 977 4288 antequazzgﬁeeé
990 4217 1161 4288 19¢!"-
1190 4232 1302 4288 κιιιν
1326 4216 1438 4286 49)-

623 4284 855 4341 CAPUT
886 4285 1120 4351 XXXIV,
1153 4302 1238 4339 seu
1267 4284 1404 4339 Rea.
1435 4301 1582 4339 xxxi.
1605 4287 1694 4339 77.
1721 4285 2132 4342 Pra’destinatio.

555 4353 883 4412 Firmissime
924 4365 1064 4418 tene.
1096 4363 1150 4410 et
1190 4356 1493 4410 nullatenus
1531 4354 1739 4409 dubites
1764 4397 1778 4419 ,
1821 4355 2134 4413 Trinitatem

554 4426 741 4492 Deum,
766 4425 1272 4491 incommutabilem,
1293 4440 1470 4481 rerum
1489 4424 1723 4495 omnium
1745 4435 1898 4494 atque
1915 4440 2136 4495 Operum

555 4509 662 4553 tam
691 4512 906 4552 suorum
931 4512 1087 4567 quam
1117 4497 1464 4550 humanorum
1503 4494 1853 4551 certissimum
1894 4494 2135 4565 cognito-

552 4585 686 4633 rem,
715 4577 836 4623 ante
857 4569 1035 4623 omnia
1060 4567 1252 4623 saacula
1279 4567 1417 4622 scire
1437 4567 1628 4636 quibus
1649 4574 1789 4620 esset
1814 4567 2090 4636 periidem
2113 4568 2135 4600 ⁸

550 4641 772 4712 gratiam
815 4639 1098 4712 largiturus
1126 4638 1279 4694 :sine
1321 4652 1422 4708 qua
1456 4635 1859 4712 ’ncnio-potuit‘
1881 4635 1950 4712 ab
1984 4637 2136 4712 initio

551 4708 733 4765 mundi
762 4708 929 4781 usque
968 4709 1030 4781 in
1055 4710 1236 4781 linem,
1267 4723 1297 4781 τι
1327 4716 1475 4762 reatu
1495 4708 1700 4781 peccati
1733 4717 1838 4762 tam
1865 4708 2136 4781 originalis

541 4795 708 4851 quam
730 4778 952 4836 actu’alis
988 4779 1207 4834 absolvi.
1260 4779 1395 4851 Quos
1423 4779 1585 4851 enim
1609 4778 2022 4851 Deuspnescivit
2045 4820 2058 4844 ,
2089 4787 2137 4833 et

550 4846 922 4975 prwdgsgtinavit
945 4851 1224 4920 conformes
1243 4850 1356 4918 ﬁeri
1377 4849 1613 4920 imaginis
1638 4846 1764 4903 Filii
1778 4846 1862 4902 sui
1888 4848 1908 4879 ⁸
1939 4849 2130 4920 (Rom.

550 4935 664 4975 vni.
796 4961 808 4973 .

549 4935 664 4975 VIII.
692 4935 808 4975 Συ).

859 4989 1076 5058 XXXV,
1097 5007 1184 5046 seu
1195 4990 1330 5046 Rea.
1353 4989 1609 5044 xxxu.78.
1625 4987 1770 5042 Beati
1794 5005 1856 5043 ea:
1879 4990 2135 5058 prwdesti-

550 5062 766 5115 natione.
791 5061 1118 5116 Firmissime
1140 5071 1280 5126 tene,
1304 5069 1359 5116 et
1373 5060 1672 5114 nullatenus
1691 5059 1922 5123 dubites,
1945 5075 2133 5116 omnes

549 5145 682 5202 quos
710 5145 832 5186 vasa
862 5130 1238 5188 misericordiae
1255 5131 1480 5200 gratuita
1517 5130 1751 5186 bonitate
1784 5129 1922 5184 Deus
1947 5129 2130 5196 facit“,

611 5244 630 5325 ξ
652 5241 950 5325 ἐέριξςηιιονη
973 5243 1200 5293 omissum
1225 5249 1364 5304 erat,
1409 5248 1460 5295 et
1488 5240 1812 5306 poenitentiae;
1833 5242 1960 5307 quod
1983 5243 2132 5294 habe-

549 5308 630 5354 tur
652 5308 703 5353 in
725 5310 830 5353 Mss.

611 5366 631 5430 ξ
662 5365 971 5430 Corbeiensis
991 5371 1057 5414 Ms
1079 5399 1093 5425 ,
1121 5363 1340 5430 recipiat.

608 5426 631 5493 ξ
665 5427 729 5475 Ad
743 5439 884 5493 oram
906 5426 1016 5477 libri
1037 5426 1340 5493 mrbeiensis
1361 5427 1566 5489 additur,
1584 5427 1643 5478 ab
1666 5426 1749 5480 illo
1767 5426 2064 5493 inspiratam.

606 5488 630 5522 ⁸
662 5492 835 5547 Potest,
855 5488 994 5560 juxta
1011 5495 1084 5537 Er.
1109 5489 1256 5552 Lugd.
1277 5496 1395 5539 Ven.
1412 5495 1521 5540 ων.
1554 5488 1560 5489 ⁷
1587 5498 1642 5540 M.

605 5548 629 5611 ξ
660 5554 789 5608 Mss,
821 5561 944 5611 ejus.

607 5609 632 5682 ε
1088 5646 1104 5674 .
1126 5611 1332 5677 gratuita
1355 5621 1484 5668 Deus
1510 5613 1639 5679 fecit.

604 5671 680 5740 (α)
698 5671 1217 5740 W180,ij

2202 646 2362 698 vitam
2394 645 2496 697 ulla
2536 657 2694 713 posse
2724 643 2930 697 ratione
2971 645 3186 697 salvari.
3218 642 3623 697 Praedestinalio
3649 647 3793 700 enim

2205 714 2291 768 illa
2322 712 2563 784 gratuita:
2588 712 2888 784 donationis
2917 721 2999 766 cst
3031 713 3364 781 pneparatio.
3392 729 3492 784 qua
3526 730 3626 769 nos
3656 721 3798 783 Apo-

2205 785 2373 856 stolus
2394 785 2467 837 ait
2489 783 2958 856 praedestinatosin
2985 785 3304 856 adoptionem
3342 783 3566 852 ﬁliorum
3589 803 3680 856 per
3704 785 3790 841 Je-

2206 872 2317 908 sum
2338 855 2590 923 Christum
2615 855 2668 923 in
2694 856 2858 923 ipsum
2888 853 3100 923 (Ephes.
3125 870 3161 915 ι.
3192 854 3270 922 5).

2277 922 2501 996 CAPUT
2546 922 2806 987 XXXVI,
2852 922 2938 996 seu
2969 924 3099 979 Bac.
3133 939 3328 996 XXXIII.
3361 925 3449 980 79.
3479 924 3793 996 Baptismus.

2208 993 2538 1049 Firmissime
2565 1002 2704 1058 tene,
2730 1002 2783 1048 et
2808 995 3107 1048 nullatenus
3134 995 3365 1057 dubites,
3398 993 3795 1053 sacramentum

2211 1065 2570 1132 Baptismatis,
2606 1079 2710 1117 non
2740 1063 2912 1116 solum
2955 1065 3089 1117 intra
3121 1064 3417 1118 Ecclesiam
3450 1066 3795 1132 catholicam,

2211 1132 2491 1216 sedoetiam
2519 1134 2656 1216 apud
2701 1132 3016 1216 haereticos,
3061 1135 3151 1216 qui
3201 1135 3251 1216 in
3297 1135 3512 1189 nomine
3543 1136 3714 1192 Patris
3745 1147 3800 1216 et

2213 1205 2329 1259 Filii
2372 1213 2426 1258 et
2453 1202 2686 1274 Spiritus
2733 1205 2902 1258 sancti
2950 1202 3258 1274 baptizant,
3292 1219 3411 1259 esse
3453 1219 3653 1274 posse;
3701 1206 3796 1261 sed

2212 1283 2359 1329 extra
2384 1273 2673 1345 Ecclesiam
2700 1273 3288 1345 catholicamprodesse
3316 1290 3420 1329 non
3447 1273 3603 1345 posse
3643 1293 3655 1328 :
3689 1276 3798 1330 imo

2213 1347 2348 1400 sicut
2375 1345 2508 1398 intra
2537 1344 2822 1398 Ecclesiam
2845 1353 2989 1400 recte
3009 1344 3349 1400 credentibus
3376 1344 3472 1414 per
3496 1360 3803 1401 sacramen-

2215 1426 2326 1469 tum
2358 1414 2610 1483 Baptismi
2648 1414 2878 1468 conferri
2921 1415 3144 1470 salutem
3166 1456 3180 1479 ,
3213 1415 3289 1468 sic
3329 1425 3477 1469 extra
3505 1415 3800 1472 Ecclesium

2214 1486 2513 1554 baptizatis,
2546 1485 2588 1537 si
2619 1484 2684 1538 ad
2716 1484 3010 1539 Ecclesium
3040 1500 3145 1539 non
3174 1485 3447 1550 redierint,
3480 1485 3668 1540 eodem
3699 1486 3803 1540 Ba-

2217 1557 2410 1625 ptismo
2436 1554 2694 1608 cumulari
2726 1555 3033 1624 perniciem.
3076 1555 3306 1609 Tantum
3350 1556 3495 1610 enim
3540 1557 3678 1610 valet
3706 1571 3799 1612 ec-

2216 1625 2526 1680 clesiastica:
2552 1625 2818 1678 societatis
2845 1626 3019 1679 unitas
3043 1625 3109 1679 ad
3136 1625 3360 1680 salutem
3387 1667 3402 1692 ,
3447 1634 3505 1679 ut
3531 1625 3803 1694 Baptismo

2219 1711 2326 1748 non
2357 1696 2607 1760 salvetur,
2637 1695 2720 1764 cui
2750 1709 2852 1748 non
2885 1695 2955 1748 ibi
2980 1696 3156 1758 datur,
3180 1695 3268 1749 ubi
3298 1704 3508 1764 oportet
3535 1705 3590 1749 ut
3614 1697 3797 1752 detur.

2219 1764 2396 1820 Incsse
2430 1775 2605 1818 tamen
2634 1763 2836 1819 homini
2883 1765 3208 1834 Baptismum
3236 1763 3395 1819 etiam
3436 1775 3583 1819 extra
3613 1765 3803 1821 Eccle-

2219 1837 2352 1889 siam
2383 1835 2648 1903 baptizata
2672 1876 2687 1899 ,
2719 1835 2810 1889 sed
2840 1835 2906 1888 ad
2943 1835 3196 1902 judicium
3245 1836 3422 1891 inesse
3450 1836 3518 1889 ab
3564 1835 3802 1892 Ecclesia

2221 1914 2484 1972 separato.
2520 1906 2584 1975 Et
2608 1905 2727 1973 quia
2760 1905 3095 1959 manifestum
3125 1913 3240 1970 est,
3271 1906 3590 1975 ubicumque
3617 1905 3804 1962 datum

2223 1975 2378 2030 fuerit
2425 1976 2523 2028 hoc
2552 1974 2836 2043 Baptisms,
2886 1977 3049 2030 semel
3093 1991 3214 2031 esse
3255 1974 3524 2039 dandumi
3553 1977 3670 2030 ideo
3699 1977 3804 2032 ctsi

2221 2047 2288 2099 ab
2333 2045 2596 2099 lnereticis
2641 2045 2692 2116 in
2739 2046 2952 2100 nomine
2998 2046 3168 2100 Patris
3211 2056 3264 2100 et
3312 2045 3431 2100 Filii
3475 2056 3529 2101 et
3572 2045 3806 2116 Spiritus

2223 2117 2390 2186 sancti
2439 2116 2596 2186 fuerit
2635 2115 2815 2168 datum
2836 2157 2850 2179 ,
2883 2117 3254 2171 venerabiliter
3278 2115 3673 2186 agnoscendum
3699 2158 3712 2180 .
3744 2125 3806 2174 et

2223 2187 2292 2240 oh
2339 2185 2442 2239 huc
2491 2184 2792 2239 nullatenus
2834 2186 3153 2240 iterandum.
3201 2184 3444 2242 Salvator
3488 2187 3630 2241 enim
3676 2189 3803 2242 ait:

2229 2254 2328 2320 Qui
2354 2257 2504 2309 semel
2543 2255 2674 2309 lotus
2717 2265 2827 2322 est,
2860 2272 2959 2310 non
2984 2257 3172 2327 indiget
3198 2257 3214 2288 ί
3257 2256 3354 2310 nisi
3393 2264 3446 2309 ut
3486 2257 3636 2327 pedes
3671 2259 3808 2313 lavet

2227 2323 2402 2396 (Joan.
2426 2325 2773 2396 xlll.7710).7m

2287 2342 2402 2379 oan.
2426 2341 2536 2379 XIII.
2568 2341 2680 2379 ‘IUI.

2295 2395 2521 2450 CAPUT
2538 2395 2776 2449 XXXVII
2801 2438 2814 2459 ,
2837 2412 2924 2450 seu
2950 2397 3084 2453 Rea.
3106 2412 3290 2451 xxxw.
3317 2397 3404 2454 80.
3432 2396 3599 2452 Extra
3625 2397 3810 2453 Eccle-

2227 2467 2355 2520 sium
2379 2465 2516 2519 salus
2551 2467 2710 2519 nulla.
2744 2465 3074 2522 Firmissime
3103 2476 3255 2533 tene,
3283 2476 3337 2522 et
3371 2469 3674 2523 nullatenus
3701 2469 3806 2524 du-

2228 2536 2402 2600 bites,
2445 2550 2654 2610 omnem
2697 2545 2843 2610 extra
2882 2538 3173 2610 Ecclesiam
3215 2538 3526 2593 catholicam
3566 2539 3806 2610 baptiza-

2232 2615 2338 2659 tum
2364 2647 2378 2670 ,
2407 2607 2902 2678 iparticipemiieri
2948 2623 3052 2662 non
3094 2623 3249 2678 posse
3289 2610 3409 2662 vita:
3459 2607 3704 2674 aiternzh,
3759 2611 3807 2666 si

2231 2686 2353 2730 ante
2397 2675 2556 2729 linem
2600 2677 2721 2730 vita:
2763 2677 2944 2746 hujus,
2977 2675 3250 2733 catholica:
3291 2694 3397 2733 non
3442 2679 3598 2735 fuerit
3626 2681 3806 2736 reddi-

2234 2756 2314 2800 tus
2336 2755 2493 2814 atque
2522 2745 2887 2816 incorporatus
2917 2749 3187 2803 Ecclesiaz.
3219 2749 3351 2814 Quia
3377 2751 3420 2802 si
3449 2751 3655 2804 habeam
3674 2793 3689 2816 ,
3719 2753 3806 2806 in-

2231 2816 2345 2884 quit
2372 2816 2672 2882 Apostolus,
2701 2833 2896 2870 omnem
2917 2817 3088 2886 ﬁdem,
3117 2828 3162 2871 et
3191 2822 3409 2873 noverim
3430 2822 3598 2874 omnia
3626 2838 3806 2875 sacra-

2232 2897 2422 2962 menta,
2448 2887 2744 2962 charitatem
2766 2898 2931 2962 autem
2948 2905 3056 2962 non,
3070 2889 3303 2962 habeam,
3326 2891 3453 2944 nihil
3478 2908 3588 2944 sum
3615 2891 3657 2962 (Ι
3684 2891 3804 2946 Cor.

2234 2973 2349 3022 xm,
2375 2958 2452 3026 2).
2480 2957 2610 3010 Nam
2641 2967 2695 3011 et
2733 2959 2784 3011 in
2814 2958 3002 3013 diebus
3028 2959 3249 3026 diluvii,
3280 2962 3541 3015 neminem
3581 2957 3809 3032 legimus

2234 3037 2379 3080 extra
2403 3042 2574 3080 arcam
2598 3029 2830 3080 potuisse
2853 3029 3064 3080 salvari.

2234 3042 2379 3081 CXII'a
2403 3042 2574 3082 arcam

2305 3097 2386 3152 CA
2397 3098 2528 3153 PUT

2631 3029 2830 3083 otuisse
2853 3029 3064 3082 salvari.

2619 3097 2850 3165 XXVIII,
2896 3116 2980 3153 seu
3025 3101 3155 3155 Rea.
3205 3117 3374 3158 xxxv.
3412 3101 3499 3157 8i.
3540 3100 3810 3157 Damnati-

2236 3169 2306 3222 di.
2340 3169 2665 3222 Firmissime
2686 3179 2826 3233 tene,
2852 3179 2905 3222 et
2931 3171 3224 3225 nullatenus
3247 3171 3476 3236 dubites,
3505 3187 3608 3226 non
3635 3174 3808 3229 solum

2236 3254 2423 3293 omnes
2451 3239 2709 3306 Paganos,
2737 3240 2829 3292 sed
2856 3249 2910 3293 et
2933 3255 3119 3296 omnes
3141 3241 3372 3307 Judueos,
3405 3251 3459 3295 et
3486 3257 3669 3296 omnes
3696 3244 3806 3297 haz-

2237 3310 2431 3380 rcticos
2459 3319 2614 3378 atque
2643 3308 3039 3376 schismalicos,
3082 3313 3169 3380 qui
3207 3321 3355 3365 extra
3399 3312 3683 3367 Ecclesiam
3713 3328 3808 3368 ca-

2239 3379 2487 3451 tholicam
2515 3389 2829 3451 praesentem
2856 3380 3045 3451 ﬁniunt
3072 3379 3252 3444 vitam,
3281 3383 3330 3434 in
3357 3382 3530 3451 ignem
3551 3391 3809 3438 aeternum

2239 3450 2543 3588 ἔξιθι·οῇῗυὶ
2574 3458 2788 3518 paratus
2815 3459 2895 3504 cst
2922 3450 3133 3507 diabolo
3154 3461 3206 3507 et
3231 3450 3431 3522 angelis
3454 3453 3568 3522 ejus
3590 3452 3806 3522 (Matth.

2277 3537 2306 3574 ι
2346 3562 2360 3584 ,
2484 3559 2494 3572 .

2239 3535 2360 3584 xxv,
2383 3535 2494 3584 at).

2308 3590 2531 3646 CAPUT
2569 3589 2823 3659 XXXIX,
2869 3608 2956 3649 seu
2998 3592 3130 3648 Rea.
3181 3608 3368 3647 χχχιιι.
3420 3592 3505 3648 82.
3552 3591 3808 3647 Haeretici.

2240 3660 2564 3715 Firmissime
2612 3670 2762 3726 tene,
2806 3671 2860 3717 et
2899 3663 3200 3718 nullatenus
3237 3663 3477 3727 dubites,
3523 3663 3811 3727 quemlibet

2240 3732 2545 3785 hiereticum
2577 3732 2688 3786 sive
2721 3732 3150 3797 schismaticum,
3191 3733 3243 3787 in
3282 3734 3496 3787 nomine
3540 3732 3710 3788 Patris
3754 3743 3810 3789 et

2241 3801 2360 3854 Filii
2383 3810 2438 3856 et
2463 3801 2693 3870 Spiritus
2717 3803 2884 3857 sancti
2914 3803 3252 3871 baptizatum,
3283 3804 3326 3857 si
3351 3803 3602 3858 Ecclesia:
3626 3804 3813 3859 catho-

2241 3872 2356 3926 licaa
2380 3885 2485 3953 non
2532 3871 2691 3953 fuerit
2713 3883 3062 3953 Aaggrega’t‘us,
3097 3882 3551 3953 quantascumque
3578 3874 3811 3953 eleemo-

2240 3941 2642 4014 synasl‘ecerit,
2673 3941 2770 4014 etsi
2792 3941 2897 4012 pro
2934 3941 3130 3996 Christi
3159 3941 3558 4014 nomineetiam
3597 3945 3812 4014 sangui-

2241 4010 2360 4068 n'em
2395 4013 2618 4075 fuderit,
2667 4010 2963 4067 nullatenus
3000 4026 3155 4080 posse
3204 4011 3413 4065 salvari.
3466 4010 3626 4067 Omni
3669 4010 3812 4070 enim

2243 4084 2441 4138 homini
2483 4083 2572 4150 qui
2616 4081 2867 4138 Ecclesiae
2895 4082 3168 4136 catholica:
3195 4097 3300 4135 non
3340 4091 3487 4136 tenet
3516 4083 3772 4139 unitatem
3793 4127 3810 4152 ,

2242 4168 2412 4223 neque
2452 4153 2780 4221 Baptismns,
2814 4168 2984 4222 neque
3027 4153 3372 4223 eleemosyna
3391 4153 3680 4221 quamlibet
3718 4168 3814 4209 co-

2241 4221 2385 4292 piosa
2405 4265 2421 4290 ,
2453 4238 2623 4291 neque
2646 4238 2790 4293 mors
2814 4221 2915 4292 pro
2951 4226 3162 4278 nomine
3185 4221 3379 4293 Christi
3409 4233 3651 4292 suscepta
3688 4239 3814 4293 pro-

2242 4296 2404 4348 iicere
2449 4293 2640 4364 poterit
2671 4292 2741 4364 ad
2767 4293 3022 4360 salutem,
3067 4293 3275 4364 quando
3301 4294 3322 4324 ¹¹
3352 4292 3403 4346 iu
3431 4307 3497 4347 eo
3525 4293 3607 4364 vei
3640 4292 3813 4364 haeres

2242 4365 2343 4419 tica
2364 4364 2448 4418 vel
2476 4363 2811 4419 schismatica
2833 4365 3060 4432 pravitas
3083 4362 3403 4433 perseverat,
3433 4377 3553 4432 qua:
3575 4362 3723 4419 ducit
3744 4363 3814 4418 ad

2241 4445 2484 4489 mortem.

2309 4503 2534 4561 CAPUT
2595 4503 2686 4558 XL
2718 4545 2732 4570 ,
2790 4520 2879 4558 seu
2936 4505 3068 4560 Rea.
3132 4519 3336 4558 xxxvn.
3392 4503 3478 4558 8'5.
3532 4500 3811 4557 Christiani

2241 4577 2372 4630 male
2390 4577 2620 4629 viventes.
2653 4573 2980 4629 Firmissime
3005 4584 3144 4638 tene,
3173 4583 3228 4628 ct
3252 4575 3550 4628 nullatenus
3574 4571 3808 4638 dubites,

2242 4661 2349 4700 non
2375 4659 2560 4699 omnes
2598 4643 2687 4714 qui
2714 4645 2847 4698 intra
2877 4645 3166 4699 Ecclesiam
3194 4643 3508 4714 catholicam
3535 4641 3811 4714 baptizan-

2241 4724 2345 4781 tur,
2376 4712 2686 4784 accepturos
2708 4728 2825 4768 esse
2852 4716 3011 4768 vitam
3033 4723 3284 4784 mternam
3310 4732 3323 4766 :
3346 4712 3439 4784 sed
3464 4725 3557 4767 eos
3580 4713 3678 4784 qui
3694 4728 3815 4782 per-

2241 4794 2394 4856 cepto
2414 4781 2734 4856 Baptismate
2759 4794 2900 4839 recte
2923 4785 3123 4856 vivunt,
3152 4782 3203 4837 id
3228 4792 3329 4856 est,
3353 4783 3442 4856 qu_i
3467 4796 3525 4837 se
3549 4781 3816 4856 abstinue-

2240 4852 2346 4912 rint
2383 4873 2413 4910 a
2439 4852 2580 4910 vitiis
2608 4863 2665 4910 et
2701 4855 3146 4924 concupiscentiis
3170 4852 3384 4924 carnis.
3402 4852 3640 4924 Regnum
3669 4853 3812 4924 enim

2239 4927 2495 4983 caelorum
2525 4926 2660 4980 sicut
2684 4921 2958 4994 infideles,
2996 4923 3266 4994 haeretici,
3299 4932 3456 4994 atque
3490 4921 3814 4994 schismatici

2240 4997 2681 5064 non'habebunt;
2720 4997 2798 5052 sic
2826 4992 3071 5052 catholici
3107 4993 3379 5050 criminosi
3409 4992 3682 5064 possidere
3706 5007 3811 5046 non

2275 5078 2504 5126 oterunt.

2240 5085 2532 5196 poCCAIPIUT
2569 5139 2708 5206 XLI,
2740 5155 2827 5194 seu
2853 5139 2988 5194 Rea.
3018 5152 3236 5193 xxxvm.
3263 5163 3335 5175 —
3359 5133 3448 5189 84.
3468 5133 3602 5206 Sine
3627 5146 3813 5206 pecca-

2238 5212 2300 5265 tis
2322 5211 2566 5266 neminem
2584 5203 2762 5264 viucre.
2785 5208 3114 5264 Firmissime
3139 5216 3279 5270 tene.
3308 5214 3364 5260 et
3390 5203 3686 5258 nullatenus
3713 5203 3814 5256 du-

2237 5281 2372 5337 bites
2391 5324 2407 5347 ,
2453 5282 2610 5336 etiam
2637 5281 2809 5350 justas
2846 5288 3005 5347 atque
3030 5286 3242 5350 sanctos
3270 5275 3512 5330 homines
3531 5313 3549 5350 ,_
3574 5273 3813 5350 exceptis

2237 5352 2301 5407 iis
2329 5342 2692 5429 quibaptizati
2723 5342 2934 5419 parvuli
2953 5358 3074 5401 sunt
3095 5389 3110 5412 ,
3151 5347 3268 5402 sine
3295 5342 3816 5429 peccat.o_hicneini-

2237 5417 2364 5478 nem
2391 5417 2566 5476 vivere
2602 5417 2756 5490 posse
2783 5436 2795 5472 :
2829 5431 3146 5486 semperque
3169 5417 3314 5494 omni
3343 5417 3540 5494 homini
3567 5426 3686 5494 esse
3716 5426 3812 5466 ne-

2235 5495 2522 5550 cessarium
2543 5531 2558 5556 ,
2591 5486 2642 5546 et
2676 5500 2886 5562 peccata
2917 5503 3012 5543 sua
3045 5502 3212 5556 usque
3255 5489 3307 5543 in
3343 5486 3504 5543 ﬁnem
3532 5486 3652 5541 vitae
3676 5497 3814 5554 prae-

2299 5611 2317 5642 ⁸
2349 5611 2433 5660 Hic
2453 5606 2756 5656 Corbeiensis
2773 5612 2852 5654 Ms.
2879 5602 3041 5666 addit,
3064 5600 3234 5655 lavari.

2298 5673 2319 5705 ³
2351 5679 2481 5733 Lov.,
2504 5667 2753 5735 quamdiu.
