4138 6212
521 317 620 378 8H

518 435 664 493 Deus
681 432 846 488 donet
872 428 1072 482 animas
1103 425 1207 480 illis
1226 437 1360 492 quos
1389 421 1588 493 absque
1613 417 1854 493 remedio
1881 419 2098 493 salutari

518 490 659 562 inuri
689 501 962 567 contingit;
990 490 1402 567 respondemus,
1431 491 1570 560 quod
1594 491 1766 543 divina
1799 490 2062 567 institutio
2082 532 2095 554 ,

520 561 625 648 oua
656 589 741 628 res
761 583 814 626 et
841 561 1568 648 rerumnatura:Icoudpntur
1589 605 1601 625 ,
1633 577 1729 614 nec
1758 571 1969 648 pt-‘ccato
1999 561 2094 614 tol-

521 631 667 707 litur,
684 658 780 697 nec
798 638 1040 694 violentia
1059 635 1394 707 prmpeditutf,
1411 633 1534 707 lude
1552 633 1785 707 estquod
1812 631 1890 683 lex
1911 647 2098 707 carpa-

521 717 589 770 lis
614 702 816 781 copultc
837 752 854 781 ,γ
879 723 977 781 nec
1005 702 1162 781 etiam
1192 706 1240 758 in
1271 705 1421 757 malis
1441 703 1682 781 jure‘suo
1707 702 1958 781 privatur.
1989 702 2098 756 Ge-

520 771 709 840 neran't
740 778 963 834 adulleri
987 819 999 838 ,
1032 776 1406 839 fornicatores,
1455 771 1656 841 profani
1691 791 1702 823 :
1739 771 1989 824 naturalis
2020 783 2098 824 ta-

520 870 642 910 men
668 850 927 906 institutio
953 862 1051 901 nec
1080 848 1128 898 iu
1152 846 1343 898 talibus
1365 844 1590 912 deperit.
1618 842 1810 895 Natura
1839 857 2062 912 nannjne
2083 883 2096 904 ,

520 931 688 994 prout,
707 922 844 975 Deus
874 918 1117 994 instituit,
1145 915 1285 994 quod
1313 911 1464 969 suum
1494 924 1574 966 est
1595 922 1873 994 cperuttttt‘.
1906 911 2098 994 Natura

521 982 779 1063 siquidem
811 999 891 1063 est
928 982 1175 1056 quardat‘u
1198 987 1272 1063 vis
1313 995 1370 1063 et
1409 985 1640 1063 potentia
1671 983 1916 1036 divinitus
1944 982 2100 1063 rebus

521 1053 764 1120 creandis
793 1053 978 1120 insita,
1007 1074 1125 1126 quae
1157 1057 1436 1124 unicuique
1465 1055 1539 1108 rei
1568 1070 1716 1126 suum
1750 1070 1866 1126 csse
1893 1053 2098 1126 tribuit,

522 1149 627 1205 qua
661 1133 797 1205 bona
825 1123 1062 1205 quisquis
1090 1129 1224 1180 male
1251 1123 1416 1205 utitur
1432 1167 1443 1186 .
1478 1125 1648 1205 malus
1671 1140 1787 1178 esse
1813 1123 2098 1205 judicatur.

523 1193 671 1261 J'uste
692 1193 1163 1270 θηίιιιὐιιιιῖυιιις.ι·,
1187 1198 1271 1264 qui
1296 1196 1450 1249 licitis
1472 1195 1776 1248 abutuntur.
1807 1193 1954 1270 iuste
1977 1207 2102 1246 vero

522 1275 838 1345 puniuntur,
862 1264 956 1345 qui
984 1283 1168 1337 rapere
1188 1271 1816 1345 inconcessa“conantur:
1852 1264 1938 1316 Sic
1961 1272 2100 1345 sata-

525 1333 621 1402 itas
649 1333 862 1400 malum.
887 1333 968 1394 sic
995 1333 1357 1408 protoplastus
1385 1335 1610 1408 perdidit
1641 1334 1960 1408 paradisum.
1992 1333 2100 1385 Ab-

523 1424 743 1469 utu-utur
773 1412 927 1467 licitis
951 1452 966 1474 ,
995 1405 1082 1477 qui
1114 1409 1249 1461 bona
1273 1407 1364 1459 Dei
1395 1406 1661 1477 maculant
1701 1405 2104 1477 usibns_inco_u-

525 1487 711 1539 cessis.
744 1473 1162 1536 Maculam-bona
1186 1477 1308 1538 Dei,
1335 1478 1471 1530 sicut
1497 1477 1532 1528 ii
1559 1475 1648 1545 qui
1676 1492 1798 1545 cum
1817 1473 2007 1527 ardore
2025 1473 2105 1545 li:

525 1555 720 1609 bidinis
763 1558 1014 1605 exercent
1057 1563 1218 1617 Opera
1262 1548 1466 1616 cepulac
1501 1542 1745 1617 carnalis.
1774 1544 1848 1597 Ex
1900 1545 1981 1597 his
2014 1542 2105 1595 lilii

525 1632 845 1693 generantur
864 1662 877 1686 ,
907 1616 1376 1693 quorutucorpora
1408 1617 1672 1693 serviente
1685 1616 1928 1693 _Crcatori
1959 1629 2107 1693 crea—

526 1684 643 1748 ‘t'ura
675 1684 1004 1752 formantur,
1039 1699 1092 1743 ct
1139 1684 1573 1755 Declinspirante
1619 1685 1937 1753 spiraculum
1985 1684 2106 1755 vita:

502 1767 845 1818 ianimautur.
897 1759 1229 1830 Sj’iiraculutn
1269 1754 1387 1830 vitai
1429 1757 1709 1830 humanam
1755 1755 1999 1830 anima_m_
2031 1754 2108 1807 in-

528 1835 706 1900 tellige
725 1875 739 1897 ,
769 1825 1060 1902 quam'non
1093 1829 1332 1896 producit
1361 1837 1507 1902 terra
1531 1827 1612 1878 vel
1649 1840 1782 1894 aqua
1805 1867 1817 1889 ,
1848 1825 2106 1902 sed_Deus

529 1893 752 1972 inspirat
779 1893 803 1956 τ’
825 1915 928 1969 quo
949 1893 1134 1972 sensus
1157 1897 1399 1965 corporei
1425 1893 1918 1972 animautur;_unde
1949 1893 2108 1972 homo

529 1965 702 2029 factus
733 1974 784 2026 in
813 1965 1039 2024 animam
1086 1969 1346 2021 viventem
1380 1975 1721 2019 inenmratur.
1756 1965 1812 2017 In
1845 1966 1924 2018 his
1963 1972 2018 2018 et
2053 1965 2106 2018 in

531 2045 651 2098 aliis
685 2042 1033 2109 Omnipotens
1069 2039 1208 2107 agit,
1239 2045 1393 2109 prout
1428 2036 1652 2109 instituit
1675 2051 1883 2109 ,__qucm
1919 2035 2108 2109 nullius

531 2113 786 2182 adjuvant
813 2104 945 2168 bona
968 2151 982 2174 ,
1035 2104 1131 2182 nec
1175 2104 1465 2182 impediunt
1497 2107 1652 2182 mala.
1686 2106 1857 2182 Bonos
1885 2104 2107 2182 quidcm

533 2175 777 2252 provehit
813 2197 904 2239 sua
933 2181 1105 2252 gratia
1139 2196 1151 2230 :
1174 2175 1345 2252 inalos
1368 2184 1543 2252 terret
1569 2177 1581 2206 ι
1612 2192 1703 2252 sua
1731 2175 1930 2252 justiti-.1
1958 2213 1971 2226 .
2002 2175 2108 2252 _Nos

533 2245 776 2322 equidem
807 2245 976 2315 scrvi',
1001 2249 1133 2322 dum
1157 2247 1380 2322 Domini
1418 2247 1570 2299 bonis
1609 2245 1905 2322 abutimur,
1941 2247 2014 2298 rei
2057 2253 2111 2322 et

533 2315 718 2378 miseri
766 2322 959 2390 pariter
996 2319 1311 2390 invenimur.
1363 2318 1479 2390 Ipse
1530 2331 1653 2370 vero
1694 2316 1977 2380 Dominus,
2020 2315 2108 2390 qui

531 2386 804 2448 servorum
831 2406 1045 2446 suorum
1070 2389 1219 2442 malis
1251 2388 1384 2442 bene
1412 2388 1592 2452 utitur,
1623 2398 1835 2438 sanctus
1865 2394 1916 2439 et
1941 2386 2112 2438 onmi-

534 2475 724 2532 potens
753 2462 1019 2516 adoratur.
1066 2459 1179 2529 Ipse
1202 2457 1411 2532 corpori
1447 2461 1657 2532 terreno
1684 2457 1759 2532 de
1781 2456 1976 2532 peccati
2007 2465 2112 2532 tra_-.-

536 2526 706 2590 duce3
754 2542 1037 2601 propagato
1078 2526 1103 2594 ξ
1138 2543 1236 2601 pro
1266 2527 1710 2601 institutionesua
1750 2527 1970 2593 inspirat
2007 2526 2112 2579 ani-

533 2620 699 2669 mam,
732 2599 866 2656 bene
887 2612 1038 2656 utens
1068 2600 1248 2654 inclita
1285 2599 1715 2666 praevaricatione
1748 2605 1963 2669 nostra;
1995 2611 2111 2669 qua;

535 2675 578 2726 si
629 2665 772 2728 esset
822 2671 1110 2732 naturalis,
1157 2665 1394 2721 Creatori
1444 2677 1648 2733 poterat
1696 2667 1963 2734 imputari.
2009 2665 2111 2720 Sed

537 2743 756 2798 Creator
787 2749 1046 2810 praeparat
1071 2739 1478 2810 omnitempore
1507 2737 1870 2796 Sacramenta,
1905 2745 1957 2790 et
1985 2736 2113 2810 obe-

536 2813 749 2868 ἁὶθηιὶίε
779 2806 860 2880 pia
887 2806 1134 2878 proponit
1171 2808 1340 2880 edicta
1367 2849 1379 2870 ,
1410 2816 1467 2860 ut
1493 2817 1673 2860 contra
1701 2816 1972 2880 peccatum
2018 2806 2114 2860 Sa-

535 2875 806 2937 cramenta
834 2875 940 2934 sint
963 2875 1013 2934 iu
1039 2877 1352 2936 remedium,
1375 2886 1429 2931 ct
1460 2875 1827 2944 temporalium
1860 2879 2110 2930 observa-

537 2953 615 3006 tio
641 2951 1007 3006 mandatorum
1034 2960 1352 3003 aeternorum
1375 2946 1562 3001 ail‘erat
1585 2947 1798 3015 prtemia
1826 2946 2108 3000 denorum.

537 3023 690 3078 Unde
718 3021 760 3075 si
780 3021 940 3088 aliqui
969 3019 1066 3073 sub
1107 3028 1321 3086 peccato
1348 3019 1506 3087 geniti
1533 3018 1727 3072 obeunt
1758 3019 1958 3086 parvuli
1993 3019 2114 3072 abs-

537 3108 640 3162 que
669 3092 902 3147 remedio
917 3090 1171 3162 salutari,
1211 3090 1542 3162 pertimesce
1568 3089 1956 3162 justitiamDei
1978 3130 1991 3152 ,
2024 3090 2110 3162 qui

539 3159 668 3217 nihil
696 3163 851 3216 debet
879 3161 1055 3222 alicui,
1079 3161 1169 3214 sed
1191 3159 1408 3214 damnat
1427 3161 1476 3212 in
1505 3160 1723 3229 singulis
1750 3159 1943 3211 malum
1972 3159 2112 3226 quod

536 3249 642 3290 neu
666 3235 789 3288 fecit
812 3233 863 3286 in
891 3231 987 3286 eis.
1016 3231 1072 3287 Si
1093 3239 1264 3284 autem
1295 3231 1540 3298 parvulos
1565 3243 1782 3283 renovat
1801 3229 2114 3284 Sacramen-

538 3304 606 3364 tis
627 3343 640 3367 ,
671 3303 933 3358 admirare
963 3301 1377 3356 misericordiam
1409 3301 1519 3352 Dei.
1555 3300 1656 3368 Ipsi
1685 3302 1824 3352 enim
1855 3301 1988 3353 sicut
2015 3316 2112 3356 nc-

538 3373 713 3426 sciunt
736 3372 940 3440 culpam
967 3411 982 3435 ,
1006 3386 1125 3422 cum
1155 3387 1255 3436 qua
1274 3385 1344 3440 ex
1375 3385 1534 3421 carne
1571 3371 1994 3440 nascuntunpsie
2023 3385 2114 3423 ue-

537 3443 715 3496 sciunt
729 3437 972 3508 graiigam,
993 3454 1094 3508 qua
1115 3454 1209 3507 per
1229 3437 1492 3491 Christum
1518 3448 1854 3491 ιὀιιυνςηιῐιιν.
1874 3438 1986 3492 Non
2017 3455 2115 3493 ex-

537 3521 689 3566 cusat
713 3510 960 3579 parvulos
979 3524 1010 3567 a
1037 3509 1212 3575 culpa,
1241 3508 1360 3579 quia
1388 3523 1503 3561 eam
1526 3524 1629 3560 non
1656 3519 1866 3571 norunt;
1897 3525 1992 3562 nec
2020 3527 2113 3563 ex-

537 3581 703 3636 cludit
719 3578 959 3649 gratiam
981 3579 1048 3633 ab
1076 3580 1182 3641 eis,
1209 3578 1329 3647 quia
1365 3593 1481 3632 eam
1521 3579 1780 3649 nesciunt.
1818 3579 2022 3644 Quaeris
2062 3581 2113 3634 in

537 3652 619 3706 eis
646 3648 898 3720 culpam?
941 3648 1151 3710 Iuvenis
1186 3665 1253 3703 ex
1293 3664 1450 3703 carne
1483 3648 1794 3720 traductam.
1831 3650 2034 3715 Qumris
2060 3652 2111 3704 iu

538 3722 617 3777 eis
649 3719 907 3790 gratiam?
937 3720 1146 3776 Iuvenis
1175 3736 1203 3772 a
1229 3720 1337 3776 Deo
1357 3720 1621 3790 collatam.
1663 3719 1755 3772 Illa
1800 3719 1976 3773 debite
2023 3723 2115 3774 da-

537 3789 1141 3858 mnatur,h:ecindebite
1156 3799 1498 3860 praerogatur.
1519 3789 1604 3843 Illa
1629 3791 1886 3859 judicium
1921 3791 2108 3858 pr:edi-

539 3871 645 3929 cat,
677 3863 791 3918 haec
811 3862 1228 3918 misericordiam
1253 3870 1618 3930 repraesentat.
1651 3862 1704 3914 ln
1730 3870 1951 3930 utroque
1978 3864 2114 3917 lli-us

539 3935 876 4003 agnoscitur,
922 3933 1409 4003 cuiintisericordia
1459 3941 1513 3985 et
1551 3932 1804 4000 judicium
1862 3942 2112 4002 perpetua

537 4003 692 4062 laude
716 4014 956 4059 cantatur
980 4002 1148 4070 (Puri.
1177 4018 1226 4068 ο,
1256 4004 1332 4071 1).
1353 4003 1454 4056 Sed
1480 4003 1545 4056 ab
1571 4003 1650 4056 his
1675 4004 1937 4057 intuendis
1965 4020 2114 4058 meus

537 4083 741 4137 nostra,
771 4090 919 4128 mens
941 4072 1176 4136 infirma,
1202 4073 1324 4139 quia
1353 4073 1581 4140 peccatis
1608 4075 1792 4127 obruta
1816 4115 1828 4136 ,
1860 4075 2016 4128 citius
2045 4075 2110 4128 ad

535 4158 598 4214 se
627 4144 792 4214 ipsam
821 4145 1036 4214 redeat,
1065 4142 1267 4214 sibique
1305 4143 1598 4214 remedium
1628 4155 1828 4210 qmcrat
1851 4184 1864 4208 ,
1902 4155 1955 4198 ut
1995 4161 2112 4214 qua:

537 4213 591 4272 in
624 4209 788 4280 Adam
815 4211 1096 4275 ceciderit,
1129 4209 1418 4268 iu’Christo
1443 4209 1700 4280 resurgat.

608 4278 831 4338 CAPUT
870 4281 1051 4336 XLIII.
1096 4281 1173 4336 De
1198 4282 1379 4334 anima:
1425 4278 1626 4335 natio-ci.
1681 4283 1821 4336 Mors
1873 4284 2110 4339 hominis.

541 4349 625 4421 (α)
673 4351 828 4406 Plura
875 4362 1082 4406 veteres
1136 4351 1203 4406 de
1265 4361 1450 4406 natura
1493 4353 1684 4406 anima:
1727 4354 1924 4407 dixisse
1967 4357 2114 4410 inve-

537 4421 787 4487 niuntur,
821 4421 912 4477 sed
936 4422 1061 4477 nihil
1089 4423 1157 4476 ita
1181 4430 1234 4477 ut
1265 4437 1368 4476 non
1393 4423 1586 4491 aliquid
1619 4433 1819 4477 restare
1853 4424 2108 4480 videatur.

536 4493 650 4562 Ego
678 4501 852 4546 autem
882 4510 945 4548 ex
969 4509 1150 4548 eorum
1179 4493 1353 4560 dictis,
1380 4502 1578 4563 quanto
1604 4494 1904 4563 diligentius
1933 4497 2072 4563 potui
2095 4538 2108 4559 ,

537 4563 698 4620 breve
725 4564 860 4620 istud
890 4574 944 4619 et
964 4573 1166 4620 certum
1192 4564 1461 4634 colligere,
1489 4575 1644 4633 atque
1668 4567 1716 4617 in
1752 4581 1911 4618 llllllm
1939 4567 2112 4621 studui

538 4635 778 4705 redigere
798 4676 812 4698 ,
837 4636 976 4705 quod
1008 4636 1282 4690 memoria:
1307 4636 1726 4690 conuuendetur.
1758 4635 1934 4691 Hebes
1965 4653 2113 4691 nam-

539 4720 640 4775 que
667 4714 749 4765 est
790 4708 1046 4760 memoria
1077 4707 1304 4761 hominis
1325 4747 1338 4771 ,
1371 4717 1424 4760 et
1451 4707 1705 4760 brevitate
1732 4707 1956 4775 gaudet;
1986 4718 2036 4762 et
2064 4710 2109 4763 si

537 4773 591 4829 in
609 4773 782 4848 'multa
812 4776 1093 4848 dividitur,
1127 4777 1183 4830 Iit
1208 4778 1379 4831 minor
1406 4779 1456 4830 in
1477 4773 1752 4848 _siugulis[
1773 4778 1849 4831 Ex
1890 4795 2112 4848 corpore

533 4854 586 4917 et
604 4846 785 4917 anima
817 4857 1021 4901 constat
1052 4847 1208 4902 homo
1243 4865 1256 4901 :
1282 4856 1335 4901 et
1368 4846 1621 4915 quidquid
1651 4849 1816 4901 oculis
1841 4846 2111 4917 corporeis

534 4914 771 4988 videtur,
818 4927 1033 4984 prOpter
1068 4933 1260 4986 corpus
1290 4914 1482 4970 factum
1522 4930 1601 4971 est
1626 4959 1639 4982 ,
1667 4935 1859 4986 eorpus
1899 4914 2112 4988 propter

533 4986 764 5040 animam
785 5027 800 5053 ,
847 4988 1020 5040 anima
1062 4997 1237 5041 autem
1269 4998 1482 5056 propter
1517 4989 1701 5042 Deum.
1733 4991 1847 5041 Vita
1875 4986 2112 5058 corporis

532 5057 705 5110 anima
731 5067 844 5117 est.
887 5059 992 5111 vita
1019 5058 1207 5110 anima:
1232 5059 1368 5111 Deus
1399 5068 1498 5113 est.
1531 5059 1845 5113 Immortalis
1882 5057 2112 5116 cst’ani-

532 5141 639 5191 ma,
668 5127 788 5195 quia
820 5142 980 5182 carne
1005 5138 1169 5186 caret;
1201 5143 1297 5181 nec
1322 5129 1477 5182 habet
1503 5145 1605 5197 quo
1631 5134 1776 5183 cadat
1801 5173 1814 5193 ,
1851 5141 1904 5183 nt
1929 5149 2109 5185 resur-

530 5198 767 5267 rectione
798 5207 951 5267 egeat
974 5209 1092 5266 post
1113 5199 1318 5252 ruinam
1344 5241 1356 5262 ,
1389 5201 1487 5255 nisi
1515 5210 1728 5266 peccato
1748 5201 2017 5255 ceciderit.
2047 5205 2111 5258 l-It

530 5265 652 5340 ideo
678 5268 727 5340 in
761 5265 932 5340 morte
956 5265 1060 5322 vita
1092 5279 1267 5322 nostra
1299 5287 1401 5323 non
1430 5265 1583 5340 perit,
1612 5273 1702 5324 sed
1733 5288 1922 5339 corpus
1949 5274 2112 5327 desti-

530 5337 806 5411 tuit,_dum
836 5339 1114 5395 diseedens
1144 5340 1317 5411 anima
1343 5337 1444 5395 vim
1467 5357 1613 5395 suam
1646 5358 1746 5395 non
1778 5337 1979 5411 perdit,
2015 5344 2108 5397 sed

527 5408 670 5476 quod
692 5409 1047 5466 vivilicaverat
1073 5411 1172 5466 hoc
1197 5410 1439 5476 dimittit,
1464 5423 1515 5467 et
1537 5408 1791 5481 quantum
1823 5414 1874 5466 in
1906 5430 1963 5467 se
1992 5425 2072 5469 est
2091 5457 2104 5476 ,

589 5548 625 5613 ‘_
645 5552 728 5596 Ms.
755 5546 1096 5598 tltedardensis:
1125 5558 1273 5602 bonos
1295 5547 1339 5598 si
1363 5549 1554 5613 quidem
1577 5549 1828 5613 prtcrenit;
1848 5556 1900 5599 ct
1919 5558 2104 5613 postea,

525 5609 676 5658 malos
713 5616 856 5659 tenet.

589 5671 608 5731 ξ
641 5677 722 5731 ius.
748 5670 1086 5731 Medardensis,
1113 5673 1318 5723 tramite

521 5728 909 5854 "(crg’ltqel'lugo
933 5728 1086 5782 Victor
1109 5733 1192 5784 lib.
1219 5736 1248 5784 2
1271 5736 1447 5786 Erudit.
1475 5734 1675 5800 didasc.,
1709 5747 1814 5799 cap.
1847 5734 1921 5799 ﬂ,
1946 5743 1998 5787 et
2020 5735 2102 5786 lib.

1972 297 2334 355 APPENDIX.

3691 299 3798 358 8i?

2204 431 2431 478 mortem
2461 421 2678 477 alterius
2707 421 2865 485 facit,
2893 435 3049 492 quam
3079 421 3192 491 ipsa
3226 434 3330 475 non
3363 421 3572 492 recipit.
3603 423 3753 481 Facit
3778 464 3794 488 ,

2206 495 2440 562 inquam.
2473 511 2573 546 non
2608 493 2918 547 viviﬁcando
2944 493 3082 562 quod
3106 492 3337 558 deserit,
3365 508 3469 547 non
3496 495 3798 554 amittendo

2206 564 2345 636 quod
2375 565 2517 618 vivit.
2554 563 2730 632 Itaque
2757 580 2899 617 mors
2928 563 3158 616 hominis
3190 562 3318 617 nihil
3351 573 3432 617 est
3468 564 3610 619 aliud
3636 583 3800 636 quam

2207 635 2381 687 carnis
2428 650 2645 688 cerasus
2668 677 2682 701 ,
2715 651 2741 687 a
2785 651 2886 703 qua
2918 650 3035 688 eum
3073 636 3150 687 vis
3193 635 3440 702 potentiae
3478 636 3799 694 viviﬁcantis

2207 705 2543 770 abscesserit,
2577 706 2626 758 in
2653 715 2847 758 terram
2878 706 2941 759 de
2964 721 3064 775 qua
3087 715 3292 773 sumpta
3317 715 3399 759 est
3429 706 3599 770 redit,
3628 710 3798 762 amis-

2207 775 2279 827 sis
2310 776 2550 828 sensibus
2587 792 2719 844 quos
2765 792 2867 829 non
2910 774 3002 844 per
3039 791 3096 829 se
3142 777 3308 844 ipsam
3357 776 3555 831 habuit.
3604 774 3798 834 Anima

2209 861 2311 898 non
2341 846 2525 910 aliter,
2556 863 2710 914 quam
2743 847 2818 898 sol
2844 847 3013 900 lucem
3042 845 3144 899 diei
3167 888 3180 912 ,
3203 847 3366 900 vitam
3398 848 3576 901 tribuit
3609 851 3753 902 carni
3778 893 3794 917 ,

2208 931 2325 968 cum
2365 917 2598 978 venerit;
2643 926 2864 972 mortem
2907 917 3101 982 efﬁcit,
3135 931 3255 970 cum
3298 918 3514 971 recedit.
3549 919 3687 972 Mors
3717 929 3798 973 ta-

2208 1004 2327 1039 men
2361 1005 2460 1040 non
2494 989 2754 1040 consumit
2783 988 3098 1053 conjuncta,
3132 987 3224 1041 sed
3271 987 3484 1051 dividit,
3517 988 3638 1042 dum
3681 992 3797 1044 ori-

2208 1058 2312 1124 gini
2347 1073 2453 1109 Silii?
2482 1067 2761 1127 utrumque
2796 1058 2986 1111 reddit.
3018 1059 3082 1110 Et
3113 1072 3178 1111 ne
3218 1058 3334 1126 quis
3379 1068 3525 1126 putet
3563 1061 3794 1114 animam

2209 1129 2446 1196 corporis
2501 1139 2668 1182 morte
2717 1130 2988 1192 COItSllIIIl,
3035 1129 3212 1182 audiat
3253 1128 3379 1196 quid
3426 1128 3684 1184 Dominus
3739 1132 3790 1186 iu

2211 1197 2498 1270 Evangelii)
2528 1198 2666 1252 dicat
2701 1217 2711 1249 :
2750 1199 2948 1262 Nolite,
2978 1200 3177 1268 inquit,
3213 1215 3295 1251 eos
3335 1200 3504 1253 limere
3534 1202 3620 1270 qui
3645 1203 3792 1270 forci-

2211 1268 2336 1320 dum
2357 1286 2557 1335 corpus,
2575 1270 2794 1322 animum
2816 1279 2979 1322 autem
2999 1286 3097 1322 non
3121 1277 3325 1336 possunt
3342 1268 3788 1339 occiderdﬂattk.

2211 1353 2239 1390 χ
2263 1379 2278 1402 ,
2309 1338 2421 1408 ‘28).
2455 1339 2724 1407 Fatigatnr
2748 1355 2938 1408 corpus
2969 1340 3376 1408 cogitationibus
3406 1338 3600 1396 mentis
3630 1361 3651 1396 ς
3677 1343 3793 1397 alli-

2211 1411 2348 1462 eitur
2373 1411 2421 1463 in
2452 1426 2675 1478 corpore
2706 1426 2854 1464 mens
2880 1411 3152 1464 doloribus
3176 1411 3433 1479 corporis.

2281 1479 2506 1556 CAPUT
2533 1479 2713 1556 XLlV.
2747 1481 2926 1556 Anium
2969 1480 3228 1556 invisibilis
3264 1491 3352 1533 est.
3412 1481 3566 1536 Ratio
3615 1499 3792 1556 specu-

2212 1553 2317 1603 lum
2345 1561 2413 1624 est
2438 1553 2594 1619 inquo
2617 1549 2776 1604 Deum
2799 1552 2980 1624 uideat.
3001 1552 3076 1621 (α)
3102 1551 3306 1624 Corpus
3335 1567 3401 1607 ex
3427 1549 3654 1624 quatuor
3678 1553 3791 1609 elc-

2213 1622 2405 1673 nientis
2449 1630 2676 1674 constat.
2712 1622 2899 1675 Anima
2939 1637 3035 1675 nec
3073 1621 3395 1678 elementum
3436 1621 3550 1690 est,
3591 1639 3690 1680 nec
3726 1641 3790 1680 ex

2211 1692 2511 1756 Clementis,
2540 1691 2632 1744 sed
2662 1691 2726 1744 de
2749 1691 2911 1745 nihilo
2937 1701 3017 1746 est
3045 1692 3197 1756 facta,
3222 1701 3273 1745 et
3299 1693 3398 1747 soli
3425 1692 3664 1748 Creatori
3694 1710 3792 1750 suo

2212 1763 2439 1830 Cognita.
2471 1764 2545 1815 lix
2571 1761 2649 1816 his
2677 1779 2804 1830 ergo
2827 1763 3071 1818 omnibus
3103 1779 3219 1830 qua:
3256 1763 3305 1816 in
3342 1779 3399 1818 se
3421 1806 3433 1830 ,
3461 1765 3559 1819 hoc
3584 1774 3662 1819 est
3687 1807 3702 1832 ,
3741 1768 3793 1821 in

2213 1846 2439 1906 corpore
2482 1833 2827 1906 suqvisibilia
2865 1833 3042 1900 videt,
3085 1834 3212 1906 nihil
3258 1847 3315 1888 se
3355 1849 3472 1888 esse
3514 1833 3596 1890 vel
3639 1851 3796 1906 posse

2213 1917 2332 1956 esse
2357 1902 2516 1973 videt.
2560 1903 2812 1958 Secernat
2840 1921 2963 1972 ergo
2992 1913 3045 1957 et
3074 1903 3272 1957 dividat
3303 1918 3359 1958 se
3391 1920 3484 1973 per
3529 1921 3586 1960 se
3624 1902 3692 1960 ab
3731 1923 3796 1962 eo

2214 1981 2345 2037 toto,
2378 1972 2517 2042 quod
2550 1974 2754 2027 visibilc
2784 1974 2926 2028 videt
2957 1975 3122 2037 inse;
3151 1983 3202 2029 et
3229 1972 3544 2030 invisibilem
3577 1978 3794 2031 omnino

2212 2059 2271 2098 se
2296 2059 2414 2098 esse
2442 2045 2581 2098 videt
2612 2046 2661 2097 in
2692 2059 2756 2100 eo
2782 2045 2920 2114 quod
2948 2044 3093 2099 videt
3121 2061 3179 2101 se
3202 2087 3216 2112 ,
3246 2055 3299 2100 et
3337 2055 3510 2101 tamen
3539 2047 3707 2102 videri
3738 2063 3797 2104 se

2213 2130 2318 2167 non
2341 2130 2513 2188 posse
2554 2116 2712 2168 videt.
2745 2116 2945 2188 Deinde
2963 2117 3141 2188 elevet
3178 2131 3236 2188 se
3265 2131 3421 2188 supra
3449 2132 3504 2172 se
3525 2160 3538 2184 ,
3568 2128 3618 2172 et
3651 2119 3704 2172 in
3732 2135 3797 2188 eo

2213 2185 2353 2258 quod
2384 2185 2608 2258 primum
2637 2195 2691 2258 et
2725 2186 3011 2258 principale
3051 2185 3346 2256 speculum
3366 2195 3445 2242 est
3486 2187 3796 2258 Speculandl

2217 2254 2343 2319 Dei,
2393 2257 2651 2328 illiusque
2679 2254 2908 2328 imagini
2931 2273 2991 2310 ac
3036 2254 3366 2312 similitudini
3411 2254 3711 2328 proiimum
3746 2267 3798 2316 et

2214 2337 2496 2400 cognatum
2522 2327 2688 2400 magis
2716 2326 2931 2394 factum,
2967 2327 3283 2384 iuvisibilem
3319 2326 3480 2384 Deum
3525 2329 3792 2400 inspiciat.

2215 2396 2326 2472 lloc
2352 2408 2527 2472 autem
2554 2407 2634 2472 est
2661 2398 2770 2472 ipsa
2792 2400 2956 2472 ratio,
2979 2407 3032 2472 et
3056 2415 3210 2472 mens
3240 2400 3444 2454 ratione
3476 2396 3648 2469 utens,
3675 2416 3796 2472 qua:

2213 2467 2278 2520 ad
2308 2467 2527 2534 primam
2557 2468 2950 2523 similitudinem
2979 2469 3067 2540 Dei
3094 2468 3230 2523 facta
3264 2479 3372 2534 est,
3403 2480 3458 2524 ut
3490 2486 3583 2540 per
3610 2467 3668 2526 se
3692 2467 3793 2525 ’ἰη-

2214 2540 2398 2592 vcnire
2429 2540 2592 2606 possit
2628 2555 2749 2611 eum
2777 2555 2806 2591 a
2837 2555 2939 2611 quo
2971 2539 3104 2611 facta
3149 2550 3263 2602 est,
3295 2549 3348 2596 et
3388 2543 3438 2594 in
3475 2539 3589 2611 ejus
3613 2557 3796 2599 amore

2215 2619 2371 2678 atque
2401 2609 2846 2675 contemplatione
2875 2609 3098 2664 dulciter
3139 2609 3602 2679 requiescere—Ea
3647 2628 3797 2668 nam-

2215 2679 2589 2756 quepcrfccliu
2609 2695 2798 2756 isnon]
2829 2680 3080 2756 factorem
3105 2680 3440 2756 manifestam
3463 2725 3476 2746 ,
3513 2698 3629 2756 qua:
3657 2684 3794 2738 illius

2215 2751 2543 2804 similitudini
2589 2751 2806 2804 vicinius
2846 2752 3286 2822 appropinquant.
3331 2753 3452 2807 llaic
3495 2751 3671 2807 autem
3713 2762 3795 2810 est

2215 2823 2326 2903 ipsa
2377 2822 2924 2907 rationaliscreatura
2947 2863 2960 2886 ,
3005 2838 3121 2907 quin
3158 2831 3212 2877 et
3239 2825 3564 2878 excellenter
3592 2833 3647 2880 ct
3672 2840 3795 2907 pro-

2217 2894 2329 2960 prie
2354 2893 2416 2946 ad
2459 2894 2596 2946 illius
2635 2891 3035 2948 similitudinem
3071 2891 3207 2948 facta
3241 2903 3321 2948 est
3351 2912 3362 2948 :
3393 2903 3445 2949 ct
3483 2904 3605 2948 tunc
3639 2891 3796 2951 citius

2215 2965 2518 3037 Creatorem
2543 2979 2730 3037 suum,
2761 2979 2917 3037 quem
2945 2979 3048 3037 non
3079 2963 3570 3037 videt,aguoseitet
3596 2965 3793 3037 diligit,

2215 3052 2335 3090 cum
2367 3051 2423 3089 se
2445 3035 2510 3088 ad
2540 3035 2681 3088 illius
2711 3035 2988 3104 imaginem
3015 3036 3202 3088 iactam
3235 3035 3470 3104 intelligit
3502 3035 3538 3088 ι.

2288 3107 2432 3159 Mens
2461 3105 2733 3159 rationalis
2759 3113 2842 3159 est
2864 3147 2878 3171 ,
2902 3121 3020 3175 quae
3052 3121 3107 3160 se
3137 3105 3414 3174 cogitando
3442 3105 3685 3176 intelligit
3705 3149 3718 3173 ,
3744 3117 3796 3163 et

2217 3178 2497 3245 imaginem
2525 3191 2672 3248 suam
2713 3192 2776 3248 ex
2806 3191 2863 3229 se
2895 3176 3290 3248 natatuhabet,
3333 3193 3450 3245 qua:
3485 3177 3656 3248 imago
3682 3177 3796 3247 ejus

2218 3249 2438 3318 verbum
2471 3256 2568 3300 est.
2603 3245 2833 3300 Verbum
2860 3247 2997 3300 enim
3022 3247 3097 3301 rei
3126 3256 3214 3318 est
3243 3247 3350 3316 ipsa
3379 3245 3612 3318 cognitio
3631 3245 3796 3302 adsi~

2216 3317 2567 3372 t'nililudinem
2605 3317 2718 3383 ejus
2743 3332 2805 3370 ex
2835 3318 3085 3371 memoria
3117 3315 3358 3371 formata.
3396 3315 3507 3373 Iloc
3546 3318 3705 3372 modo
3735 3318 3796 3373 li-

2216 3390 2376 3458 quido
2398 3396 2614 3456 apparet
2659 3401 2917 3440 stnumam
2949 3386 3271 3456 Sapientiam
3295 3431 3310 3454 ,
3339 3403 3458 3442 cum
3485 3405 3542 3444 se
3571 3388 3794 3443 dicendo

2217 3459 2496 3527 intelligit,
2545 3459 2760 3526 gignere
2802 3458 3306 3514 consubstantialem
3351 3460 3450 3516 sibi
3488 3460 3792 3514 similitudi-

2218 3546 2338 3585 nem
2367 3546 2536 3593 suam,
2561 3529 2611 3582 id
2637 3536 2750 3594 est,
2789 3528 3016 3582 Verbum
3039 3545 3211 3583 suum.
3244 3531 3390 3584 Mens
3431 3541 3605 3585 tamen
3638 3531 3796 3586 ratio-

2217 3603 2370 3662 nalis,
2401 3600 2646 3668 quoniam
2669 3614 2770 3652 non
2801 3613 2858 3652 sc
2879 3614 3089 3669 semper
3117 3599 3344 3669 cogitat,
3377 3601 3513 3655 sicut
3543 3601 3621 3655 sui
3653 3617 3796 3656 scm-

2219 3688 2312 3740 per
2338 3671 2594 3736 meminit,
2626 3670 2789 3739 liquet
2816 3668 2937 3739 quia
2967 3685 3086 3724 cum
3112 3685 3170 3725 se
3193 3668 3413 3740 cogitat,
3441 3673 3657 3726 verbum
3684 3672 3797 3738 ejus

2219 3745 2450 3796 nascitur
2493 3740 2558 3794 de
2598 3742 2873 3794 memoria.
2904 3740 3056 3796 Unde
3084 3752 3304 3810 apparet
3339 3743 3459 3811 quia
3504 3743 3547 3796 si
3588 3758 3798 3811 semper

2218 3828 2275 3867 se
2304 3813 2556 3881 cogitaret
2580 3853 2594 3877 ,
2620 3825 2831 3881 semper
2849 3811 3069 3866 verbum
3096 3813 3209 3880 ejus
3233 3811 3300 3867 de
3331 3814 3584 3868 memoria
3608 3829 3797 3869 nasce-

2217 3893 2381 3937 retur.
2415 3883 2488 3936 De
2525 3897 2729 3936 smmua
2755 3898 2882 3938 vero
2907 3883 3177 3952 Sapientia
3199 3925 3213 3948 ,
3246 3898 3365 3953 qua:
3393 3899 3607 3953 semper
3631 3899 3690 3938 se
3716 3884 3800 3938 di-

2217 3954 2289 4010 cit
2323 3955 2398 4009 sic
2419 3996 2432 4020 ,
2479 3954 2611 4007 sicut
2653 3954 2732 4007 sui
2764 3968 2974 4022 semper
3004 3969 3207 4025 memor
3233 3963 3314 4025 est.
3337 3996 3351 4021 ,
3389 3954 3551 4025 liquet
3579 3955 3699 4025 quia
3728 3955 3799 4011 de

2218 4035 2414 4078 aeterna
2458 4025 2712 4079 memoria
2763 4034 3086 4080 coaeternum
3128 4024 3243 4094 ejus
3269 4023 3501 4080 Verbum
3539 4023 3794 4080 nascitur.

2217 4097 2364 4150 Sicut
2389 4096 2530 4149 enim
2556 4110 2761 4150 summa
2795 4096 3059 4165 Sapientia
3096 4105 3292 4150 aitet-na
3333 4104 3446 4161 est,
3491 4097 3557 4150 ita
3598 4106 3802 4153 aeterne

2218 4169 2296 4219 sui
2328 4182 2530 4220 memor
2558 4177 2640 4220 est
2662 4207 2677 4231 ,
2709 4175 2762 4220 et
2803 4176 3000 4220 atterite
3029 4181 3088 4221 se
3129 4167 3401 4234 intelligit,
3437 4174 3491 4221 et
3515 4176 3714 4223 aeterne
3739 4183 3802 4223 se

2216 4237 2382 4300 dicit,
2425 4238 2654 4308 cuiuisit
2697 4237 2770 4290 illi
2811 4238 2988 4292 dicere
3009 4238 3170 4308 gguod
3216 4238 3508 4308 intelligere
3540 4247 3628 4291 :ct
3675 4252 3802 4293 eum

2217 4317 2415 4378 teterne
2455 4322 2513 4362 se
2551 4307 2724 4369 dicat,
2775 4319 2975 4363 aiterne
3009 4306 3240 4363 Verbum
3285 4306 3404 4375 ejus
3428 4309 3562 4378 apud
3605 4309 3797 4378 ipsam.

2218 4377 2364 4431 Mens
2405 4393 2530 4448 ergo
2572 4379 2844 4434 rationalis
2873 4395 2991 4448 qua:
3020 4378 3157 4434 inter
3199 4394 3384 4433 omnes
3414 4377 3685 4432 creaturas
3729 4379 3800 4433 ad

2219 4449 2673 4518 investigationem
2701 4465 2922 4504 summa;
2947 4450 3217 4518 sapientia:
3258 4451 3368 4504 sola
3396 4464 3674 4517 assurgere
3703 4465 3802 4502 va-

2219 4519 2310 4584 let,
2343 4530 2396 4574 et
2425 4519 2768 4574 nihilominus
2794 4522 2860 4575 ad
2881 4521 3120 4590 ejusdem
3146 4521 3499 4575 inventionem
3529 4519 3640 4571 sola
3666 4534 3797 4589 pro-

2217 4590 2374 4644 licere
2395 4631 2407 4652 ,
2438 4606 2650 4658 semper
2676 4591 2886 4645 studeat
2911 4589 3048 4645 illius
3075 4593 3377 4656 reminisci,
3411 4589 3551 4644 illam
3593 4590 3798 4644 intelli-

2215 4675 2341 4729 gere
2378 4671 2428 4715 et
2465 4677 2645 4715 amare
2677 4680 2688 4713 :
2719 4663 2784 4715 ad
2825 4662 2927 4716 hoc
2955 4662 3088 4716 facta
3120 4673 3197 4716 est
3232 4673 3290 4717 ut
3319 4677 3528 4732 semper
3553 4661 3728 4725 vivat,
3754 4663 3799 4716 si

2216 4747 2426 4799 semper
2453 4740 2594 4784 amet
2619 4747 2878 4786 summam
2906 4733 3065 4787 vitam
3086 4774 3101 4796 ,
3141 4749 3400 4786 summam
3441 4733 3752 4802 sapientiam
3781 4773 3796 4797 ,

2217 4817 2474 4854 summam
2505 4804 2788 4857 essentiam
2810 4845 2824 4866 ,
2854 4803 2937 4857 cui
2984 4803 3140 4858 debet
3167 4803 3266 4857 hoc
3292 4804 3463 4872 ipsum
3506 4803 3646 4872 quod
3693 4813 3795 4856 est.

2219 4873 2413 4926 Amare
2439 4884 2612 4927 autem
2637 4876 2838 4942 nequit,
2871 4875 2969 4926 nisi
2996 4875 3111 4942 ejus
3139 4875 3428 4939 reminisci,
3455 4883 3506 4927 et
3532 4890 3647 4927 eam
3677 4882 3794 4926 stu-

2215 4943 2387 4998 duerit
2417 4944 2728 5010 intelligere.
2762 4945 2944 4999 Faciat
2969 4960 3096 5014 ergo
3123 4945 3222 5000 hoc
3247 4944 3315 4999 ad
3347 4944 3487 5013 quod
3516 4945 3648 4998 facta
3673 4953 3753 4999 est
3780 4983 3798 5010 ,

2218 5024 2272 5068 tit
2301 5015 2434 5068 bene
2470 5016 2627 5068 vivat.

2287 5087 2510 5140 CAPUT
2568 5087 2724 5141 XLV.
2807 5087 3153 5140 Rationalium
3215 5095 3374 5140 status
3448 5085 3669 5155 tiipleat,
3711 5082 3800 5139 Vis

2216 5158 2398 5209 animm
2437 5159 2634 5224 triplex.
2672 5159 2822 5210 Amor
2864 5158 3093 5228 quid~sit
3151 5157 3244 5227 (ὁ).
3278 5158 3418 5211 Deus
3462 5158 3802 5224 omnipotens

2215 5229 2365 5296 Cujus
2393 5230 2661 5282 beatitudo
2702 5245 2798 5283 nec
2823 5229 3000 5298 augeri
3030 5238 3203 5298 potest
3227 5269 3240 5292 ,
3264 5229 3386 5297 quia
3417 5231 3649 5297 perlecta
3677 5236 3758 5280 est
3784 5243 3798 5293 ;

2280 5366 2296 5392 ι
2333 5369 2380 5409 lu
2415 5369 2518 5410 Mss.
2558 5376 2652 5409 non
2689 5370 2801 5410 sunt
2823 5376 2932 5423 qua:
2968 5367 3239 5423 sequuntur
3261 5373 3420 5423 usque
3443 5361 3509 5423 ad,
3541 5355 3803 5423 (Ἄρηι-45.

2213 5424 2299 5474 sed
2342 5437 2509 5471 eorum
2541 5422 2644 5471 loco
2682 5425 2728 5471 in
2761 5421 3199 5471 Msfttedatdeusi:
3240 5421 3351 5471 Ideo
3373 5421 3583 5472 Charitas
3625 5421 3709 5469 Dei
3732 5425 3806 5470 est

2214 5501 2357 5548 causa
2391 5484 2597 5548 r/[trieus
2637 5492 2872 5548 ermdm'w
2895 5483 3174 5545 rtuiolutlt's;
3209 5490 3253 5534 et
3295 5483 3602 5548 participatio
3624 5481 3805 5533 dit‘iltw

2212 5546 2443 5598 bonitatis;
2472 5561 2614 5596 causa
2631 5546 2803 5598 Iliadis.
3296 5546 3302 5548 ”
3475 5546 3482 5548 ’
3605 5567 3609 5570 ·

2275 5610 2346 5669 (ιι)
2374 5616 2430 5656 I-;.\'
2461 5617 2578 5669 llug.
2619 5608 2702 5656 lib.
2729 5610 2771 5670 lg
2791 5608 2852 5654 dc
2876 5615 3097 5666 Sacram,
3139 5623 3184 5670 p.
3226 5609 3274 5668 5,
3298 5621 3424 5670 ίςιιι).
3450 5609 3482 5656 6
3500 5615 3550 5658 et
3574 5609 3620 5655 7-.

2277 5668 2346 5732 (li)
2373 5679 2506 5732 ltugo
2536 5668 2721 5729 iiclor.,
2763 5668 2844 5716 lib.
2889 5671 2905 5716 1
2942 5670 3003 5716 de
3041 5668 3242 5719 sacram.
3287 5668 3417 5730 fidei,
3456 5684 3501 5732 p.
3529 5671 3578 5727 ti,
3756 5693 3800 5721 ι.

2313 5734 2376 5778 de
2414 5734 2591 5778 tJuionc
2636 5746 2763 5778 corn.
2811 5737 2861 5778 et
2902 5731 3146 5778 snirit..et
3178 5734 3243 5778 de
3287 5733 3559 5778 minitantia
3603 5732 3654 5778 di
3675 5737 3800 5778 θα..

2212 5734 2277 5781 td.
2313 5734 2384 5843 di
2414 5731 2591 5782 tiuionc
2636 5746 2763 5794 corp.
2811 5737 2861 5780 et
2902 5731 3146 5794 spirit.,et
3178 5734 3243 5784 de
3287 5731 3559 5784 substantia
3603 5731 3804 5795 ditem,

2212 5808 2313 5843 can.
2341 5813 2356 5820 -
3151 5807 3167 5817 α

2211 5808 2313 5859 cap.
2341 5807 2384 5843 Ζ.
3151 5807 3167 5817 ⁴
