  <div class='ocr_page' id='page_1' title='image "/cluster/home/n/w/nwhite01/storage/ocr_20150623/40/hvd.32044096580626/414.png"; bbox 0 0 4138 6212; ppageno 0'>
   <div class='ocr_carea' id='block_1_1' title="bbox 314 431 1966 514">
    <p class='ocr_par' dir='ltr' id='par_1_1' title="bbox 314 431 1966 514">
     <span class='ocr_line' id='line_1_1' title="bbox 314 431 1966 514; baseline -0.001 -24"><span class='ocrx_word' id='word_1_1' title='bbox 314 465 361 514; x_wconf 71' lang='grc' dir='ltr'>η.</span> <span class='ocrx_word' id='word_1_2' title='bbox 391 449 490 490; x_wconf 83' lang='lat' dir='ltr'><strong>nec</strong></span> <span class='ocrx_word' id='word_1_3' title='bbox 511 431 673 514; x_wconf 65' lang='lat' dir='ltr'><strong>diioui</strong></span> <span class='ocrx_word' id='word_1_4' title='bbox 697 473 712 497; x_wconf 89' lang='lat'><strong>,</strong></span> <span class='ocrx_word' id='word_1_5' title='bbox 745 431 868 514; x_wconf 76' lang='lat' dir='ltr'><strong>quia</strong></span> <span class='ocrx_word' id='word_1_6' title='bbox 889 440 1084 514; x_wconf 61' lang='lat' dir='ltr'><strong>alterna</strong></span> <span class='ocrx_word' id='word_1_7' title='bbox 1105 442 1189 514; x_wconf 79' lang='lat' dir='ltr'><strong>est</strong></span> <span class='ocrx_word' id='word_1_8' title='bbox 1218 451 1230 463; x_wconf 68' lang='grc'><strong>⁸</strong></span> <span class='ocrx_word' id='word_1_9' title='bbox 1251 433 1362 490; x_wconf 81' lang='lat' dir='ltr'><strong>Sola</strong></span> <span class='ocrx_word' id='word_1_10' title='bbox 1389 434 1646 514; x_wconf 71' lang='lat' dir='ltr'><strong>cliaritate</strong></span> <span class='ocrx_word' id='word_1_11' title='bbox 1663 475 1676 500; x_wconf 96' lang='lat'><strong>,</strong></span> <span class='ocrx_word' id='word_1_12' title='bbox 1709 432 1860 514; x_wconf 66' lang='lat' dir='ltr'><strong>nulla</strong></span> <span class='ocrx_word' id='word_1_13' title='bbox 1887 435 1966 487; x_wconf 87' lang='lat' dir='ltr'><strong>sui</strong></span> 
     </span>
    </p>
   </div>
   <div class='ocr_carea' id='block_1_2' title="bbox 341 504 1970 579">
    <p class='ocr_par' dir='ltr' id='par_1_2' title="bbox 341 504 1970 579">
     <span class='ocr_line' id='line_1_2' title="bbox 341 504 1970 579; baseline -0.002 -21"><span class='ocrx_word' id='word_1_14' title='bbox 341 504 356 579; x_wconf 61' lang='grc' dir='ltr'><em>ᾗ</em></span> <span class='ocrx_word' id='word_1_15' title='bbox 393 505 705 579; x_wconf 81' lang='lat' dir='ltr'><strong>necessitate</strong></span> <span class='ocrx_word' id='word_1_16' title='bbox 735 504 1018 579; x_wconf 80' lang='lat' dir='ltr'><strong>rationales</strong></span> <span class='ocrx_word' id='word_1_17' title='bbox 1040 506 1251 579; x_wconf 60' lang='lat' dir='ltr'><strong>spiritus</strong></span> <span class='ocrx_word' id='word_1_18' title='bbox 1269 507 1498 579; x_wconf 72' lang='lat' dir='ltr'><strong>ereavit,</strong></span> <span class='ocrx_word' id='word_1_19' title='bbox 1530 516 1581 579; x_wconf 84' lang='lat' dir='ltr'><strong>ut</strong></span> <span class='ocrx_word' id='word_1_20' title='bbox 1604 522 1695 557; x_wconf 81' lang='lat' dir='ltr'><strong>eos</strong></span> <span class='ocrx_word' id='word_1_21' title='bbox 1717 522 1824 557; x_wconf 74' lang='lat' dir='ltr'><strong>sua:</strong></span> <span class='ocrx_word' id='word_1_22' title='bbox 1848 504 1970 579; x_wconf 81' lang='lat' dir='ltr'><strong>bea-</strong></span> 
     </span>
    </p>
   </div>
   <div class='ocr_carea' id='block_1_3' title="bbox 390 574 1970 644">
    <p class='ocr_par' dir='ltr' id='par_1_3' title="bbox 390 574 1970 644">
     <span class='ocr_line' id='line_1_3' title="bbox 390 574 1970 644; baseline 0.001 -16"><span class='ocrx_word' id='word_1_23' title='bbox 390 574 632 640; x_wconf 85' lang='lat' dir='ltr'><strong>titudims</strong></span> <span class='ocrx_word' id='word_1_24' title='bbox 657 575 940 644; x_wconf 85' lang='lat' dir='ltr'><strong>participes</strong></span> <span class='ocrx_word' id='word_1_25' title='bbox 969 574 1187 631; x_wconf 81' lang='lat' dir='ltr'><strong>faceret.</strong></span> <span class='ocrx_word' id='word_1_26' title='bbox 1221 576 1368 630; x_wconf 88' lang='lat' dir='ltr'><strong>Alios</strong></span> <span class='ocrx_word' id='word_1_27' title='bbox 1391 592 1517 629; x_wconf 87' lang='lat' dir='ltr'><strong>vero</strong></span> <span class='ocrx_word' id='word_1_28' title='bbox 1546 577 1592 627; x_wconf 92' lang='lat' dir='ltr'><strong>in</strong></span> <span class='ocrx_word' id='word_1_29' title='bbox 1618 589 1709 628; x_wconf 91' lang='lat' dir='ltr'><strong>sua</strong></span> <span class='ocrx_word' id='word_1_30' title='bbox 1743 577 1970 642; x_wconf 85' lang='lat' dir='ltr'><strong>puritate</strong></span> 
     </span>
    </p>
   </div>
   <div class='ocr_carea' id='block_1_4' title="bbox 387 645 1968 713">
    <p class='ocr_par' dir='ltr' id='par_1_4' title="bbox 387 645 1968 713">
     <span class='ocr_line' id='line_1_4' title="bbox 387 645 1968 713; baseline 0 -14"><span class='ocrx_word' id='word_1_31' title='bbox 387 645 440 700; x_wconf 87' lang='lat' dir='ltr'><strong>in</strong></span> <span class='ocrx_word' id='word_1_32' title='bbox 471 646 608 700; x_wconf 62' lang='lat' dir='ltr'><strong>caelo</strong></span> <span class='ocrx_word' id='word_1_33' title='bbox 641 647 974 702; x_wconf 74' lang='lat' dir='ltr'><strong>continuavit</strong></span> <span class='ocrx_word' id='word_1_34' title='bbox 1004 665 1016 700; x_wconf 90' lang='lat'><strong>:</strong></span> <span class='ocrx_word' id='word_1_35' title='bbox 1049 647 1180 702; x_wconf 86' lang='lat' dir='ltr'><strong>alios</strong></span> <span class='ocrx_word' id='word_1_36' title='bbox 1207 656 1380 700; x_wconf 90' lang='lat' dir='ltr'><strong>autem</strong></span> <span class='ocrx_word' id='word_1_37' title='bbox 1422 657 1635 712; x_wconf 79' lang='lat' dir='ltr'><strong>propter</strong></span> <span class='ocrx_word' id='word_1_38' title='bbox 1665 646 1968 713; x_wconf 72' lang='lat' dir='ltr'><strong>superbiam</strong></span> 
     </span>
    </p>
   </div>
   <div class='ocr_carea' id='block_1_5' title="bbox 385 715 1966 786">
    <p class='ocr_par' dir='ltr' id='par_1_5' title="bbox 385 715 1966 786">
     <span class='ocr_line' id='line_1_5' title="bbox 385 715 1966 786; baseline 0.002 -20"><span class='ocrx_word' id='word_1_39' title='bbox 385 715 439 786; x_wconf 80' lang='lat' dir='ltr'><strong>in</strong></span> <span class='ocrx_word' id='word_1_40' title='bbox 464 716 729 772; x_wconf 72' lang='lat' dir='ltr'><strong>infernum</strong></span> <span class='ocrx_word' id='word_1_41' title='bbox 761 718 1107 786; x_wconf 65' lang='lat' dir='ltr'><strong>praecipitavit</strong></span> <span class='ocrx_word' id='word_1_42' title='bbox 1140 736 1152 772; x_wconf 86' lang='lat'><strong>:</strong></span> <span class='ocrx_word' id='word_1_43' title='bbox 1185 725 1340 786; x_wconf 87' lang='lat' dir='ltr'><strong>atque</strong></span> <span class='ocrx_word' id='word_1_44' title='bbox 1371 717 1503 769; x_wconf 85' lang='lat' dir='ltr'><strong>alios</strong></span> <span class='ocrx_word' id='word_1_45' title='bbox 1549 717 1612 768; x_wconf 86' lang='lat' dir='ltr'><strong>ad</strong></span> <span class='ocrx_word' id='word_1_46' title='bbox 1643 716 1966 783; x_wconf 85' lang='lat' dir='ltr'><strong>probandam</strong></span> 
     </span>
    </p>
   </div>
   <div class='ocr_carea' id='block_1_6' title="bbox 383 784 1968 842">
    <p class='ocr_par' dir='ltr' id='par_1_6' title="bbox 383 784 1968 842">
     <span class='ocr_line' id='line_1_6' title="bbox 383 784 1968 842; baseline -0.001 -2"><span class='ocrx_word' id='word_1_47' title='bbox 383 784 734 842; x_wconf 77' lang='lat' dir='ltr'><strong>humilitatem</strong></span> <span class='ocrx_word' id='word_1_48' title='bbox 764 784 825 842; x_wconf 80' lang='lat' dir='ltr'><strong>et</strong></span> <span class='ocrx_word' id='word_1_49' title='bbox 865 784 1220 842; x_wconf 87' lang='lat' dir='ltr'><strong>obedientiam</strong></span> <span class='ocrx_word' id='word_1_50' title='bbox 1257 784 1325 840; x_wconf 46' lang='lat' dir='ltr'><strong>&#39;in</strong></span> <span class='ocrx_word' id='word_1_51' title='bbox 1383 795 1590 840; x_wconf 87' lang='lat' dir='ltr'><strong>terrena</strong></span> <span class='ocrx_word' id='word_1_52' title='bbox 1647 787 1968 840; x_wconf 78' lang='lat' dir='ltr'><strong>habitatione</strong></span> 
     </span>
    </p>
   </div>
   <div class='ocr_carea' id='block_1_7' title="bbox 385 857 1965 926">
    <p class='ocr_par' dir='ltr' id='par_1_7' title="bbox 385 857 1965 926">
     <span class='ocr_line' id='line_1_7' title="bbox 385 857 1965 926; baseline 0 -16"><span class='ocrx_word' id='word_1_53' title='bbox 385 858 612 912; x_wconf 81' lang='lat' dir='ltr'><strong>terrenis</strong></span> <span class='ocrx_word' id='word_1_54' title='bbox 627 857 938 926; x_wconf 85' lang='lat' dir='ltr'><strong>corporibus</strong></span> <span class='ocrx_word' id='word_1_55' title='bbox 957 859 1194 924; x_wconf 76' lang='lat' dir='ltr'><strong>sociavit,</strong></span> <span class='ocrx_word' id='word_1_56' title='bbox 1219 866 1275 911; x_wconf 88' lang='lat' dir='ltr'><strong>ut</strong></span> <span class='ocrx_word' id='word_1_57' title='bbox 1302 857 1366 912; x_wconf 90' lang='lat' dir='ltr'><strong>ad</strong></span> <span class='ocrx_word' id='word_1_58' title='bbox 1384 859 1504 911; x_wconf 74' lang='lat' dir='ltr'><strong>vita:</strong></span> <span class='ocrx_word' id='word_1_59' title='bbox 1533 871 1743 911; x_wconf 76' lang='lat' dir='ltr'><strong>sensum</strong></span> <span class='ocrx_word' id='word_1_60' title='bbox 1774 858 1965 910; x_wconf 83' lang='lat' dir='ltr'><strong>luteam</strong></span> 
     </span>
    </p>
   </div>
   <div class='ocr_carea' id='block_1_8' title="bbox 383 929 1964 998">
    <p class='ocr_par' dir='ltr' id='par_1_8' title="bbox 383 929 1964 998">
     <span class='ocr_line' id='line_1_8' title="bbox 383 929 1964 998; baseline -0.001 -16"><span class='ocrx_word' id='word_1_61' title='bbox 383 929 662 984; x_wconf 82' lang='lat' dir='ltr'><strong>materiam</strong></span> <span class='ocrx_word' id='word_1_62' title='bbox 698 938 1020 998; x_wconf 77' lang='lat' dir='ltr'><strong>vegetarent.</strong></span> <span class='ocrx_word' id='word_1_63' title='bbox 1046 929 1251 984; x_wconf 86' lang='lat' dir='ltr'><strong>llabeut</strong></span> <span class='ocrx_word' id='word_1_64' title='bbox 1289 944 1515 996; x_wconf 88' lang='lat' dir='ltr'><strong>namque</strong></span> <span class='ocrx_word' id='word_1_65' title='bbox 1543 929 1594 980; x_wconf 91' lang='lat' dir='ltr'><strong>in</strong></span> <span class='ocrx_word' id='word_1_66' title='bbox 1639 939 1822 980; x_wconf 85' lang='lat' dir='ltr'><strong>natura</strong></span> <span class='ocrx_word' id='word_1_67' title='bbox 1872 945 1964 981; x_wconf 74' lang='lat' dir='ltr'><strong>sua</strong></span> 
     </span>
    </p>
   </div>
   <div class='ocr_carea' id='block_1_9' title="bbox 380 999 1965 1067">
    <p class='ocr_par' dir='ltr' id='par_1_9' title="bbox 380 999 1965 1067">
     <span class='ocr_line' id='line_1_9' title="bbox 380 999 1965 1067; baseline -0.003 -13"><span class='ocrx_word' id='word_1_68' title='bbox 380 999 664 1067; x_wconf 77' lang='lat' dir='ltr'><strong>quamdam</strong></span> <span class='ocrx_word' id='word_1_69' title='bbox 692 999 1093 1055; x_wconf 84' lang='lat' dir='ltr'><strong>mutabilitatem</strong></span> <span class='ocrx_word' id='word_1_70' title='bbox 1119 1042 1134 1065; x_wconf 88' lang='lat'><strong>,</strong></span> <span class='ocrx_word' id='word_1_71' title='bbox 1159 999 1447 1054; x_wconf 88' lang='lat' dir='ltr'><strong>secundum</strong></span> <span class='ocrx_word' id='word_1_72' title='bbox 1473 1013 1628 1067; x_wconf 87' lang='lat' dir='ltr'><strong>quam</strong></span> <span class='ocrx_word' id='word_1_73' title='bbox 1658 999 1965 1065; x_wconf 86' lang='lat' dir='ltr'><strong>corporibus</strong></span> 
     </span>
    </p>
   </div>
   <div class='ocr_carea' id='block_1_10' title="bbox 382 1068 1963 1140">
    <p class='ocr_par' dir='ltr' id='par_1_10' title="bbox 382 1068 1963 1140">
     <span class='ocr_line' id='line_1_10' title="bbox 382 1068 1963 1140; baseline -0.001 -19"><span class='ocrx_word' id='word_1_74' title='bbox 382 1069 710 1130; x_wconf 66' lang='lat' dir='ltr'><strong>viviﬁcandis</strong></span> <span class='ocrx_word' id='word_1_75' title='bbox 732 1072 1196 1140; x_wconf 66' lang='lat' dir='ltr'><strong>appropinquant,</strong></span> <span class='ocrx_word' id='word_1_76' title='bbox 1227 1071 1276 1123; x_wconf 90' lang='lat' dir='ltr'><strong>in</strong></span> <span class='ocrx_word' id='word_1_77' title='bbox 1323 1085 1422 1140; x_wconf 89' lang='lat' dir='ltr'><strong>qua</strong></span> <span class='ocrx_word' id='word_1_78' title='bbox 1466 1068 1677 1140; x_wconf 83' lang='lat' dir='ltr'><strong>quidem</strong></span> <span class='ocrx_word' id='word_1_79' title='bbox 1726 1069 1963 1121; x_wconf 85' lang='lat' dir='ltr'><strong>nonnihil</strong></span> 
     </span>
    </p>
   </div>
   <div class='ocr_carea' id='block_1_11' title="bbox 379 1139 1963 1210">
    <p class='ocr_par' dir='ltr' id='par_1_11' title="bbox 379 1139 1963 1210">
     <span class='ocr_line' id='line_1_11' title="bbox 379 1139 1963 1210; baseline -0.003 -16"><span class='ocrx_word' id='word_1_80' title='bbox 379 1155 492 1194; x_wconf 64' lang='lat' dir='ltr'><strong>sua)</strong></span> <span class='ocrx_word' id='word_1_81' title='bbox 516 1139 1079 1210; x_wconf 75' lang='lat' dir='ltr'><strong>puritatisdepoount.</strong></span> <span class='ocrx_word' id='word_1_82' title='bbox 1108 1142 1242 1195; x_wconf 78' lang='lat' dir='ltr'><strong>Cum</strong></span> <span class='ocrx_word' id='word_1_83' title='bbox 1271 1141 1412 1193; x_wconf 88' lang='lat' dir='ltr'><strong>enim</strong></span> <span class='ocrx_word' id='word_1_84' title='bbox 1468 1139 1812 1192; x_wconf 78' lang='lat' dir='ltr'><strong>delectatione</strong></span> <span class='ocrx_word' id='word_1_85' title='bbox 1843 1154 1963 1190; x_wconf 84' lang='lat' dir='ltr'><strong>cor-</strong></span> 
     </span>
    </p>
   </div>
   <div class='ocr_carea' id='block_1_12' title="bbox 378 1210 1962 1280">
    <p class='ocr_par' dir='ltr' id='par_1_12' title="bbox 378 1210 1962 1280">
     <span class='ocr_line' id='line_1_12' title="bbox 378 1210 1962 1280; baseline -0.001 -16"><span class='ocrx_word' id='word_1_86' title='bbox 378 1211 524 1278; x_wconf 80' lang='lat' dir='ltr'><strong>poris</strong></span> <span class='ocrx_word' id='word_1_87' title='bbox 549 1210 852 1265; x_wconf 80' lang='lat' dir='ltr'><strong>alticiuntur</strong></span> <span class='ocrx_word' id='word_1_88' title='bbox 875 1253 888 1273; x_wconf 91' lang='lat'><strong>,</strong></span> <span class='ocrx_word' id='word_1_89' title='bbox 917 1213 1066 1280; x_wconf 85' lang='lat' dir='ltr'><strong>quasi</strong></span> <span class='ocrx_word' id='word_1_90' title='bbox 1094 1211 1376 1279; x_wconf 84' lang='lat' dir='ltr'><strong>quamdam</strong></span> <span class='ocrx_word' id='word_1_91' title='bbox 1417 1210 1801 1277; x_wconf 75' lang='lat' dir='ltr'><strong>corpulentiam</strong></span> <span class='ocrx_word' id='word_1_92' title='bbox 1841 1210 1962 1262; x_wconf 82' lang='lat' dir='ltr'><strong>inde</strong></span> 
     </span>
    </p>
   </div>
   <div class='ocr_carea' id='block_1_13' title="bbox 378 1280 1963 1350">
    <p class='ocr_par' dir='ltr' id='par_1_13' title="bbox 378 1280 1963 1350">
     <span class='ocr_line' id='line_1_13' title="bbox 378 1280 1963 1350; baseline 0 -16"><span class='ocrx_word' id='word_1_93' title='bbox 378 1281 615 1346; x_wconf 78' lang='lat' dir='ltr'><strong>trahunt;</strong></span> <span class='ocrx_word' id='word_1_94' title='bbox 643 1297 760 1349; x_wconf 80' lang='lat' dir='ltr'><strong>quae</strong></span> <span class='ocrx_word' id='word_1_95' title='bbox 787 1284 1052 1350; x_wconf 73' lang='lat' dir='ltr'><strong>puriorem</strong></span> <span class='ocrx_word' id='word_1_96' title='bbox 1075 1291 1316 1336; x_wconf 87' lang='lat' dir='ltr'><strong>naturam</strong></span> <span class='ocrx_word' id='word_1_97' title='bbox 1345 1296 1528 1335; x_wconf 91' lang='lat' dir='ltr'><strong>eorum</strong></span> <span class='ocrx_word' id='word_1_98' title='bbox 1555 1281 1864 1347; x_wconf 91' lang='lat' dir='ltr'><strong>corrumpit.</strong></span> <span class='ocrx_word' id='word_1_99' title='bbox 1895 1280 1963 1334; x_wconf 88' lang='lat' dir='ltr'><strong>Et</strong></span> 
     </span>
    </p>
   </div>
   <div class='ocr_carea' id='block_1_14' title="bbox 376 1351 1961 1421">
    <p class='ocr_par' dir='ltr' id='par_1_14' title="bbox 376 1351 1961 1421">
     <span class='ocr_line' id='line_1_14' title="bbox 376 1351 1961 1421; baseline 0.002 -18"><span class='ocrx_word' id='word_1_100' title='bbox 376 1353 480 1421; x_wconf 86' lang='lat' dir='ltr'><strong>hoc</strong></span> <span class='ocrx_word' id='word_1_101' title='bbox 509 1352 694 1410; x_wconf 72' lang='lat' dir='ltr'><strong>vitium</strong></span> <span class='ocrx_word' id='word_1_102' title='bbox 718 1361 918 1420; x_wconf 79' lang='lat' dir='ltr'><strong>quanto</strong></span> <span class='ocrx_word' id='word_1_103' title='bbox 942 1353 1098 1406; x_wconf 87' lang='lat' dir='ltr'><strong>altius</strong></span> <span class='ocrx_word' id='word_1_104' title='bbox 1118 1353 1194 1405; x_wconf 88' lang='lat' dir='ltr'><strong>eis</strong></span> <span class='ocrx_word' id='word_1_105' title='bbox 1213 1352 1264 1405; x_wconf 92' lang='lat' dir='ltr'><strong>in</strong></span> <span class='ocrx_word' id='word_1_106' title='bbox 1292 1351 1602 1421; x_wconf 79' lang='lat' dir='ltr'><strong>corporibus</strong></span> <span class='ocrx_word' id='word_1_107' title='bbox 1629 1352 1961 1406; x_wconf 80' lang='lat' dir='ltr'><strong>immentibns</strong></span> 
     </span>
    </p>
   </div>
   <div class='ocr_carea' id='block_1_15' title="bbox 375 1419 1958 1490">
    <p class='ocr_par' dir='ltr' id='par_1_15' title="bbox 375 1419 1958 1490">
     <span class='ocr_line' id='line_1_15' title="bbox 375 1419 1958 1490; baseline -0.003 -14"><span class='ocrx_word' id='word_1_108' title='bbox 375 1419 682 1487; x_wconf 68' lang='lat' dir='ltr'><strong>inhaiserit,</strong></span> <span class='ocrx_word' id='word_1_109' title='bbox 733 1419 881 1476; x_wconf 80' lang='lat' dir='ltr'><strong>tanto</strong></span> <span class='ocrx_word' id='word_1_110' title='bbox 926 1423 1192 1478; x_wconf 70' lang='lat' dir='ltr'><strong>didici-lius</strong></span> <span class='ocrx_word' id='word_1_111' title='bbox 1239 1437 1331 1478; x_wconf 91' lang='lat' dir='ltr'><strong>eos</strong></span> <span class='ocrx_word' id='word_1_112' title='bbox 1369 1419 1402 1474; x_wconf 80' lang='lat' dir='ltr'><strong>a</strong></span> <span class='ocrx_word' id='word_1_113' title='bbox 1429 1422 1736 1490; x_wconf 82' lang='lat' dir='ltr'><strong>corporibus</strong></span> <span class='ocrx_word' id='word_1_114' title='bbox 1784 1421 1958 1474; x_wconf 76' lang='lat' dir='ltr'><strong>disce-</strong></span> 
     </span>
    </p>
   </div>
   <div class='ocr_carea' id='block_1_16' title="bbox 375 1492 1958 1562">
    <p class='ocr_par' dir='ltr' id='par_1_16' title="bbox 375 1492 1958 1562">
     <span class='ocr_line' id='line_1_16' title="bbox 375 1492 1958 1562; baseline -0.001 -16"><span class='ocrx_word' id='word_1_115' title='bbox 375 1492 564 1548; x_wconf 91' lang='lat' dir='ltr'><strong>dentcs</strong></span> <span class='ocrx_word' id='word_1_116' title='bbox 610 1493 809 1547; x_wconf 82' lang='lat' dir='ltr'><strong>deserit</strong></span> <span class='ocrx_word' id='word_1_117' title='bbox 837 1509 853 1544; x_wconf 85' lang='lat'>:</span> <span class='ocrx_word' id='word_1_118' title='bbox 881 1493 1131 1562; x_wconf 72' lang='lat' dir='ltr'><strong>quoidam</strong></span> <span class='ocrx_word' id='word_1_119' title='bbox 1177 1509 1287 1548; x_wconf 88' lang='lat' dir='ltr'><strong>non</strong></span> <span class='ocrx_word' id='word_1_120' title='bbox 1333 1493 1529 1545; x_wconf 90' lang='lat' dir='ltr'><strong>tollitur</strong></span> <span class='ocrx_word' id='word_1_121' title='bbox 1567 1492 1773 1560; x_wconf 84' lang='lat' dir='ltr'><strong>passio,</strong></span> <span class='ocrx_word' id='word_1_122' title='bbox 1801 1493 1958 1545; x_wconf 65' lang='lat' dir='ltr'><strong>etiam</strong></span> 
     </span>
    </p>
   </div>
   <div class='ocr_carea' id='block_1_17' title="bbox 374 1562 1959 1632">
    <p class='ocr_par' dir='ltr' id='par_1_17' title="bbox 374 1562 1959 1632">
     <span class='ocr_line' id='line_1_17' title="bbox 374 1562 1959 1632; baseline 0 -16"><span class='ocrx_word' id='word_1_123' title='bbox 374 1579 493 1616; x_wconf 87' lang='lat' dir='ltr'><strong>cum</strong></span> <span class='ocrx_word' id='word_1_124' title='bbox 525 1563 726 1624; x_wconf 81' lang='lat' dir='ltr'><strong>tollitur</strong></span> <span class='ocrx_word' id='word_1_125' title='bbox 750 1579 907 1618; x_wconf 79' lang='lat' dir='ltr'><strong>causa</strong></span> <span class='ocrx_word' id='word_1_126' title='bbox 936 1564 1224 1632; x_wconf 81' lang='lat' dir='ltr'><strong>passionis,</strong></span> <span class='ocrx_word' id='word_1_127' title='bbox 1253 1564 1352 1617; x_wconf 88' lang='lat' dir='ltr'><strong>nisi</strong></span> <span class='ocrx_word' id='word_1_128' title='bbox 1393 1562 1459 1615; x_wconf 93' lang='lat' dir='ltr'><strong>ab</strong></span> <span class='ocrx_word' id='word_1_129' title='bbox 1495 1563 1752 1632; x_wconf 83' lang='lat' dir='ltr'><strong>ejusmodi</strong></span> <span class='ocrx_word' id='word_1_130' title='bbox 1796 1563 1959 1616; x_wconf 64' lang='lat' dir='ltr'><strong>[ircu-</strong></span> 
     </span>
    </p>
   </div>
   <div class='ocr_carea' id='block_1_18' title="bbox 373 1631 1959 1701">
    <p class='ocr_par' dir='ltr' id='par_1_18' title="bbox 373 1631 1959 1701">
     <span class='ocr_line' id='line_1_18' title="bbox 373 1631 1959 1701; baseline -0.001 -14"><span class='ocrx_word' id='word_1_131' title='bbox 373 1634 532 1688; x_wconf 78' lang='lat' dir='ltr'><strong>leti-tia</strong></span> <span class='ocrx_word' id='word_1_132' title='bbox 567 1649 626 1688; x_wconf 77' lang='lat' dir='ltr'><strong>se</strong></span> <span class='ocrx_word' id='word_1_133' title='bbox 663 1635 714 1686; x_wconf 92' lang='lat' dir='ltr'><strong>in</strong></span> <span class='ocrx_word' id='word_1_134' title='bbox 761 1633 860 1688; x_wconf 88' lang='lat' dir='ltr'><strong>hac</strong></span> <span class='ocrx_word' id='word_1_135' title='bbox 904 1631 1009 1689; x_wconf 85' lang='lat' dir='ltr'><strong>vita</strong></span> <span class='ocrx_word' id='word_1_136' title='bbox 1047 1634 1306 1688; x_wconf 85' lang='lat' dir='ltr'><strong>mundare</strong></span> <span class='ocrx_word' id='word_1_137' title='bbox 1331 1631 1645 1686; x_wconf 88' lang='lat' dir='ltr'><strong>studucrint.</strong></span> <span class='ocrx_word' id='word_1_138' title='bbox 1684 1631 1790 1686; x_wconf 85' lang='lat' dir='ltr'><strong>Nos</strong></span> <span class='ocrx_word' id='word_1_139' title='bbox 1831 1648 1959 1701; x_wconf 84' lang='lat' dir='ltr'><strong>ergo</strong></span> 
     </span>
    </p>
   </div>
   <div class='ocr_carea' id='block_1_19' title="bbox 373 1704 1959 1773">
    <p class='ocr_par' dir='ltr' id='par_1_19' title="bbox 373 1704 1959 1773">
     <span class='ocr_line' id='line_1_19' title="bbox 373 1704 1959 1773; baseline -0.001 -15"><span class='ocrx_word' id='word_1_140' title='bbox 373 1706 461 1773; x_wconf 87' lang='lat' dir='ltr'><strong>qui</strong></span> <span class='ocrx_word' id='word_1_141' title='bbox 491 1705 541 1760; x_wconf 89' lang='lat' dir='ltr'><strong>in</strong></span> <span class='ocrx_word' id='word_1_142' title='bbox 567 1704 744 1762; x_wconf 82' lang='lat' dir='ltr'><strong>medio</strong></span> <span class='ocrx_word' id='word_1_143' title='bbox 766 1705 1024 1760; x_wconf 88' lang='lat' dir='ltr'><strong>bonorum</strong></span> <span class='ocrx_word' id='word_1_144' title='bbox 1056 1715 1111 1759; x_wconf 83' lang='lat' dir='ltr'><strong>et</strong></span> <span class='ocrx_word' id='word_1_145' title='bbox 1135 1706 1397 1759; x_wconf 87' lang='lat' dir='ltr'><strong>malorum</strong></span> <span class='ocrx_word' id='word_1_146' title='bbox 1432 1704 1584 1771; x_wconf 80' lang='lat' dir='ltr'><strong>positi</strong></span> <span class='ocrx_word' id='word_1_147' title='bbox 1607 1719 1810 1769; x_wconf 89' lang='lat' dir='ltr'><strong>sumus,</strong></span> <span class='ocrx_word' id='word_1_148' title='bbox 1838 1720 1959 1757; x_wconf 84' lang='lat' dir='ltr'><strong>con-</strong></span> 
     </span>
    </p>
   </div>
   <div class='ocr_carea' id='block_1_20' title="bbox 373 1774 1953 1843">
    <p class='ocr_par' dir='ltr' id='par_1_20' title="bbox 373 1774 1953 1843">
     <span class='ocr_line' id='line_1_20' title="bbox 373 1774 1953 1843; baseline 0 -15"><span class='ocrx_word' id='word_1_149' title='bbox 373 1776 609 1829; x_wconf 85' lang='lat' dir='ltr'><strong>siderare</strong></span> <span class='ocrx_word' id='word_1_150' title='bbox 643 1791 789 1843; x_wconf 69' lang='lat' dir='ltr'><strong>saepe</strong></span> <span class='ocrx_word' id='word_1_151' title='bbox 815 1776 1070 1831; x_wconf 87' lang='lat' dir='ltr'><strong>debemus</strong></span> <span class='ocrx_word' id='word_1_152' title='bbox 1095 1787 1152 1830; x_wconf 87' lang='lat' dir='ltr'><strong>et</strong></span> <span class='ocrx_word' id='word_1_153' title='bbox 1177 1774 1427 1843; x_wconf 81' lang='lat' dir='ltr'><strong>gaudium</strong></span> <span class='ocrx_word' id='word_1_154' title='bbox 1457 1774 1666 1826; x_wconf 90' lang='lat' dir='ltr'><strong>illorum</strong></span> <span class='ocrx_word' id='word_1_155' title='bbox 1693 1814 1708 1836; x_wconf 86' lang='lat'><strong>,</strong></span> <span class='ocrx_word' id='word_1_156' title='bbox 1741 1782 1794 1826; x_wconf 75' lang='lat' dir='ltr'><strong>et</strong></span> <span class='ocrx_word' id='word_1_157' title='bbox 1823 1775 1953 1828; x_wconf 87' lang='lat' dir='ltr'><strong>isto-</strong></span> 
     </span>
    </p>
   </div>
   <div class='ocr_carea' id='block_1_21' title="bbox 370 1845 1954 1916">
    <p class='ocr_par' dir='ltr' id='par_1_21' title="bbox 370 1845 1954 1916">
     <span class='ocr_line' id='line_1_21' title="bbox 370 1845 1954 1916; baseline -0.003 -15"><span class='ocrx_word' id='word_1_158' title='bbox 370 1861 489 1901; x_wconf 85' lang='lat' dir='ltr'><strong>rum</strong></span> <span class='ocrx_word' id='word_1_159' title='bbox 513 1846 851 1914; x_wconf 81' lang='lat' dir='ltr'><strong>supplicium,</strong></span> <span class='ocrx_word' id='word_1_160' title='bbox 875 1856 1036 1916; x_wconf 82' lang='lat' dir='ltr'><strong>atque</strong></span> <span class='ocrx_word' id='word_1_161' title='bbox 1064 1855 1301 1900; x_wconf 88' lang='lat' dir='ltr'><strong>nostram</strong></span> <span class='ocrx_word' id='word_1_162' title='bbox 1332 1845 1621 1916; x_wconf 86' lang='lat' dir='ltr'><strong>miseriam.</strong></span> <span class='ocrx_word' id='word_1_163' title='bbox 1662 1845 1954 1898; x_wconf 71' lang='lat' dir='ltr'><strong>liationalis</strong></span> 
     </span>
    </p>
   </div>
   <div class='ocr_carea' id='block_1_22' title="bbox 374 1915 1956 1985">
    <p class='ocr_par' dir='ltr' id='par_1_22' title="bbox 374 1915 1956 1985">
     <span class='ocr_line' id='line_1_22' title="bbox 374 1915 1956 1985; baseline -0.002 -14"><span class='ocrx_word' id='word_1_164' title='bbox 374 1917 632 1985; x_wconf 91' lang='lat' dir='ltr'><strong>siquidem</strong></span> <span class='ocrx_word' id='word_1_165' title='bbox 663 1925 744 1970; x_wconf 90' lang='lat' dir='ltr'><strong>est</strong></span> <span class='ocrx_word' id='word_1_166' title='bbox 787 1915 962 1969; x_wconf 86' lang='lat' dir='ltr'><strong>anima</strong></span> <span class='ocrx_word' id='word_1_167' title='bbox 993 1926 1174 1970; x_wconf 76' lang='lat' dir='ltr'><strong>nostra</strong></span> <span class='ocrx_word' id='word_1_168' title='bbox 1197 1957 1211 1979; x_wconf 93' lang='lat'><strong>,</strong></span> <span class='ocrx_word' id='word_1_169' title='bbox 1245 1925 1302 1969; x_wconf 87' lang='lat' dir='ltr'><strong>ut</strong></span> <span class='ocrx_word' id='word_1_170' title='bbox 1327 1918 1460 1969; x_wconf 90' lang='lat' dir='ltr'><strong>sciat</strong></span> <span class='ocrx_word' id='word_1_171' title='bbox 1487 1915 1789 1968; x_wconf 87' lang='lat' dir='ltr'><strong>discernere</strong></span> <span class='ocrx_word' id='word_1_172' title='bbox 1820 1917 1956 1968; x_wconf 88' lang='lat' dir='ltr'><strong>inter</strong></span> 
     </span>
    </p>
   </div>
   <div class='ocr_carea' id='block_1_23' title="bbox 368 1985 1955 2053">
    <p class='ocr_par' dir='ltr' id='par_1_23' title="bbox 368 1985 1955 2053">
     <span class='ocr_line' id='line_1_23' title="bbox 368 1985 1955 2053; baseline 0 -14"><span class='ocrx_word' id='word_1_173' title='bbox 368 1986 568 2041; x_wconf 78' lang='lat' dir='ltr'><strong>bonmn</strong></span> <span class='ocrx_word' id='word_1_174' title='bbox 607 1994 660 2040; x_wconf 89' lang='lat' dir='ltr'><strong>et</strong></span> <span class='ocrx_word' id='word_1_175' title='bbox 703 1987 918 2040; x_wconf 86' lang='lat' dir='ltr'><strong>malum.</strong></span> <span class='ocrx_word' id='word_1_176' title='bbox 959 1986 1053 2042; x_wconf 86' lang='lat' dir='ltr'><strong>Est</strong></span> <span class='ocrx_word' id='word_1_177' title='bbox 1094 1986 1252 2039; x_wconf 89' lang='lat' dir='ltr'><strong>etiam</strong></span> <span class='ocrx_word' id='word_1_178' title='bbox 1312 1985 1738 2051; x_wconf 64' lang='lat' dir='ltr'><strong>COHCUPiSClbillS</strong></span> <span class='ocrx_word' id='word_1_179' title='bbox 1798 1996 1955 2053; x_wconf 87' lang='lat' dir='ltr'><strong>atque</strong></span> 
     </span>
    </p>
   </div>
   <div class='ocr_carea' id='block_1_24' title="bbox 370 2055 1951 2137">
    <p class='ocr_par' dir='ltr' id='par_1_24' title="bbox 370 2055 1951 2137">
     <span class='ocr_line' id='line_1_24' title="bbox 370 2055 1951 2137; baseline -0.001 -27"><span class='ocrx_word' id='word_1_180' title='bbox 370 2056 687 2137; x_wconf 66' lang='lat' dir='ltr'><strong>irascibilis,</strong></span> <span class='ocrx_word' id='word_1_181' title='bbox 721 2065 781 2137; x_wconf 69' lang='lat' dir='ltr'><strong>ut</strong></span> <span class='ocrx_word' id='word_1_182' title='bbox 805 2057 972 2137; x_wconf 69' lang='lat' dir='ltr'><strong>pessit</strong></span> <span class='ocrx_word' id='word_1_183' title='bbox 1009 2072 1190 2137; x_wconf 75' lang='lat' dir='ltr'><strong>amare</strong></span> <span class='ocrx_word' id='word_1_184' title='bbox 1221 2056 1415 2109; x_wconf 85' lang='lat' dir='ltr'><strong>bonum</strong></span> <span class='ocrx_word' id='word_1_185' title='bbox 1461 2064 1514 2108; x_wconf 85' lang='lat' dir='ltr'><strong>et</strong></span> <span class='ocrx_word' id='word_1_186' title='bbox 1541 2055 1689 2137; x_wconf 69' lang='lat' dir='ltr'><strong>odire</strong></span> <span class='ocrx_word' id='word_1_187' title='bbox 1734 2059 1951 2137; x_wconf 72' lang='lat' dir='ltr'><strong>malum.</strong></span> 
     </span>
    </p>
   </div>
   <div class='ocr_carea' id='block_1_25' title="bbox 373 2125 1953 2196">
    <p class='ocr_par' dir='ltr' id='par_1_25' title="bbox 373 2125 1953 2196">
     <span class='ocr_line' id='line_1_25' title="bbox 373 2125 1953 2196; baseline -0.001 -16"><span class='ocrx_word' id='word_1_188' title='bbox 373 2128 445 2181; x_wconf 83' lang='lat' dir='ltr'><strong>De</strong></span> <span class='ocrx_word' id='word_1_189' title='bbox 468 2125 968 2196; x_wconf 85' lang='lat' dir='ltr'><strong>concupiscibilitate</strong></span> <span class='ocrx_word' id='word_1_190' title='bbox 997 2129 1229 2181; x_wconf 89' lang='lat' dir='ltr'><strong>nascitur</strong></span> <span class='ocrx_word' id='word_1_191' title='bbox 1253 2141 1404 2180; x_wconf 90' lang='lat' dir='ltr'><strong>amor</strong></span> <span class='ocrx_word' id='word_1_192' title='bbox 1423 2166 1438 2190; x_wconf 90' lang='lat'><strong>,</strong></span> <span class='ocrx_word' id='word_1_193' title='bbox 1472 2135 1525 2179; x_wconf 91' lang='lat' dir='ltr'><strong>et</strong></span> <span class='ocrx_word' id='word_1_194' title='bbox 1550 2125 1617 2178; x_wconf 90' lang='lat' dir='ltr'><strong>de</strong></span> <span class='ocrx_word' id='word_1_195' title='bbox 1646 2141 1826 2178; x_wconf 90' lang='lat' dir='ltr'><strong>amore</strong></span> <span class='ocrx_word' id='word_1_196' title='bbox 1855 2126 1953 2179; x_wconf 77' lang='lat' dir='ltr'><strong>de-</strong></span> 
     </span>
    </p>
   </div>
   <div class='ocr_carea' id='block_1_26' title="bbox 369 2196 1954 2266">
    <p class='ocr_par' dir='ltr' id='par_1_26' title="bbox 369 2196 1954 2266">
     <span class='ocr_line' id='line_1_26' title="bbox 369 2196 1954 2266; baseline -0.002 -14"><span class='ocrx_word' id='word_1_197' title='bbox 369 2198 622 2252; x_wconf 81' lang='lat' dir='ltr'><strong>siderium</strong></span> <span class='ocrx_word' id='word_1_198' title='bbox 658 2207 712 2251; x_wconf 91' lang='lat' dir='ltr'><strong>et</strong></span> <span class='ocrx_word' id='word_1_199' title='bbox 739 2198 1006 2266; x_wconf 77' lang='lat' dir='ltr'><strong>gaudium.</strong></span> <span class='ocrx_word' id='word_1_200' title='bbox 1039 2201 1204 2250; x_wconf 82' lang='lat' dir='ltr'><strong>Amor</strong></span> <span class='ocrx_word' id='word_1_201' title='bbox 1231 2204 1315 2250; x_wconf 86' lang='lat' dir='ltr'><strong>est</strong></span> <span class='ocrx_word' id='word_1_202' title='bbox 1343 2196 1622 2250; x_wconf 84' lang='lat' dir='ltr'><strong>delectatio</strong></span> <span class='ocrx_word' id='word_1_203' title='bbox 1645 2197 1825 2256; x_wconf 53' lang='lat' dir='ltr'><strong>cordi.</strong></span> <span class='ocrx_word' id='word_1_204' title='bbox 1857 2197 1954 2249; x_wconf 83' lang='lat' dir='ltr'><strong>ali-</strong></span> 
     </span>
    </p>
   </div>
   <div class='ocr_carea' id='block_1_27' title="bbox 368 2267 1951 2338">
    <p class='ocr_par' dir='ltr' id='par_1_27' title="bbox 368 2267 1951 2338">
     <span class='ocr_line' id='line_1_27' title="bbox 368 2267 1951 2338; baseline -0.004 -14"><span class='ocrx_word' id='word_1_205' title='bbox 368 2269 518 2337; x_wconf 87' lang='lat' dir='ltr'><strong>cujus</strong></span> <span class='ocrx_word' id='word_1_206' title='bbox 547 2268 611 2322; x_wconf 88' lang='lat' dir='ltr'><strong>ad</strong></span> <span class='ocrx_word' id='word_1_207' title='bbox 637 2268 833 2336; x_wconf 89' lang='lat' dir='ltr'><strong>aliquid</strong></span> <span class='ocrx_word' id='word_1_208' title='bbox 869 2280 1086 2338; x_wconf 86' lang='lat' dir='ltr'><strong>propter</strong></span> <span class='ocrx_word' id='word_1_209' title='bbox 1113 2267 1332 2336; x_wconf 85' lang='lat' dir='ltr'><strong>aliquid,</strong></span> <span class='ocrx_word' id='word_1_210' title='bbox 1364 2283 1460 2338; x_wconf 88' lang='lat' dir='ltr'><strong>per</strong></span> <span class='ocrx_word' id='word_1_211' title='bbox 1485 2267 1802 2338; x_wconf 85' lang='lat' dir='ltr'><strong>desiderimn</strong></span> <span class='ocrx_word' id='word_1_212' title='bbox 1828 2282 1951 2338; x_wconf 91' lang='lat' dir='ltr'><strong>cur-</strong></span> 
     </span>
    </p>
   </div>
   <div class='ocr_carea' id='block_1_28' title="bbox 367 2337 1950 2408">
    <p class='ocr_par' dir='ltr' id='par_1_28' title="bbox 367 2337 1950 2408">
     <span class='ocr_line' id='line_1_28' title="bbox 367 2337 1950 2408; baseline -0.003 -14"><span class='ocrx_word' id='word_1_213' title='bbox 367 2354 512 2405; x_wconf 84' lang='lat' dir='ltr'><strong>rens,</strong></span> <span class='ocrx_word' id='word_1_214' title='bbox 538 2347 696 2407; x_wconf 87' lang='lat' dir='ltr'><strong>atque</strong></span> <span class='ocrx_word' id='word_1_215' title='bbox 727 2354 819 2406; x_wconf 89' lang='lat' dir='ltr'><strong>per</strong></span> <span class='ocrx_word' id='word_1_216' title='bbox 841 2337 1089 2408; x_wconf 79' lang='lat' dir='ltr'><strong>gaudium</strong></span> <span class='ocrx_word' id='word_1_217' title='bbox 1117 2337 1475 2408; x_wconf 82' lang='lat' dir='ltr'><strong>requiescens;</strong></span> <span class='ocrx_word' id='word_1_218' title='bbox 1509 2353 1600 2408; x_wconf 80' lang='lat' dir='ltr'><strong>per</strong></span> <span class='ocrx_word' id='word_1_219' title='bbox 1631 2337 1950 2408; x_wconf 79' lang='lat' dir='ltr'><strong>desiderium</strong></span> 
     </span>
    </p>
   </div>
   <div class='ocr_carea' id='block_1_29' title="bbox 367 2407 1954 2479">
    <p class='ocr_par' dir='ltr' id='par_1_29' title="bbox 367 2407 1954 2479">
     <span class='ocr_line' id='line_1_29' title="bbox 367 2407 1954 2479; baseline 0 -17"><span class='ocrx_word' id='word_1_220' title='bbox 367 2409 419 2462; x_wconf 88' lang='lat' dir='ltr'><strong>in</strong></span> <span class='ocrx_word' id='word_1_221' title='bbox 459 2409 754 2477; x_wconf 84' lang='lat' dir='ltr'><strong>appetendo</strong></span> <span class='ocrx_word' id='word_1_222' title='bbox 787 2450 801 2473; x_wconf 93' lang='lat'><strong>,</strong></span> <span class='ocrx_word' id='word_1_223' title='bbox 828 2407 882 2463; x_wconf 88' lang='lat' dir='ltr'><strong>et</strong></span> <span class='ocrx_word' id='word_1_224' title='bbox 926 2425 1022 2479; x_wconf 86' lang='lat' dir='ltr'><strong>per</strong></span> <span class='ocrx_word' id='word_1_225' title='bbox 1067 2408 1313 2477; x_wconf 80' lang='lat' dir='ltr'><strong>gaudium</strong></span> <span class='ocrx_word' id='word_1_226' title='bbox 1361 2407 1412 2462; x_wconf 91' lang='lat' dir='ltr'><strong>in</strong></span> <span class='ocrx_word' id='word_1_227' title='bbox 1456 2407 1796 2476; x_wconf 82' lang='lat' dir='ltr'><strong>periruendo.</strong></span> <span class='ocrx_word' id='word_1_228' title='bbox 1844 2407 1954 2462; x_wconf 87' lang='lat' dir='ltr'><strong>Nec</strong></span> 
     </span>
    </p>
   </div>
   <div class='ocr_carea' id='block_1_30' title="bbox 365 2478 1950 2544">
    <p class='ocr_par' dir='ltr' id='par_1_30' title="bbox 365 2478 1950 2544">
     <span class='ocr_line' id='line_1_30' title="bbox 365 2478 1950 2544; baseline -0.001 -11"><span class='ocrx_word' id='word_1_229' title='bbox 365 2481 577 2533; x_wconf 86' lang='lat' dir='ltr'><strong>aliunde</strong></span> <span class='ocrx_word' id='word_1_230' title='bbox 605 2479 800 2534; x_wconf 85' lang='lat' dir='ltr'><strong>bonum</strong></span> <span class='ocrx_word' id='word_1_231' title='bbox 829 2478 934 2544; x_wconf 88' lang='lat' dir='ltr'><strong>est,</strong></span> <span class='ocrx_word' id='word_1_232' title='bbox 955 2481 1003 2534; x_wconf 89' lang='lat' dir='ltr'><strong>si</strong></span> <span class='ocrx_word' id='word_1_233' title='bbox 1033 2479 1228 2534; x_wconf 84' lang='lat' dir='ltr'><strong>bonum</strong></span> <span class='ocrx_word' id='word_1_234' title='bbox 1253 2487 1354 2539; x_wconf 86' lang='lat' dir='ltr'><strong>cst.</strong></span> <span class='ocrx_word' id='word_1_235' title='bbox 1384 2495 1475 2532; x_wconf 89' lang='lat' dir='ltr'><strong>cor</strong></span> <span class='ocrx_word' id='word_1_236' title='bbox 1501 2481 1823 2542; x_wconf 86' lang='lat' dir='ltr'><strong>humanum,</strong></span> <span class='ocrx_word' id='word_1_237' title='bbox 1850 2478 1950 2532; x_wconf 86' lang='lat' dir='ltr'><strong>nisi</strong></span> 
     </span>
    </p>
   </div>
   <div class='ocr_carea' id='block_1_31' title="bbox 365 2548 1950 2620">
    <p class='ocr_par' dir='ltr' id='par_1_31' title="bbox 365 2548 1950 2620">
     <span class='ocr_line' id='line_1_31' title="bbox 365 2548 1950 2620; baseline -0.001 -16"><span class='ocrx_word' id='word_1_238' title='bbox 365 2551 505 2620; x_wconf 81' lang='lat' dir='ltr'><strong>quod</strong></span> <span class='ocrx_word' id='word_1_239' title='bbox 529 2551 666 2606; x_wconf 80' lang='lat' dir='ltr'><strong>bene</strong></span> <span class='ocrx_word' id='word_1_240' title='bbox 691 2560 832 2604; x_wconf 81' lang='lat' dir='ltr'><strong>amat</strong></span> <span class='ocrx_word' id='word_1_241' title='bbox 849 2550 993 2619; x_wconf 86' lang='lat' dir='ltr'><strong>quod</strong></span> <span class='ocrx_word' id='word_1_242' title='bbox 1025 2551 1220 2603; x_wconf 84' lang='lat' dir='ltr'><strong>bonum</strong></span> <span class='ocrx_word' id='word_1_243' title='bbox 1248 2557 1348 2603; x_wconf 86' lang='lat' dir='ltr'><strong>est.</strong></span> <span class='ocrx_word' id='word_1_244' title='bbox 1375 2549 1482 2602; x_wconf 87' lang='lat' dir='ltr'><strong>Nec</strong></span> <span class='ocrx_word' id='word_1_245' title='bbox 1511 2548 1723 2620; x_wconf 86' lang='lat' dir='ltr'><strong>aliunde</strong></span> <span class='ocrx_word' id='word_1_246' title='bbox 1753 2549 1950 2620; x_wconf 81' lang='lat' dir='ltr'><strong>malum</strong></span> 
     </span>
    </p>
   </div>
   <div class='ocr_carea' id='block_1_32' title="bbox 364 2618 1946 2689">
    <p class='ocr_par' dir='ltr' id='par_1_32' title="bbox 364 2618 1946 2689">
     <span class='ocr_line' id='line_1_32' title="bbox 364 2618 1946 2689; baseline -0.001 -14"><span class='ocrx_word' id='word_1_247' title='bbox 364 2618 481 2684; x_wconf 80' lang='lat' dir='ltr'><strong>est,</strong></span> <span class='ocrx_word' id='word_1_248' title='bbox 512 2622 552 2674; x_wconf 87' lang='lat' dir='ltr'><strong>si</strong></span> <span class='ocrx_word' id='word_1_249' title='bbox 586 2621 779 2674; x_wconf 89' lang='lat' dir='ltr'><strong>malum</strong></span> <span class='ocrx_word' id='word_1_250' title='bbox 811 2618 925 2687; x_wconf 80' lang='lat' dir='ltr'><strong>est,</strong></span> <span class='ocrx_word' id='word_1_251' title='bbox 957 2621 1056 2675; x_wconf 76' lang='lat' dir='ltr'><strong>nisi</strong></span> <span class='ocrx_word' id='word_1_252' title='bbox 1079 2620 1219 2689; x_wconf 89' lang='lat' dir='ltr'><strong>quod</strong></span> <span class='ocrx_word' id='word_1_253' title='bbox 1246 2620 1384 2672; x_wconf 86' lang='lat' dir='ltr'><strong>male</strong></span> <span class='ocrx_word' id='word_1_254' title='bbox 1407 2628 1548 2673; x_wconf 87' lang='lat' dir='ltr'><strong>amat</strong></span> <span class='ocrx_word' id='word_1_255' title='bbox 1576 2619 1718 2685; x_wconf 84' lang='lat' dir='ltr'><strong>quod</strong></span> <span class='ocrx_word' id='word_1_256' title='bbox 1748 2618 1946 2674; x_wconf 85' lang='lat' dir='ltr'><strong>bonum</strong></span> 
     </span>
    </p>
   </div>
   <div class='ocr_carea' id='block_1_33' title="bbox 365 2689 1947 2760">
    <p class='ocr_par' dir='ltr' id='par_1_33' title="bbox 365 2689 1947 2760">
     <span class='ocr_line' id='line_1_33' title="bbox 365 2689 1947 2760; baseline -0.003 -14"><span class='ocrx_word' id='word_1_257' title='bbox 365 2703 466 2746; x_wconf 89' lang='lat' dir='ltr'><strong>est.</strong></span> <span class='ocrx_word' id='word_1_258' title='bbox 495 2691 662 2746; x_wconf 89' lang='lat' dir='ltr'><strong>Omne</strong></span> <span class='ocrx_word' id='word_1_259' title='bbox 687 2693 827 2745; x_wconf 91' lang='lat' dir='ltr'><strong>enim</strong></span> <span class='ocrx_word' id='word_1_260' title='bbox 858 2692 997 2760; x_wconf 86' lang='lat' dir='ltr'><strong>quod</strong></span> <span class='ocrx_word' id='word_1_261' title='bbox 1030 2699 1130 2757; x_wconf 64' lang='lat' dir='ltr'><strong>e~t,</strong></span> <span class='ocrx_word' id='word_1_262' title='bbox 1159 2691 1356 2744; x_wconf 89' lang='lat' dir='ltr'><strong>bonum</strong></span> <span class='ocrx_word' id='word_1_263' title='bbox 1387 2699 1468 2743; x_wconf 88' lang='lat' dir='ltr'><strong>est</strong></span> <span class='ocrx_word' id='word_1_264' title='bbox 1492 2707 1503 2741; x_wconf 85' lang='lat'><strong>:</strong></span> <span class='ocrx_word' id='word_1_265' title='bbox 1524 2689 1616 2760; x_wconf 87' lang='lat' dir='ltr'><strong>sed</strong></span> <span class='ocrx_word' id='word_1_266' title='bbox 1643 2689 1692 2740; x_wconf 88' lang='lat' dir='ltr'><strong>iu</strong></span> <span class='ocrx_word' id='word_1_267' title='bbox 1720 2704 1783 2742; x_wconf 90' lang='lat' dir='ltr'><strong>eo</strong></span> <span class='ocrx_word' id='word_1_268' title='bbox 1808 2690 1947 2756; x_wconf 88' lang='lat' dir='ltr'><strong>quod</strong></span> 
     </span>
    </p>
   </div>
   <div class='ocr_carea' id='block_1_34' title="bbox 363 2758 1948 2826">
    <p class='ocr_par' dir='ltr' id='par_1_34' title="bbox 363 2758 1948 2826">
     <span class='ocr_line' id='line_1_34' title="bbox 363 2758 1948 2826; baseline -0.003 -9"><span class='ocrx_word' id='word_1_269' title='bbox 363 2763 502 2818; x_wconf 83' lang='lat' dir='ltr'><strong>male</strong></span> <span class='ocrx_word' id='word_1_270' title='bbox 539 2771 746 2816; x_wconf 86' lang='lat' dir='ltr'><strong>amatur</strong></span> <span class='ocrx_word' id='word_1_271' title='bbox 774 2758 976 2818; x_wconf 71' lang='lat' dir='ltr'><strong>tantine</strong></span> <span class='ocrx_word' id='word_1_272' title='bbox 1004 2766 1188 2815; x_wconf 67' lang='lat' dir='ltr'><strong>vatium</strong></span> <span class='ocrx_word' id='word_1_273' title='bbox 1216 2769 1315 2826; x_wconf 63' lang='lat' dir='ltr'><strong>usit.</strong></span> <span class='ocrx_word' id='word_1_274' title='bbox 1350 2761 1423 2813; x_wconf 86' lang='lat' dir='ltr'><strong>De</strong></span> <span class='ocrx_word' id='word_1_275' title='bbox 1465 2758 1824 2813; x_wconf 74' lang='lat' dir='ltr'><strong>iraseibilitate</strong></span> <span class='ocrx_word' id='word_1_276' title='bbox 1855 2776 1948 2814; x_wconf 70' lang='lat' dir='ltr'><strong>na~</strong></span> 
     </span>
    </p>
   </div>
   <div class='ocr_carea' id='block_1_35' title="bbox 363 2829 1947 2900">
    <p class='ocr_par' dir='ltr' id='par_1_35' title="bbox 363 2829 1947 2900">
     <span class='ocr_line' id='line_1_35' title="bbox 363 2829 1947 2900; baseline -0.001 -13"><span class='ocrx_word' id='word_1_277' title='bbox 363 2835 529 2888; x_wconf 84' lang='lat' dir='ltr'><strong>scitur</strong></span> <span class='ocrx_word' id='word_1_278' title='bbox 551 2833 754 2886; x_wconf 89' lang='lat' dir='ltr'><strong>odium.</strong></span> <span class='ocrx_word' id='word_1_279' title='bbox 799 2833 883 2886; x_wconf 89' lang='lat' dir='ltr'><strong>lra</strong></span> <span class='ocrx_word' id='word_1_280' title='bbox 921 2834 1062 2887; x_wconf 87' lang='lat' dir='ltr'><strong>enim</strong></span> <span class='ocrx_word' id='word_1_281' title='bbox 1105 2839 1324 2900; x_wconf 81' lang='lat' dir='ltr'><strong>generat</strong></span> <span class='ocrx_word' id='word_1_282' title='bbox 1367 2831 1546 2894; x_wconf 82' lang='lat' dir='ltr'><strong>odium</strong></span> <span class='ocrx_word' id='word_1_283' title='bbox 1583 2848 1594 2882; x_wconf 91' lang='lat'>:</span> <span class='ocrx_word' id='word_1_284' title='bbox 1628 2839 1680 2885; x_wconf 89' lang='lat' dir='ltr'><strong>ct</strong></span> <span class='ocrx_word' id='word_1_285' title='bbox 1716 2831 1782 2883; x_wconf 89' lang='lat' dir='ltr'><strong>de</strong></span> <span class='ocrx_word' id='word_1_286' title='bbox 1823 2829 1947 2886; x_wconf 90' lang='lat' dir='ltr'><strong>odio</strong></span> 
     </span>
    </p>
   </div>
   <div class='ocr_carea' id='block_1_36' title="bbox 364 2902 1944 2969">
    <p class='ocr_par' dir='ltr' id='par_1_36' title="bbox 364 2902 1944 2969">
     <span class='ocr_line' id='line_1_36' title="bbox 364 2902 1944 2969; baseline -0.003 -10"><span class='ocrx_word' id='word_1_287' title='bbox 364 2903 516 2959; x_wconf 86' lang='lat' dir='ltr'><strong>dolor</strong></span> <span class='ocrx_word' id='word_1_288' title='bbox 539 2913 592 2957; x_wconf 88' lang='lat' dir='ltr'><strong>et</strong></span> <span class='ocrx_word' id='word_1_289' title='bbox 613 2904 795 2956; x_wconf 85' lang='lat' dir='ltr'><strong>timor.</strong></span> <span class='ocrx_word' id='word_1_290' title='bbox 825 2905 958 2956; x_wconf 78' lang='lat' dir='ltr'><strong>Cum</strong></span> <span class='ocrx_word' id='word_1_291' title='bbox 987 2903 1127 2956; x_wconf 90' lang='lat' dir='ltr'><strong>enim</strong></span> <span class='ocrx_word' id='word_1_292' title='bbox 1167 2909 1352 2956; x_wconf 88' lang='lat' dir='ltr'><strong>contra</strong></span> <span class='ocrx_word' id='word_1_293' title='bbox 1383 2909 1596 2969; x_wconf 87' lang='lat' dir='ltr'><strong>peccata</strong></span> <span class='ocrx_word' id='word_1_294' title='bbox 1629 2910 1805 2954; x_wconf 87' lang='lat' dir='ltr'><strong>nostra</strong></span> <span class='ocrx_word' id='word_1_295' title='bbox 1838 2902 1944 2954; x_wconf 83' lang='lat' dir='ltr'><strong>ira-</strong></span> 
     </span>
    </p>
   </div>
   <div class='ocr_carea' id='block_1_37' title="bbox 363 2971 1945 3040">
    <p class='ocr_par' dir='ltr' id='par_1_37' title="bbox 363 2971 1945 3040">
     <span class='ocr_line' id='line_1_37' title="bbox 363 2971 1945 3040; baseline -0.003 -10"><span class='ocrx_word' id='word_1_296' title='bbox 363 2975 580 3039; x_wconf 84' lang='lat' dir='ltr'><strong>scimur,</strong></span> <span class='ocrx_word' id='word_1_297' title='bbox 610 2983 662 3028; x_wconf 90' lang='lat' dir='ltr'><strong>et</strong></span> <span class='ocrx_word' id='word_1_298' title='bbox 685 2989 746 3028; x_wconf 86' lang='lat' dir='ltr'><strong>ea</strong></span> <span class='ocrx_word' id='word_1_299' title='bbox 778 2973 925 3028; x_wconf 89' lang='lat' dir='ltr'><strong>odire</strong></span> <span class='ocrx_word' id='word_1_300' title='bbox 954 2973 1253 3040; x_wconf 88' lang='lat' dir='ltr'><strong>incipimus,</strong></span> <span class='ocrx_word' id='word_1_301' title='bbox 1282 2971 1520 3024; x_wconf 89' lang='lat' dir='ltr'><strong>dolemus</strong></span> <span class='ocrx_word' id='word_1_302' title='bbox 1546 2972 1665 3040; x_wconf 87' lang='lat' dir='ltr'><strong>quia</strong></span> <span class='ocrx_word' id='word_1_303' title='bbox 1698 2971 1945 3039; x_wconf 83' lang='lat' dir='ltr'><strong>peccavi-</strong></span> 
     </span>
    </p>
   </div>
   <div class='ocr_carea' id='block_1_38' title="bbox 362 3043 1942 3112">
    <p class='ocr_par' dir='ltr' id='par_1_38' title="bbox 362 3043 1942 3112">
     <span class='ocr_line' id='line_1_38' title="bbox 362 3043 1942 3112; baseline -0.008 -12"><span class='ocrx_word' id='word_1_304' title='bbox 362 3061 500 3108; x_wconf 88' lang='lat' dir='ltr'><strong>mus,</strong></span> <span class='ocrx_word' id='word_1_305' title='bbox 533 3055 588 3100; x_wconf 90' lang='lat' dir='ltr'><strong>ct</strong></span> <span class='ocrx_word' id='word_1_306' title='bbox 614 3060 797 3112; x_wconf 84' lang='lat' dir='ltr'><strong>poenas</strong></span> <span class='ocrx_word' id='word_1_307' title='bbox 827 3059 922 3110; x_wconf 83' lang='lat' dir='ltr'><strong>pro</strong></span> <span class='ocrx_word' id='word_1_308' title='bbox 950 3043 1183 3112; x_wconf 77' lang='lat' dir='ltr'><strong>peccatis</strong></span> <span class='ocrx_word' id='word_1_309' title='bbox 1209 3043 1475 3094; x_wconf 86' lang='lat' dir='ltr'><strong>timemus.</strong></span> <span class='ocrx_word' id='word_1_310' title='bbox 1659 3098 1666 3104; x_wconf 90' lang='lat'>_</span> <span class='ocrx_word' id='word_1_311' title='bbox 1753 3110 1759 3112; x_wconf 90' lang='lat'>_</span> <span class='ocrx_word' id='word_1_312' title='bbox 1939 3058 1942 3062; x_wconf 84' lang='lat'><strong><em>-</em></strong></span> 
     </span>
    </p>
   </div>
   <div class='ocr_carea' id='block_1_39' title="bbox 368 3110 1942 3172">
    <p class='ocr_par' dir='ltr' id='par_1_39' title="bbox 368 3110 1942 3172">
     <span class='ocr_line' id='line_1_39' title="bbox 368 3110 1942 3172; baseline -0.004 0"><span class='ocrx_word' id='word_1_313' title='bbox 368 3169 370 3172; x_wconf 88' lang='lat'><strong><em>_</em></strong></span> <span class='ocrx_word' id='word_1_314' title='bbox 458 3110 685 3170; x_wconf 79' lang='lat' dir='ltr'><strong>CAPUT</strong></span> <span class='ocrx_word' id='word_1_315' title='bbox 731 3114 912 3168; x_wconf 72' lang='lat' dir='ltr'><strong>XLVI.</strong></span> <span class='ocrx_word' id='word_1_316' title='bbox 953 3110 1254 3167; x_wconf 56' lang='lat' dir='ltr'><strong>Rationalis</strong></span> <span class='ocrx_word' id='word_1_317' title='bbox 1297 3121 1539 3164; x_wconf 73' lang='lat' dir='ltr'><strong>creatura:</strong></span> <span class='ocrx_word' id='word_1_318' title='bbox 1577 3126 1686 3163; x_wconf 66' lang='lat' dir='ltr'><strong>sors</strong></span> <span class='ocrx_word' id='word_1_319' title='bbox 1727 3110 1942 3166; x_wconf 82' lang='lat' dir='ltr'><strong>diversa.</strong></span> 
     </span>
    </p>
   </div>
   <div class='ocr_carea' id='block_1_40' title="bbox 360 3179 1946 3256">
    <p class='ocr_par' dir='ltr' id='par_1_40' title="bbox 360 3179 1946 3256">
     <span class='ocr_line' id='line_1_40' title="bbox 360 3179 1946 3256; baseline -0.004 -13"><span class='ocrx_word' id='word_1_320' title='bbox 360 3187 558 3243; x_wconf 77' lang='lat' dir='ltr'><strong>Anima:</strong></span> <span class='ocrx_word' id='word_1_321' title='bbox 580 3195 793 3256; x_wconf 77' lang='lat' dir='ltr'><strong>quatuor</strong></span> <span class='ocrx_word' id='word_1_322' title='bbox 815 3183 1024 3251; x_wconf 56' lang='lat' dir='ltr'><strong>inﬂectas</strong></span> <span class='ocrx_word' id='word_1_323' title='bbox 1053 3184 1119 3236; x_wconf 86' lang='lat' dir='ltr'><strong>ad</strong></span> <span class='ocrx_word' id='word_1_324' title='bbox 1147 3182 1269 3255; x_wconf 81' lang='lat' dir='ltr'><strong>quid</strong></span> <span class='ocrx_word' id='word_1_325' title='bbox 1295 3179 1516 3234; x_wconf 75' lang='lat' dir='ltr'><strong>dati.Ad</strong></span> <span class='ocrx_word' id='word_1_326' title='bbox 1540 3181 1660 3251; x_wconf 80' lang='lat' dir='ltr'><strong>quid</strong></span> <span class='ocrx_word' id='word_1_327' title='bbox 1686 3183 1833 3233; x_wconf 83' lang='lat' dir='ltr'><strong>ratio.</strong></span> <span class='ocrx_word' id='word_1_328' title='bbox 1861 3182 1946 3236; x_wconf 85' lang='lat' dir='ltr'><strong>Sic</strong></span> 
     </span>
    </p>
   </div>
   <div class='ocr_carea' id='block_1_41' title="bbox 361 3256 1944 3320">
    <p class='ocr_par' dir='ltr' id='par_1_41' title="bbox 361 3256 1944 3320">
     <span class='ocr_line' id='line_1_41' title="bbox 361 3256 1944 3320; baseline -0.003 -9"><span class='ocrx_word' id='word_1_329' title='bbox 361 3266 573 3312; x_wconf 86' lang='lat' dir='ltr'><strong>creator</strong></span> <span class='ocrx_word' id='word_1_330' title='bbox 616 3257 849 3309; x_wconf 89' lang='lat' dir='ltr'><strong>omnium</strong></span> <span class='ocrx_word' id='word_1_331' title='bbox 897 3257 1036 3310; x_wconf 88' lang='lat' dir='ltr'><strong>Deus</strong></span> <span class='ocrx_word' id='word_1_332' title='bbox 1067 3256 1202 3309; x_wconf 89' lang='lat' dir='ltr'><strong>inter</strong></span> <span class='ocrx_word' id='word_1_333' title='bbox 1243 3264 1432 3308; x_wconf 65' lang='lat' dir='ltr'><strong>caetera</strong></span> <span class='ocrx_word' id='word_1_334' title='bbox 1475 3261 1528 3307; x_wconf 87' lang='lat' dir='ltr'><strong>et</strong></span> <span class='ocrx_word' id='word_1_335' title='bbox 1554 3268 1714 3320; x_wconf 86' lang='lat' dir='ltr'><strong>super</strong></span> <span class='ocrx_word' id='word_1_336' title='bbox 1753 3262 1944 3306; x_wconf 59' lang='lat' dir='ltr'><strong>caetera</strong></span> 
     </span>
    </p>
   </div>
   <div class='ocr_carea' id='block_1_42' title="bbox 361 3323 1946 3399">
    <p class='ocr_par' dir='ltr' id='par_1_42' title="bbox 361 3323 1946 3399">
     <span class='ocr_line' id='line_1_42' title="bbox 361 3323 1946 3399; baseline -0.003 -17"><span class='ocrx_word' id='word_1_337' title='bbox 361 3344 479 3396; x_wconf 63' lang='lat' dir='ltr'><strong>quae</strong></span> <span class='ocrx_word' id='word_1_338' title='bbox 497 3326 718 3399; x_wconf 76' lang='lat' dir='ltr'><strong>creavit,</strong></span> <span class='ocrx_word' id='word_1_339' title='bbox 739 3327 1053 3380; x_wconf 80' lang='lat' dir='ltr'><strong>mtionalem</strong></span> <span class='ocrx_word' id='word_1_340' title='bbox 1071 3325 1408 3399; x_wconf 78' lang='lat' dir='ltr'><strong>dignatusest</strong></span> <span class='ocrx_word' id='word_1_341' title='bbox 1429 3323 1946 3399; x_wconf 75' lang='lat' dir='ltr'><strong>aliipliusillustrare</strong></span> 
     </span>
    </p>
   </div>
   <div class='ocr_carea' id='block_1_43' title="bbox 359 3394 1946 3467">
    <p class='ocr_par' dir='ltr' id='par_1_43' title="bbox 359 3394 1946 3467">
     <span class='ocr_line' id='line_1_43' title="bbox 359 3394 1946 3467; baseline -0.003 -15"><span class='ocrx_word' id='word_1_342' title='bbox 359 3394 626 3464; x_wconf 77' lang='lat' dir='ltr'><strong>naturam,</strong></span> <span class='ocrx_word' id='word_1_343' title='bbox 655 3413 810 3467; x_wconf 84' lang='lat' dir='ltr'><strong>quam</strong></span> <span class='ocrx_word' id='word_1_344' title='bbox 836 3408 888 3452; x_wconf 90' lang='lat' dir='ltr'><strong>et</strong></span> <span class='ocrx_word' id='word_1_345' title='bbox 916 3413 1011 3452; x_wconf 87' lang='lat' dir='ltr'><strong>sua</strong></span> <span class='ocrx_word' id='word_1_346' title='bbox 1051 3394 1394 3467; x_wconf 84' lang='lat' dir='ltr'><strong>similitudine</strong></span> <span class='ocrx_word' id='word_1_347' title='bbox 1423 3394 1547 3448; x_wconf 80' lang='lat' dir='ltr'><strong>fecit</strong></span> <span class='ocrx_word' id='word_1_348' title='bbox 1571 3394 1854 3467; x_wconf 73' lang='lat' dir='ltr'><strong>insignem,</strong></span> <span class='ocrx_word' id='word_1_349' title='bbox 1892 3403 1946 3448; x_wconf 90' lang='lat' dir='ltr'><strong>ct</strong></span> 
     </span>
    </p>
   </div>
   <div class='ocr_carea' id='block_1_44' title="bbox 360 3465 1944 3534">
    <p class='ocr_par' dir='ltr' id='par_1_44' title="bbox 360 3465 1944 3534">
     <span class='ocr_line' id='line_1_44' title="bbox 360 3465 1944 3534; baseline -0.001 -12"><span class='ocrx_word' id='word_1_350' title='bbox 360 3483 472 3523; x_wconf 72' lang='lat' dir='ltr'><strong>sua:</strong></span> <span class='ocrx_word' id='word_1_351' title='bbox 498 3465 840 3524; x_wconf 80' lang='lat' dir='ltr'><strong>beatitudinis</strong></span> <span class='ocrx_word' id='word_1_352' title='bbox 870 3468 1174 3522; x_wconf 89' lang='lat' dir='ltr'><strong>voluitesse</strong></span> <span class='ocrx_word' id='word_1_353' title='bbox 1205 3466 1532 3534; x_wconf 86' lang='lat' dir='ltr'><strong>participem.</strong></span> <span class='ocrx_word' id='word_1_354' title='bbox 1565 3465 1726 3533; x_wconf 84' lang='lat' dir='ltr'><strong>Cujus</strong></span> <span class='ocrx_word' id='word_1_355' title='bbox 1765 3474 1944 3520; x_wconf 88' lang='lat' dir='ltr'><strong>tamen</strong></span> 
     </span>
    </p>
   </div>
   <div class='ocr_carea' id='block_1_45' title="bbox 362 3535 1944 3605">
    <p class='ocr_par' dir='ltr' id='par_1_45' title="bbox 362 3535 1944 3605">
     <span class='ocr_line' id='line_1_45' title="bbox 362 3535 1944 3605; baseline -0.003 -11"><span class='ocrx_word' id='word_1_356' title='bbox 362 3540 635 3596; x_wconf 84' lang='lat' dir='ltr'><strong>rationalis</strong></span> <span class='ocrx_word' id='word_1_357' title='bbox 665 3549 922 3594; x_wconf 68' lang='lat' dir='ltr'><strong>creaturte</strong></span> <span class='ocrx_word' id='word_1_358' title='bbox 951 3539 1074 3593; x_wconf 89' lang='lat' dir='ltr'><strong>licet</strong></span> <span class='ocrx_word' id='word_1_359' title='bbox 1096 3538 1285 3591; x_wconf 87' lang='lat' dir='ltr'><strong>similis</strong></span> <span class='ocrx_word' id='word_1_360' title='bbox 1310 3536 1548 3590; x_wconf 86' lang='lat' dir='ltr'><strong>videatur</strong></span> <span class='ocrx_word' id='word_1_361' title='bbox 1584 3537 1734 3605; x_wconf 81' lang='lat' dir='ltr'><strong>origo</strong></span> <span class='ocrx_word' id='word_1_362' title='bbox 1761 3577 1773 3596; x_wconf 89' lang='lat'><strong>,</strong></span> <span class='ocrx_word' id='word_1_363' title='bbox 1808 3535 1944 3590; x_wconf 80' lang='lat' dir='ltr'><strong>facta</strong></span> 
     </span>
    </p>
   </div>
   <div class='ocr_carea' id='block_1_46' title="bbox 359 3606 1947 3678">
    <p class='ocr_par' dir='ltr' id='par_1_46' title="bbox 359 3606 1947 3678">
     <span class='ocr_line' id='line_1_46' title="bbox 359 3606 1947 3678; baseline -0.003 -14"><span class='ocrx_word' id='word_1_364' title='bbox 359 3619 445 3665; x_wconf 86' lang='lat' dir='ltr'><strong>est</strong></span> <span class='ocrx_word' id='word_1_365' title='bbox 469 3610 676 3665; x_wconf 81' lang='lat' dir='ltr'><strong>diversa</strong></span> <span class='ocrx_word' id='word_1_366' title='bbox 706 3610 961 3673; x_wconf 87' lang='lat' dir='ltr'><strong>conditio;</strong></span> <span class='ocrx_word' id='word_1_367' title='bbox 990 3609 1116 3664; x_wconf 90' lang='lat' dir='ltr'><strong>dum</strong></span> <span class='ocrx_word' id='word_1_368' title='bbox 1149 3624 1270 3678; x_wconf 87' lang='lat' dir='ltr'><strong>pars</strong></span> <span class='ocrx_word' id='word_1_369' title='bbox 1289 3607 1406 3677; x_wconf 80' lang='lat' dir='ltr'><strong>ejus</strong></span> <span class='ocrx_word' id='word_1_370' title='bbox 1431 3607 1580 3678; x_wconf 82' lang='lat' dir='ltr'><strong>estin</strong></span> <span class='ocrx_word' id='word_1_371' title='bbox 1604 3620 1801 3660; x_wconf 72' lang='lat' dir='ltr'><strong>:uterna</strong></span> <span class='ocrx_word' id='word_1_372' title='bbox 1831 3606 1947 3660; x_wconf 80' lang='lat' dir='ltr'><strong>l&#39;cii-</strong></span> 
     </span>
    </p>
   </div>
   <div class='ocr_carea' id='block_1_47' title="bbox 358 3677 1942 3750">
    <p class='ocr_par' dir='ltr' id='par_1_47' title="bbox 358 3677 1942 3750">
     <span class='ocr_line' id='line_1_47' title="bbox 358 3677 1942 3750; baseline -0.005 -13"><span class='ocrx_word' id='word_1_373' title='bbox 358 3682 522 3737; x_wconf 82' lang='lat' dir='ltr'><strong>citatc</strong></span> <span class='ocrx_word' id='word_1_374' title='bbox 549 3683 778 3744; x_wconf 35' lang='lat' dir='ltr'><strong>«tit-mata;</strong></span> <span class='ocrx_word' id='word_1_375' title='bbox 812 3696 935 3750; x_wconf 85' lang='lat' dir='ltr'><strong>pars</strong></span> <span class='ocrx_word' id='word_1_376' title='bbox 962 3677 1277 3734; x_wconf 86' lang='lat' dir='ltr'><strong>rudentibus</strong></span> <span class='ocrx_word' id='word_1_377' title='bbox 1304 3677 1783 3750; x_wconf 76' lang='lat' dir='ltr'><strong>infernidetracta,</strong></span> <span class='ocrx_word' id='word_1_378' title='bbox 1814 3679 1942 3750; x_wconf 78' lang='lat' dir='ltr'><strong>etin</strong></span> 
     </span>
    </p>
   </div>
   <div class='ocr_carea' id='block_1_48' title="bbox 365 3748 1945 3819">
    <p class='ocr_par' dir='ltr' id='par_1_48' title="bbox 365 3748 1945 3819">
     <span class='ocr_line' id='line_1_48' title="bbox 365 3748 1945 3819; baseline -0.003 -13"><span class='ocrx_word' id='word_1_379' title='bbox 365 3761 620 3808; x_wconf 80' lang='lat' dir='ltr'><strong>tartarum</strong></span> <span class='ocrx_word' id='word_1_380' title='bbox 657 3748 848 3806; x_wconf 79' lang='lat' dir='ltr'><strong>tradita</strong></span> <span class='ocrx_word' id='word_1_381' title='bbox 893 3753 944 3804; x_wconf 90' lang='lat' dir='ltr'><strong>in</strong></span> <span class='ocrx_word' id='word_1_382' title='bbox 971 3751 1225 3819; x_wconf 81' lang='lat' dir='ltr'><strong>judicium</strong></span> <span class='ocrx_word' id='word_1_383' title='bbox 1267 3748 1552 3804; x_wconf 75' lang='lat' dir='ltr'><strong>cruciando</strong></span> <span class='ocrx_word' id='word_1_384' title='bbox 1596 3757 1838 3802; x_wconf 75' lang='lat' dir='ltr'><strong>servatur</strong></span> <span class='ocrx_word' id='word_1_385' title='bbox 1865 3748 1945 3816; x_wconf 94' lang='lat' dir='ltr'><strong>(ll</strong></span> 
     </span>
    </p>
   </div>
   <div class='ocr_carea' id='block_1_49' title="bbox 361 3819 1947 3893">
    <p class='ocr_par' dir='ltr' id='par_1_49' title="bbox 361 3819 1947 3893">
     <span class='ocr_line' id='line_1_49' title="bbox 361 3819 1947 3893; baseline -0.004 -15"><span class='ocrx_word' id='word_1_386' title='bbox 361 3822 506 3878; x_wconf 87' lang='lat' dir='ltr'><strong>Petr.</strong></span> <span class='ocrx_word' id='word_1_387' title='bbox 544 3840 597 3890; x_wconf 81' lang='grc' dir='ltr'>ιι,</span> <span class='ocrx_word' id='word_1_388' title='bbox 625 3824 658 3878; x_wconf 78' lang='grc'><strong>4</strong></span> <span class='ocrx_word' id='word_1_389' title='bbox 685 3821 703 3893; x_wconf 96' lang='grc'>)</span> <span class='ocrx_word' id='word_1_390' title='bbox 731 3839 746 3888; x_wconf 91' lang='grc'>;</span> <span class='ocrx_word' id='word_1_391' title='bbox 777 3838 898 3892; x_wconf 87' lang='lat' dir='ltr'><strong>pars</strong></span> <span class='ocrx_word' id='word_1_392' title='bbox 926 3823 1084 3875; x_wconf 89' lang='lat' dir='ltr'><strong>etiam</strong></span> <span class='ocrx_word' id='word_1_393' title='bbox 1118 3821 1270 3876; x_wconf 89' lang='lat' dir='ltr'><strong>tertia</strong></span> <span class='ocrx_word' id='word_1_394' title='bbox 1295 3819 1521 3893; x_wconf 78' lang='lat' dir='ltr'><strong>terrenis</strong></span> <span class='ocrx_word' id='word_1_395' title='bbox 1546 3820 1688 3893; x_wconf 84' lang='lat' dir='ltr'><strong>unita</strong></span> <span class='ocrx_word' id='word_1_396' title='bbox 1708 3820 1947 3893; x_wconf 80' lang='lat' dir='ltr'><strong>corpori-</strong></span> 
     </span>
    </p>
   </div>
   <div class='ocr_carea' id='block_1_50' title="bbox 361 3889 1944 3960">
    <p class='ocr_par' dir='ltr' id='par_1_50' title="bbox 361 3889 1944 3960">
     <span class='ocr_line' id='line_1_50' title="bbox 361 3889 1944 3960; baseline -0.001 -16"><span class='ocrx_word' id='word_1_397' title='bbox 361 3893 464 3950; x_wconf 79' lang='lat' dir='ltr'><strong>bus</strong></span> <span class='ocrx_word' id='word_1_398' title='bbox 487 3889 665 3954; x_wconf 73' lang='lat' dir='ltr'><strong>locem</strong></span> <span class='ocrx_word' id='word_1_399' title='bbox 684 3889 918 3948; x_wconf 72' lang='lat' dir='ltr'><strong>medium</strong></span> <span class='ocrx_word' id='word_1_400' title='bbox 947 3893 1129 3948; x_wconf 86' lang='lat' dir='ltr'><strong>sortita</strong></span> <span class='ocrx_word' id='word_1_401' title='bbox 1159 3890 1514 3960; x_wconf 78' lang='lat' dir='ltr'><strong>cognoscitur.</strong></span> <span class='ocrx_word' id='word_1_402' title='bbox 1553 3891 1616 3943; x_wconf 73' lang='lat' dir='ltr'><strong>Et</strong></span> <span class='ocrx_word' id='word_1_403' title='bbox 1646 3889 1789 3956; x_wconf 90' lang='lat' dir='ltr'><strong>prius</strong></span> <span class='ocrx_word' id='word_1_404' title='bbox 1819 3889 1910 3957; x_wconf 87' lang='lat' dir='ltr'><strong>qui</strong></span> <span class='ocrx_word' id='word_1_405' title='bbox 1929 3917 1944 3928; x_wconf 83' lang='lat'><strong>-</strong></span> 
     </span>
    </p>
   </div>
   <div class='ocr_carea' id='block_1_51' title="bbox 359 3959 1946 4026">
    <p class='ocr_par' dir='ltr' id='par_1_51' title="bbox 359 3959 1946 4026">
     <span class='ocr_line' id='line_1_51' title="bbox 359 3959 1946 4026; baseline -0.006 -2"><span class='ocrx_word' id='word_1_406' title='bbox 359 3965 485 4024; x_wconf 76' lang='lat' dir='ltr'><strong>dem</strong></span> <span class='ocrx_word' id='word_1_407' title='bbox 501 3966 686 4020; x_wconf 86' lang='lat' dir='ltr'><strong>eadem</strong></span> <span class='ocrx_word' id='word_1_408' title='bbox 711 3963 886 4020; x_wconf 87' lang='lat' dir='ltr'><strong>media</strong></span> <span class='ocrx_word' id='word_1_409' title='bbox 909 3965 1132 4018; x_wconf 88' lang='lat' dir='ltr'><strong>summis</strong></span> <span class='ocrx_word' id='word_1_410' title='bbox 1158 3959 1385 4016; x_wconf 84' lang='lat' dir='ltr'><strong>vicinior</strong></span> <span class='ocrx_word' id='word_1_411' title='bbox 1411 3961 1460 4012; x_wconf 86' lang='lat' dir='ltr'><strong>in</strong></span> <span class='ocrx_word' id='word_1_412' title='bbox 1488 3959 1693 4013; x_wconf 84' lang='lat' dir='ltr'><strong>deliciis</strong></span> <span class='ocrx_word' id='word_1_413' title='bbox 1714 3969 1828 4013; x_wconf 85' lang='lat' dir='ltr'><strong>erat</strong></span> <span class='ocrx_word' id='word_1_414' title='bbox 1852 3974 1946 4026; x_wconf 86' lang='lat' dir='ltr'><strong>po-</strong></span> 
     </span>
    </p>
   </div>
   <div class='ocr_carea' id='block_1_52' title="bbox 359 4028 1946 4104">
    <p class='ocr_par' dir='ltr' id='par_1_52' title="bbox 359 4028 1946 4104">
     <span class='ocr_line' id='line_1_52' title="bbox 359 4028 1946 4104; baseline -0.004 -14"><span class='ocrx_word' id='word_1_415' title='bbox 359 4035 460 4090; x_wconf 80' lang='lat' dir='ltr'><strong>sita</strong></span> <span class='ocrx_word' id='word_1_416' title='bbox 491 4034 740 4104; x_wconf 85' lang='lat' dir='ltr'><strong>paradisi;</strong></span> <span class='ocrx_word' id='word_1_417' title='bbox 775 4051 913 4089; x_wconf 92' lang='lat' dir='ltr'><strong>nunc</strong></span> <span class='ocrx_word' id='word_1_418' title='bbox 934 4034 1042 4104; x_wconf 83' lang='lat' dir='ltr'><strong>jam</strong></span> <span class='ocrx_word' id='word_1_419' title='bbox 1069 4028 1654 4104; x_wconf 80' lang='lat' dir='ltr'><strong>propianior__inlitnis,</strong></span> <span class='ocrx_word' id='word_1_420' title='bbox 1678 4045 1770 4104; x_wconf 89' lang='lat' dir='ltr'><strong>p_ro</strong></span> <span class='ocrx_word' id='word_1_421' title='bbox 1797 4039 1946 4084; x_wconf 84' lang='lat' dir='ltr'><strong>reatu</strong></span> 
     </span>
    </p>
   </div>
   <div class='ocr_carea' id='block_1_53' title="bbox 364 4100 1946 4160">
    <p class='ocr_par' dir='ltr' id='par_1_53' title="bbox 364 4100 1946 4160">
     <span class='ocr_line' id='line_1_53' title="bbox 364 4100 1946 4160; baseline -0.004 0"><span class='ocrx_word' id='word_1_422' title='bbox 364 4100 736 4160; x_wconf 65' lang='lat' dir='ltr'><strong>inobedicntia:</strong></span> <span class='ocrx_word' id='word_1_423' title='bbox 756 4100 967 4160; x_wconf 76' lang='lat' dir='ltr'><strong>humilia</strong></span> <span class='ocrx_word' id='word_1_424' title='bbox 977 4115 1025 4160; x_wconf 89' lang='lat' dir='ltr'><strong>ta</strong></span> <span class='ocrx_word' id='word_1_425' title='bbox 1042 4100 1123 4158; x_wconf 85' lang='lat' dir='ltr'><strong>est</strong></span> <span class='ocrx_word' id='word_1_426' title='bbox 1143 4105 1194 4158; x_wconf 93' lang='lat' dir='ltr'><strong>in</strong></span> <span class='ocrx_word' id='word_1_427' title='bbox 1217 4100 1336 4157; x_wconf 84' lang='lat' dir='ltr'><strong>loco</strong></span> <span class='ocrx_word' id='word_1_428' title='bbox 1355 4100 1675 4154; x_wconf 70' lang='lat' dir='ltr'><strong>aliilictionis.</strong></span> <span class='ocrx_word' id='word_1_429' title='bbox 1699 4102 1946 4154; x_wconf 89' lang='lat' dir='ltr'><strong>Summus</strong></span> 
     </span>
    </p>
   </div>
   <div class='ocr_carea' id='block_1_54' title="bbox 359 4169 1943 4246">
    <p class='ocr_par' dir='ltr' id='par_1_54' title="bbox 359 4169 1943 4246">
     <span class='ocr_line' id='line_1_54' title="bbox 359 4169 1943 4246; baseline -0.008 -12"><span class='ocrx_word' id='word_1_430' title='bbox 359 4176 526 4246; x_wconf 80' lang='lat' dir='ltr'><strong>igitur</strong></span> <span class='ocrx_word' id='word_1_431' title='bbox 555 4178 789 4232; x_wconf 86' lang='lat' dir='ltr'><strong>omnium</strong></span> <span class='ocrx_word' id='word_1_432' title='bbox 833 4177 1021 4230; x_wconf 90' lang='lat' dir='ltr'><strong>horum</strong></span> <span class='ocrx_word' id='word_1_433' title='bbox 1053 4176 1200 4246; x_wconf 83' lang='lat' dir='ltr'><strong>locus</strong></span> <span class='ocrx_word' id='word_1_434' title='bbox 1236 4173 1448 4246; x_wconf 74' lang='lat' dir='ltr'><strong>plenam</strong></span> <span class='ocrx_word' id='word_1_435' title='bbox 1477 4169 1637 4246; x_wconf 72' lang='lat' dir='ltr'><strong>habet</strong></span> <span class='ocrx_word' id='word_1_436' title='bbox 1664 4170 1909 4246; x_wconf 67' lang='lat' dir='ltr'><strong>laetitiam</strong></span> <span class='ocrx_word' id='word_1_437' title='bbox 1927 4211 1943 4237; x_wconf 90' lang='lat'><strong>,</strong></span> 
     </span>
    </p>
   </div>
   <div class='ocr_carea' id='block_1_55' title="bbox 361 4240 1946 4308">
    <p class='ocr_par' dir='ltr' id='par_1_55' title="bbox 361 4240 1946 4308">
     <span class='ocr_line' id='line_1_55' title="bbox 361 4240 1946 4308; baseline -0.004 -8"><span class='ocrx_word' id='word_1_438' title='bbox 361 4240 580 4308; x_wconf 67' lang='lat' dir='ltr'><strong>iiitiitius</strong></span> <span class='ocrx_word' id='word_1_439' title='bbox 606 4247 770 4301; x_wconf 86' lang='lat' dir='ltr'><strong>solam</strong></span> <span class='ocrx_word' id='word_1_440' title='bbox 799 4247 1085 4300; x_wconf 86' lang='lat' dir='ltr'><strong>tristitiam.</strong></span> <span class='ocrx_word' id='word_1_441' title='bbox 1119 4245 1192 4299; x_wconf 91' lang='lat' dir='ltr'><strong>lbi</strong></span> <span class='ocrx_word' id='word_1_442' title='bbox 1212 4240 1354 4298; x_wconf 77' lang='lat' dir='ltr'><strong>enim</strong></span> <span class='ocrx_word' id='word_1_443' title='bbox 1383 4242 1533 4308; x_wconf 87' lang='lat' dir='ltr'><strong>plena</strong></span> <span class='ocrx_word' id='word_1_444' title='bbox 1554 4240 1776 4295; x_wconf 79' lang='lat' dir='ltr'><strong>felicitas</strong></span> <span class='ocrx_word' id='word_1_445' title='bbox 1802 4258 1812 4292; x_wconf 90' lang='lat'><strong>:</strong></span> <span class='ocrx_word' id='word_1_446' title='bbox 1837 4240 1946 4294; x_wconf 90' lang='lat' dir='ltr'><strong>illic</strong></span> 
     </span>
    </p>
   </div>
   <div class='ocr_carea' id='block_1_56' title="bbox 363 4313 1947 4380">
    <p class='ocr_par' dir='ltr' id='par_1_56' title="bbox 363 4313 1947 4380">
     <span class='ocr_line' id='line_1_56' title="bbox 363 4313 1947 4380; baseline -0.004 -8"><span class='ocrx_word' id='word_1_447' title='bbox 363 4318 478 4377; x_wconf 84' lang='lat' dir='ltr'><strong>sola</strong></span> <span class='ocrx_word' id='word_1_448' title='bbox 507 4327 559 4372; x_wconf 90' lang='lat' dir='ltr'><strong>et</strong></span> <span class='ocrx_word' id='word_1_449' title='bbox 584 4331 791 4374; x_wconf 82' lang='lat' dir='ltr'><strong>summa</strong></span> <span class='ocrx_word' id='word_1_450' title='bbox 821 4317 1034 4370; x_wconf 88' lang='lat' dir='ltr'><strong>miseria</strong></span> <span class='ocrx_word' id='word_1_451' title='bbox 1059 4324 1159 4371; x_wconf 88' lang='lat' dir='ltr'><strong>est.</strong></span> <span class='ocrx_word' id='word_1_452' title='bbox 1183 4315 1239 4368; x_wconf 85' lang='lat' dir='ltr'><strong>lo</strong></span> <span class='ocrx_word' id='word_1_453' title='bbox 1258 4313 1433 4368; x_wconf 90' lang='lat' dir='ltr'><strong>medio</strong></span> <span class='ocrx_word' id='word_1_454' title='bbox 1456 4327 1584 4368; x_wconf 83' lang='lat' dir='ltr'><strong>sane</strong></span> <span class='ocrx_word' id='word_1_455' title='bbox 1605 4325 1808 4364; x_wconf 86' lang='lat' dir='ltr'><strong>summa</strong></span> <span class='ocrx_word' id='word_1_456' title='bbox 1828 4325 1947 4380; x_wconf 89' lang='lat' dir='ltr'><strong>spc—</strong></span> 
     </span>
    </p>
   </div>
   <div class='ocr_carea' id='block_1_57' title="bbox 363 4381 1943 4454">
    <p class='ocr_par' dir='ltr' id='par_1_57' title="bbox 363 4381 1943 4454">
     <span class='ocr_line' id='line_1_57' title="bbox 363 4381 1943 4454; baseline -0.004 -12"><span class='ocrx_word' id='word_1_457' title='bbox 363 4388 550 4454; x_wconf 80' lang='lat' dir='ltr'><strong>rauda,</strong></span> <span class='ocrx_word' id='word_1_458' title='bbox 579 4388 672 4443; x_wconf 88' lang='lat' dir='ltr'><strong>sed</strong></span> <span class='ocrx_word' id='word_1_459' title='bbox 701 4387 1044 4443; x_wconf 86' lang='lat' dir='ltr'><strong>nihilominus</strong></span> <span class='ocrx_word' id='word_1_460' title='bbox 1073 4386 1254 4441; x_wconf 85' lang='lat' dir='ltr'><strong>intima</strong></span> <span class='ocrx_word' id='word_1_461' title='bbox 1281 4392 1407 4440; x_wconf 86' lang='lat' dir='ltr'><strong>sunt</strong></span> <span class='ocrx_word' id='word_1_462' title='bbox 1433 4382 1668 4454; x_wconf 86' lang='lat' dir='ltr'><strong>timenda</strong></span> <span class='ocrx_word' id='word_1_463' title='bbox 1699 4400 1710 4435; x_wconf 91' lang='lat'>:</span> <span class='ocrx_word' id='word_1_464' title='bbox 1738 4393 1794 4436; x_wconf 85' lang='lat' dir='ltr'><strong>et</strong></span> <span class='ocrx_word' id='word_1_465' title='bbox 1823 4381 1943 4454; x_wconf 85' lang='lat' dir='ltr'><strong>ideo</strong></span> 
     </span>
    </p>
   </div>
   <div class='ocr_carea' id='block_1_58' title="bbox 361 4452 1945 4529">
    <p class='ocr_par' dir='ltr' id='par_1_58' title="bbox 361 4452 1945 4529">
     <span class='ocr_line' id='line_1_58' title="bbox 361 4452 1945 4529; baseline -0.005 -15"><span class='ocrx_word' id='word_1_466' title='bbox 361 4460 520 4514; x_wconf 80' lang='lat' dir='ltr'><strong>nobis</strong></span> <span class='ocrx_word' id='word_1_467' title='bbox 535 4452 645 4529; x_wconf 78' lang='lat' dir='ltr'><strong>jam</strong></span> <span class='ocrx_word' id='word_1_468' title='bbox 673 4459 898 4528; x_wconf 81' lang='lat' dir='ltr'><strong>amplior</strong></span> <span class='ocrx_word' id='word_1_469' title='bbox 923 4459 1127 4513; x_wconf 88' lang='lat' dir='ltr'><strong>timoris</strong></span> <span class='ocrx_word' id='word_1_470' title='bbox 1151 4471 1307 4529; x_wconf 85' lang='lat' dir='ltr'><strong>causa</strong></span> <span class='ocrx_word' id='word_1_471' title='bbox 1339 4470 1496 4525; x_wconf 88' lang='lat' dir='ltr'><strong>quam</strong></span> <span class='ocrx_word' id='word_1_472' title='bbox 1511 4453 1655 4529; x_wconf 85' lang='lat' dir='ltr'><strong>_spe_i,</strong></span> <span class='ocrx_word' id='word_1_473' title='bbox 1684 4468 1790 4522; x_wconf 89' lang='lat' dir='ltr'><strong>quo</strong></span> <span class='ocrx_word' id='word_1_474' title='bbox 1818 4452 1945 4529; x_wconf 81' lang='lat' dir='ltr'><strong>vici-</strong></span> 
     </span>
    </p>
   </div>
   <div class='ocr_carea' id='block_1_59' title="bbox 363 4523 1944 4600">
    <p class='ocr_par' dir='ltr' id='par_1_59' title="bbox 363 4523 1944 4600">
     <span class='ocr_line' id='line_1_59' title="bbox 363 4523 1944 4600; baseline -0.006 -12"><span class='ocrx_word' id='word_1_475' title='bbox 567 4523 989 4587; x_wconf 53' lang='lat' dir='ltr'><strong>eisdem&#39;inlimis</strong></span> <span class='ocrx_word' id='word_1_476' title='bbox 1009 4571 1023 4598; x_wconf 91' lang='lat'><strong>,</strong></span> <span class='ocrx_word' id='word_1_477' title='bbox 1049 4529 1244 4600; x_wconf 85' lang='lat' dir='ltr'><strong>dejecti</strong></span> <span class='ocrx_word' id='word_1_478' title='bbox 1272 4528 1326 4582; x_wconf 92' lang='lat' dir='ltr'><strong>in</strong></span> <span class='ocrx_word' id='word_1_479' title='bbox 1356 4523 1470 4596; x_wconf 84' lang='lat' dir='ltr'><strong>ipsa</strong></span> <span class='ocrx_word' id='word_1_480' title='bbox 1495 4524 1736 4594; x_wconf 83' lang='lat' dir='ltr'><strong>degimus</strong></span> <span class='ocrx_word' id='word_1_481' title='bbox 1759 4523 1944 4579; x_wconf 89' lang='lat' dir='ltr'><strong>umbra</strong></span> 
     </span>
    </p>
   </div>
   <div class='ocr_carea' id='block_1_60' title="bbox 361 4603 571 4658">
    <p class='ocr_par' dir='ltr' id='par_1_60' title="bbox 361 4603 571 4658">
     <span class='ocr_line' id='line_1_60' title="bbox 361 4603 571 4658; baseline -0.019 0"><span class='ocrx_word' id='word_1_482' title='bbox 361 4616 418 4658; x_wconf 78' lang='lat' dir='ltr'><strong>nt</strong></span> <span class='ocrx_word' id='word_1_483' title='bbox 424 4603 571 4656; x_wconf 77' lang='lat' dir='ltr'><strong>ortis.</strong></span> 
     </span>
    </p>
   </div>
   <div class='ocr_carea' id='block_1_61' title="bbox 436 4665 1941 4736">
    <p class='ocr_par' dir='ltr' id='par_1_61' title="bbox 436 4665 1941 4736">
     <span class='ocr_line' id='line_1_61' title="bbox 436 4665 1941 4736; baseline -0.003 -12"><span class='ocrx_word' id='word_1_484' title='bbox 436 4671 568 4736; x_wconf 82' lang='lat' dir='ltr'><strong>Quia</strong></span> <span class='ocrx_word' id='word_1_485' title='bbox 605 4683 784 4728; x_wconf 88' lang='lat' dir='ltr'><strong>.tamen</strong></span> <span class='ocrx_word' id='word_1_486' title='bbox 823 4679 878 4727; x_wconf 89' lang='lat' dir='ltr'><strong>et</strong></span> <span class='ocrx_word' id='word_1_487' title='bbox 904 4672 1047 4726; x_wconf 86' lang='lat' dir='ltr'><strong>illius</strong></span> <span class='ocrx_word' id='word_1_488' title='bbox 1083 4668 1420 4725; x_wconf 85' lang='lat' dir='ltr'><strong>beatitudinis</strong></span> <span class='ocrx_word' id='word_1_489' title='bbox 1444 4709 1459 4735; x_wconf 88' lang='lat'><strong>,</strong></span> <span class='ocrx_word' id='word_1_490' title='bbox 1488 4676 1540 4723; x_wconf 90' lang='lat' dir='ltr'><strong>et</strong></span> <span class='ocrx_word' id='word_1_491' title='bbox 1568 4667 1707 4720; x_wconf 84' lang='lat' dir='ltr'><strong>illius</strong></span> <span class='ocrx_word' id='word_1_492' title='bbox 1745 4665 1941 4720; x_wconf 90' lang='lat' dir='ltr'><strong>nihilo-</strong></span> 
     </span>
    </p>
   </div>
   <div class='ocr_carea' id='block_1_62' title="bbox 365 4739 1942 4797">
    <p class='ocr_par' dir='ltr' id='par_1_62' title="bbox 365 4739 1942 4797">
     <span class='ocr_line' id='line_1_62' title="bbox 365 4739 1942 4797; baseline -0.006 0"><span class='ocrx_word' id='word_1_493' title='bbox 365 4743 542 4797; x_wconf 89' lang='lat' dir='ltr'><strong>minus</strong></span> <span class='ocrx_word' id='word_1_494' title='bbox 585 4742 937 4796; x_wconf 82' lang='lat' dir='ltr'><strong>damnationis</strong></span> <span class='ocrx_word' id='word_1_495' title='bbox 965 4752 1176 4796; x_wconf 75' lang='lat' dir='ltr'><strong>acternac</strong></span> <span class='ocrx_word' id='word_1_496' title='bbox 1223 4742 1507 4795; x_wconf 85' lang='lat' dir='ltr'><strong>humanam</strong></span> <span class='ocrx_word' id='word_1_497' title='bbox 1550 4740 1686 4792; x_wconf 85' lang='lat' dir='ltr'><strong>Deus</strong></span> <span class='ocrx_word' id='word_1_498' title='bbox 1712 4739 1942 4790; x_wconf 87' lang='lat' dir='ltr'><strong>animam</strong></span> 
     </span>
    </p>
   </div>
   <div class='ocr_carea' id='block_1_63' title="bbox 367 4808 1943 4883">
    <p class='ocr_par' dir='ltr' id='par_1_63' title="bbox 367 4808 1943 4883">
     <span class='ocr_line' id='line_1_63' title="bbox 367 4808 1943 4883; baseline -0.004 -17"><span class='ocrx_word' id='word_1_499' title='bbox 367 4828 464 4883; x_wconf 83' lang='lat' dir='ltr'><strong>pro</strong></span> <span class='ocrx_word' id='word_1_500' title='bbox 487 4827 703 4866; x_wconf 86' lang='lat' dir='ltr'><strong>suorum</strong></span> <span class='ocrx_word' id='word_1_501' title='bbox 722 4813 971 4883; x_wconf 89' lang='lat' dir='ltr'><strong>qualitate</strong></span> <span class='ocrx_word' id='word_1_502' title='bbox 988 4814 1295 4883; x_wconf 87' lang='lat' dir='ltr'><strong>meritorum</strong></span> <span class='ocrx_word' id='word_1_503' title='bbox 1318 4811 1625 4881; x_wconf 86' lang='lat' dir='ltr'><strong>participem</strong></span> <span class='ocrx_word' id='word_1_504' title='bbox 1643 4808 1943 4883; x_wconf 60' lang='lat' dir='ltr'><strong>fieriposse</strong></span> 
     </span>
    </p>
   </div>
   <div class='ocr_carea' id='block_1_64' title="bbox 361 4879 1944 4953">
    <p class='ocr_par' dir='ltr' id='par_1_64' title="bbox 361 4879 1944 4953">
     <span class='ocr_line' id='line_1_64' title="bbox 361 4879 1944 4953; baseline -0.005 -15"><span class='ocrx_word' id='word_1_505' title='bbox 361 4879 648 4953; x_wconf 70' lang='lat' dir='ltr'><strong>cognovit,</strong></span> <span class='ocrx_word' id='word_1_506' title='bbox 690 4879 958 4953; x_wconf 82' lang='lat' dir='ltr'><strong>naturales</strong></span> <span class='ocrx_word' id='word_1_507' title='bbox 998 4882 1213 4935; x_wconf 79' lang='lat' dir='ltr'><strong>allectus</strong></span> <span class='ocrx_word' id='word_1_508' title='bbox 1263 4879 1334 4934; x_wconf 28' lang='lat' dir='ltr'><strong>ei‘</strong></span> <span class='ocrx_word' id='word_1_509' title='bbox 1363 4891 1600 4953; x_wconf 80' lang='lat' dir='ltr'><strong>quatuor</strong></span> <span class='ocrx_word' id='word_1_510' title='bbox 1642 4879 1860 4953; x_wconf 86' lang='lat' dir='ltr'><strong>indidit;</strong></span> <span class='ocrx_word' id='word_1_511' title='bbox 1890 4887 1944 4931; x_wconf 89' lang='lat' dir='ltr'><strong>ut</strong></span> 
     </span>
    </p>
   </div>
   <div class='ocr_carea' id='block_1_65' title="bbox 366 4949 1941 5020">
    <p class='ocr_par' dir='ltr' id='par_1_65' title="bbox 366 4949 1941 5020">
     <span class='ocr_line' id='line_1_65' title="bbox 366 4949 1941 5020; baseline -0.005 -12"><span class='ocrx_word' id='word_1_512' title='bbox 366 4949 586 5009; x_wconf 76' lang='lat' dir='ltr'><strong>haberet</strong></span> <span class='ocrx_word' id='word_1_513' title='bbox 614 4951 752 5006; x_wconf 88' lang='lat' dir='ltr'><strong>unde</strong></span> <span class='ocrx_word' id='word_1_514' title='bbox 781 4952 915 5004; x_wconf 89' lang='lat' dir='ltr'><strong>bona</strong></span> <span class='ocrx_word' id='word_1_515' title='bbox 943 4952 1029 5003; x_wconf 90' lang='lat' dir='ltr'><strong>illa</strong></span> <span class='ocrx_word' id='word_1_516' title='bbox 1061 4960 1236 5018; x_wconf 87' lang='lat' dir='ltr'><strong>posset</strong></span> <span class='ocrx_word' id='word_1_517' title='bbox 1265 4949 1448 5020; x_wconf 84' lang='lat' dir='ltr'><strong>optare</strong></span> <span class='ocrx_word' id='word_1_518' title='bbox 1472 4994 1482 5010; x_wconf 81' lang='grc'>,</span> <span class='ocrx_word' id='word_1_519' title='bbox 1508 4961 1561 5004; x_wconf 89' lang='lat' dir='ltr'><strong>et</strong></span> <span class='ocrx_word' id='word_1_520' title='bbox 1591 4950 1642 5003; x_wconf 91' lang='lat' dir='ltr'><strong>in</strong></span> <span class='ocrx_word' id='word_1_521' title='bbox 1671 4949 1746 5001; x_wconf 87' lang='lat' dir='ltr'><strong>eis</strong></span> <span class='ocrx_word' id='word_1_522' title='bbox 1770 4965 1941 5020; x_wconf 84' lang='lat' dir='ltr'><strong>quan-</strong></span> 
     </span>
    </p>
   </div>
   <div class='ocr_carea' id='block_1_66' title="bbox 365 5019 1942 5094">
    <p class='ocr_par' dir='ltr' id='par_1_66' title="bbox 365 5019 1942 5094">
     <span class='ocr_line' id='line_1_66' title="bbox 365 5019 1942 5094; baseline -0.006 -15"><span class='ocrx_word' id='word_1_523' title='bbox 365 5027 538 5094; x_wconf 85' lang='lat' dir='ltr'><strong>doque</strong></span> <span class='ocrx_word' id='word_1_524' title='bbox 562 5022 750 5085; x_wconf 62' lang='lat' dir='ltr'><strong>lauari;</strong></span> <span class='ocrx_word' id='word_1_525' title='bbox 770 5030 824 5076; x_wconf 87' lang='lat' dir='ltr'><strong>et</strong></span> <span class='ocrx_word' id='word_1_526' title='bbox 843 5036 1052 5075; x_wconf 85' lang='lat' dir='ltr'><strong>rursum</strong></span> <span class='ocrx_word' id='word_1_527' title='bbox 1077 5021 1212 5073; x_wconf 91' lang='lat' dir='ltr'><strong>unde</strong></span> <span class='ocrx_word' id='word_1_528' title='bbox 1243 5019 1379 5094; x_wconf 73' lang='lat' dir='ltr'><strong>mala</strong></span> <span class='ocrx_word' id='word_1_529' title='bbox 1397 5021 1770 5094; x_wconf 85' lang='lat' dir='ltr'><strong>illa_metucrc,</strong></span> <span class='ocrx_word' id='word_1_530' title='bbox 1788 5019 1872 5071; x_wconf 89' lang='lat' dir='ltr'><strong>vel</strong></span> <span class='ocrx_word' id='word_1_531' title='bbox 1891 5023 1942 5071; x_wconf 87' lang='lat' dir='ltr'><strong>in</strong></span> 
     </span>
    </p>
   </div>
   <div class='ocr_carea' id='block_1_67' title="bbox 367 5089 1940 5160">
    <p class='ocr_par' dir='ltr' id='par_1_67' title="bbox 367 5089 1940 5160">
     <span class='ocr_line' id='line_1_67' title="bbox 367 5089 1940 5160; baseline -0.006 -10"><span class='ocrx_word' id='word_1_532' title='bbox 367 5089 626 5150; x_wconf 47' lang='lat' dir='ltr'><strong>eis&#39;etiam</strong></span> <span class='ocrx_word' id='word_1_533' title='bbox 651 5095 834 5147; x_wconf 88' lang='lat' dir='ltr'><strong>dolore</strong></span> <span class='ocrx_word' id='word_1_534' title='bbox 861 5099 1113 5160; x_wconf 86' lang='lat' dir='ltr'><strong>perpetuo</strong></span> <span class='ocrx_word' id='word_1_535' title='bbox 1138 5091 1454 5160; x_wconf 83' lang='lat' dir='ltr'><strong>contristari.</strong></span> <span class='ocrx_word' id='word_1_536' title='bbox 1485 5089 1701 5160; x_wconf 85' lang='lat' dir='ltr'><strong>Interim</strong></span> <span class='ocrx_word' id='word_1_537' title='bbox 1727 5104 1940 5160; x_wconf 77' lang='lat' dir='ltr'><strong>saneco</strong></span> 
     </span>
    </p>
   </div>
   <div class='ocr_carea' id='block_1_68' title="bbox 363 5158 1941 5236">
    <p class='ocr_par' dir='ltr' id='par_1_68' title="bbox 363 5158 1941 5236">
     <span class='ocr_line' id='line_1_68' title="bbox 363 5158 1941 5236; baseline -0.006 -15"><span class='ocrx_word' id='word_1_538' title='bbox 363 5169 575 5236; x_wconf 73' lang='lat' dir='ltr'><strong>gravior</strong></span> <span class='ocrx_word' id='word_1_539' title='bbox 599 5175 682 5221; x_wconf 90' lang='lat' dir='ltr'><strong>est</strong></span> <span class='ocrx_word' id='word_1_540' title='bbox 709 5158 971 5236; x_wconf 75' lang='lat' dir='ltr'><strong>tnoderna</strong></span> <span class='ocrx_word' id='word_1_541' title='bbox 987 5159 1239 5236; x_wconf 74' lang='lat' dir='ltr'><strong>conditio,</strong></span> <span class='ocrx_word' id='word_1_542' title='bbox 1262 5161 1401 5236; x_wconf 77' lang='lat' dir='ltr'><strong>quod</strong></span> <span class='ocrx_word' id='word_1_543' title='bbox 1431 5175 1535 5236; x_wconf 77' lang='lat' dir='ltr'><strong>non</strong></span> <span class='ocrx_word' id='word_1_544' title='bbox 1555 5159 1711 5236; x_wconf 79' lang='lat' dir='ltr'><strong>modo</strong></span> <span class='ocrx_word' id='word_1_545' title='bbox 1729 5158 1941 5236; x_wconf 67' lang='lat' dir='ltr'><strong>exhibet</strong></span> 
     </span>
    </p>
   </div>
   <div class='ocr_carea' id='block_1_69' title="bbox 365 5228 1942 5292">
    <p class='ocr_par' dir='ltr' id='par_1_69' title="bbox 365 5228 1942 5292">
     <span class='ocr_line' id='line_1_69' title="bbox 365 5228 1942 5292; baseline -0.006 0"><span class='ocrx_word' id='word_1_546' title='bbox 365 5228 632 5292; x_wconf 58' lang='lat' dir='ltr'><strong>tristitiam</strong></span> <span class='ocrx_word' id='word_1_547' title='bbox 657 5246 712 5292; x_wconf 90' lang='lat' dir='ltr'><strong>et</strong></span> <span class='ocrx_word' id='word_1_548' title='bbox 739 5235 1050 5289; x_wconf 86' lang='lat' dir='ltr'><strong>modernam</strong></span> <span class='ocrx_word' id='word_1_549' title='bbox 1074 5231 1387 5292; x_wconf 84' lang='lat' dir='ltr'><strong>molestiam;</strong></span> <span class='ocrx_word' id='word_1_550' title='bbox 1411 5231 1502 5285; x_wconf 91' lang='lat' dir='ltr'><strong>sed</strong></span> <span class='ocrx_word' id='word_1_551' title='bbox 1530 5241 1581 5284; x_wconf 90' lang='lat' dir='ltr'><strong>ct</strong></span> <span class='ocrx_word' id='word_1_552' title='bbox 1609 5231 1762 5282; x_wconf 91' lang='lat' dir='ltr'><strong>timor</strong></span> <span class='ocrx_word' id='word_1_553' title='bbox 1783 5228 1942 5283; x_wconf 87' lang='lat' dir='ltr'><strong>habet</strong></span> 
     </span>
    </p>
   </div>
   <div class='ocr_carea' id='block_1_70' title="bbox 406 5301 1937 5375">
    <p class='ocr_par' dir='ltr' id='par_1_70' title="bbox 406 5301 1937 5375">
     <span class='ocr_line' id='line_1_70' title="bbox 406 5301 1937 5375; baseline -0.005 -13"><span class='ocrx_word' id='word_1_554' title='bbox 406 5322 576 5362; x_wconf 70' lang='lat' dir='ltr'><strong>tenam</strong></span> <span class='ocrx_word' id='word_1_555' title='bbox 603 5351 616 5373; x_wconf 94' lang='lat'><strong>,</strong></span> <span class='ocrx_word' id='word_1_556' title='bbox 640 5315 694 5362; x_wconf 92' lang='lat' dir='ltr'><strong>et</strong></span> <span class='ocrx_word' id='word_1_557' title='bbox 740 5322 860 5375; x_wconf 90' lang='lat' dir='ltr'><strong>spes</strong></span> <span class='ocrx_word' id='word_1_558' title='bbox 903 5308 1014 5374; x_wconf 89' lang='lat' dir='ltr'><strong>ipsa</strong></span> <span class='ocrx_word' id='word_1_559' title='bbox 1063 5319 1181 5373; x_wconf 82' lang='lat' dir='ltr'><strong>quae</strong></span> <span class='ocrx_word' id='word_1_560' title='bbox 1215 5301 1937 5375; x_wconf 65' lang='lat' dir='ltr'><strong>dilicrturaliligitanimam.</strong></span> 
     </span>
    </p>
   </div>
   <div class='ocr_carea' id='block_1_71' title="bbox 367 5372 1936 5446">
    <p class='ocr_par' dir='ltr' id='par_1_71' title="bbox 367 5372 1936 5446">
     <span class='ocr_line' id='line_1_71' title="bbox 367 5372 1936 5446; baseline -0.006 -13"><span class='ocrx_word' id='word_1_561' title='bbox 367 5372 643 5433; x_wconf 65' lang='lat' dir='ltr'><strong>Piissimus</strong></span> <span class='ocrx_word' id='word_1_562' title='bbox 670 5372 810 5432; x_wconf 84' lang='lat' dir='ltr'><strong>enim</strong></span> <span class='ocrx_word' id='word_1_563' title='bbox 839 5372 990 5446; x_wconf 69' lang='lat' dir='ltr'><strong>pater</strong></span> <span class='ocrx_word' id='word_1_564' title='bbox 1019 5372 1346 5430; x_wconf 85' lang='lat' dir='ltr'><strong>ettcrribilis</strong></span> <span class='ocrx_word' id='word_1_565' title='bbox 1370 5373 1554 5441; x_wconf 83' lang='lat' dir='ltr'><strong>judex,</strong></span> <span class='ocrx_word' id='word_1_566' title='bbox 1583 5374 1671 5441; x_wconf 91' lang='lat' dir='ltr'><strong>qui</strong></span> <span class='ocrx_word' id='word_1_567' title='bbox 1706 5387 1824 5424; x_wconf 83' lang='lat' dir='ltr'><strong>vera</strong></span> <span class='ocrx_word' id='word_1_568' title='bbox 1850 5372 1936 5446; x_wconf 85' lang='lat' dir='ltr'><strong>illa</strong></span> 
     </span>
    </p>
   </div>
   <div class='ocr_carea' id='block_1_72' title="bbox 366 5443 1938 5520">
    <p class='ocr_par' dir='ltr' id='par_1_72' title="bbox 366 5443 1938 5520">
     <span class='ocr_line' id='line_1_72' title="bbox 366 5443 1938 5520; baseline -0.006 -16"><span class='ocrx_word' id='word_1_569' title='bbox 366 5458 422 5520; x_wconf 83' lang='lat' dir='ltr'><strong>ct</strong></span> <span class='ocrx_word' id='word_1_570' title='bbox 447 5459 698 5520; x_wconf 84' lang='lat' dir='ltr'><strong>perpetua</strong></span> <span class='ocrx_word' id='word_1_571' title='bbox 724 5443 908 5518; x_wconf 85' lang='lat' dir='ltr'><strong>gaudia</strong></span> <span class='ocrx_word' id='word_1_572' title='bbox 933 5447 1083 5520; x_wconf 77' lang='lat' dir='ltr'><strong>(iliis,</strong></span> <span class='ocrx_word' id='word_1_573' title='bbox 1112 5446 1325 5500; x_wconf 78' lang='lat' dir='ltr'><strong>dolores</strong></span> <span class='ocrx_word' id='word_1_574' title='bbox 1346 5459 1494 5520; x_wconf 67' lang='lat' dir='ltr'><strong>autne</strong></span> <span class='ocrx_word' id='word_1_575' title='bbox 1522 5454 1805 5520; x_wconf 78' lang='lat' dir='ltr'><strong>perpetuos</strong></span> <span class='ocrx_word' id='word_1_576' title='bbox 1833 5443 1938 5520; x_wconf 80' lang='lat' dir='ltr'><strong>reis</strong></span> 
     </span>
    </p>
   </div>
   <div class='ocr_carea' id='block_1_73' title="bbox 365 5465 1938 5590">
    <p class='ocr_par' dir='ltr' id='par_1_73' title="bbox 365 5465 1938 5590">
     <span class='ocr_line' id='line_1_73' title="bbox 366 5465 1938 5574; baseline -0.005 -70"><span class='ocrx_word' id='word_1_577' title='bbox 366 5465 422 5504; x_wconf 82' lang='lat' dir='ltr'><strong>cl</strong></span> <span class='ocrx_word' id='word_1_578' title='bbox 447 5465 698 5574; x_wconf 54' lang='lat' dir='ltr'><strong>perpetua</strong></span> <span class='ocrx_word' id='word_1_579' title='bbox 724 5465 908 5518; x_wconf 79' lang='lat' dir='ltr'><strong>gaudia</strong></span> <span class='ocrx_word' id='word_1_580' title='bbox 933 5465 1052 5500; x_wconf 73' lang='lat' dir='ltr'><strong>Itllts</strong></span> <span class='ocrx_word' id='word_1_581' title='bbox 1069 5488 1083 5510; x_wconf 89' lang='lat'><strong>,</strong></span> <span class='ocrx_word' id='word_1_582' title='bbox 1112 5465 1325 5500; x_wconf 60' lang='grc' dir='ltr'><strong>ροισι-εδ</strong></span> <span class='ocrx_word' id='word_1_583' title='bbox 1346 5465 1494 5512; x_wconf 63' lang='lat' dir='ltr'><strong>atque</strong></span> <span class='ocrx_word' id='word_1_584' title='bbox 1525 5465 1805 5512; x_wconf 79' lang='lat' dir='ltr'><strong>perpetuus</strong></span> <span class='ocrx_word' id='word_1_585' title='bbox 1834 5465 1938 5496; x_wconf 81' lang='lat' dir='ltr'><strong>reis</strong></span> 
     </span>
     <span class='ocr_line' id='line_1_74' title="bbox 365 5513 1938 5590; baseline -0.005 -15"><span class='ocrx_word' id='word_1_586' title='bbox 365 5519 421 5575; x_wconf 86' lang='lat' dir='ltr'><strong>in</strong></span> <span class='ocrx_word' id='word_1_587' title='bbox 471 5533 558 5576; x_wconf 84' lang='lat' dir='ltr'><strong>tne</strong></span> <span class='ocrx_word' id='word_1_588' title='bbox 592 5520 829 5590; x_wconf 88' lang='lat' dir='ltr'><strong>paravit,</strong></span> <span class='ocrx_word' id='word_1_589' title='bbox 863 5519 1109 5573; x_wconf 84' lang='lat' dir='ltr'><strong>noiuiulla</strong></span> <span class='ocrx_word' id='word_1_590' title='bbox 1163 5516 1551 5590; x_wconf 74' lang='lat' dir='ltr'><strong>tamenctiam</strong></span> <span class='ocrx_word' id='word_1_591' title='bbox 1587 5515 1640 5590; x_wconf 85' lang='lat' dir='ltr'><strong>in</strong></span> <span class='ocrx_word' id='word_1_592' title='bbox 1680 5513 1938 5590; x_wconf 71' lang='lat' dir='ltr'><strong>_pr;csen_ti</strong></span> 
     </span>
    </p>
   </div>
   <div class='ocr_carea' id='block_1_74' title="bbox 368 5585 1936 5662">
    <p class='ocr_par' dir='ltr' id='par_1_74' title="bbox 368 5585 1936 5662">
     <span class='ocr_line' id='line_1_75' title="bbox 368 5585 1936 5662; baseline -0.006 -15"><span class='ocrx_word' id='word_1_593' title='bbox 368 5585 727 5662; x_wconf 57' lang='lat' dir='ltr'><strong>esperitneuta</strong></span> <span class='ocrx_word' id='word_1_594' title='bbox 757 5605 946 5659; x_wconf 87' lang='lat' dir='ltr'><strong>capere</strong></span> <span class='ocrx_word' id='word_1_595' title='bbox 989 5589 1150 5662; x_wconf 86' lang='lat' dir='ltr'><strong>voiuit</strong></span> <span class='ocrx_word' id='word_1_596' title='bbox 1182 5587 1357 5662; x_wconf 81' lang='lat' dir='ltr'><strong>gaudii</strong></span> <span class='ocrx_word' id='word_1_597' title='bbox 1397 5587 1480 5662; x_wconf 60' lang='lat' dir='ltr'><strong>vel</strong></span> <span class='ocrx_word' id='word_1_598' title='bbox 1525 5587 1554 5635; x_wconf 88' lang='lat' dir='ltr'><strong>d</strong></span> <span class='ocrx_word' id='word_1_599' title='bbox 1584 5585 1723 5662; x_wconf 69' lang='lat' dir='ltr'><strong>doris</strong></span> <span class='ocrx_word' id='word_1_600' title='bbox 1750 5626 1764 5649; x_wconf 91' lang='lat'><strong>,</strong></span> <span class='ocrx_word' id='word_1_601' title='bbox 1800 5585 1936 5638; x_wconf 85' lang='lat' dir='ltr'><strong>unde</strong></span> 
     </span>
    </p>
   </div>
   <div class='ocr_carea' id='block_1_75' title="bbox 366 5655 1936 5724">
    <p class='ocr_par' dir='ltr' id='par_1_75' title="bbox 366 5655 1936 5724">
     <span class='ocr_line' id='line_1_76' title="bbox 366 5655 1936 5724; baseline -0.006 -6"><span class='ocrx_word' id='word_1_602' title='bbox 366 5655 457 5718; x_wconf 71' lang='lat' dir='ltr'><strong>illa</strong></span> <span class='ocrx_word' id='word_1_603' title='bbox 484 5656 588 5716; x_wconf 83' lang='lat' dir='ltr'><strong>non</strong></span> <span class='ocrx_word' id='word_1_604' title='bbox 621 5655 776 5716; x_wconf 87' lang='lat' dir='ltr'><strong>modo</strong></span> <span class='ocrx_word' id='word_1_605' title='bbox 805 5655 1005 5716; x_wconf 82' lang='lat' dir='ltr'><strong>certius</strong></span> <span class='ocrx_word' id='word_1_606' title='bbox 1031 5655 1212 5723; x_wconf 51' lang='lat' dir='ltr'><strong>credi&#39;,</strong></span> <span class='ocrx_word' id='word_1_607' title='bbox 1245 5659 1336 5712; x_wconf 88' lang='lat' dir='ltr'><strong>sed</strong></span> <span class='ocrx_word' id='word_1_608' title='bbox 1365 5657 1701 5711; x_wconf 73' lang='lat' dir='ltr'><strong>all&#39;ectUosius</strong></span> <span class='ocrx_word' id='word_1_609' title='bbox 1729 5670 1936 5724; x_wconf 89' lang='lat' dir='ltr'><strong>quoque</strong></span> 
     </span>
    </p>
   </div>
   <div class='ocr_carea' id='block_1_76' title="bbox 366 5728 1937 5815">
    <p class='ocr_par' dir='ltr' id='par_1_76' title="bbox 366 5728 1937 5815">
     <span class='ocr_line' id='line_1_77' title="bbox 366 5728 1937 5815; baseline -0.005 -27"><span class='ocrx_word' id='word_1_610' title='bbox 366 5733 776 5815; x_wconf 50' lang='lat' dir='ltr'><strong>optariataieam</strong></span> <span class='ocrx_word' id='word_1_611' title='bbox 796 5741 852 5787; x_wconf 90' lang='lat' dir='ltr'><strong>ct</strong></span> <span class='ocrx_word' id='word_1_612' title='bbox 870 5733 1073 5815; x_wconf 50' lang='lat' dir='ltr'><strong>timeri.</strong></span> <span class='ocrx_word' id='word_1_613' title='bbox 1097 5733 1359 5815; x_wconf 58' lang='lat' dir='ltr'><strong>Caeterum</strong></span> <span class='ocrx_word' id='word_1_614' title='bbox 1383 5745 1484 5815; x_wconf 75' lang='lat' dir='ltr'><strong>nec</strong></span> <span class='ocrx_word' id='word_1_615' title='bbox 1495 5728 1786 5815; x_wconf 39' lang='lat' dir='ltr'><strong>&#39;pt&#39;a‘scntia&#39;</strong></span> <span class='ocrx_word' id='word_1_616' title='bbox 1810 5742 1937 5815; x_wconf 69' lang='lat' dir='ltr'><strong>gan-</strong></span> 
     </span>
    </p>
   </div>
   <div class='ocr_carea' id='block_1_77' title="bbox 370 5797 1934 5874">
    <p class='ocr_par' dir='ltr' id='par_1_77' title="bbox 370 5797 1934 5874">
     <span class='ocr_line' id='line_1_78' title="bbox 370 5797 1934 5874; baseline -0.003 -13"><span class='ocrx_word' id='word_1_617' title='bbox 370 5797 458 5861; x_wconf 79' lang='lat' dir='ltr'><strong>dia</strong></span> <span class='ocrx_word' id='word_1_618' title='bbox 477 5804 529 5860; x_wconf 90' lang='lat' dir='ltr'><strong>in</strong></span> <span class='ocrx_word' id='word_1_619' title='bbox 551 5804 759 5860; x_wconf 79' lang='lat' dir='ltr'><strong>illorum</strong></span> <span class='ocrx_word' id='word_1_620' title='bbox 785 5804 1184 5872; x_wconf 73' lang='lat' dir='ltr'><strong>coinparatione</strong></span> <span class='ocrx_word' id='word_1_621' title='bbox 1207 5811 1330 5860; x_wconf 80' lang='lat' dir='ltr'><strong>sunt</strong></span> <span class='ocrx_word' id='word_1_622' title='bbox 1351 5802 1539 5874; x_wconf 79' lang='lat' dir='ltr'><strong>gaudia</strong></span> <span class='ocrx_word' id='word_1_623' title='bbox 1559 5843 1576 5872; x_wconf 86' lang='lat'><strong>,</strong></span> <span class='ocrx_word' id='word_1_624' title='bbox 1597 5816 1699 5856; x_wconf 85' lang='lat' dir='ltr'><strong>nec</strong></span> <span class='ocrx_word' id='word_1_625' title='bbox 1725 5797 1934 5856; x_wconf 83' lang='lat' dir='ltr'><strong>tristitia</strong></span> 
     </span>
    </p>
   </div>
   <div class='ocr_carea' id='block_1_78' title="bbox 700 5914 748 5931">
    <p class='ocr_par' dir='ltr' id='par_1_78' title="bbox 700 5914 748 5931">
     <span class='ocr_line' id='line_1_79' title="bbox 700 5914 748 5931; baseline 0 0"><span class='ocrx_word' id='word_1_626' title='bbox 700 5914 748 5931; x_wconf 59' lang='grc'><strong>---</strong></span> 
     </span>
    </p>
   </div>
   <div class='ocr_carea' id='block_1_79' title="bbox 1491 299 2554 378">
    <p class='ocr_par' dir='ltr' id='par_1_79' title="bbox 1491 299 2554 378">
     <span class='ocr_line' id='line_1_80' title="bbox 1491 299 2554 378; baseline 0.01 -11"><span class='ocrx_word' id='word_1_627' title='bbox 1491 312 1691 368; x_wconf 79' lang='lat' dir='ltr'><strong>Ltnnr.</strong></span> <span class='ocrx_word' id='word_1_628' title='bbox 1733 312 1822 368; x_wconf 79' lang='lat' dir='ltr'><strong>nt;</strong></span> <span class='ocrx_word' id='word_1_629' title='bbox 1862 313 2127 372; x_wconf 83' lang='lat' dir='ltr'><strong>SPIRITL’</strong></span> <span class='ocrx_word' id='word_1_630' title='bbox 2173 319 2256 373; x_wconf 74' lang='lat' dir='ltr'><strong>er</strong></span> <span class='ocrx_word' id='word_1_631' title='bbox 2299 299 2554 378; x_wconf 66' lang='lat' dir='ltr'><strong>ANIitA.’</strong></span> 
     </span>
    </p>
   </div>
   <div class='ocr_carea' id='block_1_80' title="bbox 3549 328 3652 391">
    <p class='ocr_par' dir='ltr' id='par_1_80' title="bbox 3549 328 3652 391">
     <span class='ocr_line' id='line_1_81' title="bbox 3549 328 3652 391; baseline 0.058 -7"><span class='ocrx_word' id='word_1_632' title='bbox 3549 328 3652 391; x_wconf 66' lang='lat' dir='ltr'><strong>8H»</strong></span> 
     </span>
    </p>
   </div>
   <div class='ocr_carea' id='block_1_81' title="bbox 2084 435 3660 505">
    <p class='ocr_par' dir='ltr' id='par_1_81' title="bbox 2084 435 3660 505">
     <span class='ocr_line' id='line_1_82' title="bbox 2084 435 3660 505; baseline 0.006 -18"><span class='ocrx_word' id='word_1_633' title='bbox 2084 451 2315 502; x_wconf 75' lang='lat' dir='ltr'><strong>przescns</strong></span> <span class='ocrx_word' id='word_1_634' title='bbox 2343 437 2390 490; x_wconf 90' lang='lat' dir='ltr'><strong>iu</strong></span> <span class='ocrx_word' id='word_1_635' title='bbox 2423 437 2560 489; x_wconf 88' lang='lat' dir='ltr'><strong>illius</strong></span> <span class='ocrx_word' id='word_1_636' title='bbox 2587 435 2981 505; x_wconf 60' lang='lat' dir='ltr'><strong>conq‘iaratiouc</strong></span> <span class='ocrx_word' id='word_1_637' title='bbox 3007 447 3088 491; x_wconf 83' lang='lat' dir='ltr'><strong>est</strong></span> <span class='ocrx_word' id='word_1_638' title='bbox 3115 441 3344 497; x_wconf 88' lang='lat' dir='ltr'><strong>tristitia.</strong></span> <span class='ocrx_word' id='word_1_639' title='bbox 3376 442 3484 500; x_wconf 82' lang='lat' dir='ltr'><strong>Nec</strong></span> <span class='ocrx_word' id='word_1_640' title='bbox 3507 445 3660 505; x_wconf 67' lang='lat' dir='ltr'><strong>desii-</strong></span> 
     </span>
    </p>
   </div>
   <div class='ocr_carea' id='block_1_82' title="bbox 2080 507 3654 584">
    <p class='ocr_par' dir='ltr' id='par_1_82' title="bbox 2080 507 3654 584">
     <span class='ocr_line' id='line_1_83' title="bbox 2080 507 3654 584; baseline 0.011 -28"><span class='ocrx_word' id='word_1_641' title='bbox 2080 507 2182 574; x_wconf 75' lang='lat' dir='ltr'><strong>pirt</strong></span> <span class='ocrx_word' id='word_1_642' title='bbox 2223 509 2264 558; x_wconf 85' lang='lat' dir='ltr'><strong>si</strong></span> <span class='ocrx_word' id='word_1_643' title='bbox 2289 508 2663 584; x_wconf 65' lang='lat' dir='ltr'><strong>quis-interitu</strong></span> <span class='ocrx_word' id='word_1_644' title='bbox 2694 524 3166 584; x_wconf 74' lang='lat' dir='ltr'><strong>omnem_0pt‘t&#39;am</strong></span> <span class='ocrx_word' id='word_1_645' title='bbox 3213 513 3340 567; x_wconf 82' lang='lat' dir='ltr'><strong>dare</strong></span> <span class='ocrx_word' id='word_1_646' title='bbox 3370 517 3614 573; x_wconf 80' lang='lat' dir='ltr'><strong>maluerit</strong></span> <span class='ocrx_word' id='word_1_647' title='bbox 3638 562 3654 584; x_wconf 88' lang='grc'><em>,</em></span> 
     </span>
    </p>
   </div>
   <div class='ocr_carea' id='block_1_83' title="bbox 2077 578 3654 656">
    <p class='ocr_par' dir='ltr' id='par_1_83' title="bbox 2077 578 3654 656">
     <span class='ocr_line' id='line_1_84' title="bbox 2077 578 3654 656; baseline 0.009 -28"><span class='ocrx_word' id='word_1_648' title='bbox 2077 578 2522 656; x_wconf 66' lang='lat' dir='ltr'><strong>quctii_:_ttltttotlttiti</strong></span> <span class='ocrx_word' id='word_1_649' title='bbox 2553 579 2634 656; x_wconf 75' lang='lat' dir='ltr'><strong>illa</strong></span> <span class='ocrx_word' id='word_1_650' title='bbox 2661 580 2832 646; x_wconf 79' lang='lat' dir='ltr'><strong>potius</strong></span> <span class='ocrx_word' id='word_1_651' title='bbox 2856 581 3025 656; x_wconf 79' lang='lat' dir='ltr'><strong>valeat</strong></span> <span class='ocrx_word' id='word_1_652' title='bbox 3048 598 3421 656; x_wconf 75' lang='lat' dir='ltr'><strong>conruptsccre</strong></span> <span class='ocrx_word' id='word_1_653' title='bbox 3443 578 3654 656; x_wconf 61' lang='lat' dir='ltr'><strong>gaudia;</strong></span> 
     </span>
    </p>
   </div>
   <div class='ocr_carea' id='block_1_84' title="bbox 2078 647 3658 718">
    <p class='ocr_par' dir='ltr' id='par_1_84' title="bbox 2078 647 3658 718">
     <span class='ocr_line' id='line_1_85' title="bbox 2078 647 3658 718; baseline 0.009 -19"><span class='ocrx_word' id='word_1_654' title='bbox 2078 647 2194 718; x_wconf 73' lang='lat' dir='ltr'><strong>illos</strong></span> <span class='ocrx_word' id='word_1_655' title='bbox 2229 649 2510 702; x_wconf 73' lang='lat' dir='ltr'><strong>l&#39;ortnitlarc</strong></span> <span class='ocrx_word' id='word_1_656' title='bbox 2541 648 2786 713; x_wconf 82' lang='lat' dir='ltr'><strong>dolores,</strong></span> <span class='ocrx_word' id='word_1_657' title='bbox 2817 667 2972 717; x_wconf 86' lang='lat' dir='ltr'><strong>quam</strong></span> <span class='ocrx_word' id='word_1_658' title='bbox 3011 652 3163 718; x_wconf 80' lang='lat' dir='ltr'><strong>hujus</strong></span> <span class='ocrx_word' id='word_1_659' title='bbox 3193 647 3311 706; x_wconf 61' lang='lat' dir='ltr'><strong>vitae</strong></span> <span class='ocrx_word' id='word_1_660' title='bbox 3342 647 3503 709; x_wconf 61' lang='lat' dir='ltr'><strong>vitare</strong></span> <span class='ocrx_word' id='word_1_661' title='bbox 3544 647 3658 713; x_wconf 52' lang='lat' dir='ltr'><strong>tuo:</strong></span> 
     </span>
    </p>
   </div>
   <div class='ocr_carea' id='block_1_85' title="bbox 2077 716 3658 784">
    <p class='ocr_par' dir='ltr' id='par_1_85' title="bbox 2077 716 3658 784">
     <span class='ocr_line' id='line_1_86' title="bbox 2077 716 3658 784; baseline 0.009 -15"><span class='ocrx_word' id='word_1_662' title='bbox 2077 716 2256 770; x_wconf 86' lang='lat' dir='ltr'><strong>lestias</strong></span> <span class='ocrx_word' id='word_1_663' title='bbox 2281 760 2295 782; x_wconf 89' lang='lat'><strong>,</strong></span> <span class='ocrx_word' id='word_1_664' title='bbox 2323 729 2539 772; x_wconf 73' lang='lat' dir='ltr'><strong>cantare</strong></span> <span class='ocrx_word' id='word_1_665' title='bbox 2587 716 2842 772; x_wconf 62' lang='lat' dir='ltr'><strong>lartitiam.</strong></span> <span class='ocrx_word' id='word_1_666' title='bbox 2873 716 3250 776; x_wconf 62' lang='lat' dir='ltr'><strong>Verumtamen</strong></span> <span class='ocrx_word' id='word_1_667' title='bbox 3297 726 3531 780; x_wconf 83' lang='lat' dir='ltr'><strong>invenire</strong></span> <span class='ocrx_word' id='word_1_668' title='bbox 3577 739 3658 784; x_wconf 86' lang='lat' dir='ltr'><strong>est</strong></span> 
     </span>
    </p>
   </div>
   <div class='ocr_carea' id='block_1_86' title="bbox 2076 789 3655 860">
    <p class='ocr_par' dir='ltr' id='par_1_86' title="bbox 2076 789 3655 860">
     <span class='ocr_line' id='line_1_87' title="bbox 2076 789 3655 860; baseline 0.007 -21"><span class='ocrx_word' id='word_1_669' title='bbox 2076 789 2232 860; x_wconf 85' lang='lat' dir='ltr'><strong>etiam</strong></span> <span class='ocrx_word' id='word_1_670' title='bbox 2279 791 2326 842; x_wconf 90' lang='lat' dir='ltr'><strong>in</strong></span> <span class='ocrx_word' id='word_1_671' title='bbox 2357 790 2607 859; x_wconf 61' lang='lat' dir='ltr'><strong>prarsenti</strong></span> <span class='ocrx_word' id='word_1_672' title='bbox 2638 789 2778 842; x_wconf 83' lang='lat' dir='ltr'><strong>unde</strong></span> <span class='ocrx_word' id='word_1_673' title='bbox 2809 792 3003 844; x_wconf 82' lang='lat' dir='ltr'><strong>utiliter</strong></span> <span class='ocrx_word' id='word_1_674' title='bbox 3029 792 3254 857; x_wconf 75' lang='lat' dir='ltr'><strong>gaudeat</strong></span> <span class='ocrx_word' id='word_1_675' title='bbox 3280 797 3395 860; x_wconf 82' lang='lat' dir='ltr'><strong>quis</strong></span> <span class='ocrx_word' id='word_1_676' title='bbox 3419 838 3432 859; x_wconf 95' lang='lat'><strong>,</strong></span> <span class='ocrx_word' id='word_1_677' title='bbox 3467 799 3546 850; x_wconf 87' lang='lat' dir='ltr'><strong>vel</strong></span> <span class='ocrx_word' id='word_1_678' title='bbox 3571 815 3655 852; x_wconf 87' lang='lat' dir='ltr'><strong>sa-</strong></span> 
     </span>
    </p>
   </div>
   <div class='ocr_carea' id='block_1_87' title="bbox 2077 859 3724 937">
    <p class='ocr_par' dir='ltr' id='par_1_87' title="bbox 2077 859 3724 937">
     <span class='ocr_line' id='line_1_88' title="bbox 2077 859 3724 937; baseline 0.009 -29"><span class='ocrx_word' id='word_1_679' title='bbox 2077 859 2296 937; x_wconf 78' lang='lat' dir='ltr'><strong>lubriter</strong></span> <span class='ocrx_word' id='word_1_680' title='bbox 2321 860 2682 937; x_wconf 78' lang='lat' dir='ltr'><strong>Contristetnr.</strong></span> <span class='ocrx_word' id='word_1_681' title='bbox 2708 862 2761 912; x_wconf 82' lang='lat' dir='ltr'><strong>Si</strong></span> <span class='ocrx_word' id='word_1_682' title='bbox 2785 862 2992 937; x_wconf 60' lang='grc' dir='ltr'>ξιιιιιιιηιτ</span> <span class='ocrx_word' id='word_1_683' title='bbox 3020 863 3085 916; x_wconf 88' lang='lat' dir='ltr'><strong>dc</strong></span> <span class='ocrx_word' id='word_1_684' title='bbox 3115 859 3384 918; x_wconf 76' lang='lat' dir='ltr'><strong>beneﬁcus</strong></span> <span class='ocrx_word' id='word_1_685' title='bbox 3411 868 3519 920; x_wconf 86' lang='lat' dir='ltr'><strong>suis</strong></span> <span class='ocrx_word' id='word_1_686' title='bbox 3543 885 3658 937; x_wconf 79' lang='lat' dir='ltr'><strong>gra~</strong></span> <span class='ocrx_word' id='word_1_687' title='bbox 3719 881 3724 886; x_wconf 84' lang='lat'>‘</span> 
     </span>
    </p>
   </div>
   <div class='ocr_carea' id='block_1_88' title="bbox 2076 928 3653 1006">
    <p class='ocr_par' dir='ltr' id='par_1_88' title="bbox 2076 928 3653 1006">
     <span class='ocr_line' id='line_1_89' title="bbox 2076 928 3653 1006; baseline 0.01 -26"><span class='ocrx_word' id='word_1_688' title='bbox 2076 928 2172 981; x_wconf 85' lang='lat' dir='ltr'><strong>tias</strong></span> <span class='ocrx_word' id='word_1_689' title='bbox 2210 932 2313 1006; x_wconf 69' lang='lat' dir='ltr'><strong>lien</strong></span> <span class='ocrx_word' id='word_1_690' title='bbox 2338 940 2603 1006; x_wconf 87' lang='lat' dir='ltr'><strong>agens,_et</strong></span> <span class='ocrx_word' id='word_1_691' title='bbox 2627 931 2906 1006; x_wconf 61' lang='lat' dir='ltr'><strong>devotione</strong></span> <span class='ocrx_word' id='word_1_692' title='bbox 2938 935 3052 1006; x_wconf 68' lang='lat' dir='ltr'><strong>ejus</strong></span> <span class='ocrx_word' id='word_1_693' title='bbox 3076 935 3410 1006; x_wconf 57' lang='lat' dir='ltr'><strong>exsultet,ct</strong></span> <span class='ocrx_word' id='word_1_694' title='bbox 3442 928 3653 1006; x_wconf 76' lang='lat' dir='ltr'><strong>propria</strong></span> 
     </span>
    </p>
   </div>
   <div class='ocr_carea' id='block_1_89' title="bbox 2072 1003 3654 1072">
    <p class='ocr_par' dir='ltr' id='par_1_89' title="bbox 2072 1003 3654 1072">
     <span class='ocr_line' id='line_1_90' title="bbox 2072 1003 3654 1072; baseline 0.012 -27"><span class='ocrx_word' id='word_1_695' title='bbox 2072 1015 2162 1072; x_wconf 67' lang='lat' dir='ltr'><strong>srn</strong></span> <span class='ocrx_word' id='word_1_696' title='bbox 2199 1003 2355 1054; x_wconf 88' lang='lat' dir='ltr'><strong>etiam</strong></span> <span class='ocrx_word' id='word_1_697' title='bbox 2402 1003 2758 1069; x_wconf 76' lang='lat' dir='ltr'><strong>proximorum</strong></span> <span class='ocrx_word' id='word_1_698' title='bbox 2789 1003 2977 1055; x_wconf 69' lang='lat' dir='ltr'><strong>delicta</strong></span> <span class='ocrx_word' id='word_1_699' title='bbox 3015 1003 3272 1072; x_wconf 89' lang='lat' dir='ltr'><strong>deploret.</strong></span> <span class='ocrx_word' id='word_1_700' title='bbox 3305 1003 3452 1059; x_wconf 75' lang='lat' dir='ltr'><strong>Unde</strong></span> <span class='ocrx_word' id='word_1_701' title='bbox 3493 1003 3654 1064; x_wconf 80' lang='lat' dir='ltr'><strong>etiam</strong></span> 
     </span>
    </p>
   </div>
   <div class='ocr_carea' id='block_1_90' title="bbox 2072 1070 3654 1139">
    <p class='ocr_par' dir='ltr' id='par_1_90' title="bbox 2072 1070 3654 1139">
     <span class='ocr_line' id='line_1_91' title="bbox 2072 1070 3654 1139; baseline 0.009 -19"><span class='ocrx_word' id='word_1_702' title='bbox 2072 1070 2245 1124; x_wconf 80' lang='lat' dir='ltr'><strong>divina</strong></span> <span class='ocrx_word' id='word_1_703' title='bbox 2271 1073 2616 1139; x_wconf 63' lang='lat' dir='ltr'><strong>dispositione</strong></span> <span class='ocrx_word' id='word_1_704' title='bbox 2642 1073 2812 1124; x_wconf 84' lang='lat' dir='ltr'><strong>media</strong></span> <span class='ocrx_word' id='word_1_705' title='bbox 2847 1075 2982 1126; x_wconf 80' lang='lat' dir='ltr'><strong>inter</strong></span> <span class='ocrx_word' id='word_1_706' title='bbox 3007 1070 3221 1128; x_wconf 69' lang='lat' dir='ltr'><strong>etisdem</strong></span> <span class='ocrx_word' id='word_1_707' title='bbox 3275 1077 3494 1132; x_wconf 67' lang='lat' dir='ltr'><strong>affectus</strong></span> <span class='ocrx_word' id='word_1_708' title='bbox 3524 1096 3654 1134; x_wconf 83' lang='lat' dir='ltr'><strong>cou-</strong></span> 
     </span>
    </p>
   </div>
   <div class='ocr_carea' id='block_1_91' title="bbox 2069 1141 3649 1214">
    <p class='ocr_par' dir='ltr' id='par_1_91' title="bbox 2069 1141 3649 1214">
     <span class='ocr_line' id='line_1_92' title="bbox 2069 1141 3649 1214; baseline 0.009 -22"><span class='ocrx_word' id='word_1_709' title='bbox 2069 1141 2246 1214; x_wconf 81' lang='lat' dir='ltr'><strong>stituta</strong></span> <span class='ocrx_word' id='word_1_710' title='bbox 2281 1154 2358 1196; x_wconf 77' lang='lat' dir='ltr'><strong>est</strong></span> <span class='ocrx_word' id='word_1_711' title='bbox 2391 1145 2590 1196; x_wconf 78' lang='lat' dir='ltr'><strong>ratioiu</strong></span> <span class='ocrx_word' id='word_1_712' title='bbox 2622 1144 2781 1196; x_wconf 72' lang='lat' dir='ltr'><strong>corde</strong></span> <span class='ocrx_word' id='word_1_713' title='bbox 2808 1143 3059 1206; x_wconf 85' lang='lat' dir='ltr'><strong>hominis,</strong></span> <span class='ocrx_word' id='word_1_714' title='bbox 3087 1161 3180 1212; x_wconf 90' lang='lat' dir='ltr'><strong>per</strong></span> <span class='ocrx_word' id='word_1_715' title='bbox 3213 1163 3367 1214; x_wconf 88' lang='lat' dir='ltr'><strong>quam</strong></span> <span class='ocrx_word' id='word_1_716' title='bbox 3401 1150 3649 1206; x_wconf 88' lang='lat' dir='ltr'><strong>nimirum</strong></span> 
     </span>
    </p>
   </div>
   <div class='ocr_carea' id='block_1_92' title="bbox 2069 1211 3648 1292">
    <p class='ocr_par' dir='ltr' id='par_1_92' title="bbox 2069 1211 3648 1292">
     <span class='ocr_line' id='line_1_93' title="bbox 2069 1211 3648 1292; baseline 0.008 -31"><span class='ocrx_word' id='word_1_717' title='bbox 2069 1211 2370 1292; x_wconf 73' lang='lat' dir='ltr'><strong>disci-ruere</strong></span> <span class='ocrx_word' id='word_1_718' title='bbox 2388 1225 2441 1268; x_wconf 86' lang='lat' dir='ltr'><strong>et</strong></span> <span class='ocrx_word' id='word_1_719' title='bbox 2460 1214 2747 1292; x_wconf 64' lang='lat' dir='ltr'><strong>diiudicare</strong></span> <span class='ocrx_word' id='word_1_720' title='bbox 2765 1216 2926 1292; x_wconf 78' lang='lat' dir='ltr'><strong>possit</strong></span> <span class='ocrx_word' id='word_1_721' title='bbox 2951 1211 3326 1292; x_wconf 56' lang='lat' dir='ltr'><strong>unchigaudcat</strong></span> <span class='ocrx_word' id='word_1_722' title='bbox 3342 1235 3434 1272; x_wconf 89' lang='lat' dir='ltr'><strong>seu</strong></span> <span class='ocrx_word' id='word_1_723' title='bbox 3452 1221 3648 1289; x_wconf 83' lang='lat' dir='ltr'><strong>doleat,</strong></span> 
     </span>
    </p>
   </div>
   <div class='ocr_carea' id='block_1_93' title="bbox 2069 1285 3646 1360">
    <p class='ocr_par' dir='ltr' id='par_1_93' title="bbox 2069 1285 3646 1360">
     <span class='ocr_line' id='line_1_94' title="bbox 2069 1285 3646 1360; baseline 0.008 -26"><span class='ocrx_word' id='word_1_724' title='bbox 2069 1285 2175 1360; x_wconf 80' lang='lat' dir='ltr'><strong>imo</strong></span> <span class='ocrx_word' id='word_1_725' title='bbox 2212 1285 2368 1338; x_wconf 83' lang='lat' dir='ltr'><strong>etiam</strong></span> <span class='ocrx_word' id='word_1_726' title='bbox 2401 1285 2522 1360; x_wconf 67' lang='lat' dir='ltr'><strong>qrtid</strong></span> <span class='ocrx_word' id='word_1_727' title='bbox 2567 1285 2742 1360; x_wconf 81' lang='lat' dir='ltr'><strong>cupiat</strong></span> <span class='ocrx_word' id='word_1_728' title='bbox 2769 1286 2847 1360; x_wconf 83' lang='lat' dir='ltr'><strong>vel</strong></span> <span class='ocrx_word' id='word_1_729' title='bbox 2879 1287 3003 1354; x_wconf 90' lang='lat' dir='ltr'><strong>quid</strong></span> <span class='ocrx_word' id='word_1_730' title='bbox 3038 1288 3235 1360; x_wconf 88' lang='lat' dir='ltr'><strong>timeat.</strong></span> <span class='ocrx_word' id='word_1_731' title='bbox 3261 1290 3398 1343; x_wconf 79' lang='lat' dir='ltr'><strong>Sane</strong></span> <span class='ocrx_word' id='word_1_732' title='bbox 3425 1293 3514 1360; x_wconf 91' lang='lat' dir='ltr'><strong>qui</strong></span> <span class='ocrx_word' id='word_1_733' title='bbox 3549 1285 3646 1346; x_wconf 56' lang='lat' dir='ltr'><strong>tri-3</strong></span> 
     </span>
    </p>
   </div>
   <div class='ocr_carea' id='block_1_94' title="bbox 2070 1354 3647 1432">
    <p class='ocr_par' dir='ltr' id='par_1_94' title="bbox 2070 1354 3647 1432">
     <span class='ocr_line' id='line_1_95' title="bbox 2070 1354 3647 1432; baseline 0.008 -29"><span class='ocrx_word' id='word_1_734' title='bbox 2070 1354 2395 1432; x_wconf 66' lang='lat' dir='ltr'><strong>pliccuressc</strong></span> <span class='ocrx_word' id='word_1_735' title='bbox 2425 1358 2526 1407; x_wconf 89' lang='lat' dir='ltr'><strong>vim</strong></span> <span class='ocrx_word' id='word_1_736' title='bbox 2556 1355 3086 1432; x_wconf 28' lang='grc' dir='ltr'>ίιιιὶηιιιιλώξςι-ιριυηι,</span> <span class='ocrx_word' id='word_1_737' title='bbox 3118 1354 3606 1416; x_wconf 46' lang='lat' dir='ltr'><strong>rationalem-illam</strong></span> <span class='ocrx_word' id='word_1_738' title='bbox 3631 1405 3647 1430; x_wconf 86' lang='lat'><strong>,</strong></span> 
     </span>
    </p>
   </div>
   <div class='ocr_carea' id='block_1_95' title="bbox 2069 1427 3647 1496">
    <p class='ocr_par' dir='ltr' id='par_1_95' title="bbox 2069 1427 3647 1496">
     <span class='ocr_line' id='line_1_96' title="bbox 2069 1427 3647 1496; baseline 0.01 -22"><span class='ocrx_word' id='word_1_739' title='bbox 2069 1427 2384 1478; x_wconf 73' lang='lat' dir='ltr'><strong>irascibilom</strong></span> <span class='ocrx_word' id='word_1_740' title='bbox 2440 1438 2492 1480; x_wconf 92' lang='lat' dir='ltr'><strong>et</strong></span> <span class='ocrx_word' id='word_1_741' title='bbox 2540 1427 3008 1494; x_wconf 65' lang='lat' dir='ltr'><strong>concupiscibilem</strong></span> <span class='ocrx_word' id='word_1_742' title='bbox 3054 1439 3356 1484; x_wconf 86' lang='lat' dir='ltr'><strong>asserentes</strong></span> <span class='ocrx_word' id='word_1_743' title='bbox 3383 1471 3396 1496; x_wconf 93' lang='lat'><strong>,</strong></span> <span class='ocrx_word' id='word_1_744' title='bbox 3426 1427 3647 1490; x_wconf 72' lang='lat' dir='ltr'><strong>allectus</strong></span> 
     </span>
    </p>
   </div>
   <div class='ocr_carea' id='block_1_96' title="bbox 2066 1496 3640 1570">
    <p class='ocr_par' dir='ltr' id='par_1_96' title="bbox 2066 1496 3640 1570">
     <span class='ocr_line' id='line_1_97' title="bbox 2066 1496 3640 1570; baseline 0.007 -24"><span class='ocrx_word' id='word_1_745' title='bbox 2066 1496 2276 1570; x_wconf 74' lang='lat' dir='ltr'><strong>quidem</strong></span> <span class='ocrx_word' id='word_1_746' title='bbox 2303 1498 2540 1570; x_wconf 75' lang='lat' dir='ltr'><strong>diversos</strong></span> <span class='ocrx_word' id='word_1_747' title='bbox 2559 1539 2571 1560; x_wconf 93' lang='lat'><strong>,</strong></span> <span class='ocrx_word' id='word_1_748' title='bbox 2602 1499 2692 1551; x_wconf 80' lang='lat' dir='ltr'><strong>sed</strong></span> <span class='ocrx_word' id='word_1_749' title='bbox 2716 1498 2938 1570; x_wconf 78' lang='lat' dir='ltr'><strong>quadam</strong></span> <span class='ocrx_word' id='word_1_750' title='bbox 2962 1498 3060 1570; x_wconf 84' lang='lat' dir='ltr'><strong>sibi</strong></span> <span class='ocrx_word' id='word_1_751' title='bbox 3083 1501 3640 1570; x_wconf 77' lang='lat' dir='ltr'><strong>cognationejunctos,</strong></span> 
     </span>
    </p>
   </div>
   <div class='ocr_carea' id='block_1_97' title="bbox 2064 1566 3646 1642">
    <p class='ocr_par' dir='ltr' id='par_1_97' title="bbox 2064 1566 3646 1642">
     <span class='ocr_line' id='line_1_98' title="bbox 2064 1566 3646 1642; baseline 0.01 -26"><span class='ocrx_word' id='word_1_752' title='bbox 2064 1566 2437 1642; x_wconf 77' lang='lat' dir='ltr'><strong>subiraseibili</strong></span> <span class='ocrx_word' id='word_1_753' title='bbox 2464 1577 2661 1642; x_wconf 84' lang='lat' dir='ltr'><strong>metum</strong></span> <span class='ocrx_word' id='word_1_754' title='bbox 2707 1578 2760 1622; x_wconf 91' lang='lat' dir='ltr'><strong>et</strong></span> <span class='ocrx_word' id='word_1_755' title='bbox 2799 1566 3218 1642; x_wconf 78' lang='lat' dir='ltr'><strong>tristitiam,sub</strong></span> <span class='ocrx_word' id='word_1_756' title='bbox 3249 1566 3646 1642; x_wconf 78' lang='lat' dir='ltr'><strong>concupiscibili</strong></span> 
     </span>
    </p>
   </div>
   <div class='ocr_carea' id='block_1_98' title="bbox 2064 1635 3529 1711">
    <p class='ocr_par' dir='ltr' id='par_1_98' title="bbox 2064 1635 3529 1711">
     <span class='ocr_line' id='line_1_99' title="bbox 2064 1635 3529 1711; baseline 0.007 -22"><span class='ocrx_word' id='word_1_757' title='bbox 2064 1635 2382 1711; x_wconf 51' lang='lat' dir='ltr'><strong>desidei&#39;iuin</strong></span> <span class='ocrx_word' id='word_1_758' title='bbox 2405 1649 2468 1711; x_wconf 66' lang='lat' dir='ltr'><strong>et</strong></span> <span class='ocrx_word' id='word_1_759' title='bbox 2494 1639 2728 1711; x_wconf 63' lang='lat' dir='ltr'><strong>laetitiam</strong></span> <span class='ocrx_word' id='word_1_760' title='bbox 2758 1640 3226 1708; x_wconf 88' lang='lat' dir='ltr'><strong>comprehendisse</strong></span> <span class='ocrx_word' id='word_1_761' title='bbox 3261 1635 3529 1699; x_wconf 70' lang='lat' dir='ltr'><strong>vidcniur.</strong></span> 
     </span>
    </p>
   </div>
   <div class='ocr_carea' id='block_1_99' title="bbox 2133 1708 3639 1774">
    <p class='ocr_par' dir='ltr' id='par_1_99' title="bbox 2133 1708 3639 1774">
     <span class='ocr_line' id='line_1_100' title="bbox 2133 1708 3639 1774; baseline 0.012 -18"><span class='ocrx_word' id='word_1_762' title='bbox 2133 1708 2357 1762; x_wconf 64' lang='lat' dir='ltr'><strong>CAPUT</strong></span> <span class='ocrx_word' id='word_1_763' title='bbox 2404 1709 2606 1763; x_wconf 75' lang='lat' dir='ltr'><strong>XLVII.</strong></span> <span class='ocrx_word' id='word_1_764' title='bbox 2660 1709 2827 1762; x_wconf 81' lang='lat' dir='ltr'><strong>Homo</strong></span> <span class='ocrx_word' id='word_1_765' title='bbox 2895 1713 3024 1764; x_wconf 81' lang='lat' dir='ltr'><strong>inter</strong></span> <span class='ocrx_word' id='word_1_766' title='bbox 3083 1714 3325 1766; x_wconf 82' lang='lat' dir='ltr'><strong>mundum</strong></span> <span class='ocrx_word' id='word_1_767' title='bbox 3364 1725 3410 1767; x_wconf 88' lang='lat' dir='ltr'><strong>et</strong></span> <span class='ocrx_word' id='word_1_768' title='bbox 3457 1715 3639 1774; x_wconf 83' lang='lat' dir='ltr'><strong>Deum.</strong></span> 
     </span>
    </p>
   </div>
   <div class='ocr_carea' id='block_1_100' title="bbox 2064 1774 3642 1857">
    <p class='ocr_par' dir='ltr' id='par_1_100' title="bbox 2064 1774 3642 1857">
     <span class='ocr_line' id='line_1_101' title="bbox 2064 1774 3642 1857; baseline 0.012 -32"><span class='ocrx_word' id='word_1_769' title='bbox 2064 1774 2361 1857; x_wconf 53' lang='lat' dir='ltr'><strong>(attulerint</strong></span> <span class='ocrx_word' id='word_1_770' title='bbox 2386 1795 2512 1847; x_wconf 84' lang='lat' dir='ltr'><strong>ergo</strong></span> <span class='ocrx_word' id='word_1_771' title='bbox 2539 1781 2674 1833; x_wconf 88' lang='lat' dir='ltr'><strong>inter</strong></span> <span class='ocrx_word' id='word_1_772' title='bbox 2693 1781 2913 1835; x_wconf 73' lang='lat' dir='ltr'><strong>allectus</strong></span> <span class='ocrx_word' id='word_1_773' title='bbox 2936 1781 3108 1857; x_wconf 82' lang='lat' dir='ltr'><strong>varios</strong></span> <span class='ocrx_word' id='word_1_774' title='bbox 3132 1783 3360 1857; x_wconf 83' lang='lat' dir='ltr'><strong>humana</strong></span> <span class='ocrx_word' id='word_1_775' title='bbox 3379 1784 3642 1844; x_wconf 84' lang='lat' dir='ltr'><strong>ﬂuctuans</strong></span> 
     </span>
    </p>
   </div>
   <div class='ocr_carea' id='block_1_101' title="bbox 2060 1853 3640 1914">
    <p class='ocr_par' dir='ltr' id='par_1_101' title="bbox 2060 1853 3640 1914">
     <span class='ocr_line' id='line_1_102' title="bbox 2060 1853 3640 1914; baseline 0.011 -16"><span class='ocrx_word' id='word_1_776' title='bbox 2060 1853 2234 1902; x_wconf 85' lang='lat' dir='ltr'><strong>anima</strong></span> <span class='ocrx_word' id='word_1_777' title='bbox 2256 1891 2270 1913; x_wconf 84' lang='lat'><strong>,</strong></span> <span class='ocrx_word' id='word_1_778' title='bbox 2306 1866 2524 1904; x_wconf 81' lang='lat' dir='ltr'><strong>necesse</strong></span> <span class='ocrx_word' id='word_1_779' title='bbox 2547 1861 2631 1904; x_wconf 79' lang='lat' dir='ltr'><strong>est</strong></span> <span class='ocrx_word' id='word_1_780' title='bbox 2665 1861 2719 1903; x_wconf 86' lang='lat' dir='ltr'><strong>ut</strong></span> <span class='ocrx_word' id='word_1_781' title='bbox 2745 1862 2942 1906; x_wconf 85' lang='lat' dir='ltr'><strong>certam</strong></span> <span class='ocrx_word' id='word_1_782' title='bbox 2972 1853 3184 1906; x_wconf 87' lang='lat' dir='ltr'><strong>demum</strong></span> <span class='ocrx_word' id='word_1_783' title='bbox 3213 1855 3296 1909; x_wconf 85' lang='lat' dir='ltr'><strong>vel</strong></span> <span class='ocrx_word' id='word_1_784' title='bbox 3326 1857 3376 1909; x_wconf 91' lang='lat' dir='ltr'><strong>in</strong></span> <span class='ocrx_word' id='word_1_785' title='bbox 3408 1857 3526 1914; x_wconf 90' lang='lat' dir='ltr'><strong>imis</strong></span> <span class='ocrx_word' id='word_1_786' title='bbox 3555 1859 3640 1914; x_wconf 91' lang='lat' dir='ltr'><strong>vel</strong></span> 
     </span>
    </p>
   </div>
   <div class='ocr_carea' id='block_1_102' title="bbox 2061 1917 3642 1997">
    <p class='ocr_par' dir='ltr' id='par_1_102' title="bbox 2061 1917 3642 1997">
     <span class='ocr_line' id='line_1_103' title="bbox 2061 1917 3642 1997; baseline 0.009 -27"><span class='ocrx_word' id='word_1_787' title='bbox 2061 1917 2113 1970; x_wconf 83' lang='lat' dir='ltr'><strong>iu</strong></span> <span class='ocrx_word' id='word_1_788' title='bbox 2139 1921 2362 1997; x_wconf 60' lang='lat' dir='ltr'><strong>minimis</strong></span> <span class='ocrx_word' id='word_1_789' title='bbox 2395 1921 2660 1997; x_wconf 72' lang='lat' dir='ltr'><strong>accipiens</strong></span> <span class='ocrx_word' id='word_1_790' title='bbox 2691 1922 2973 1997; x_wconf 72' lang='lat' dir='ltr'><strong>stationem</strong></span> <span class='ocrx_word' id='word_1_791' title='bbox 3000 1965 3014 1987; x_wconf 91' lang='lat'><strong>,</strong></span> <span class='ocrx_word' id='word_1_792' title='bbox 3043 1925 3092 1976; x_wconf 91' lang='lat' dir='ltr'><strong>in</strong></span> <span class='ocrx_word' id='word_1_793' title='bbox 3130 1925 3248 1978; x_wconf 86' lang='lat' dir='ltr'><strong>solo</strong></span> <span class='ocrx_word' id='word_1_794' title='bbox 3272 1926 3525 1997; x_wconf 86' lang='lat' dir='ltr'><strong>deinceps</strong></span> <span class='ocrx_word' id='word_1_795' title='bbox 3556 1930 3642 1985; x_wconf 72' lang='lat' dir='ltr'><strong>vel</strong></span> 
     </span>
    </p>
   </div>
   <div class='ocr_carea' id='block_1_103' title="bbox 2059 1990 3641 2062">
    <p class='ocr_par' dir='ltr' id='par_1_103' title="bbox 2059 1990 3641 2062">
     <span class='ocr_line' id='line_1_104' title="bbox 2059 1990 3641 2062; baseline 0.008 -21"><span class='ocrx_word' id='word_1_796' title='bbox 2059 1990 2250 2062; x_wconf 79' lang='lat' dir='ltr'><strong>gaudio</strong></span> <span class='ocrx_word' id='word_1_797' title='bbox 2271 1993 2354 2044; x_wconf 89' lang='lat' dir='ltr'><strong>vel</strong></span> <span class='ocrx_word' id='word_1_798' title='bbox 2376 1992 2560 2045; x_wconf 87' lang='lat' dir='ltr'><strong>dolore</strong></span> <span class='ocrx_word' id='word_1_799' title='bbox 2592 1995 2855 2060; x_wconf 69' lang='lat' dir='ltr'><strong>persistat.</strong></span> <span class='ocrx_word' id='word_1_800' title='bbox 2891 1993 3027 2046; x_wconf 89' lang='lat' dir='ltr'><strong>Deus</strong></span> <span class='ocrx_word' id='word_1_801' title='bbox 3050 2004 3129 2048; x_wconf 88' lang='lat' dir='ltr'><strong>est</strong></span> <span class='ocrx_word' id='word_1_802' title='bbox 3155 1997 3205 2049; x_wconf 93' lang='lat' dir='ltr'><strong>in</strong></span> <span class='ocrx_word' id='word_1_803' title='bbox 3227 1990 3641 2062; x_wconf 49' lang='lat' dir='ltr'><strong>summm-mun-</strong></span> 
     </span>
    </p>
   </div>
   <div class='ocr_carea' id='block_1_104' title="bbox 2059 2061 3638 2124">
    <p class='ocr_par' dir='ltr' id='par_1_104' title="bbox 2059 2061 3638 2124">
     <span class='ocr_line' id='line_1_105' title="bbox 2059 2061 3638 2124; baseline 0.008 -12"><span class='ocrx_word' id='word_1_804' title='bbox 2059 2061 2156 2112; x_wconf 82' lang='lat' dir='ltr'><strong>dus</strong></span> <span class='ocrx_word' id='word_1_805' title='bbox 2181 2062 2228 2112; x_wconf 90' lang='lat' dir='ltr'><strong>in</strong></span> <span class='ocrx_word' id='word_1_806' title='bbox 2261 2064 2383 2116; x_wconf 86' lang='lat' dir='ltr'><strong>imo.</strong></span> <span class='ocrx_word' id='word_1_807' title='bbox 2417 2063 2552 2116; x_wconf 80' lang='lat' dir='ltr'><strong>Deus</strong></span> <span class='ocrx_word' id='word_1_808' title='bbox 2575 2064 2626 2116; x_wconf 92' lang='lat' dir='ltr'><strong>in</strong></span> <span class='ocrx_word' id='word_1_809' title='bbox 2657 2064 2842 2117; x_wconf 87' lang='lat' dir='ltr'><strong>eodem</strong></span> <span class='ocrx_word' id='word_1_810' title='bbox 2866 2071 3003 2116; x_wconf 83' lang='lat' dir='ltr'><strong>statu</strong></span> <span class='ocrx_word' id='word_1_811' title='bbox 3025 2066 3334 2119; x_wconf 63' lang='lat' dir='ltr'><strong>aeternitatis</strong></span> <span class='ocrx_word' id='word_1_812' title='bbox 3356 2082 3466 2123; x_wconf 63' lang='lat' dir='ltr'><strong>suae</strong></span> <span class='ocrx_word' id='word_1_813' title='bbox 3493 2083 3638 2124; x_wconf 91' lang='lat' dir='ltr'><strong>scm-</strong></span> 
     </span>
    </p>
   </div>
   <div class='ocr_carea' id='block_1_105' title="bbox 2059 2133 3639 2197">
    <p class='ocr_par' dir='ltr' id='par_1_105' title="bbox 2059 2133 3639 2197">
     <span class='ocr_line' id='line_1_106' title="bbox 2059 2133 3639 2197; baseline 0.008 -15"><span class='ocrx_word' id='word_1_814' title='bbox 2059 2144 2151 2197; x_wconf 83' lang='lat' dir='ltr'><strong>per</strong></span> <span class='ocrx_word' id='word_1_815' title='bbox 2193 2134 2451 2186; x_wconf 82' lang='lat' dir='ltr'><strong>consistit.</strong></span> <span class='ocrx_word' id='word_1_816' title='bbox 2487 2133 2710 2188; x_wconf 82' lang='lat' dir='ltr'><strong>Mundus</strong></span> <span class='ocrx_word' id='word_1_817' title='bbox 2742 2148 2898 2186; x_wconf 88' lang='lat' dir='ltr'><strong>cursu</strong></span> <span class='ocrx_word' id='word_1_818' title='bbox 2942 2135 3308 2190; x_wconf 87' lang='lat' dir='ltr'><strong>mutabilitatis</strong></span> <span class='ocrx_word' id='word_1_819' title='bbox 3337 2153 3446 2192; x_wconf 81' lang='lat' dir='ltr'><strong>suae</strong></span> <span class='ocrx_word' id='word_1_820' title='bbox 3492 2156 3639 2195; x_wconf 86' lang='lat' dir='ltr'><strong>sem-</strong></span> 
     </span>
    </p>
   </div>
   <div class='ocr_carea' id='block_1_106' title="bbox 2058 2201 3640 2275">
    <p class='ocr_par' dir='ltr' id='par_1_106' title="bbox 2058 2201 3640 2275">
     <span class='ocr_line' id='line_1_107' title="bbox 2058 2201 3640 2275; baseline 0.013 -24"><span class='ocrx_word' id='word_1_821' title='bbox 2058 2215 2152 2275; x_wconf 75' lang='lat' dir='ltr'><strong>per</strong></span> <span class='ocrx_word' id='word_1_822' title='bbox 2189 2202 2448 2258; x_wconf 84' lang='lat' dir='ltr'><strong>instabilis</strong></span> <span class='ocrx_word' id='word_1_823' title='bbox 2473 2201 2606 2257; x_wconf 88' lang='lat' dir='ltr'><strong>llnit.</strong></span> <span class='ocrx_word' id='word_1_824' title='bbox 2635 2205 2910 2275; x_wconf 40' lang='lat' dir='ltr'><strong>lluo‘auus</strong></span> <span class='ocrx_word' id='word_1_825' title='bbox 2938 2205 3147 2260; x_wconf 89' lang='lat' dir='ltr'><strong>animus</strong></span> <span class='ocrx_word' id='word_1_826' title='bbox 3189 2209 3339 2275; x_wconf 74' lang='grc' dir='ltr'><strong>(μιεεὶ</strong></span> <span class='ocrx_word' id='word_1_827' title='bbox 3379 2210 3430 2262; x_wconf 79' lang='lat' dir='ltr'><strong>in</strong></span> <span class='ocrx_word' id='word_1_828' title='bbox 3461 2204 3640 2268; x_wconf 70' lang='lat' dir='ltr'><strong>modio</strong></span> 
     </span>
    </p>
   </div>
   <div class='ocr_carea' id='block_1_107' title="bbox 2057 2272 3639 2344">
    <p class='ocr_par' dir='ltr' id='par_1_107' title="bbox 2057 2272 3639 2344">
     <span class='ocr_line' id='line_1_108' title="bbox 2057 2272 3639 2344; baseline 0.011 -23"><span class='ocrx_word' id='word_1_829' title='bbox 2057 2272 2344 2326; x_wconf 85' lang='lat' dir='ltr'><strong>collocatus</strong></span> <span class='ocrx_word' id='word_1_830' title='bbox 2366 2275 2590 2342; x_wconf 82' lang='lat' dir='ltr'><strong>quadam</strong></span> <span class='ocrx_word' id='word_1_831' title='bbox 2611 2274 2927 2330; x_wconf 85' lang='lat' dir='ltr'><strong>conditionis</strong></span> <span class='ocrx_word' id='word_1_832' title='bbox 2949 2291 3059 2330; x_wconf 72' lang='lat' dir='ltr'><strong>sua:</strong></span> <span class='ocrx_word' id='word_1_833' title='bbox 3078 2272 3413 2344; x_wconf 80' lang='lat' dir='ltr'><strong>excellentia,</strong></span> <span class='ocrx_word' id='word_1_834' title='bbox 3433 2289 3486 2334; x_wconf 89' lang='lat' dir='ltr'><strong>et</strong></span> <span class='ocrx_word' id='word_1_835' title='bbox 3514 2282 3639 2338; x_wconf 72' lang='lat' dir='ltr'><strong>huic</strong></span> 
     </span>
    </p>
   </div>
   <div class='ocr_carea' id='block_1_108' title="bbox 2057 2344 3636 2414">
    <p class='ocr_par' dir='ltr' id='par_1_108' title="bbox 2057 2344 3636 2414">
     <span class='ocr_line' id='line_1_109' title="bbox 2057 2344 3636 2414; baseline 0.009 -22"><span class='ocrx_word' id='word_1_836' title='bbox 2057 2344 2388 2396; x_wconf 81' lang='lat' dir='ltr'><strong>nnnabilitati</strong></span> <span class='ocrx_word' id='word_1_837' title='bbox 2415 2361 2531 2412; x_wconf 77' lang='lat' dir='ltr'><strong>qua:</strong></span> <span class='ocrx_word' id='word_1_838' title='bbox 2552 2346 2802 2400; x_wconf 88' lang='lat' dir='ltr'><strong>deorsum</strong></span> <span class='ocrx_word' id='word_1_839' title='bbox 2823 2355 2904 2398; x_wconf 87' lang='lat' dir='ltr'><strong>est</strong></span> <span class='ocrx_word' id='word_1_840' title='bbox 2922 2348 3298 2414; x_wconf 86' lang='lat' dir='ltr'><strong>supereminet,</strong></span> <span class='ocrx_word' id='word_1_841' title='bbox 3324 2359 3378 2404; x_wconf 89' lang='lat' dir='ltr'><strong>et</strong></span> <span class='ocrx_word' id='word_1_842' title='bbox 3398 2351 3463 2404; x_wconf 89' lang='lat' dir='ltr'><strong>ad</strong></span> <span class='ocrx_word' id='word_1_843' title='bbox 3492 2351 3636 2407; x_wconf 90' lang='lat' dir='ltr'><strong>illam</strong></span> 
     </span>
    </p>
   </div>
   <div class='ocr_carea' id='block_1_109' title="bbox 2057 2415 3636 2481">
    <p class='ocr_par' dir='ltr' id='par_1_109' title="bbox 2057 2415 3636 2481">
     <span class='ocr_line' id='line_1_110' title="bbox 2057 2415 3636 2481; baseline 0.01 -20"><span class='ocrx_word' id='word_1_844' title='bbox 2057 2427 2172 2478; x_wconf 75' lang='lat' dir='ltr'><strong>qum</strong></span> <span class='ocrx_word' id='word_1_845' title='bbox 2204 2423 2283 2465; x_wconf 86' lang='lat' dir='ltr'><strong>cst</strong></span> <span class='ocrx_word' id='word_1_846' title='bbox 2312 2415 2449 2481; x_wconf 75' lang='lat' dir='ltr'><strong>apud</strong></span> <span class='ocrx_word' id='word_1_847' title='bbox 2485 2416 2666 2479; x_wconf 90' lang='lat' dir='ltr'><strong>Deum,</strong></span> <span class='ocrx_word' id='word_1_848' title='bbox 2690 2431 2871 2469; x_wconf 84' lang='lat' dir='ltr'><strong>veram</strong></span> <span class='ocrx_word' id='word_1_849' title='bbox 2903 2418 3380 2472; x_wconf 82' lang='lat' dir='ltr'><strong>immutabilitatem</strong></span> <span class='ocrx_word' id='word_1_850' title='bbox 3412 2422 3636 2477; x_wconf 89' lang='lat' dir='ltr'><strong>necdum</strong></span> 
     </span>
    </p>
   </div>
   <div class='ocr_carea' id='block_1_110' title="bbox 2058 2483 3637 2558">
    <p class='ocr_par' dir='ltr' id='par_1_110' title="bbox 2058 2483 3637 2558">
     <span class='ocr_line' id='line_1_111' title="bbox 2058 2483 3637 2558; baseline 0.009 -25"><span class='ocrx_word' id='word_1_851' title='bbox 2058 2483 2407 2558; x_wconf 65' lang='lat' dir='ltr'><strong>pt‘t&#39;tiugiLSi</strong></span> <span class='ocrx_word' id='word_1_852' title='bbox 2437 2501 2560 2538; x_wconf 91' lang='lat' dir='ltr'><strong>vero</strong></span> <span class='ocrx_word' id='word_1_853' title='bbox 2603 2487 2656 2538; x_wconf 89' lang='lat' dir='ltr'><strong>in</strong></span> <span class='ocrx_word' id='word_1_854' title='bbox 2696 2488 2762 2540; x_wconf 89' lang='lat' dir='ltr'><strong>iis</strong></span> <span class='ocrx_word' id='word_1_855' title='bbox 2790 2502 2907 2555; x_wconf 64' lang='lat' dir='ltr'><strong>quae</strong></span> <span class='ocrx_word' id='word_1_856' title='bbox 2948 2487 3196 2540; x_wconf 90' lang='lat' dir='ltr'><strong>deorsum</strong></span> <span class='ocrx_word' id='word_1_857' title='bbox 3235 2496 3513 2545; x_wconf 84' lang='lat' dir='ltr'><strong>transeunt</strong></span> <span class='ocrx_word' id='word_1_858' title='bbox 3537 2534 3550 2558; x_wconf 86' lang='lat'><strong>,</strong></span> <span class='ocrx_word' id='word_1_859' title='bbox 3576 2485 3637 2548; x_wconf 79' lang='lat' dir='ltr'><strong>se</strong></span> 
     </span>
    </p>
   </div>
   <div class='ocr_carea' id='block_1_111' title="bbox 2053 2556 3641 2627">
    <p class='ocr_par' dir='ltr' id='par_1_111' title="bbox 2053 2556 3641 2627">
     <span class='ocr_line' id='line_1_112' title="bbox 2053 2556 3641 2627; baseline 0.009 -23"><span class='ocrx_word' id='word_1_860' title='bbox 2053 2557 2149 2622; x_wconf 82' lang='lat' dir='ltr'><strong>per</strong></span> <span class='ocrx_word' id='word_1_861' title='bbox 2188 2556 2527 2627; x_wconf 78' lang='lat' dir='ltr'><strong>cupiditatem</strong></span> <span class='ocrx_word' id='word_1_862' title='bbox 2557 2558 2874 2610; x_wconf 81' lang='lat' dir='ltr'><strong>immerserit</strong></span> <span class='ocrx_word' id='word_1_863' title='bbox 2893 2599 2907 2621; x_wconf 94' lang='lat'><strong>,</strong></span> <span class='ocrx_word' id='word_1_864' title='bbox 2939 2559 3116 2611; x_wconf 88' lang='lat' dir='ltr'><strong>statim</strong></span> <span class='ocrx_word' id='word_1_865' title='bbox 3146 2573 3238 2626; x_wconf 88' lang='lat' dir='ltr'><strong>per</strong></span> <span class='ocrx_word' id='word_1_866' title='bbox 3263 2561 3495 2616; x_wconf 81' lang='lat' dir='ltr'><strong>inﬁnitas</strong></span> <span class='ocrx_word' id='word_1_867' title='bbox 3519 2556 3641 2619; x_wconf 57' lang='lat' dir='ltr'><strong>dis-4</strong></span> 
     </span>
    </p>
   </div>
   <div class='ocr_carea' id='block_1_112' title="bbox 2055 2623 3637 2704">
    <p class='ocr_par' dir='ltr' id='par_1_112' title="bbox 2055 2623 3637 2704">
     <span class='ocr_line' id='line_1_113' title="bbox 2055 2623 3637 2704; baseline 0.01 -31"><span class='ocrx_word' id='word_1_868' title='bbox 2055 2631 2181 2704; x_wconf 66' lang='lat' dir='ltr'><strong>tract</strong></span> <span class='ocrx_word' id='word_1_869' title='bbox 2192 2623 2339 2704; x_wconf 67' lang='lat' dir='ltr'><strong>ioni-s</strong></span> <span class='ocrx_word' id='word_1_870' title='bbox 2359 2644 2409 2678; x_wconf 79' lang='lat' dir='ltr'><strong>ra</strong></span> <span class='ocrx_word' id='word_1_871' title='bbox 2418 2627 2667 2704; x_wconf 57' lang='lat' dir='ltr'><strong>pieturmt</strong></span> <span class='ocrx_word' id='word_1_872' title='bbox 2678 2643 2705 2680; x_wconf 89' lang='lat' dir='ltr'><strong>a</strong></span> <span class='ocrx_word' id='word_1_873' title='bbox 2719 2629 3006 2704; x_wconf 72' lang='lat' dir='ltr'><strong>semetipso</strong></span> <span class='ocrx_word' id='word_1_874' title='bbox 3016 2623 3243 2704; x_wconf 81' lang='lat' dir='ltr'><strong>quodam</strong></span> <span class='ocrx_word' id='word_1_875' title='bbox 3260 2630 3416 2685; x_wconf 81' lang='lat' dir='ltr'><strong>modo</strong></span> <span class='ocrx_word' id='word_1_876' title='bbox 3433 2633 3637 2690; x_wconf 81' lang='lat' dir='ltr'><strong>divisus</strong></span> 
     </span>
    </p>
   </div>
   <div class='ocr_carea' id='block_1_113' title="bbox 2052 2693 3635 2774">
    <p class='ocr_par' dir='ltr' id='par_1_113' title="bbox 2052 2693 3635 2774">
     <span class='ocr_line' id='line_1_114' title="bbox 2052 2693 3635 2774; baseline 0.009 -29"><span class='ocrx_word' id='word_1_877' title='bbox 2052 2693 2496 2774; x_wconf 36' lang='lat' dir='ltr'><strong>dissipabitinu&#39;Si</strong></span> <span class='ocrx_word' id='word_1_878' title='bbox 2527 2712 2653 2751; x_wconf 89' lang='lat' dir='ltr'><strong>vero</strong></span> <span class='ocrx_word' id='word_1_879' title='bbox 2691 2699 2758 2774; x_wconf 83' lang='lat' dir='ltr'><strong>ab</strong></span> <span class='ocrx_word' id='word_1_880' title='bbox 2793 2693 3122 2774; x_wconf 47' lang='lat' dir='ltr'><strong>hac—infinita</strong></span> <span class='ocrx_word' id='word_1_881' title='bbox 3149 2700 3493 2774; x_wconf 82' lang='lat' dir='ltr'><strong>distractione</strong></span> <span class='ocrx_word' id='word_1_882' title='bbox 3517 2720 3635 2774; x_wconf 68' lang='lat' dir='ltr'><strong>qum</strong></span> 
     </span>
    </p>
   </div>
   <div class='ocr_carea' id='block_1_114' title="bbox 2051 2763 3634 2843">
    <p class='ocr_par' dir='ltr' id='par_1_114' title="bbox 2051 2763 3634 2843">
     <span class='ocr_line' id='line_1_115' title="bbox 2051 2763 3634 2843; baseline 0.008 -26"><span class='ocrx_word' id='word_1_883' title='bbox 2051 2763 2301 2843; x_wconf 79' lang='lat' dir='ltr'><strong>deorsum</strong></span> <span class='ocrx_word' id='word_1_884' title='bbox 2315 2776 2414 2843; x_wconf 85' lang='lat' dir='ltr'><strong>est,</strong></span> <span class='ocrx_word' id='word_1_885' title='bbox 2438 2783 2496 2821; x_wconf 87' lang='lat' dir='ltr'><strong>se</strong></span> <span class='ocrx_word' id='word_1_886' title='bbox 2517 2769 2768 2843; x_wconf 70' lang='lat' dir='ltr'><strong>erexerit,</strong></span> <span class='ocrx_word' id='word_1_887' title='bbox 2779 2778 2840 2843; x_wconf 78' lang='lat' dir='ltr'><strong>et</strong></span> <span class='ocrx_word' id='word_1_888' title='bbox 2863 2769 2976 2823; x_wconf 74' lang='lat' dir='ltr'><strong>lucc</strong></span> <span class='ocrx_word' id='word_1_889' title='bbox 3001 2769 3176 2823; x_wconf 83' lang='lat' dir='ltr'><strong>intima</strong></span> <span class='ocrx_word' id='word_1_890' title='bbox 3197 2771 3450 2843; x_wconf 81' lang='lat' dir='ltr'><strong>deserens</strong></span> <span class='ocrx_word' id='word_1_891' title='bbox 3472 2763 3634 2843; x_wconf 77' lang='lat' dir='ltr'><strong>atque</strong></span> 
     </span>
    </p>
   </div>
   <div class='ocr_carea' id='block_1_115' title="bbox 2052 2837 3630 2912">
    <p class='ocr_par' dir='ltr' id='par_1_115' title="bbox 2052 2837 3630 2912">
     <span class='ocr_line' id='line_1_116' title="bbox 2052 2837 3630 2912; baseline 0.009 -26"><span class='ocrx_word' id='word_1_892' title='bbox 2052 2837 2302 2903; x_wconf 87' lang='lat' dir='ltr'><strong>paulatim</strong></span> <span class='ocrx_word' id='word_1_893' title='bbox 2329 2840 2561 2912; x_wconf 78' lang='lat' dir='ltr'><strong>inimum</strong></span> <span class='ocrx_word' id='word_1_894' title='bbox 2585 2854 2642 2892; x_wconf 90' lang='lat' dir='ltr'><strong>se</strong></span> <span class='ocrx_word' id='word_1_895' title='bbox 2670 2839 2926 2912; x_wconf 81' lang='lat' dir='ltr'><strong>colligens</strong></span> <span class='ocrx_word' id='word_1_896' title='bbox 2951 2881 2966 2906; x_wconf 94' lang='lat'><strong>,</strong></span> <span class='ocrx_word' id='word_1_897' title='bbox 2989 2855 3170 2894; x_wconf 83' lang='lat' dir='ltr'><strong>secum</strong></span> <span class='ocrx_word' id='word_1_898' title='bbox 3199 2855 3318 2895; x_wconf 87' lang='lat' dir='ltr'><strong>esse</strong></span> <span class='ocrx_word' id='word_1_899' title='bbox 3345 2837 3590 2900; x_wconf 80' lang='lat' dir='ltr'><strong>didicerit</strong></span> <span class='ocrx_word' id='word_1_900' title='bbox 3615 2887 3630 2912; x_wconf 89' lang='lat'><strong>,</strong></span> 
     </span>
    </p>
   </div>
   <div class='ocr_carea' id='block_1_116' title="bbox 2053 2910 3637 2986">
    <p class='ocr_par' dir='ltr' id='par_1_116' title="bbox 2053 2910 3637 2986">
     <span class='ocr_line' id='line_1_117' title="bbox 2053 2910 3637 2986; baseline 0.008 -28"><span class='ocrx_word' id='word_1_901' title='bbox 2053 2913 2198 2986; x_wconf 82' lang='lat' dir='ltr'><strong>tanto</strong></span> <span class='ocrx_word' id='word_1_902' title='bbox 2248 2910 2472 2986; x_wconf 81' lang='lat' dir='ltr'><strong>amplius</strong></span> <span class='ocrx_word' id='word_1_903' title='bbox 2525 2910 2579 2986; x_wconf 79' lang='lat' dir='ltr'><strong>in</strong></span> <span class='ocrx_word' id='word_1_904' title='bbox 2607 2925 2790 2986; x_wconf 82' lang='lat' dir='ltr'><strong>_t_tuu_m</strong></span> <span class='ocrx_word' id='word_1_905' title='bbox 2838 2911 3157 2986; x_wconf 73' lang='lat' dir='ltr'><strong>colligetur,</strong></span> <span class='ocrx_word' id='word_1_906' title='bbox 3203 2924 3400 2986; x_wconf 82' lang='lat' dir='ltr'><strong>quanto</strong></span> <span class='ocrx_word' id='word_1_907' title='bbox 3464 2910 3637 2986; x_wconf 82' lang='lat' dir='ltr'><strong>magis</strong></span> 
     </span>
    </p>
   </div>
   <div class='ocr_carea' id='block_1_117' title="bbox 2051 2980 3636 3045">
    <p class='ocr_par' dir='ltr' id='par_1_117' title="bbox 2051 2980 3636 3045">
     <span class='ocr_line' id='line_1_118' title="bbox 2051 2980 3636 3045; baseline 0.008 -15"><span class='ocrx_word' id='word_1_908' title='bbox 2051 2981 2369 3045; x_wconf 81' lang='lat' dir='ltr'><strong>cogitatione</strong></span> <span class='ocrx_word' id='word_1_909' title='bbox 2411 2989 2464 3033; x_wconf 91' lang='lat' dir='ltr'><strong>et</strong></span> <span class='ocrx_word' id='word_1_910' title='bbox 2507 2980 2774 3034; x_wconf 89' lang='lat' dir='ltr'><strong>desiderio</strong></span> <span class='ocrx_word' id='word_1_911' title='bbox 2819 2997 3028 3036; x_wconf 90' lang='lat' dir='ltr'><strong>sursum</strong></span> <span class='ocrx_word' id='word_1_912' title='bbox 3076 2980 3368 3037; x_wconf 74' lang='lat' dir='ltr'><strong>clevaiiitur</strong></span> <span class='ocrx_word' id='word_1_913' title='bbox 3408 3001 3421 3036; x_wconf 89' lang='lat'><strong>:</strong></span> <span class='ocrx_word' id='word_1_914' title='bbox 3462 2980 3636 3042; x_wconf 68' lang='lat' dir='ltr'><strong>donec</strong></span> 
     </span>
    </p>
   </div>
   <div class='ocr_carea' id='block_1_118' title="bbox 2053 3048 3638 3118">
    <p class='ocr_par' dir='ltr' id='par_1_118' title="bbox 2053 3048 3638 3118">
     <span class='ocr_line' id='line_1_119' title="bbox 2053 3048 3638 3118; baseline 0.008 -19"><span class='ocrx_word' id='word_1_915' title='bbox 2053 3048 2264 3102; x_wconf 88' lang='lat' dir='ltr'><strong>tandem</strong></span> <span class='ocrx_word' id='word_1_916' title='bbox 2296 3051 2512 3102; x_wconf 89' lang='lat' dir='ltr'><strong>omnino</strong></span> <span class='ocrx_word' id='word_1_917' title='bbox 2544 3051 2887 3105; x_wconf 90' lang='lat' dir='ltr'><strong>immutabilis</strong></span> <span class='ocrx_word' id='word_1_918' title='bbox 2910 3054 2978 3106; x_wconf 90' lang='lat' dir='ltr'><strong>sit</strong></span> <span class='ocrx_word' id='word_1_919' title='bbox 3002 3094 3015 3118; x_wconf 95' lang='lat'><strong>,</strong></span> <span class='ocrx_word' id='word_1_920' title='bbox 3041 3063 3094 3106; x_wconf 89' lang='lat' dir='ltr'><strong>et</strong></span> <span class='ocrx_word' id='word_1_921' title='bbox 3117 3053 3182 3106; x_wconf 89' lang='lat' dir='ltr'><strong>ad</strong></span> <span class='ocrx_word' id='word_1_922' title='bbox 3209 3055 3348 3107; x_wconf 87' lang='lat' dir='ltr'><strong>illam</strong></span> <span class='ocrx_word' id='word_1_923' title='bbox 3373 3070 3554 3110; x_wconf 90' lang='lat' dir='ltr'><strong>veram</strong></span> <span class='ocrx_word' id='word_1_924' title='bbox 3579 3067 3638 3112; x_wconf 69' lang='lat' dir='ltr'><strong>et</strong></span> 
     </span>
    </p>
   </div>
   <div class='ocr_carea' id='block_1_119' title="bbox 2051 3119 3634 3195">
    <p class='ocr_par' dir='ltr' id='par_1_119' title="bbox 2051 3119 3634 3195">
     <span class='ocr_line' id='line_1_120' title="bbox 2051 3119 3634 3195; baseline 0.009 -26"><span class='ocrx_word' id='word_1_925' title='bbox 2051 3119 2283 3195; x_wconf 73' lang='lat' dir='ltr'><strong>unicam,</strong></span> <span class='ocrx_word' id='word_1_926' title='bbox 2311 3135 2427 3188; x_wconf 83' lang='lat' dir='ltr'><strong>quae</strong></span> <span class='ocrx_word' id='word_1_927' title='bbox 2455 3128 2533 3173; x_wconf 86' lang='lat' dir='ltr'><strong>est</strong></span> <span class='ocrx_word' id='word_1_928' title='bbox 2556 3121 2692 3195; x_wconf 84' lang='lat' dir='ltr'><strong>apud</strong></span> <span class='ocrx_word' id='word_1_929' title='bbox 2726 3122 2911 3195; x_wconf 80' lang='lat' dir='ltr'><strong>Deum,</strong></span> <span class='ocrx_word' id='word_1_930' title='bbox 2943 3123 3422 3195; x_wconf 76' lang='lat' dir='ltr'><strong>imniutabilitatem</strong></span> <span class='ocrx_word' id='word_1_931' title='bbox 3446 3142 3634 3195; x_wconf 84' lang='lat' dir='ltr'><strong>perve-</strong></span> 
     </span>
    </p>
   </div>
   <div class='ocr_carea' id='block_1_120' title="bbox 2050 3189 3636 3270">
    <p class='ocr_par' dir='ltr' id='par_1_120' title="bbox 2050 3189 3636 3270">
     <span class='ocr_line' id='line_1_121' title="bbox 2050 3189 3636 3270; baseline 0.008 -30"><span class='ocrx_word' id='word_1_932' title='bbox 2050 3190 2180 3254; x_wconf 87' lang='lat' dir='ltr'><strong>niat,</strong></span> <span class='ocrx_word' id='word_1_933' title='bbox 2202 3189 2285 3270; x_wconf 79' lang='lat' dir='ltr'><strong>ubi</strong></span> <span class='ocrx_word' id='word_1_934' title='bbox 2317 3201 2568 3258; x_wconf 86' lang='lat' dir='ltr'><strong>perpetuo</strong></span> <span class='ocrx_word' id='word_1_935' title='bbox 2607 3192 2721 3244; x_wconf 81' lang='lat' dir='ltr'><strong>sine</strong></span> <span class='ocrx_word' id='word_1_936' title='bbox 2743 3193 2887 3246; x_wconf 89' lang='lat' dir='ltr'><strong>omni</strong></span> <span class='ocrx_word' id='word_1_937' title='bbox 2921 3193 3286 3248; x_wconf 85' lang='lat' dir='ltr'><strong>mutabilitalis</strong></span> <span class='ocrx_word' id='word_1_938' title='bbox 3309 3189 3636 3253; x_wconf 73' lang='lat' dir='ltr'><strong>vicissitudi-</strong></span> 
     </span>
    </p>
   </div>
   <div class='ocr_carea' id='block_1_121' title="bbox 2049 3271 2452 3325">
    <p class='ocr_par' dir='ltr' id='par_1_121' title="bbox 2049 3271 2452 3325">
     <span class='ocr_line' id='line_1_122' title="bbox 2049 3271 2452 3325; baseline -0.01 -11"><span class='ocrx_word' id='word_1_939' title='bbox 2049 3274 2115 3314; x_wconf 80' lang='lat' dir='ltr'><strong>ne</strong></span> <span class='ocrx_word' id='word_1_940' title='bbox 2137 3271 2452 3325; x_wconf 80' lang='lat' dir='ltr'><strong>requiescat.</strong></span> 
     </span>
    </p>
   </div>
   <div class='ocr_carea' id='block_1_122' title="bbox 2120 3331 3638 3404">
    <p class='ocr_par' dir='ltr' id='par_1_122' title="bbox 2120 3331 3638 3404">
     <span class='ocr_line' id='line_1_123' title="bbox 2120 3331 3638 3404; baseline 0.006 -20"><span class='ocrx_word' id='word_1_941' title='bbox 2120 3331 2346 3404; x_wconf 56' lang='lat' dir='ltr'><strong>CAPUT</strong></span> <span class='ocrx_word' id='word_1_942' title='bbox 2378 3331 2603 3385; x_wconf 77' lang='lat' dir='ltr'><strong>XLVlll.</strong></span> <span class='ocrx_word' id='word_1_943' title='bbox 2640 3332 2935 3386; x_wconf 77' lang='lat' dir='ltr'><strong>Animarum</strong></span> <span class='ocrx_word' id='word_1_944' title='bbox 2982 3334 3141 3404; x_wconf 83' lang='lat' dir='ltr'><strong>origo.</strong></span> <span class='ocrx_word' id='word_1_945' title='bbox 3189 3335 3481 3396; x_wconf 83' lang='lat' dir='ltr'><strong>Arbitrium.</strong></span> <span class='ocrx_word' id='word_1_946' title='bbox 3519 3337 3638 3393; x_wconf 60' lang='lat' dir='ltr'><strong>Elea</strong></span> 
     </span>
    </p>
   </div>
   <div class='ocr_carea' id='block_1_123' title="bbox 2051 3401 3640 3472">
    <p class='ocr_par' dir='ltr' id='par_1_123' title="bbox 2051 3401 3640 3472">
     <span class='ocr_line' id='line_1_124' title="bbox 2051 3401 3640 3472; baseline 0.006 -18"><span class='ocrx_word' id='word_1_947' title='bbox 2051 3403 2168 3454; x_wconf 83' lang='lat' dir='ltr'><strong>ctio.</strong></span> <span class='ocrx_word' id='word_1_948' title='bbox 2195 3402 2270 3472; x_wconf 68' lang='grc' dir='ltr'><strong>(ιν)</strong></span> <span class='ocrx_word' id='word_1_949' title='bbox 2294 3401 2571 3456; x_wconf 87' lang='lat' dir='ltr'><strong>Credimus</strong></span> <span class='ocrx_word' id='word_1_950' title='bbox 2599 3405 2800 3456; x_wconf 84' lang='lat' dir='ltr'><strong>animas</strong></span> <span class='ocrx_word' id='word_1_951' title='bbox 2832 3420 2935 3458; x_wconf 90' lang='lat' dir='ltr'><strong>non</strong></span> <span class='ocrx_word' id='word_1_952' title='bbox 2958 3401 3077 3458; x_wconf 80' lang='lat' dir='ltr'><strong>esse</strong></span> <span class='ocrx_word' id='word_1_953' title='bbox 3104 3405 3170 3459; x_wconf 88' lang='lat' dir='ltr'><strong>ab</strong></span> <span class='ocrx_word' id='word_1_954' title='bbox 3196 3407 3344 3460; x_wconf 91' lang='lat' dir='ltr'><strong>initio</strong></span> <span class='ocrx_word' id='word_1_955' title='bbox 3371 3422 3489 3462; x_wconf 92' lang='lat' dir='ltr'><strong>cum</strong></span> <span class='ocrx_word' id='word_1_956' title='bbox 3517 3410 3640 3464; x_wconf 58' lang='lat' dir='ltr'><strong>An-i</strong></span> 
     </span>
    </p>
   </div>
   <div class='ocr_carea' id='block_1_124' title="bbox 2050 3475 3640 3550">
    <p class='ocr_par' dir='ltr' id='par_1_124' title="bbox 2050 3475 3640 3550">
     <span class='ocr_line' id='line_1_125' title="bbox 2050 3475 3640 3550; baseline 0.006 -25"><span class='ocrx_word' id='word_1_957' title='bbox 2050 3476 2200 3550; x_wconf 83' lang='lat' dir='ltr'><strong>gelis,</strong></span> <span class='ocrx_word' id='word_1_958' title='bbox 2231 3489 2328 3526; x_wconf 88' lang='lat' dir='ltr'><strong>nec</strong></span> <span class='ocrx_word' id='word_1_959' title='bbox 2350 3475 2502 3526; x_wconf 85' lang='lat' dir='ltr'><strong>simul</strong></span> <span class='ocrx_word' id='word_1_960' title='bbox 2532 3485 2756 3550; x_wconf 72' lang='lat' dir='ltr'><strong>creatas,</strong></span> <span class='ocrx_word' id='word_1_961' title='bbox 2782 3476 2916 3550; x_wconf 82' lang='lat' dir='ltr'><strong>sicut</strong></span> <span class='ocrx_word' id='word_1_962' title='bbox 2942 3475 3198 3550; x_wconf 79' lang='lat' dir='ltr'><strong>Origenes</strong></span> <span class='ocrx_word' id='word_1_963' title='bbox 3222 3476 3388 3550; x_wconf 78' lang='lat' dir='ltr'><strong>tingit.</strong></span> <span class='ocrx_word' id='word_1_964' title='bbox 3411 3479 3518 3550; x_wconf 74' lang='lat' dir='ltr'><strong>Nec</strong></span> <span class='ocrx_word' id='word_1_965' title='bbox 3538 3488 3640 3550; x_wconf 80' lang='lat' dir='ltr'><strong>per</strong></span> 
     </span>
    </p>
   </div>
   <div class='ocr_carea' id='block_1_125' title="bbox 2050 3547 3630 3614">
    <p class='ocr_par' dir='ltr' id='par_1_125' title="bbox 2050 3547 3630 3614">
     <span class='ocr_line' id='line_1_126' title="bbox 2050 3547 3630 3614; baseline 0.004 -16"><span class='ocrx_word' id='word_1_966' title='bbox 2050 3547 2245 3598; x_wconf 87' lang='lat' dir='ltr'><strong>coitum</strong></span> <span class='ocrx_word' id='word_1_967' title='bbox 2269 3561 2387 3598; x_wconf 90' lang='lat' dir='ltr'><strong>cum</strong></span> <span class='ocrx_word' id='word_1_968' title='bbox 2409 3547 2718 3614; x_wconf 83' lang='lat' dir='ltr'><strong>corporibus</strong></span> <span class='ocrx_word' id='word_1_969' title='bbox 2744 3547 3090 3611; x_wconf 87' lang='lat' dir='ltr'><strong>seminantur,</strong></span> <span class='ocrx_word' id='word_1_970' title='bbox 3116 3548 3253 3601; x_wconf 87' lang='lat' dir='ltr'><strong>sicut</strong></span> <span class='ocrx_word' id='word_1_971' title='bbox 3275 3547 3588 3604; x_wconf 79' lang='lat' dir='ltr'><strong>Luciferiani</strong></span> <span class='ocrx_word' id='word_1_972' title='bbox 3610 3551 3630 3582; x_wconf 75' lang='grc'>⁸</span> 
     </span>
    </p>
   </div>
   <div class='ocr_carea' id='block_1_126' title="bbox 2050 3615 3630 3688">
    <p class='ocr_par' dir='ltr' id='par_1_126' title="bbox 2050 3615 3630 3688">
     <span class='ocr_line' id='line_1_127' title="bbox 2050 3615 3630 3688; baseline 0.004 -19"><span class='ocrx_word' id='word_1_973' title='bbox 2050 3624 2103 3669; x_wconf 88' lang='lat' dir='ltr'><strong>et</strong></span> <span class='ocrx_word' id='word_1_974' title='bbox 2126 3615 2354 3686; x_wconf 76' lang='lat' dir='ltr'><strong>(Iyrillus</strong></span> <span class='ocrx_word' id='word_1_975' title='bbox 2379 3657 2393 3681; x_wconf 92' lang='lat'><strong>,</strong></span> <span class='ocrx_word' id='word_1_976' title='bbox 2424 3626 2477 3670; x_wconf 90' lang='lat' dir='ltr'><strong>ct</strong></span> <span class='ocrx_word' id='word_1_977' title='bbox 2506 3618 2664 3685; x_wconf 86' lang='lat' dir='ltr'><strong>aliqui</strong></span> <span class='ocrx_word' id='word_1_978' title='bbox 2695 3617 2999 3670; x_wconf 84' lang='lat' dir='ltr'><strong>Latinorum</strong></span> <span class='ocrx_word' id='word_1_979' title='bbox 3034 3630 3446 3688; x_wconf 53' lang='lat' dir='ltr'><strong>praisumptores</strong></span> <span class='ocrx_word' id='word_1_980' title='bbox 3484 3623 3630 3676; x_wconf 84' lang='lat' dir='ltr'><strong>al&#39;lir-</strong></span> 
     </span>
    </p>
   </div>
   <div class='ocr_carea' id='block_1_127' title="bbox 2050 3687 3629 3746">
    <p class='ocr_par' dir='ltr' id='par_1_127' title="bbox 2050 3687 3629 3746">
     <span class='ocr_line' id='line_1_128' title="bbox 2050 3687 3629 3746; baseline 0.004 -6"><span class='ocrx_word' id='word_1_981' title='bbox 2050 3697 2216 3740; x_wconf 79' lang='lat' dir='ltr'><strong>munt.</strong></span> <span class='ocrx_word' id='word_1_982' title='bbox 2251 3687 2355 3741; x_wconf 86' lang='lat' dir='ltr'><strong>Sed</strong></span> <span class='ocrx_word' id='word_1_983' title='bbox 2378 3688 2605 3741; x_wconf 84' lang='lat' dir='ltr'><strong>dicimus</strong></span> <span class='ocrx_word' id='word_1_984' title='bbox 2634 3704 2812 3740; x_wconf 86' lang='lat' dir='ltr'><strong>carum</strong></span> <span class='ocrx_word' id='word_1_985' title='bbox 2836 3704 2924 3740; x_wconf 85' lang='lat' dir='ltr'><strong>ere</strong></span> <span class='ocrx_word' id='word_1_986' title='bbox 2946 3689 3158 3740; x_wconf 55' lang='lat' dir='ltr'><strong>itionem</strong></span> <span class='ocrx_word' id='word_1_987' title='bbox 3190 3687 3358 3742; x_wconf 89' lang='lat' dir='ltr'><strong>solum</strong></span> <span class='ocrx_word' id='word_1_988' title='bbox 3391 3692 3629 3746; x_wconf 88' lang='lat' dir='ltr'><strong>omnium</strong></span> 
     </span>
    </p>
   </div>
   <div class='ocr_carea' id='block_1_128' title="bbox 2050 3758 3632 3830">
    <p class='ocr_par' dir='ltr' id='par_1_128' title="bbox 2050 3758 3632 3830">
     <span class='ocr_line' id='line_1_129' title="bbox 2050 3758 3632 3830; baseline 0.004 -22"><span class='ocrx_word' id='word_1_989' title='bbox 2050 3758 2356 3830; x_wconf 56' lang='lat' dir='ltr'><strong>Creatorem</strong></span> <span class='ocrx_word' id='word_1_990' title='bbox 2392 3773 2548 3830; x_wconf 66' lang='lat' dir='ltr'><strong>nosse</strong></span> <span class='ocrx_word' id='word_1_991' title='bbox 2569 3775 2584 3830; x_wconf 15' lang='grc' dir='ltr'><strong>γε</strong></span> <span class='ocrx_word' id='word_1_992' title='bbox 2610 3772 2801 3830; x_wconf 80' lang='lat' dir='ltr'><strong>corpus</strong></span> <span class='ocrx_word' id='word_1_993' title='bbox 2835 3767 3034 3830; x_wconf 76' lang='lat' dir='ltr'><strong>tantum</strong></span> <span class='ocrx_word' id='word_1_994' title='bbox 3068 3761 3418 3830; x_wconf 77' lang='lat' dir='ltr'><strong>perconjugii</strong></span> <span class='ocrx_word' id='word_1_995' title='bbox 3462 3776 3632 3830; x_wconf 87' lang='lat' dir='ltr'><strong>copu-</strong></span> 
     </span>
    </p>
   </div>
   <div class='ocr_carea' id='block_1_129' title="bbox 2051 3827 3631 3894">
    <p class='ocr_par' dir='ltr' id='par_1_129' title="bbox 2051 3827 3631 3894">
     <span class='ocr_line' id='line_1_130' title="bbox 2051 3827 3631 3894; baseline 0.002 -12"><span class='ocrx_word' id='word_1_996' title='bbox 2051 3829 2154 3882; x_wconf 89' lang='lat' dir='ltr'><strong>lam</strong></span> <span class='ocrx_word' id='word_1_997' title='bbox 2185 3829 2456 3890; x_wconf 84' lang='lat' dir='ltr'><strong>seminari;</strong></span> <span class='ocrx_word' id='word_1_998' title='bbox 2487 3828 2580 3880; x_wconf 87' lang='lat' dir='ltr'><strong>Dci</strong></span> <span class='ocrx_word' id='word_1_999' title='bbox 2615 3842 2744 3879; x_wconf 89' lang='lat' dir='ltr'><strong>vero</strong></span> <span class='ocrx_word' id='word_1_1000' title='bbox 2769 3827 2970 3893; x_wconf 82' lang='lat' dir='ltr'><strong>judicio</strong></span> <span class='ocrx_word' id='word_1_1001' title='bbox 2997 3829 3261 3894; x_wconf 88' lang='lat' dir='ltr'><strong>coagulari</strong></span> <span class='ocrx_word' id='word_1_1002' title='bbox 3295 3827 3549 3892; x_wconf 13' lang='lat' dir='ltr'><strong>inivulva&#39;,</strong></span> <span class='ocrx_word' id='word_1_1003' title='bbox 3575 3841 3631 3887; x_wconf 86' lang='lat' dir='ltr'><strong>et</strong></span> 
     </span>
    </p>
   </div>
   <div class='ocr_carea' id='block_1_130' title="bbox 2051 3898 3626 3968">
    <p class='ocr_par' dir='ltr' id='par_1_130' title="bbox 2051 3898 3626 3968">
     <span class='ocr_line' id='line_1_131' title="bbox 2051 3898 3626 3968; baseline 0.002 -18"><span class='ocrx_word' id='word_1_1004' title='bbox 2051 3898 2317 3965; x_wconf 81' lang='lat' dir='ltr'><strong>compingi</strong></span> <span class='ocrx_word' id='word_1_1005' title='bbox 2360 3907 2516 3966; x_wconf 89' lang='lat' dir='ltr'><strong>atque</strong></span> <span class='ocrx_word' id='word_1_1006' title='bbox 2569 3898 2780 3968; x_wconf 78' lang='lat' dir='ltr'><strong>formari</strong></span> <span class='ocrx_word' id='word_1_1007' title='bbox 2814 3915 2826 3958; x_wconf 92' lang='lat'><strong>;</strong></span> <span class='ocrx_word' id='word_1_1008' title='bbox 2857 3913 2916 3949; x_wconf 90' lang='lat' dir='ltr'><strong>ac</strong></span> <span class='ocrx_word' id='word_1_1009' title='bbox 2960 3898 3184 3968; x_wconf 80' lang='lat' dir='ltr'><strong>formato</strong></span> <span class='ocrx_word' id='word_1_1010' title='bbox 3217 3899 3324 3965; x_wconf 90' lang='lat' dir='ltr'><strong>jam</strong></span> <span class='ocrx_word' id='word_1_1011' title='bbox 3363 3908 3588 3968; x_wconf 86' lang='lat' dir='ltr'><strong>corpore</strong></span> <span class='ocrx_word' id='word_1_1012' title='bbox 3614 3945 3626 3966; x_wconf 91' lang='lat'><strong>,</strong></span> 
     </span>
    </p>
   </div>
   <div class='ocr_carea' id='block_1_131' title="bbox 2052 3967 3629 4028">
    <p class='ocr_par' dir='ltr' id='par_1_131' title="bbox 2052 3967 3629 4028">
     <span class='ocr_line' id='line_1_132' title="bbox 2052 3967 3629 4028; baseline 0.004 -6"><span class='ocrx_word' id='word_1_1013' title='bbox 2052 3969 2280 4022; x_wconf 87' lang='lat' dir='ltr'><strong>animam</strong></span> <span class='ocrx_word' id='word_1_1014' title='bbox 2309 3969 2476 4020; x_wconf 86' lang='lat' dir='ltr'><strong>creari</strong></span> <span class='ocrx_word' id='word_1_1015' title='bbox 2501 3975 2554 4019; x_wconf 91' lang='lat' dir='ltr'><strong>et</strong></span> <span class='ocrx_word' id='word_1_1016' title='bbox 2586 3967 2784 4020; x_wconf 79' lang='lat' dir='ltr'><strong>infundi</strong></span> <span class='ocrx_word' id='word_1_1017' title='bbox 2819 3985 2831 4020; x_wconf 91' lang='lat'><strong>:</strong></span> <span class='ocrx_word' id='word_1_1018' title='bbox 2857 3976 2910 4020; x_wconf 91' lang='lat' dir='ltr'><strong>nt</strong></span> <span class='ocrx_word' id='word_1_1019' title='bbox 2939 3968 3075 4018; x_wconf 86' lang='lat' dir='ltr'><strong>vivat</strong></span> <span class='ocrx_word' id='word_1_1020' title='bbox 3115 3967 3165 4018; x_wconf 92' lang='lat' dir='ltr'><strong>in</strong></span> <span class='ocrx_word' id='word_1_1021' title='bbox 3199 3977 3348 4023; x_wconf 87' lang='lat' dir='ltr'><strong>utero</strong></span> <span class='ocrx_word' id='word_1_1022' title='bbox 3378 3967 3538 4024; x_wconf 86' lang='lat' dir='ltr'><strong>homo</strong></span> <span class='ocrx_word' id='word_1_1023' title='bbox 3563 3986 3629 4028; x_wconf 79' lang='lat' dir='ltr'><strong>ex</strong></span> 
     </span>
    </p>
   </div>
   <div class='ocr_carea' id='block_1_132' title="bbox 2052 4037 3630 4105">
    <p class='ocr_par' dir='ltr' id='par_1_132' title="bbox 2052 4037 3630 4105">
     <span class='ocr_line' id='line_1_133' title="bbox 2052 4037 3630 4105; baseline 0.003 -13"><span class='ocrx_word' id='word_1_1024' title='bbox 2052 4040 2224 4092; x_wconf 87' lang='lat' dir='ltr'><strong>anima</strong></span> <span class='ocrx_word' id='word_1_1025' title='bbox 2243 4046 2492 4091; x_wconf 81' lang='lat' dir='ltr'><strong>constans</strong></span> <span class='ocrx_word' id='word_1_1026' title='bbox 2510 4045 2562 4090; x_wconf 90' lang='lat' dir='ltr'><strong>ct</strong></span> <span class='ocrx_word' id='word_1_1027' title='bbox 2578 4053 2818 4104; x_wconf 78' lang='lat' dir='ltr'><strong>corpore,</strong></span> <span class='ocrx_word' id='word_1_1028' title='bbox 2840 4045 2891 4088; x_wconf 85' lang='lat' dir='ltr'><strong>et</strong></span> <span class='ocrx_word' id='word_1_1029' title='bbox 2910 4037 3206 4105; x_wconf 79' lang='lat' dir='ltr'><strong>egrediatur</strong></span> <span class='ocrx_word' id='word_1_1030' title='bbox 3224 4039 3369 4092; x_wconf 81' lang='lat' dir='ltr'><strong>vivus</strong></span> <span class='ocrx_word' id='word_1_1031' title='bbox 3392 4055 3455 4093; x_wconf 80' lang='lat' dir='ltr'><strong>ex</strong></span> <span class='ocrx_word' id='word_1_1032' title='bbox 3481 4050 3630 4097; x_wconf 77' lang='lat' dir='ltr'><strong>utero</strong></span> 
     </span>
    </p>
   </div>
   <div class='ocr_carea' id='block_1_133' title="bbox 2052 4107 3629 4180">
    <p class='ocr_par' dir='ltr' id='par_1_133' title="bbox 2052 4107 3629 4180">
     <span class='ocr_line' id='line_1_134' title="bbox 2052 4107 3629 4180; baseline 0.003 -19"><span class='ocrx_word' id='word_1_1033' title='bbox 2052 4111 2240 4180; x_wconf 88' lang='lat' dir='ltr'><strong>plenus</strong></span> <span class='ocrx_word' id='word_1_1034' title='bbox 2267 4108 2496 4180; x_wconf 85' lang='lat' dir='ltr'><strong>humana</strong></span> <span class='ocrx_word' id='word_1_1035' title='bbox 2522 4107 2836 4161; x_wconf 88' lang='lat' dir='ltr'><strong>substantia.</strong></span> <span class='ocrx_word' id='word_1_1036' title='bbox 2861 4107 3120 4180; x_wconf 81' lang='lat' dir='ltr'><strong>Necdnas</strong></span> <span class='ocrx_word' id='word_1_1037' title='bbox 3147 4109 3349 4180; x_wconf 83' lang='lat' dir='ltr'><strong>animas</strong></span> <span class='ocrx_word' id='word_1_1038' title='bbox 3371 4125 3488 4166; x_wconf 77' lang='lat' dir='ltr'><strong>esse</strong></span> <span class='ocrx_word' id='word_1_1039' title='bbox 3510 4126 3629 4167; x_wconf 87' lang='lat' dir='ltr'><strong>crc-</strong></span> 
     </span>
    </p>
   </div>
   <div class='ocr_carea' id='block_1_134' title="bbox 2051 4178 3630 4244">
    <p class='ocr_par' dir='ltr' id='par_1_134' title="bbox 2051 4178 3630 4244">
     <span class='ocr_line' id='line_1_135' title="bbox 2051 4178 3630 4244; baseline 0.001 -10"><span class='ocrx_word' id='word_1_1040' title='bbox 2051 4178 2228 4234; x_wconf 83' lang='lat' dir='ltr'><strong>dimus</strong></span> <span class='ocrx_word' id='word_1_1041' title='bbox 2252 4182 2300 4233; x_wconf 93' lang='lat' dir='ltr'><strong>in</strong></span> <span class='ocrx_word' id='word_1_1042' title='bbox 2325 4193 2428 4232; x_wconf 91' lang='lat' dir='ltr'><strong>uno</strong></span> <span class='ocrx_word' id='word_1_1043' title='bbox 2457 4179 2691 4242; x_wconf 84' lang='lat' dir='ltr'><strong>homine,</strong></span> <span class='ocrx_word' id='word_1_1044' title='bbox 2719 4180 2856 4231; x_wconf 89' lang='lat' dir='ltr'><strong>sicut</strong></span> <span class='ocrx_word' id='word_1_1045' title='bbox 2879 4179 3024 4231; x_wconf 89' lang='lat' dir='ltr'><strong>multi</strong></span> <span class='ocrx_word' id='word_1_1046' title='bbox 3057 4178 3310 4244; x_wconf 83' lang='lat' dir='ltr'><strong>scribunt,</strong></span> <span class='ocrx_word' id='word_1_1047' title='bbox 3337 4197 3491 4234; x_wconf 90' lang='lat' dir='ltr'><strong>unam</strong></span> <span class='ocrx_word' id='word_1_1048' title='bbox 3518 4183 3630 4236; x_wconf 89' lang='lat' dir='ltr'><strong>ani-</strong></span> 
     </span>
    </p>
   </div>
   <div class='ocr_carea' id='block_1_135' title="bbox 2050 4251 3633 4319">
    <p class='ocr_par' dir='ltr' id='par_1_135' title="bbox 2050 4251 3633 4319">
     <span class='ocr_line' id='line_1_136' title="bbox 2050 4251 3633 4319; baseline 0.002 -15"><span class='ocrx_word' id='word_1_1049' title='bbox 2050 4253 2262 4310; x_wconf 83' lang='lat' dir='ltr'><strong>malem.</strong></span> <span class='ocrx_word' id='word_1_1050' title='bbox 2294 4266 2396 4319; x_wconf 87' lang='lat' dir='ltr'><strong>qua</strong></span> <span class='ocrx_word' id='word_1_1051' title='bbox 2419 4252 2677 4304; x_wconf 82' lang='lat' dir='ltr'><strong>animetur</strong></span> <span class='ocrx_word' id='word_1_1052' title='bbox 2706 4265 2916 4318; x_wconf 71' lang='lat' dir='ltr'><strong>corpus,</strong></span> <span class='ocrx_word' id='word_1_1053' title='bbox 2941 4260 2991 4302; x_wconf 88' lang='lat' dir='ltr'><strong>et</strong></span> <span class='ocrx_word' id='word_1_1054' title='bbox 3013 4266 3129 4318; x_wconf 77' lang='lat' dir='ltr'><strong>qua:</strong></span> <span class='ocrx_word' id='word_1_1055' title='bbox 3153 4251 3387 4304; x_wconf 85' lang='lat' dir='ltr'><strong>immixta</strong></span> <span class='ocrx_word' id='word_1_1056' title='bbox 3415 4253 3482 4304; x_wconf 89' lang='lat' dir='ltr'><strong>sit</strong></span> <span class='ocrx_word' id='word_1_1057' title='bbox 3511 4269 3633 4309; x_wconf 83' lang='lat' dir='ltr'><strong>sart-</strong></span> 
     </span>
    </p>
   </div>
   <div class='ocr_carea' id='block_1_136' title="bbox 2050 4321 3627 4392">
    <p class='ocr_par' dir='ltr' id='par_1_136' title="bbox 2050 4321 3627 4392">
     <span class='ocr_line' id='line_1_137' title="bbox 2050 4321 3627 4392; baseline 0.002 -17"><span class='ocrx_word' id='word_1_1058' title='bbox 2050 4324 2213 4392; x_wconf 85' lang='lat' dir='ltr'><strong>guini;</strong></span> <span class='ocrx_word' id='word_1_1059' title='bbox 2240 4332 2292 4377; x_wconf 91' lang='lat' dir='ltr'><strong>et</strong></span> <span class='ocrx_word' id='word_1_1060' title='bbox 2315 4323 2534 4375; x_wconf 88' lang='lat' dir='ltr'><strong>alteram</strong></span> <span class='ocrx_word' id='word_1_1061' title='bbox 2559 4321 2903 4390; x_wconf 74' lang='lat' dir='ltr'><strong>Spiritnaleni,</strong></span> <span class='ocrx_word' id='word_1_1062' title='bbox 2929 4336 3045 4389; x_wconf 73' lang='lat' dir='ltr'><strong>qua:</strong></span> <span class='ocrx_word' id='word_1_1063' title='bbox 3067 4322 3322 4374; x_wconf 87' lang='lat' dir='ltr'><strong>rationem</strong></span> <span class='ocrx_word' id='word_1_1064' title='bbox 3344 4324 3627 4378; x_wconf 85' lang='lat' dir='ltr'><strong>minis&#39;rct.</strong></span> 
     </span>
    </p>
   </div>
   <div class='ocr_carea' id='block_1_137' title="bbox 2051 4391 3630 4458">
    <p class='ocr_par' dir='ltr' id='par_1_137' title="bbox 2051 4391 3630 4458">
     <span class='ocr_line' id='line_1_138' title="bbox 2051 4391 3630 4458; baseline 0.001 -10"><span class='ocrx_word' id='word_1_1065' title='bbox 2051 4391 2155 4449; x_wconf 86' lang='lat' dir='ltr'><strong>Sed</strong></span> <span class='ocrx_word' id='word_1_1066' title='bbox 2186 4393 2413 4449; x_wconf 87' lang='lat' dir='ltr'><strong>dicimus</strong></span> <span class='ocrx_word' id='word_1_1067' title='bbox 2450 4409 2607 4446; x_wconf 88' lang='lat' dir='ltr'><strong>unam</strong></span> <span class='ocrx_word' id='word_1_1068' title='bbox 2641 4391 2989 4458; x_wconf 81' lang='lat' dir='ltr'><strong>eamdemque</strong></span> <span class='ocrx_word' id='word_1_1069' title='bbox 3022 4407 3139 4445; x_wconf 62' lang='lat' dir='ltr'><strong>esse</strong></span> <span class='ocrx_word' id='word_1_1070' title='bbox 3171 4393 3400 4446; x_wconf 85' lang='lat' dir='ltr'><strong>animant</strong></span> <span class='ocrx_word' id='word_1_1071' title='bbox 3449 4395 3498 4448; x_wconf 89' lang='lat' dir='ltr'><strong>in</strong></span> <span class='ocrx_word' id='word_1_1072' title='bbox 3531 4395 3630 4450; x_wconf 87' lang='lat' dir='ltr'><strong>ho-</strong></span> 
     </span>
    </p>
   </div>
   <div class='ocr_carea' id='block_1_138' title="bbox 2050 4463 3628 4534">
    <p class='ocr_par' dir='ltr' id='par_1_138' title="bbox 2050 4463 3628 4534">
     <span class='ocr_line' id='line_1_139' title="bbox 2050 4463 3628 4534; baseline 0.001 -15"><span class='ocrx_word' id='word_1_1073' title='bbox 2050 4467 2220 4532; x_wconf 92' lang='lat' dir='ltr'><strong>mine,</strong></span> <span class='ocrx_word' id='word_1_1074' title='bbox 2248 4481 2363 4534; x_wconf 69' lang='lat' dir='ltr'><strong>qua!</strong></span> <span class='ocrx_word' id='word_1_1075' title='bbox 2393 4471 2446 4518; x_wconf 88' lang='lat' dir='ltr'><strong>ct</strong></span> <span class='ocrx_word' id='word_1_1076' title='bbox 2471 4479 2662 4532; x_wconf 84' lang='lat' dir='ltr'><strong>corpus</strong></span> <span class='ocrx_word' id='word_1_1077' title='bbox 2686 4480 2778 4516; x_wconf 89' lang='lat' dir='ltr'><strong>sua</strong></span> <span class='ocrx_word' id='word_1_1078' title='bbox 2802 4465 3052 4534; x_wconf 81' lang='lat' dir='ltr'><strong>societate</strong></span> <span class='ocrx_word' id='word_1_1079' title='bbox 3084 4463 3333 4534; x_wconf 78' lang='lat' dir='ltr'><strong>vivilicct,</strong></span> <span class='ocrx_word' id='word_1_1080' title='bbox 3353 4472 3404 4516; x_wconf 91' lang='lat' dir='ltr'><strong>et</strong></span> <span class='ocrx_word' id='word_1_1081' title='bbox 3429 4475 3628 4520; x_wconf 88' lang='lat' dir='ltr'><strong>semet-</strong></span> 
     </span>
    </p>
   </div>
   <div class='ocr_carea' id='block_1_139' title="bbox 2052 4532 3626 4608">
    <p class='ocr_par' dir='ltr' id='par_1_139' title="bbox 2052 4532 3626 4608">
     <span class='ocr_line' id='line_1_140' title="bbox 2052 4532 3626 4608; baseline -0.003 -16"><span class='ocrx_word' id='word_1_1082' title='bbox 2052 4537 2218 4608; x_wconf 89' lang='lat' dir='ltr'><strong>ipsam</strong></span> <span class='ocrx_word' id='word_1_1083' title='bbox 2267 4532 2363 4590; x_wconf 80' lang='lat' dir='ltr'><strong>sua</strong></span> <span class='ocrx_word' id='word_1_1084' title='bbox 2393 4536 2595 4588; x_wconf 88' lang='lat' dir='ltr'><strong>ratione</strong></span> <span class='ocrx_word' id='word_1_1085' title='bbox 2627 4534 2890 4608; x_wconf 83' lang='lat' dir='ltr'><strong>disponat,</strong></span> <span class='ocrx_word' id='word_1_1086' title='bbox 2924 4533 3123 4608; x_wconf 75' lang='lat' dir='ltr'><strong>habens</strong></span> <span class='ocrx_word' id='word_1_1087' title='bbox 3153 4532 3203 4584; x_wconf 88' lang='lat' dir='ltr'><strong>in</strong></span> <span class='ocrx_word' id='word_1_1088' title='bbox 3244 4549 3301 4608; x_wconf 74' lang='lat' dir='ltr'><strong>sc</strong></span> <span class='ocrx_word' id='word_1_1089' title='bbox 3333 4533 3626 4608; x_wconf 83' lang='lat' dir='ltr'><strong>libertatem</strong></span> 
     </span>
    </p>
   </div>
   <div class='ocr_carea' id='block_1_140' title="bbox 2049 4602 3627 4672">
    <p class='ocr_par' dir='ltr' id='par_1_140' title="bbox 2049 4602 3627 4672">
     <span class='ocr_line' id='line_1_141' title="bbox 2049 4602 3627 4672; baseline -0.001 -10"><span class='ocrx_word' id='word_1_1090' title='bbox 2049 4602 2252 4662; x_wconf 68' lang='lat' dir='ltr'><strong>arbitrii</strong></span> <span class='ocrx_word' id='word_1_1091' title='bbox 2279 4649 2292 4671; x_wconf 88' lang='lat'><strong>,</strong></span> <span class='ocrx_word' id='word_1_1092' title='bbox 2317 4615 2373 4658; x_wconf 91' lang='lat' dir='ltr'><strong>ut</strong></span> <span class='ocrx_word' id='word_1_1093' title='bbox 2399 4608 2448 4658; x_wconf 90' lang='lat' dir='ltr'><strong>in</strong></span> <span class='ocrx_word' id='word_1_1094' title='bbox 2480 4622 2588 4658; x_wconf 79' lang='lat' dir='ltr'><strong>sua:</strong></span> <span class='ocrx_word' id='word_1_1095' title='bbox 2614 4604 2922 4656; x_wconf 82' lang='lat' dir='ltr'><strong>substantiae</strong></span> <span class='ocrx_word' id='word_1_1096' title='bbox 2955 4603 3114 4670; x_wconf 85' lang='lat' dir='ltr'><strong>eligat</strong></span> <span class='ocrx_word' id='word_1_1097' title='bbox 3141 4602 3459 4671; x_wconf 82' lang='lat' dir='ltr'><strong>cogitatione</strong></span> <span class='ocrx_word' id='word_1_1098' title='bbox 3485 4606 3627 4672; x_wconf 88' lang='lat' dir='ltr'><strong>quod</strong></span> 
     </span>
    </p>
   </div>
   <div class='ocr_carea' id='block_1_141' title="bbox 2049 4673 3631 4742">
    <p class='ocr_par' dir='ltr' id='par_1_141' title="bbox 2049 4673 3631 4742">
     <span class='ocr_line' id='line_1_142' title="bbox 2049 4673 3631 4742; baseline -0.004 -8"><span class='ocrx_word' id='word_1_1099' title='bbox 2049 4683 2179 4734; x_wconf 87' lang='lat' dir='ltr'><strong>vult.</strong></span> <span class='ocrx_word' id='word_1_1100' title='bbox 2209 4677 2460 4731; x_wconf 87' lang='lat' dir='ltr'><strong>Libertati</strong></span> <span class='ocrx_word' id='word_1_1101' title='bbox 2483 4675 2740 4742; x_wconf 82' lang='lat' dir='ltr'><strong>siquidem</strong></span> <span class='ocrx_word' id='word_1_1102' title='bbox 2764 4673 2962 4724; x_wconf 75' lang='lat' dir='ltr'><strong>arbitrii</strong></span> <span class='ocrx_word' id='word_1_1103' title='bbox 2988 4673 3065 4724; x_wconf 88' lang='lat' dir='ltr'><strong>sui</strong></span> <span class='ocrx_word' id='word_1_1104' title='bbox 3096 4673 3412 4726; x_wconf 80' lang='lat' dir='ltr'><strong>commissus</strong></span> <span class='ocrx_word' id='word_1_1105' title='bbox 3437 4675 3631 4729; x_wconf 86' lang='lat' dir='ltr'><strong>estho-</strong></span> 
     </span>
    </p>
   </div>
   <div class='ocr_carea' id='block_1_142' title="bbox 2052 4743 3626 4813">
    <p class='ocr_par' dir='ltr' id='par_1_142' title="bbox 2052 4743 3626 4813">
     <span class='ocr_line' id='line_1_143' title="bbox 2052 4743 3626 4813; baseline -0.003 -9"><span class='ocrx_word' id='word_1_1106' title='bbox 2052 4767 2156 4804; x_wconf 91' lang='lat' dir='ltr'><strong>mo.</strong></span> <span class='ocrx_word' id='word_1_1107' title='bbox 2194 4749 2474 4813; x_wconf 79' lang='lat' dir='ltr'><strong>Postquam</strong></span> <span class='ocrx_word' id='word_1_1108' title='bbox 2506 4760 2634 4798; x_wconf 85' lang='lat' dir='ltr'><strong>vero</strong></span> <span class='ocrx_word' id='word_1_1109' title='bbox 2675 4743 2982 4796; x_wconf 85' lang='lat' dir='ltr'><strong>seductionc</strong></span> <span class='ocrx_word' id='word_1_1110' title='bbox 3029 4745 3293 4809; x_wconf 84' lang='lat' dir='ltr'><strong>serpentis</strong></span> <span class='ocrx_word' id='word_1_1111' title='bbox 3340 4759 3432 4811; x_wconf 84' lang='lat' dir='ltr'><strong>per</strong></span> <span class='ocrx_word' id='word_1_1112' title='bbox 3463 4745 3626 4800; x_wconf 84' lang='lat' dir='ltr'><strong>Evam</strong></span> 
     </span>
    </p>
   </div>
   <div class='ocr_carea' id='block_1_143' title="bbox 2051 4813 3627 4884">
    <p class='ocr_par' dir='ltr' id='par_1_143' title="bbox 2051 4813 3627 4884">
     <span class='ocr_line' id='line_1_144' title="bbox 2051 4813 3627 4884; baseline -0.004 -10"><span class='ocrx_word' id='word_1_1113' title='bbox 2051 4819 2243 4874; x_wconf 87' lang='lat' dir='ltr'><strong>cecidit</strong></span> <span class='ocrx_word' id='word_1_1114' title='bbox 2273 4821 2288 4883; x_wconf 94' lang='lat'>(</span> <span class='ocrx_word' id='word_1_1115' title='bbox 2323 4817 2446 4870; x_wconf 60' lang='lat' dir='ltr'><strong>Gen.</strong></span> <span class='ocrx_word' id='word_1_1116' title='bbox 2474 4833 2557 4878; x_wconf 88' lang='lat' dir='ltr'><strong>ut,</strong></span> <span class='ocrx_word' id='word_1_1117' title='bbox 2583 4816 2616 4869; x_wconf 73' lang='grc' dir='ltr'><strong>ϐ</strong></span> <span class='ocrx_word' id='word_1_1118' title='bbox 2643 4814 2683 4884; x_wconf 83' lang='grc'><strong>),</strong></span> <span class='ocrx_word' id='word_1_1119' title='bbox 2719 4824 2919 4866; x_wconf 65' lang='lat' dir='ltr'><strong>naturae</strong></span> <span class='ocrx_word' id='word_1_1120' title='bbox 2949 4814 3145 4866; x_wconf 85' lang='lat' dir='ltr'><strong>bonum</strong></span> <span class='ocrx_word' id='word_1_1121' title='bbox 3193 4813 3419 4881; x_wconf 88' lang='lat' dir='ltr'><strong>perdidit</strong></span> <span class='ocrx_word' id='word_1_1122' title='bbox 3441 4857 3452 4872; x_wconf 89' lang='lat'><strong>.</strong></span> <span class='ocrx_word' id='word_1_1123' title='bbox 3486 4819 3627 4884; x_wconf 88' lang='lat' dir='ltr'><strong>pari-</strong></span> 
     </span>
    </p>
   </div>
   <div class='ocr_carea' id='block_1_144' title="bbox 2053 4883 3632 4956">
    <p class='ocr_par' dir='ltr' id='par_1_144' title="bbox 2053 4883 3632 4956">
     <span class='ocr_line' id='line_1_145' title="bbox 2053 4883 3632 4956; baseline -0.003 -12"><span class='ocrx_word' id='word_1_1124' title='bbox 2053 4900 2132 4944; x_wconf 91' lang='lat' dir='ltr'><strong>ter</strong></span> <span class='ocrx_word' id='word_1_1125' title='bbox 2167 4900 2219 4944; x_wconf 89' lang='lat' dir='ltr'><strong>et</strong></span> <span class='ocrx_word' id='word_1_1126' title='bbox 2248 4891 2476 4956; x_wconf 87' lang='lat' dir='ltr'><strong>vigorem</strong></span> <span class='ocrx_word' id='word_1_1127' title='bbox 2528 4883 2727 4939; x_wconf 86' lang='lat' dir='ltr'><strong>arbitrii</strong></span> <span class='ocrx_word' id='word_1_1128' title='bbox 2757 4902 2770 4950; x_wconf 93' lang='lat'><strong>;</strong></span> <span class='ocrx_word' id='word_1_1129' title='bbox 2803 4901 2905 4938; x_wconf 92' lang='lat' dir='ltr'><strong>non</strong></span> <span class='ocrx_word' id='word_1_1130' title='bbox 2947 4893 3122 4937; x_wconf 87' lang='lat' dir='ltr'><strong>tamen</strong></span> <span class='ocrx_word' id='word_1_1131' title='bbox 3179 4883 3498 4939; x_wconf 83' lang='lat' dir='ltr'><strong>electionem</strong></span> <span class='ocrx_word' id='word_1_1132' title='bbox 3520 4929 3532 4950; x_wconf 93' lang='lat'><strong>,</strong></span> <span class='ocrx_word' id='word_1_1133' title='bbox 3566 4904 3632 4942; x_wconf 88' lang='lat' dir='ltr'><strong>ne</strong></span> 
     </span>
    </p>
   </div>
   <div class='ocr_carea' id='block_1_145' title="bbox 2052 4957 3628 5027">
    <p class='ocr_par' dir='ltr' id='par_1_145' title="bbox 2052 4957 3628 5027">
     <span class='ocr_line' id='line_1_146' title="bbox 2052 4957 3628 5027; baseline -0.004 -10"><span class='ocrx_word' id='word_1_1134' title='bbox 2052 4979 2159 5016; x_wconf 91' lang='lat' dir='ltr'><strong>non</strong></span> <span class='ocrx_word' id='word_1_1135' title='bbox 2203 4971 2342 5025; x_wconf 58' lang='lat' dir='ltr'><strong>esset</strong></span> <span class='ocrx_word' id='word_1_1136' title='bbox 2380 4976 2530 5010; x_wconf 88' lang='lat' dir='ltr'><strong>suum</strong></span> <span class='ocrx_word' id='word_1_1137' title='bbox 2558 4999 2570 5022; x_wconf 90' lang='lat'><strong>,</strong></span> <span class='ocrx_word' id='word_1_1138' title='bbox 2601 4959 2739 5027; x_wconf 90' lang='lat' dir='ltr'><strong>quod</strong></span> <span class='ocrx_word' id='word_1_1139' title='bbox 2783 4957 3091 5008; x_wconf 79' lang='lat' dir='ltr'><strong>emendaret</strong></span> <span class='ocrx_word' id='word_1_1140' title='bbox 3132 4966 3426 5027; x_wconf 78' lang='lat' dir='ltr'><strong>peccaturo.</strong></span> <span class='ocrx_word' id='word_1_1141' title='bbox 3453 4957 3628 5011; x_wconf 80' lang='lat' dir='ltr'><strong>Manet</strong></span> 
     </span>
    </p>
   </div>
   <div class='ocr_carea' id='block_1_146' title="bbox 2051 5025 3626 5102">
    <p class='ocr_par' dir='ltr' id='par_1_146' title="bbox 2051 5025 3626 5102">
     <span class='ocr_line' id='line_1_147' title="bbox 2051 5025 3626 5102; baseline -0.004 -16"><span class='ocrx_word' id='word_1_1142' title='bbox 2051 5035 2228 5102; x_wconf 88' lang='lat' dir='ltr'><strong>itaque</strong></span> <span class='ocrx_word' id='word_1_1143' title='bbox 2258 5032 2320 5082; x_wconf 78' lang='lat' dir='ltr'><strong>ad</strong></span> <span class='ocrx_word' id='word_1_1144' title='bbox 2348 5025 2690 5102; x_wconf 71' lang='lat' dir='ltr'><strong>qua-rendam</strong></span> <span class='ocrx_word' id='word_1_1145' title='bbox 2709 5029 2932 5102; x_wconf 87' lang='lat' dir='ltr'><strong>salutem</strong></span> <span class='ocrx_word' id='word_1_1146' title='bbox 2957 5025 3161 5102; x_wconf 70' lang='lat' dir='ltr'><strong>arbitrii</strong></span> <span class='ocrx_word' id='word_1_1147' title='bbox 3189 5027 3421 5102; x_wconf 80' lang='lat' dir='ltr'><strong>libertas,</strong></span> <span class='ocrx_word' id='word_1_1148' title='bbox 3452 5028 3497 5102; x_wconf 79' lang='lat' dir='ltr'><strong>id</strong></span> <span class='ocrx_word' id='word_1_1149' title='bbox 3525 5041 3626 5091; x_wconf 88' lang='lat' dir='ltr'><strong>est,</strong></span> 
     </span>
    </p>
   </div>
   <div class='ocr_carea' id='block_1_147' title="bbox 2051 5097 3629 5165">
    <p class='ocr_par' dir='ltr' id='par_1_147' title="bbox 2051 5097 3629 5165">
     <span class='ocr_line' id='line_1_148' title="bbox 2051 5097 3629 5165; baseline -0.005 -7"><span class='ocrx_word' id='word_1_1150' title='bbox 2051 5097 2269 5158; x_wconf 80' lang='lat' dir='ltr'><strong>rationis</strong></span> <span class='ocrx_word' id='word_1_1151' title='bbox 2298 5097 2568 5164; x_wconf 87' lang='lat' dir='ltr'><strong>voluntas;</strong></span> <span class='ocrx_word' id='word_1_1152' title='bbox 2601 5098 2693 5153; x_wconf 90' lang='lat' dir='ltr'><strong>scd</strong></span> <span class='ocrx_word' id='word_1_1153' title='bbox 2715 5099 3035 5152; x_wconf 88' lang='lat' dir='ltr'><strong>admonente</strong></span> <span class='ocrx_word' id='word_1_1154' title='bbox 3065 5097 3209 5164; x_wconf 90' lang='lat' dir='ltr'><strong>prius</strong></span> <span class='ocrx_word' id='word_1_1155' title='bbox 3242 5097 3346 5150; x_wconf 82' lang='lat' dir='ltr'><strong>Deo</strong></span> <span class='ocrx_word' id='word_1_1156' title='bbox 3373 5107 3424 5149; x_wconf 82' lang='lat' dir='ltr'><strong>et</strong></span> <span class='ocrx_word' id='word_1_1157' title='bbox 3465 5099 3629 5165; x_wconf 80' lang='lat' dir='ltr'><strong>inSpi-</strong></span> 
     </span>
    </p>
   </div>
   <div class='ocr_carea' id='block_1_148' title="bbox 2051 5169 3626 5239">
    <p class='ocr_par' dir='ltr' id='par_1_148' title="bbox 2051 5169 3626 5239">
     <span class='ocr_line' id='line_1_149' title="bbox 2051 5169 3626 5239; baseline -0.004 -10"><span class='ocrx_word' id='word_1_1158' title='bbox 2051 5184 2201 5229; x_wconf 89' lang='lat' dir='ltr'><strong>rante</strong></span> <span class='ocrx_word' id='word_1_1159' title='bbox 2231 5173 2295 5226; x_wconf 84' lang='lat' dir='ltr'><strong>ad</strong></span> <span class='ocrx_word' id='word_1_1160' title='bbox 2323 5173 2566 5224; x_wconf 89' lang='lat' dir='ltr'><strong>salutem.</strong></span> <span class='ocrx_word' id='word_1_1161' title='bbox 2599 5171 2664 5224; x_wconf 89' lang='lat' dir='ltr'><strong>Ut</strong></span> <span class='ocrx_word' id='word_1_1162' title='bbox 2699 5185 2826 5239; x_wconf 87' lang='lat' dir='ltr'><strong>ergo</strong></span> <span class='ocrx_word' id='word_1_1163' title='bbox 2857 5169 3254 5239; x_wconf 84' lang='lat' dir='ltr'><strong>acquiescamus</strong></span> <span class='ocrx_word' id='word_1_1164' title='bbox 3295 5169 3513 5222; x_wconf 87' lang='lat' dir='ltr'><strong>salutari</strong></span> <span class='ocrx_word' id='word_1_1165' title='bbox 3551 5171 3626 5222; x_wconf 70' lang='lat' dir='ltr'><strong>in«</strong></span> 
     </span>
    </p>
   </div>
   <div class='ocr_carea' id='block_1_149' title="bbox 2050 5238 3626 5315">
    <p class='ocr_par' dir='ltr' id='par_1_149' title="bbox 2050 5238 3626 5315">
     <span class='ocr_line' id='line_1_150' title="bbox 2050 5238 3626 5315; baseline -0.004 -15"><span class='ocrx_word' id='word_1_1166' title='bbox 2050 5245 2347 5315; x_wconf 83' lang='lat' dir='ltr'><strong>spirationi,</strong></span> <span class='ocrx_word' id='word_1_1167' title='bbox 2376 5253 2570 5296; x_wconf 79' lang='lat' dir='ltr'><strong>nostra:</strong></span> <span class='ocrx_word' id='word_1_1168' title='bbox 2600 5238 2997 5315; x_wconf 76' lang='lat' dir='ltr'><strong>p(_)testat_iscsl;</strong></span> <span class='ocrx_word' id='word_1_1169' title='bbox 3029 5247 3084 5292; x_wconf 94' lang='lat' dir='ltr'><strong>ut</strong></span> <span class='ocrx_word' id='word_1_1170' title='bbox 3103 5238 3459 5315; x_wconf 76' lang='lat' dir='ltr'><strong>adipiscantur</strong></span> <span class='ocrx_word' id='word_1_1171' title='bbox 3484 5240 3626 5308; x_wconf 92' lang='lat' dir='ltr'><strong>quod</strong></span> 
     </span>
    </p>
   </div>
   <div class='ocr_carea' id='block_1_150' title="bbox 2049 5309 3630 5386">
    <p class='ocr_par' dir='ltr' id='par_1_150' title="bbox 2049 5309 3630 5386">
     <span class='ocr_line' id='line_1_151' title="bbox 2049 5309 3630 5386; baseline -0.006 -15"><span class='ocrx_word' id='word_1_1172' title='bbox 2049 5309 2267 5386; x_wconf 79' lang='lat' dir='ltr'><strong>adipisci</strong></span> <span class='ocrx_word' id='word_1_1173' title='bbox 2311 5309 2899 5386; x_wconf 76' lang='lat' dir='ltr'><strong>desitleramus,divini</strong></span> <span class='ocrx_word' id='word_1_1174' title='bbox 2944 5320 3026 5364; x_wconf 87' lang='lat' dir='ltr'><strong>est</strong></span> <span class='ocrx_word' id='word_1_1175' title='bbox 3078 5309 3630 5386; x_wconf 44' lang='lat' dir='ltr'><strong>tnttncrisj._Ut__non</strong></span> 
     </span>
    </p>
   </div>
   <div class='ocr_carea' id='block_1_151' title="bbox 2050 5379 3624 5454">
    <p class='ocr_par' dir='ltr' id='par_1_151' title="bbox 2050 5379 3624 5454">
     <span class='ocr_line' id='line_1_152' title="bbox 2050 5379 3624 5454; baseline -0.004 -12"><span class='ocrx_word' id='word_1_1176' title='bbox 2050 5379 2289 5442; x_wconf 78' lang='lat' dir='ltr'><strong>labantur</strong></span> <span class='ocrx_word' id='word_1_1177' title='bbox 2314 5386 2506 5454; x_wconf 89' lang='lat' dir='ltr'><strong>adepto</strong></span> <span class='ocrx_word' id='word_1_1178' title='bbox 2533 5384 2716 5436; x_wconf 86' lang='lat' dir='ltr'><strong>salutis</strong></span> <span class='ocrx_word' id='word_1_1179' title='bbox 2749 5397 2991 5446; x_wconf 89' lang='lat' dir='ltr'><strong>munere,</strong></span> <span class='ocrx_word' id='word_1_1180' title='bbox 3027 5390 3223 5454; x_wconf 77' lang='lat' dir='ltr'><strong>nostra:</strong></span> <span class='ocrx_word' id='word_1_1181' title='bbox 3252 5379 3624 5435; x_wconf 87' lang='lat' dir='ltr'><strong>sollicitudinis</strong></span> 
     </span>
    </p>
   </div>
   <div class='ocr_carea' id='block_1_152' title="bbox 2050 5453 3630 5525">
    <p class='ocr_par' dir='ltr' id='par_1_152' title="bbox 2050 5453 3630 5525">
     <span class='ocr_line' id='line_1_153' title="bbox 2050 5453 3630 5525; baseline -0.006 -11"><span class='ocrx_word' id='word_1_1182' title='bbox 2050 5470 2132 5515; x_wconf 89' lang='lat' dir='ltr'><strong>cst</strong></span> <span class='ocrx_word' id='word_1_1183' title='bbox 2159 5468 2212 5513; x_wconf 92' lang='lat' dir='ltr'><strong>et</strong></span> <span class='ocrx_word' id='word_1_1184' title='bbox 2232 5459 2466 5513; x_wconf 70' lang='lat' dir='ltr'><strong>caelestis</strong></span> <span class='ocrx_word' id='word_1_1185' title='bbox 2499 5457 2691 5525; x_wconf 89' lang='lat' dir='ltr'><strong>pariter</strong></span> <span class='ocrx_word' id='word_1_1186' title='bbox 2715 5454 2984 5523; x_wconf 81' lang='lat' dir='ltr'><strong>adjutorii;</strong></span> <span class='ocrx_word' id='word_1_1187' title='bbox 3018 5461 3072 5506; x_wconf 91' lang='lat' dir='ltr'><strong>ut</strong></span> <span class='ocrx_word' id='word_1_1188' title='bbox 3105 5453 3361 5516; x_wconf 76' lang='lat' dir='ltr'><strong>labantur,</strong></span> <span class='ocrx_word' id='word_1_1189' title='bbox 3396 5461 3630 5520; x_wconf 85' lang='lat' dir='ltr'><strong>potesta-</strong></span> 
     </span>
    </p>
   </div>
   <div class='ocr_carea' id='block_1_153' title="bbox 2109 5562 3384 5634">
    <p class='ocr_par' dir='ltr' id='par_1_153' title="bbox 2109 5562 3384 5634">
     <span class='ocr_line' id='line_1_154' title="bbox 2109 5562 3384 5634; baseline -0.009 -11"><span class='ocrx_word' id='word_1_1190' title='bbox 2109 5577 2127 5607; x_wconf 75' lang='grc' dir='ltr'><strong>ι</strong></span> <span class='ocrx_word' id='word_1_1191' title='bbox 2162 5581 2279 5622; x_wconf 87' lang='lat' dir='ltr'><strong>Tres</strong></span> <span class='ocrx_word' id='word_1_1192' title='bbox 2302 5569 2508 5634; x_wconf 87' lang='lat' dir='ltr'><strong>vaticani</strong></span> <span class='ocrx_word' id='word_1_1193' title='bbox 2531 5576 2657 5634; x_wconf 64' lang='lat' dir='ltr'><strong>Mss,</strong></span> <span class='ocrx_word' id='word_1_1194' title='bbox 2682 5564 3010 5634; x_wconf 63' lang='lat' dir='ltr'><strong>Lucifer;alii,</strong></span> <span class='ocrx_word' id='word_1_1195' title='bbox 3041 5562 3384 5634; x_wconf 57' lang='lat' dir='ltr'><strong>Luciferianus.</strong></span> 
     </span>
    </p>
   </div>
   <div class='ocr_carea' id='block_1_154' title="bbox 2109 5627 3627 5690">
    <p class='ocr_par' dir='ltr' id='par_1_154' title="bbox 2109 5627 3627 5690">
     <span class='ocr_line' id='line_1_155' title="bbox 2109 5627 3627 5690; baseline -0.005 -7"><span class='ocrx_word' id='word_1_1196' title='bbox 2109 5638 2130 5668; x_wconf 82' lang='grc'>³</span> <span class='ocrx_word' id='word_1_1197' title='bbox 2187 5645 2265 5685; x_wconf 79' lang='lat' dir='ltr'><strong>ms.</strong></span> <span class='ocrx_word' id='word_1_1198' title='bbox 2296 5633 2616 5684; x_wconf 64' lang='lat' dir='ltr'><strong>itedardensis</strong></span> <span class='ocrx_word' id='word_1_1199' title='bbox 2646 5627 2800 5685; x_wconf 74' lang='lat' dir='ltr'><strong>addit,</strong></span> <span class='ocrx_word' id='word_1_1200' title='bbox 2813 5634 2859 5678; x_wconf 86' lang='lat' dir='ltr'><strong>et</strong></span> <span class='ocrx_word' id='word_1_1201' title='bbox 2881 5631 3057 5690; x_wconf 74' lang='lat' dir='ltr'><strong>partim</strong></span> <span class='ocrx_word' id='word_1_1202' title='bbox 3075 5627 3410 5677; x_wconf 70' lang='lat' dir='ltr'><strong>sollicitudinis</strong></span> <span class='ocrx_word' id='word_1_1203' title='bbox 3433 5631 3627 5676; x_wconf 70' lang='lat' dir='ltr'><strong>nostrw.</strong></span> 
     </span>
    </p>
   </div>
   <div class='ocr_carea' id='block_1_155' title="bbox 2107 5691 3062 5760">
    <p class='ocr_par' dir='ltr' id='par_1_155' title="bbox 2107 5691 3062 5760">
     <span class='ocr_line' id='line_1_156' title="bbox 2107 5691 3062 5760; baseline -0.012 -12"><span class='ocrx_word' id='word_1_1204' title='bbox 2107 5700 2179 5759; x_wconf 88' lang='lat' dir='ltr'><strong>(a)</strong></span> <span class='ocrx_word' id='word_1_1205' title='bbox 2203 5707 2355 5760; x_wconf 69' lang='lat' dir='ltr'><strong>lingu,</strong></span> <span class='ocrx_word' id='word_1_1206' title='bbox 2385 5696 2467 5744; x_wconf 90' lang='lat' dir='ltr'><strong>lib.</strong></span> <span class='ocrx_word' id='word_1_1207' title='bbox 2490 5693 2538 5760; x_wconf 72' lang='lat'><strong>2.</strong></span> <span class='ocrx_word' id='word_1_1208' title='bbox 2561 5695 2629 5760; x_wconf 80' lang='lat' dir='ltr'><strong>de</strong></span> <span class='ocrx_word' id='word_1_1209' title='bbox 2647 5691 2862 5740; x_wconf 66' lang='lat' dir='ltr'><strong>vanitate</strong></span> <span class='ocrx_word' id='word_1_1210' title='bbox 2883 5691 3062 5760; x_wconf 77' lang='lat' dir='ltr'><strong>mundi.</strong></span> 
     </span>
    </p>
   </div>
   <div class='ocr_carea' id='block_1_156' title="bbox 2109 5749 3633 5824">
    <p class='ocr_par' dir='ltr' id='par_1_156' title="bbox 2109 5749 3633 5824">
     <span class='ocr_line' id='line_1_157' title="bbox 2109 5749 3633 5824; baseline -0.007 -12"><span class='ocrx_word' id='word_1_1211' title='bbox 2109 5749 2178 5824; x_wconf 66' lang='grc' dir='ltr'>(ω</span> <span class='ocrx_word' id='word_1_1212' title='bbox 2215 5749 2450 5820; x_wconf 59' lang='lat' dir='ltr'><strong>cuman,</strong></span> <span class='ocrx_word' id='word_1_1213' title='bbox 2489 5751 3193 5815; x_wconf 69' lang='lat' dir='ltr'><strong>hb.deDogtnat.l:x;clesiast.</strong></span> <span class='ocrx_word' id='word_1_1214' title='bbox 3217 5763 3323 5812; x_wconf 82' lang='lat' dir='ltr'><strong>cap.</strong></span> <span class='ocrx_word' id='word_1_1215' title='bbox 3350 5750 3528 5815; x_wconf 69' lang='lat'><strong>14,13,</strong></span> <span class='ocrx_word' id='word_1_1216' title='bbox 3554 5749 3633 5812; x_wconf 80' lang='lat' dir='ltr'><strong>to.</strong></span> 
     </span>
    </p>
   </div>
   <div class='ocr_carea' id='block_1_157' title="bbox 2047 5829 2237 5886">
    <p class='ocr_par' dir='ltr' id='par_1_157' title="bbox 2047 5829 2237 5886">
     <span class='ocr_line' id='line_1_158' title="bbox 2047 5829 2237 5886; baseline -0.005 -7"><span class='ocrx_word' id='word_1_1217' title='bbox 2047 5829 2123 5886; x_wconf 78' lang='grc'><strong>17.</strong></span> <span class='ocrx_word' id='word_1_1218' title='bbox 2166 5831 2237 5878; x_wconf 86' lang='grc'><strong>18.</strong></span> 
     </span>
    </p>
   </div>
   <div class='ocr_carea' id='block_1_158' title="bbox 3115 5908 3278 5930">
    <p class='ocr_par' dir='ltr' id='par_1_158' title="bbox 3115 5908 3278 5930">
     <span class='ocr_line' id='line_1_159' title="bbox 3115 5908 3278 5930; baseline 0.006 -11"><span class='ocrx_word' id='word_1_1219' title='bbox 3115 5908 3278 5930; x_wconf 53' lang='grc' dir='ltr'><strong>ἱν-ο-,η</strong></span> 
     </span>
    </p>
   </div>
  </div>
