4138 6212
457 242 585 321 ,sts

473 360 547 417 tis
572 362 773 429 nostra
801 361 885 412 est
923 360 977 409 et
1006 349 1252 429 ignaviae.
1279 347 1463 405 Solum
1492 345 1765 404 hominem
1791 344 2060 429 credimus

475 431 677 487 habere
692 427 921 483 animam
939 424 1465 491 substantivam,qu:n
1486 428 1642 474 exuta
1663 433 1889 491 corpore
1909 424 2059 491 vivit,

478 510 536 558 et
563 515 754 555 sensus
796 512 921 552 suos
961 507 1118 562 atque
1164 488 1653 563 ittgenia'vivaciter
1682 498 1849 545 tenet.
1880 488 2064 560 Neque

479 587 603 627 cum
628 585 851 636 corpore
878 561 1120 636 moritur,
1144 573 1202 618 ut
1228 561 1420 636 }_\ratus
1446 561 1697 636 ‘_as_serit;
1726 576 1899 636 neque
1920 569 2067 630 post-

480 642 698 697 modum
728 632 999 693 intcritura
1021 679 1036 703 ,
1066 635 1202 691 sicut
1229 633 1411 688 Zenon
1457 633 1583 687 dicit
1612 649 1624 684 :
1650 633 1773 702 quia
1818 632 2065 703 substan-

481 713 679 767 tialiter
717 710 863 763 vivit.
907 702 1229 761 Animalium
1256 720 1383 758 vero
1412 705 1604 757 anima:
1648 718 1752 756 non
1780 712 1905 756 sunt
1939 702 2066 756 sub-

480 782 742 841 stantivm,
766 779 859 834 sed
881 793 1003 852 cum
1028 792 1189 833 carne
1217 777 1329 852 ipsa
1353 776 1527 829 carnis
1548 774 1827 852 vivacitate
1849 788 2064 852 nascun-

480 862 589 914 tur,
614 861 804 905 etcum
830 851 1005 904 carnis
1033 855 1202 901 morte
1220 845 1503 900 liniuntur:
1523 854 1578 899 et
1598 845 1719 899 ideo
1742 860 1838 898 nec
1861 845 2069 898 ratione

479 930 738 991 reguntur
766 921 905 975 sicut
933 920 1078 991 Plato
1103 926 1158 972 et
1186 916 1489 991 Alexander
1514 925 1717 991 putant;
1748 915 1846 991 sed
1861 914 1929 968 ad
1953 929 2069 967 om-

480 984 571 1049 nia
621 1000 825 1046 naturae
865 990 1207 1044 incitamenta
1251 984 1534 1043 ducuntur)
1591 987 1781 1040 Anima
1831 984 2067 1039 humana

481 1079 593 1120 non
615 1078 734 1118 cum
765 1076 924 1116 carne
948 1060 1195 1121 moritur,
1227 1058 1348 1128 quia
1377 1073 1475 1112 nec
1500 1072 1622 1112 cum
1648 1071 1829 1120 carne,
1856 1056 2071 1110 utdixi-

486 1149 606 1192 mus
635 1134 878 1201 superius
902 1173 917 1195 ,
951 1127 1285 1184 seminatur:
1317 1127 1410 1183 sed
1441 1129 1668 1201 formato
1706 1129 1757 1181 in
1781 1136 1932 1201 utero
1961 1143 2073 1181 ma-

482 1207 581 1261 tris
606 1197 848 1278 corpore,
868 1203 962 1278 Dei
981 1200 1182 1278 judicio
1201 1201 1370 1254 creari
1387 1208 1439 1254 et
1452 1197 1661 1278 infundi
1682 1212 1798 1278 eam
1820 1198 2068 1278 disimus,

485 1285 546 1331 ut
576 1269 716 1329 vivat
742 1274 905 1328 homo
932 1269 1071 1327 intus
1098 1273 1149 1326 in
1176 1270 1499 1334 utero,etsic
1526 1269 1776 1338 procedat
1797 1269 2072 1322 nativitate

486 1346 540 1401 in
585 1344 865 1400 mundum.
908 1344 1095 1397 Anima
1126 1358 1155 1397 a
1183 1340 1434 1396 Creatore
1474 1339 2030 1410 principiumthabens
2052 1380 2068 1405 ,

486 1432 553 1473 ex
581 1430 686 1486 quo
703 1423 788 1490 est
810 1456 826 1481 ,
855 1412 1091 1490 perlecta
1130 1422 1215 1490 est
1246 1412 1297 1490 in
1328 1409 1525 1490 genere
1552 1426 1649 1490 suo
1674 1428 1685 1465 :
1712 1409 1851 1464 unde
1875 1425 1938 1463 ex
1968 1424 2074 1490 quo

489 1480 612 1549 est,
640 1480 999 1541 sciretoinnia
1026 1498 1144 1553 quae
1169 1482 1236 1537 ab
1271 1480 1485 1535 homine
1514 1481 1637 1535 sciri
1681 1490 1939 1553 possunt,
1971 1480 2071 1533 nisi

489 1558 721 1628 gravitas
769 1555 945 1609 carnis
969 1551 1145 1628 esset.
1170 1553 1327 1628 Quod
1373 1568 1479 1628 per
1503 1554 1730 1620 primum
1760 1551 2031 1628 hominem
2057 1590 2072 1615 ,

530 1630 580 1682 ui
608 1635 729 1682 ante
749 1626 1141 1695 corruptionem
1166 1623 1512 1695 humanitatis
1535 1665 1549 1687 ,
1574 1639 1637 1676 ex
1667 1638 1771 1695 quo
1798 1621 1914 1685 l'uit,
1945 1638 2070 1695 per:

515 1691 629 1753 cete
655 1696 841 1750 habuit
860 1691 1134 1751 scientiam
1165 1693 1473 1752 humanam.
1510 1694 1717 1760 probari
1753 1700 1943 1758 potest.
1971 1691 2076 1745 Sed

496 1771 657 1825 modo
682 1775 931 1837 corrupta
973 1769 1299 1837 humanitate
1321 1806 1336 1831 ,
1362 1779 1431 1820 ex
1457 1779 1562 1837 quo
1588 1770 1925 1833 coniungitur
1950 1775 2073 1816 cor-

497 1841 729 1909 raptioni
754 1880 769 1907 ,
800 1836 1174 1912 corrumpitur.
1205 1836 1315 1891 Nec
1347 1836 1698 1912 pmprietates
1738 1848 1867 1912 _suas_
1902 1838 2076 1912 potest

500 1902 775 1983 exercere,
798 1902 1087 1983 doneeu'su
1107 1917 1161 1962 et
1180 1902 1501 1983 experientia
1523 1914 1576 1983 et
1598 1904 1818 1983 alicujus
1837 1902 2078 1983 doctrina

501 1981 716 2034 incitata
747 1971 929 2047 incipit
955 1971 1287 2040 discernere;
1322 1976 1480 2047 veluti
1509 1976 1553 2047 si
1590 1977 1709 2047 quis
1733 1971 1853 2027 cum
1897 1971 2078 2047 subtili

501 2054 624 2104 licet
667 2051 778 2102 acie
816 2041 1086 2103 oculorum
1134 2048 1183 2101 in
1215 2046 1490 2100 tenebrosa
1520 2041 1830 2100 detrudatur
1850 2082 1866 2107 ,
1898 2041 2079 2097 videre

491 2124 676 2172 tamen
698 2130 805 2171 non
832 2124 1010 2186 potest
1034 2116 1106 2170 ibi
1130 2156 1146 2183 ,
1173 2113 1277 2186 nisi
1294 2114 1450 2186 prius
1489 2122 1763 2186 assuescat
1797 2115 2033 2170 tenebris
2059 2155 2076 2182 ,

492 2187 583 2245 vel
611 2187 790 2243 lumen
818 2183 1159 2242 accendatur.
1191 2183 1343 2240 Unde
1372 2183 1619 2252 Virgilius
1643 2202 1655 2237 :

743 2263 979 2320 Quamum
1001 2268 1098 2320 non
1125 2255 1500 2320 ιιρξίξηοοιζροιά
1528 2252 1734 2320 use-“tnt-

1013 2315 1221 2380 (zEneid.
1248 2315 1331 2365 lib.
1355 2315 1403 2374 6,
1428 2326 1551 2380 vers.
1575 2315 1709 2376 73L)

491 2381 565 2439 Et
589 2382 717 2438 licet
751 2381 871 2436 alia:
904 2376 1032 2435 sint'
1056 2380 1292 2434 actiones
1334 2377 1577 2446 corporis
1600 2418 1614 2441 ,
1640 2387 1694 2432 et
1729 2376 1849 2432 alia:
1888 2377 2082 2432 animat

492 2452 770 2517 actiones;
800 2463 975 2507 tamen
1018 2450 1259 2519 corporis
1289 2448 1414 2519 vitia
1465 2448 1548 2519 vel
1589 2448 1811 2502 virtutes
1838 2455 2081 2519 possunt

494 2537 619 2580 esse
661 2523 873 2578 animae.
908 2521 1039 2575 Cum
1070 2518 1211 2575 enim
1241 2519 1307 2573 ad
1350 2518 1451 2571 hoc
1485 2518 1555 2570 sit
1599 2519 1775 2572 anima
1820 2518 1941 2572 data
1967 2558 1982 2584 ,
2028 2526 2085 2573 ut

493 2594 712 2669 illicitos
739 2593 915 2669 carnis
944 2590 1378 2669 motuscorrigat
1396 2629 1417 2669 γ,
1444 2588 1738 2669 ignorantia
1757 2588 1925 2669 .illius
1949 2603 2083 2669 con:

494 2664 708 2734 tingunt
748 2663 846 2734 vel
872 2661 1213 2734 negligentia.
1248 2658 1411 2734 _Sicu_t
1434 2661 1488 2734 ‘si
1518 2659 1929 2734 vel_discipulus
1960 2660 1980 2690 ⁸
2001 2659 2085 2734 vel

492 2728 685 2791 ser'vus
710 2728 1040 2802 negligentia
1061 2730 1293 2802 doctoris
1313 2730 1397 2784 vel
1418 2728 1624 2783 domini
1680 2740 1883 2802 peccat,
1913 2730 2084 2802 magi-

497 2812 615 2860 ster
636 2803 723 2858 vel
747 2800 997 2857 dominus
1021 2810 1168 2856 extra
1189 2800 1397 2869 culpam
1426 2815 1532 2853 non
1555 2807 1657 2864 est;
1678 2800 1755 2854 sic
1780 2800 1955 2853 anima
1981 2800 2085 2855 illis

495 2873 928 2943 contingentibus
954 2880 1103 2927 extra
1127 2872 1335 2943 culpam
1359 2884 1465 2925 non
1486 2878 1588 2938 est,
1615 2885 1736 2924 cum
1765 2871 1864 2925 ista
1891 2870 2086 2927 debeat

494 2942 785 3014 imperare,
814 2943 979 3014 etilla
1008 2942 1248 3014 obedire.

565 3011 791 3071 CAPUT
819 3012 1000 3068 XLIX.
1048 3012 1240 3068 Sensus
1280 3022 1328 3066 et
1370 3013 1420 3066 in
1449 3011 1674 3067 interiori
1716 3012 1935 3066 homine.
1973 3011 2086 3067 Me-

494 3086 728 3141 ditatiom‘
748 3085 1049 3139 incumbere.
1076 3083 1150 3156 (a)
1174 3081 1717 3156 Duabustsubstantiis
1739 3093 1938 3156 tantum
1958 3099 2086 3137 con-

494 3166 603 3213 stat
626 3156 809 3223 homo,
831 3156 1005 3210 anima
1027 3153 1261 3210 et'carne
1287 3173 1299 3208 :
1322 3154 1493 3207 anima
1516 3169 1636 3208 cum
1666 3153 1870 3209 ratione
1890 3169 2004 3219 sua,
2031 3163 2086 3210 et

493 3241 661 3284 carne
689 3242 810 3282 cum
846 3226 1088 3281 sensibus
1115 3228 1245 3280 suis.
1276 3224 1420 3293 Quos
1452 3234 1628 3278 tamen
1657 3239 1845 3279 sensus
1883 3226 2085 3294 absque

494 3298 689 3354 animae
718 3297 972 3352 societate
1000 3312 1105 3350 non
1137 3306 1315 3351 movet
1342 3310 1465 3348 caro
1484 3335 1498 3356 ,
1528 3295 1703 3347 anima
1733 3310 1861 3348 vero
1886 3305 1940 3349 et
1968 3299 2085 3351 sine

494 3382 660 3423 carne
700 3368 957 3422 rationale
984 3382 1136 3421 suum
1179 3373 1343 3421 tenet.
1375 3364 1675 3419 Notandum
1723 3372 1900 3417 tamen
1943 3366 2084 3432 quod

495 3437 784 3507 iidemipsi
814 3452 1022 3504 sensus,
1050 3437 1138 3507 qui
1167 3437 1217 3507 in
1249 3435 1500 3507 exteriori
1526 3433 1741 3487 homine
1758 3434 2084 3507 tdescribunf

495 3516 608 3574 tur,
637 3504 796 3561 simili
825 3508 981 3562 modo
1008 3504 1299 3563 secundum
1331 3505 1543 3557 modum
1572 3519 1725 3558 suum
1757 3504 1807 3557 in
1842 3505 2082 3560 interiori

496 3593 618 3634 esse
643 3576 1082 3643 manifestantur;
1112 3576 1232 3645 quia
1259 3575 1558 3643 spirituales
1584 3589 1673 3645 res
1699 3589 1805 3628 non
1832 3590 2085 3642 corpora-

496 3649 640 3705 libus
665 3649 930 3713 sensibus,
959 3649 1052 3702 sed
1083 3643 1445 3715 spiritualibus
1471 3643 1727 3715 rimanda:
1756 3653 1898 3698 sunt.
1928 3645 2085 3703 Unde

496 3719 674 3774 divina
703 3735 807 3774 vox
838 3720 889 3773 in
918 3714 1330 3788 Denteronomio
1366 3715 1474 3768 ait:
1516 3714 1686 3769 Videte
1720 3717 1966 3788 guoniam
1992 3733 2084 3788 ego

462 3805 611 3867 tium
643 3789 784 3867 Qeus
808 3798 902 3867 ,‘et
940 3804 1041 3867 no_n
1073 3796 1147 3867 est
1181 3787 1316 3867 alius
1350 3794 1539 3867 prteter
1579 3802 1657 3840 me
1683 3785 1859 3867 (Deut.
1890 3785 2042 3867 attuli
2066 3828 2081 3855 ,

470 3857 611 3929 339).
643 3859 712 3914 Et
739 3857 1137 3929 inAApocalypsi
1165 3875 1177 3911 :
1209 3857 1321 3929 Qui
1341 3857 1486 3929 habet
1511 3873 1657 3929 aures
1680 3858 1920 3929 audiendi
1940 3899 1971 3929 ,7
1992 3875 2085 3911 au-

497 3926 606 3984 diat
634 3930 755 3999 quid
786 3926 1171 3999 Spiritus'dicat
1202 3926 1440 3999 Ecclesiis
1469 3927 1653 3996 (Apoc.
1684 3943 1751 3999 tt,
1785 3927 2000 3999 29).7Et
2029 3928 2085 3985 in

501 3996 760 4057 Psalterio
785 4016 797 4052 :
830 3996 1057 4064 Gustata,
1089 4007 1136 4051 et
1162 3998 1321 4050 videte
1345 3999 1585 4065 quoniam
1611 3998 1781 4051 suavis
1806 3996 1877 4053 est
1906 3998 2085 4054 Domi-

494 4086 594 4142 nus
623 4067 796 4142 (Psat.
842 4083 1047 4142 xxxut,
1079 4066 1175 4142 β).
1218 4067 1284 4142 Et
1322 4065 1879 4142 Apostolus:_CI_t_risti
1922 4069 2084 4142 bonus

475 4132 643 4209 'ador‘
670 4154 863 4209 suntus,
888 4147 935 4190 et
978 4132 1039 4190 in
1058 4132 1139 4209 iis
1165 4138 1277 4209 qui
1299 4132 1508 4209 pereunt
1527 4179 1541 4203 ,
1568 4147 1639 4209 tet
1665 4138 1717 4209 in
1744 4139 1807 4192 iis
1848 4140 1931 4209 qui
1959 4141 2085 4194 salvi

496 4207 630 4332 runt
659 4207 726 4280 (ll
753 4207 868 4262 Cor.
900 4222 972 4271 tt,
1017 4207 1128 4276 lii).
1165 4207 1228 4261 Et
1267 4207 1318 4260 in
1351 4207 1636 4277 Evangelio
1666 4207 1921 4263 Dominus
1962 4226 2083 4264 mu-

519 4278 684 4332 ierem
711 4276 815 4332 ﬁde
844 4290 903 4332 se
933 4277 1170 4332 tetigisse
1197 4276 1364 4332 magis
1392 4293 1552 4332 uuam
1578 4292 1802 4332 corpore
1829 4281 2081 4332 ostendit.

519 4276 684 4348 ierem
711 4276 815 4348 ﬁde
844 4290 903 4333 se
933 4277 1170 4348 tetigisse
1197 4276 1364 4347 magis
1392 4276 1552 4348 quam
1578 4292 1802 4347 corpore
1829 4281 2081 4348 ostendit,

498 4347 684 4404 dicens
715 4366 730 4403 :
761 4346 948 4419 Tetigit
984 4346 1064 4402 me
1087 4346 1305 4419 aliquis;
1340 4346 1457 4419 nam
1484 4357 1533 4401 et
1570 4364 1661 4419 ego
1676 4346 1818 4403 sensi
1855 4346 2084 4406 virtutem

496 4420 562 4473 de
589 4435 670 4473 me
705 4416 1039 4489 πείσαιμι.
1072 4416 1194 4484 vut,
1223 4418 1335 4489 46).
1363 4418 1450 4473 Sic
1478 4416 1751 4489 ergo'cum
1779 4422 1921 4474 omni
1952 4437 2082 4476 cau-

497 4490 606 4561 tela
632 4488 1021 4546 observandum
1047 4497 1131 4544 est
1150 4488 1365 4561 quidad
1391 4488 1630 4559 corpOris
1655 4504 1860 4561 sensus,
1885 4492 2084 4561 etquid

496 4560 563 4616 ad
612 4561 805 4617 animm
851 4561 1113 4631 pertineat
1150 4560 1494 4631 dignitatem;
1539 4575 1605 4616 ne
1652 4560 1791 4615 lorte
1833 4560 2085 4619 confusus

496 4631 632 4688 ordo
660 4639 715 4688 et
746 4631 1125 4701 irrationabilis
1153 4632 1436 4686 testimatio
1462 4631 1655 4686 alicubi
1681 4647 1976 4701 repugnare
2001 4634 2083 4688 vi-

496 4702 691 4759 deatur
718 4703 943 4757 veritati.
974 4700 1088 4756 Non
1116 4711 1197 4756 est
1227 4702 1413 4756 tertius
1455 4702 1506 4755 in
1537 4700 1765 4756 hominis
1793 4700 2083 4759 substantia

496 4773 733 4843 spiritus,
769 4781 823 4827 ut
852 4772 1106 4843 Didymus
1140 4772 1444 4843 contendit;
1473 4772 1565 4827 sed
1601 4773 1820 4841 spiritus
1861 4774 1972 4838 ipsa
2001 4784 2082 4829 est

494 4845 674 4899 anima
700 4861 711 4897 :
741 4858 859 4913 quae
882 4842 966 4898 vel
992 4857 1087 4912 pro
1113 4842 1373 4912 spirituali
1402 4850 1609 4907 natura,
1632 4844 1717 4897 vel
1744 4858 1835 4911 pro
1853 4856 1918 4898 eo
1943 4842 2084 4914 quod

497 4914 665 4983 spiret
695 4915 746 4968 in
773 4928 1018 4985 corpore,
1049 4914 1267 4985 spiritus
1292 4914 1611 4985 appellatur.
1641 4914 1828 4985 Anima
1852 4927 1981 4967 vero
2010 4929 2075 4969 ex

495 4982 564 5041 eo
590 4993 843 5049 vocatur,
871 4982 1010 5053 quod
1036 4982 1104 5037 ad
1129 4982 1410 5038 vivendum
1440 4983 1524 5037 vel
1552 4982 1920 5053 vivilicandum
1966 4985 2081 5037 ani-

494 5065 608 5111 tnet
648 5070 862 5124 corpus.
894 5052 1143 5124 Tertium
1187 5069 1354 5120 vero,
1403 5053 1491 5122 qui
1539 5052 1907 5124 abriApostolo
1959 5070 2081 5124 cum

494 5128 675 5182 anima
700 5123 759 5179 et
783 5138 1009 5196 corpore
1024 5123 1319 5196 inducitur,
1345 5124 1586 5191 spiritum
1614 5123 1657 5193 (l
1677 5123 1855 5178 Thess.
1882 5138 1936 5191 v,
1964 5123 2078 5196 25),

495 5198 719 5268 gratiam
749 5195 917 5268 sancti
945 5194 1175 5262 Spiritus
1199 5195 1593 5268 intelligamus:
1617 5209 1774 5263 quam
1802 5204 1912 5248 orat
1943 5194 2082 5268 Apo-

498 5264 686 5331 stolas,
719 5274 775 5320 ut
799 5265 1005 5335 integra
1035 5274 1338 5333 perseveret
1366 5266 1425 5335 in
1444 5264 1616 5329 nobis,
1636 5274 1927 5335 tne_nostro
1954 5266 2083 5321 vitio

490 5345 589 5394 aut
614 5336 899 5401 minuatur,
918 5332 1025 5390 'aut
1055 5335 1261 5405 lugetur
1284 5350 1314 5388 a
1344 5334 1530 5400 nobis;
1558 5334 1678 5406 quia
1708 5332 1933 5405 Spiritus
1959 5351 2081 5390 san-

561 5429 578 5459 ¹
614 5434 721 5477 Mss.
746 5426 860 5487 duo,
886 5426 1057 5477 Arabs.
1087 5426 1231 5486 Alius,
1259 5424 1454 5476 Arabas.

558 5490 580 5551 ξ
614 5495 685 5551 tir.
713 5484 859 5551 Lugd.
887 5495 1005 5551 ven.
1033 5495 1085 5551 et
1109 5484 1237 5538 Lov.':
1261 5487 1388 5538 sicut
1411 5499 1523 5551 cum
1540 5484 1822 5551 discipulus.
1871 5494 1947 5551 ξι.

555 5549 634 5612 (a)
668 5553 735 5613 ttx
759 5548 990 5613 deanam,
1036 5550 1101 5613 de
1137 5557 1355 5613 Dogmat.
1382 5548 1820 5613 Ecclesiast.'capp._
1862 5548 1938 5613 l9,
1986 5548 2077 5613 20;

492 5610 657 5676 ttugo,
675 5611 740 5676 de
762 5612 897 5676 Modo
912 5612 1113 5676 orandi,
1138 5610 1242 5676 cap.
1270 5613 1313 5661 l.
1343 5619 1453 5676 Haec
1467 5612 1614 5661 etiam
1628 5610 1893 5676 manselmi
1913 5611 2074 5661 Medit.

490 5672 679 5784 ἔξὴὲιέ
688 5672 1084 5784 Aultrthttaez‘lliltiautltgne
1108 5672 1220 5725 sunt
1257 5673 1479 5738 quaedam
1501 5685 1613 5737 qua:
1635 5673 1762 5737 apud
1803 5681 2076 5739 nugonem,

568 5768 581 5783 .
600 5743 666 5783 ae
688 5743 834 5783 arma
850 5745 1038 5784 ammte.

473 3928 483 4126 ἱ

1770 5840 1836 5850 ...-

1946 220 2315 284 ΑΡΡΕΝΒΙΧ.

3655 226 3773 287 816

2172 357 2283 402 ctus
2318 344 2523 418 effugiet
2547 346 2750 418 fictum,
2770 347 2825 418 et
2850 346 3044 415 auferet
3081 358 3138 400 se
3157 357 3191 398 a
3231 342 3618 416 cogitationibus
3652 363 3776 418 qua

2171 428 2286 473 sunt
2316 416 2437 473 sine
2452 417 2705 472 intellectu
2732 416 2887 487 (Sap.
2919 432 2970 479 ι,
3004 417 3083 483 5).

2242 489 2361 560 Jugi
2377 505 2504 559 ergo
2525 489 2864 560 meditatione
2880 488 3113 541 animum
3138 497 3376 543 nostrum
3393 504 3768 560 exerceamus,

2172 569 2227 615 et
2254 558 2649 615 consideremus
2677 558 2917 613 miserias
2945 568 2998 612 et
3029 561 3378 616 necessitates
3405 570 3613 615 nostras
3637 605 3651 626 ,
3684 558 3772 617 la;

2173 630 2330 685 bores
2356 642 2410 685 et
2435 631 2665 685 dolores.
2692 629 2954 699 Lugentes
2991 630 3130 684 enim
3160 632 3210 683 in
3244 631 3382 686 hanc
3410 634 3570 686 vitam
3596 632 3772 687 intra—

2173 703 2365 764 vimus,
2411 718 2532 755 cum
2580 702 2765 756 labore
2793 701 3046 763 vivimus,
3090 716 3210 755 cum
3254 702 3441 756 dolore
3481 713 3535 757 et
3574 703 3772 760 timore

2174 772 2364 826 exituri
2404 788 2606 826 sumus.
2648 770 2958 843 Cogitemus
2986 786 3115 841 ergo
3157 787 3315 843 quam
3345 774 3413 826 sit
3454 773 3634 830 brevis
3660 777 3771 829 vita

2175 854 2353 897 nostra
2376 883 2391 908 ,
2427 858 2581 911 quam
2608 842 2689 895 via
2723 843 2921 897 lubrica
2941 884 2954 907 ,
2983 859 3138 912 quam
3169 842 3313 897 mors
3341 854 3485 899 certa
3505 884 3521 909 ,
3550 854 3606 899 et
3636 846 3772 902 hora

2175 915 2362 968 mortis
2393 915 2612 968 incerta.
2640 913 2945 982 Cogitemus
2971 914 3183 982 quantis
3204 915 3648 971 amaritudinibus
3673 917 3772 972 ad—

2178 985 2399 1057 mixtum
2428 986 2529 1051 sit,
2559 986 2599 1039 si
2628 984 2753 1054 quid
2777 984 2946 1057 dulce
2964 994 3051 1057 aut
3089 984 3384 1057 jucundum
3416 986 3467 1040 in
3498 986 3582 1040 via
3610 987 3771 1057 hujus

2176 1056 2298 1109 vitrc
2325 1071 2548 1110 occursu
2577 1071 2674 1128 suo
2703 1055 2855 1128 nobis
2883 1054 3097 1119 alludit;
3128 1071 3288 1128 quam
3312 1056 3468 1111 fallax
3497 1067 3551 1111 et
3575 1054 3769 1128 suspe-

2178 1135 2351 1198 ctum,
2398 1142 2553 1195 quam
2584 1126 2828 1180 instabile
2875 1135 2938 1198 et,
2977 1126 3336 1198 transitorium
3376 1136 3459 1181 est
3509 1126 3770 1198 quidquid

2177 1197 2333 1266 hujus
2359 1198 2539 1253 mundi
2565 1197 2987 1269 amorparturit,
3013 1196 3266 1269 quidquid
3297 1199 3504 1269 species
3529 1209 3620 1253 aut
3645 1196 3767 1269 pul-

2179 1268 2422 1323 chritudo
2466 1267 2771 1337 temporalis
2814 1267 3092 1335 promittit.
3144 1267 3558 1324 Consideremus
3605 1267 3770 1328 etiam

2218 1354 2295 1413 u:_n
2333 1340 2401 1413 sit
2440 1338 2889 1413 patrirecmlestis
2934 1337 3290 1413 pulchritudo,
3335 1342 3773 1413 suavitasatque

2178 1354 2295 1463 quas
2333 1354 2401 1392 su
2440 1354 2625 1408 patrue
2655 1354 2889 1393 cmtesus
2934 1354 3290 1407 pntcnrttnao,
3335 1354 3568 1394 suavuas
3610 1354 3766 1413 atque

2218 1410 2424 1465 ulcedo.
2451 1410 2797 1481 Attendamus
2817 1419 2869 1463 et
2887 1409 3279 1481 perpendamus
3297 1410 3440 1465 unde
3453 1411 3766 1481 cecidimus,

2180 1491 2234 1535 ct
2260 1481 2347 1534 ubi
2371 1481 2610 1550 jacemus
2633 1497 2648 1546 ;
2675 1479 2800 1550 quid
2829 1480 3178 1548 perdidimus,
3206 1490 3258 1535 et
3281 1481 3406 1552 quid
3433 1479 3768 1539 invenimus:

2180 1559 2239 1605 ut
2282 1568 2346 1605 ex
2400 1560 2623 1619 utro-pte
2670 1551 3023 1620 intelligamus
3063 1551 3317 1621 quantum
3367 1554 3521 1608 nobis
3567 1554 3620 1608 in
3669 1554 3773 1612 hoc

2181 1622 2369 1677 exsilio
2400 1621 2683 1689 lugendum
2730 1622 2818 1675 sit.
2865 1622 2998 1693 Hinc
3040 1624 3182 1677 enim
3213 1623 3466 1678 Salomon
3510 1623 3619 1678 ait:
3669 1626 3773 1693 Qui

2182 1694 2392 1767 apponit
2435 1694 2732 1767 scientiam,
2763 1692 2973 1767 apponit
3000 1702 3049 1747 et
3084 1693 3534 1767 dolorerrt_(Eccle.
3562 1711 3613 1761 ι,
3651 1696 3770 1767 {8).

2182 1763 2553 1835 Quiaquanto
2600 1764 2766 1833 magis
2802 1765 2960 1835 homo
3001 1778 3097 1818 sua
3135 1765 3271 1819 mala
3315 1765 3577 1835 intelligit,
3622 1763 3773 1822 tanto

2183 1834 2410 1900 amplius
2434 1835 2664 1902 suspirat
2687 1844 2739 1887 et
2765 1834 2952 1902 gemit.

2256 1903 2477 1978 CAljUT
2514 1903 2585 1978 _L.
2639 1905 2959 1978 A.lletlitatio_
2993 1906 3157 1978 quid.
3196 1906 3439 1962 Scientia.
3512 1907 3775 1978 Compan-

2184 1974 2301 2028 ctio.
2347 1973 2574 2029 Devotio.
2626 1974 2820 2029 Oratio.
2864 1973 3107 2042 Affectus.
3141 1977 3219 2046 (tt)
3269 1978 3492 2032 Scientia
3534 1973 3775 2035 sui'aliis

2186 2046 2545 2115 pt'wponenda.
2572 2046 2839 2100 Meditatio
2854 2047 3113 2115 siquidem
3135 2050 3269 2116 parit
3283 2049 3580 2114 scientiam,
3600 2051 3773 2105 scicn-

2184 2117 2254 2170 tia
2282 2118 2767 2185 contpuuctioncm,
2800 2118 3139 2185 compunctio
3163 2118 3525 2183 devotionem,
3557 2121 3778 2177 devotio

2184 2186 2391 2260 perlicit
2418 2187 2733 2241 orationem.
2765 2188 3034 2260 Meditatio
3076 2198 3160 2243 est
3188 2188 3439 2257 frequens
3476 2192 3729 2260 cogitatio
3750 2232 3768 2257 ,

2184 2257 2393 2328 curiosa
2430 2267 2484 2312 et
2527 2273 2685 2326 sagax
2731 2259 2954 2312 obscura
2997 2260 3335 2328 investigare.
3367 2269 3421 2313 et
3463 2257 3668 2316 occulta
3707 2262 3777 2318 ad

2186 2327 2427 2406 notitiam
2458 2330 2687 2406 trahere.
2717 2328 2948 2406 Scientia
2973 2339 3052 2406 est
3077 2327 3299 2406 quando
3317 2331 3476 2385 homo
3502 2332 3566 2406 a_d
3591 2335 3776 2406 cogni-

2187 2398 2386 2472 tionem
2416 2399 2495 2452 sui
2523 2400 2732 2472 assidua
2762 2398 3105 2472 meditatione
3134 2401 3481 2456 illuminatur.
3504 2398 3776 2472 Comp'un-

2187 2469 2292 2522 ctio
2322 2477 2403 2521 cst
2427 2469 2640 2538 quando
2679 2486 2744 2525 ex
2780 2470 3207 2526 consideratione
3248 2473 3506 2527 malorum
3555 2469 3776 2531 suorum

2187 2540 2516 2614 corittterno
2544 2540 2729 2614 dolore
2774 2543 3019 2614 tangitur.
3055 2542 3273 2614 Devotio
3298 2551 3381 2596 est
3412 2545 3529 2614 pius
3573 2553 3626 2598 et
3670 2545 3777 2601 htt-

2189 2609 2328 2663 milis
2356 2609 2574 2664 allectus
2613 2612 2664 2664 in
2698 2609 2899 2674 Deum;
2929 2612 3142 2666 humilis
3164 2629 3226 2667 ex
3258 2609 3581 2668 conscientia
3625 2615 3774 2671 inﬁr-

2190 2680 2390 2752 mitatis
2405 2684 2648 2750 pr0pria2,
2667 2681 2784 2752 pius
2803 2696 2873 2739 et
2889 2683 3311 2738 consideratione
3329 2683 3523 2739 divina:
3542 2686 3777 2742 clemen-

2191 2750 2295 2803 tiae.
2325 2751 2504 2805 Oratio
2547 2761 2628 2807 est
2670 2750 2863 2808 tuentis
2893 2754 3138 2819 devotio,
3170 2754 3220 2807 id
3251 2764 3364 2818 est,
3410 2758 3690 2811 conversio
3720 2758 3774 2812 in

2190 2821 2356 2875 Deum
2400 2836 2493 2891 per
2540 2823 2682 2891 pium
2731 2834 2783 2878 et
2820 2824 3072 2878 humilem
3113 2824 3379 2880 aliecmm.
3415 2828 3650 2882 Allectus
3691 2839 3777 2883 est

2189 2902 2481 2959 spontanea
2526 2894 2764 2960 qumdam
2793 2910 2854 2949 ac
2891 2895 3065 2949 dulcis
3096 2896 3260 2961 ipsius
3296 2896 3453 2949 animi
3491 2898 3555 2951 ad
3606 2898 3777 2954 Deum

2190 2962 2593 3037 inclinatiosNil
2623 2966 2763 3019 enim
2794 2967 2873 3037 ita
2895 2966 3058 3019 Deum
3096 2965 3315 3021 inclinat
3347 2966 3411 3019 ad
3448 2968 3699 3037 pietatem
3722 2979 3779 3025 et

2188 3035 2629 3106 misericordiam,
2653 3035 3098 3106 quemadmodum
3126 3052 3291 3105 purus
3315 3035 3505 3092 mentis
3527 3041 3775 3096 allectus.

2261 3105 2546 3161 Scientiam
2576 3107 2873 3162 caelestium
2904 3116 2958 3161 et
2990 3110 3316 3162 terrestrium
3357 3124 3532 3163 rerum
3562 3110 3778 3167 laudare

2189 3184 2346 3246 atque
2391 3192 2573 3231 amare
2623 3180 2798 3233 solent
2844 3177 3123 3242 homines;
3171 3179 3264 3234 sed
3316 3181 3482 3233 multo
3529 3181 3778 3238 meliores

2188 3257 2331 3319 sunt,
2357 3250 2442 3319 qui
2467 3248 2587 3301 huic
2608 3250 2844 3303 scientia:
2862 3260 3177 3318 prteponuut
3198 3265 3418 3305 noscere
3439 3253 3775 3319 semetipsos.

2190 3316 2529 3372 Laudabilior
2552 3320 2810 3388 siquidem
2840 3316 3047 3374 animus
3068 3328 3169 3385 est,
3197 3321 3283 3375 cui
3312 3330 3432 3375 nota
3456 3332 3539 3377 est
3564 3316 3779 3379 miseria

2189 3401 2282 3441 sua
2301 3429 2317 3454 ,
2348 3404 2504 3458 quam
2534 3391 2624 3459 qui
2650 3406 2712 3445 ea
2742 3405 2847 3444 non
2877 3400 3117 3459 respecta
3143 3433 3157 3455 ,
3191 3392 3301 3445 vias
3330 3391 3566 3447 siderum
3594 3404 3650 3449 et
3678 3408 3778 3448 na-

2190 3466 2336 3530 turas
2376 3475 2553 3513 rerum
2580 3469 2861 3516 scrutatur.
2902 3462 2999 3527 Qui
3034 3477 3163 3517 vero
3184 3461 3295 3530 jam
3328 3463 3380 3516 in
3413 3463 3579 3518 Deum
3609 3463 3776 3530 evigi-

2189 3528 2315 3583 lavit
2354 3530 2581 3599 Spiritus
2625 3533 2793 3604 sancti
2823 3531 3002 3604 calore
3042 3528 3335 3599 excitatus,
3366 3542 3524 3604 atque
3568 3535 3623 3589 in
3662 3528 3786 3604 ejus

2188 3613 2372 3672 amore
2400 3615 2579 3655 coram
2610 3616 2668 3657 se
2689 3603 2869 3668 viluit,
2897 3602 2961 3656 ad
2988 3617 3217 3672 eumque
3248 3602 3453 3659 intrare
3475 3606 3657 3660 volens
3683 3602 3782 3662 nec

2188 3670 2390 3731 valens,
2417 3686 2587 3740 eoque
2606 3674 2704 3727 sibi
2735 3675 2942 3728 lucente
2965 3670 3190 3727 attendit
3210 3673 3262 3727 in
3288 3690 3347 3729 se
3365 3715 3379 3738 ,
3402 3684 3457 3730 et
3476 3676 3676 3731 invenit
3696 3691 3780 3743 se,

2188 3754 2445 3811 suamque
2456 3744 2821 3815 a-gritndinem
2838 3744 2973 3815 illitis
2988 3743 3257 3815 munditiae
3270 3748 3657 3815 contemperari
3671 3762 3781 3803 non

2190 3826 2346 3885 posse
2362 3814 2674 3885 cognoscit;
2700 3815 2853 3868 dulce
2875 3814 3033 3868 habet
3053 3814 3203 3879 ﬂere,
3226 3831 3454 3884 eumque
3476 3814 3700 3885 precari,
3721 3825 3781 3873 ut

2188 3882 2271 3954 sui
2303 3884 2615 3938 misereatur
2636 3924 2652 3948 ,
2682 3895 2950 3954 totamque
2973 3885 3090 3953 ejus
3127 3882 3392 3939 miseriam
3418 3882 3597 3942 exuat.
3628 3882 3781 3943 Hunc

2189 3950 2367 4028 itaque
2395 3963 2636 4028 egentem
2666 3950 3017 4028 et_doleutetn
3040 3955 3391 4028 scientianon
3439 3958 3617 4021 inﬂat,
3656 3960 3781 4028 quia

2189 4022 2689 4096 eharitastmdilicat.
2718 4026 3014 4094 Pro-posuit
3041 4027 3183 4079 enim
3212 4027 3486 4081 scientiam
3518 4022 3777 4096 scientiae,

2189 4092 2240 4146 id
2252 4104 2353 4169 est,
2372 4094 2512 4169 scire
2527 4111 2584 4151 se
2602 4097 2772 4167 ipsum
2786 4092 2852 4151 et'
2865 4096 3219 4151 inﬁrmitatem
3234 4111 3405 4169 suam,
3429 4099 3596 4168 magis
3618 4092 3781 4169 quani

2189 4164 2327 4218 scire
2356 4166 2494 4220 vires
2522 4164 2828 4233 herbarum,
2854 4179 2909 4222 et
2936 4176 3150 4221 naturas
3175 4168 3480 4221 animalium
3507 4164 3606 4223 {et
3635 4164 3779 4227 hanc

2188 4236 2504 4303 apponendo
2530 4238 2804 4292 scientiam
2830 4279 2845 4304 ,
2888 4238 3134 4307 apposuit
3156 4246 3212 4292 et
3234 4237 3473 4293 dolorem
3495 4281 3509 4303 ,
3536 4239 3781 4295 dolorem

2189 4306 2390 4378 scilicet
2419 4309 2857 4377 peregrinationis
2878 4306 2986 4362 sum
3016 4310 3033 4340 ¹
3053 4324 3120 4363 ex
3145 4308 3409 4363 desiderio
3435 4310 3616 4378 patria:
3637 4325 3779 4378 suae,

2189 4385 2242 4431 et
2272 4377 2488 4431 visionis
2520 4379 2633 4443 Dei,
2661 4395 2817 4448 quem
2841 4393 3062 4435 cernere
3089 4378 3211 4432 linis
3236 4381 3255 4410 ³
3282 4397 3294 4431 :
3323 4381 3405 4434 cui
3428 4377 3508 4432 est
3531 4381 3697 4447 gloria
3722 4382 3781 4436 ia

2189 4448 2382 4519 saecula
2408 4450 2747 4519 saeculorum.
2780 4452 2948 4505 Amen
2978 4450 3019 4502 ³.
3049 4449 3201 4503 Dolet
3224 4451 3312 4519 qui
3335 4458 3540 4503 tenetur
3559 4451 3779 4519 exsilio,

2189 4519 2311 4586 quia
2337 4517 2576 4591 dill‘ertur
2600 4535 2630 4591 a
2676 4535 2859 4589 regno.
2908 4520 3063 4575 Dolet
3089 4520 3215 4591 dum
3245 4517 3551 4575 recordatur
3575 4536 3701 4591 qua:
3723 4517 3777 4579 et

2188 4597 2383 4663 quanta
2413 4589 2547 4642 mala
2596 4589 2754 4663 fecit,
2786 4599 2842 4645 et
2865 4605 3024 4660 quam
3059 4590 3421 4646 intolerabiles
3464 4589 3649 4661 pcenas
3681 4607 3781 4663 pro

2189 4657 2293 4711 illis
2323 4673 2571 4723 passurus
2596 4661 2685 4713 sit.

2259 4727 2483 4783 CAPUT
2507 4729 2589 4783 LI.
2626 4730 2845 4784 Atlentio
2882 4748 2942 4785 ac
2962 4731 3207 4786 discussio
3245 4733 3346 4786 sui.
3386 4731 3776 4791 Cansideratia-

2188 4814 2276 4853 nes
2328 4799 2517 4854 vitiosa:
2538 4800 2638 4869 (b).
2668 4801 2799 4855 Cum
2829 4802 2972 4857 nulla
3004 4803 3225 4857 scientia
3256 4803 3443 4857 melior
3467 4804 3538 4859 sit
3562 4805 3653 4859 illa
3674 4820 3779 4875 qua

2254 4913 2270 4943 ι
2306 4917 2379 4960 Er.
2403 4911 2697 4978 L_ugd._\’en.
2724 4921 2830 4964 Lor.
2870 4914 2939 4963 sic
2961 4914 3152 4978 legunt
3172 4914 3300 4964 hunc
3337 4912 3533 4978 locum:
3560 4918 3630 4978 Et;
3653 4913 3786 4965 hanc

2186 4973 2491 5046 apponat/lo:
2507 4973 2771 5046 scientiam,
2789 4973 3036 5046 apposuit
3071 4974 3302 5037 dolorem,
3337 4975 3391 5028 id
3435 4980 3507 5028 est
3541 4976 3787 5041 defectum

2186 5041 2584 5099 peregrinationis
2606 5049 2723 5087 sum.
2788 5044 2844 5086 Μ.

2198 5172 2201 5173 ν
2296 5098 2387 5173 ttie
2420 5096 2656 5173 clauditur
2680 5100 2805 5173 liber
2842 5099 3139 5173 iu_omnibus
3166 5105 3349 5173 nostrls
3380 5105 3511 5160 Mss,
3538 5099 3665 5173 apud
3687 5106 3787 5150 litt-

2185 5171 2365 5223 gonetn
2389 5167 2440 5209 et
2465 5158 2733 5210 Alchet‘tlm.
2760 5170 2872 5220 Qu:e
2891 5169 3056 5212 tamen
3090 5170 3358 5225 supersunt
3385 5158 3665 5214 uenalium
3704 5176 3787 5211 m-

2186 5227 2339 5269 DUUlll
2371 5229 2634 5271 auctorem.

2222 5282 2272 5349 .3
2290 5287 2376 5352 .Er.
2404 5291 2455 5332 et
2472 5290 2590 5352 ven.
2615 5285 2860 5352 omittunt,
2897 5298 3040 5348 quem
3072 5298 3271 5352 cernere
3302 5284 3418 5352 linis
3445 5298 3463 5335 :
3480 5284 3567 5352 cui
3587 5292 3657 5337 est
3679 5285 3784 5352 gia-

2185 5342 2262 5391 ria
2283 5342 2333 5412 in
2354 5344 2535 5412 satcuta
2554 5342 2859 5412 surculorum.
2909 5342 3071 5412 Lintea.
3116 5348 3246 5412 apud
3290 5342 3443 5412 Lugd.
3480 5347 3589 5412 haec
3628 5342 3782 5398 ve'rba

2185 5405 2339 5472 uncis
2363 5405 2739 5472 concluduntur,
2780 5421 2889 5458 cum
2938 5405 3256 5472 adnotatione
3292 5405 3547 5472 ma'rgioali
3586 5423 3601 5458 :
3654 5427 3679 5456 ι
3700 5415 3784 5459 ιω

2192 5482 2216 5512 ι
2237 5467 2405 5532 verbis
2439 5465 2673 5532 ﬂuitabant
2694 5469 2773 5518 hic
2797 5477 2965 5532 vetera
2991 5469 3311 5532 exemplaria.
3335 5487 3359 5515 io
3396 5465 3486 5519 ἰι

2183 5526 2321 5638 29(α)
2356 5536 2467 5578 utec
2490 5534 2542 5578 et
2562 5530 2614 5582 in
2633 5531 2910 5593 Appendice
2933 5526 3161 5581 Bernardi
3178 5566 3193 5594 ,
3225 5531 3292 5583 de
3312 5532 3644 5595 Conscientia,
3667 5543 3781 5596 cap.

2247 5650 2441 5720 (1))Ῡὶίίζ
2467 5651 2552 5704 lib.
2575 5655 2657 5705 cit.
2681 5653 2746 5705 de
2767 5655 3082 5720 Conscientia,
3099 5669 3204 5720 cap.
3218 5655 3437 5720 d3;‘vid.
3467 5666 3618 5717 etiam
3641 5668 3749 5714 tle-

2185 5725 2320 5779 capp.
2345 5715 2471 5781 6,3;
2505 5725 2558 5770 et.
2598 5726 2742 5781 aug,
2785 5716 2851 5768 de
2873 5717 3023 5771 tnstit.
3059 5715 3233 5784 Novit”
3267 5715 3446 5783 ἁμο.

3594 5836 3671 5871 ,ιο
