4138 6212
264 376 277 384 .
332 333 436 392 817

335 449 608 520 cognoscit
626 448 787 505 homo
806 447 1174 518 semetipsum,
1195 446 1539 520 discutiamus
1554 446 1924 520 cogitationes,

333 518 631 576 locutiones
652 531 809 590 atque
836 534 994 589 opera
1026 529 1227 574 nostra.
1250 519 1385 587 Quid
1415 519 1555 573 enim
1584 518 1801 590 prodest
1827 536 1927 573 no-

334 593 436 655 bis,
480 594 524 648 si
572 589 746 647 rerum
796 592 1032 647 omnium
1074 600 1287 645 naturas
1333 590 1596 644 subtiliter
1637 589 1923 659 investige-

335 679 493 727 mus,
544 664 829 717 eflieaciter
874 662 1420 732 comprehendamus,
1471 669 1525 715 et
1567 662 1926 732 nosmetipsos

335 749 441 789 non
490 733 882 803 intelligamus?
928 730 1304 803 Ex‘aminemus
1358 747 1486 803 ergo
1527 748 1644 803 qua:
1698 730 1925 787 fecimus

335 820 468 870 nos,
522 805 567 859 si
614 802 905 859 secundum
954 802 1096 873 quod
1137 802 1447 869 debuimus,
1488 802 1555 858 ea
1598 803 1921 857 fecerinms:

335 875 733 931 consideremus
784 889 847 929 ea
904 890 1024 943 qua:
1073 873 1260 929 facturi
1307 888 1527 937 sumus,
1586 874 1630 927 si
1680 874 1786 926 sint
1834 888 1924 927 se-

333 946 567 1000 cundum
601 946 789 1000 Deum.
830 945 992 1000 Valde
1020 945 1282 1014 siquidem
1320 955 1405 999 est
1441 944 1738 999 necessaria
1772 944 1923 999 nobis

334 1016 739 1087 circuiuspectio
792 1015 1237 1087 examinationis;
1296 1026 1556 1087 quatenus
1604 1030 1700 1083 per
1754 1030 1922 1087 expe-

334 1085 582 1142 rientiam
623 1102 806 1140 eorum
854 1102 972 1156 quae
1026 1086 1276 1149 fecimus,
1324 1085 1390 1138 ad
1441 1100 1502 1140 ea
1555 1100 1673 1154 qua:
1717 1085 1919 1156 agenda

334 1165 458 1211 sunt
501 1158 763 1211 eautiorcs
800 1155 1105 1211 reddamur.
1133 1156 1285 1223 Stepe
1328 1171 1554 1225 namque
1601 1171 1734 1225 opus
1779 1155 1921 1225 quod

334 1225 473 1281 bona
501 1228 796 1281 intentione
825 1226 1065 1281 inchoari
1092 1226 1376 1292 credimus,
1406 1235 1549 1280 tanto
1573 1227 1730 1280 citius
1752 1227 1802 1279 in
1827 1227 1922 1281 de—

335 1298 597 1367 ceptionis
638 1298 883 1367 laqueum
915 1312 1014 1351 nos
1054 1297 1385 1365 praecipitat,
1425 1306 1624 1366 quanto
1650 1297 1716 1351 de
1744 1298 1921 1352 inten-

336 1368 498 1423 tionis
522 1379 717 1422 nostrte
748 1367 1007 1436 principio
1035 1368 1208 1422 securi
1241 1367 1398 1421 finem
1439 1369 1662 1421 actionis
1692 1384 1796 1421 non
1827 1369 1922 1422 oh-

335 1452 613 1493 servamus
639 1456 651 1492 :
677 1448 731 1492 et
762 1438 1126 1507 imprudentes
1154 1438 1302 1507 quasi
1324 1439 1405 1491 via
1434 1438 1586 1505 plana
1615 1439 1680 1491 ad
1714 1437 1919 1493 foveam

334 1514 628 1571 currimus;
657 1510 775 1578 quia
793 1510 1034 1563 videmus
1055 1507 1177 1578 quid
1196 1508 1436 1573 facimus,
1461 1509 1554 1562 sed
1574 1510 1696 1578 quid
1722 1510 1879 1563 linem
1902 1510 1918 1541 ί

334 1589 575 1634 nostrum
607 1580 753 1648 sequi
783 1579 994 1643 debeat,
1026 1595 1129 1633 non
1161 1579 1504 1632 attendimus.
1532 1580 1602 1632 Ita
1634 1581 1773 1634 enim
1800 1595 1917 1633 am-

333 1649 523 1719 biguus
542 1660 625 1705 est
649 1651 809 1703 animi
836 1649 1079 1715 alfectus,
1104 1659 1164 1703 ut
1192 1650 1292 1703 nisi
1319 1664 1385 1703 ex
1417 1649 1522 1703 fine
1551 1652 1727 1717 operis
1750 1650 1920 1718 quali-

334 1727 495 1775 tatem
525 1721 829 1775 intentionis
849 1720 964 1788 ejus
990 1720 1295 1775 discernere
1321 1734 1423 1773 non
1454 1721 1745 1774 valeamus.
1777 1721 1920 1774 Prm-

335 1799 479 1846 terea
508 1807 725 1846 necesse
752 1800 834 1845 est
873 1799 927 1845 ut
957 1806 1048 1861 per
1077 1791 1309 1860 singulos
1337 1790 1451 1845 dies
1485 1791 1645 1845 vitam
1680 1799 1917 1845 nostram

333 1861 400 1915 ad
425 1862 678 1932 judicium
711 1876 962 1915 vocemus
987 1905 1000 1923 ,
1031 1871 1082 1915 et
1108 1861 1233 1930 quid
1261 1862 1465 1932 egimus
1491 1877 1587 1929 per
1625 1870 1832 1916 noctem
1864 1869 1919 1916 et

334 1931 496 1994 diem,
524 1932 886 1987 examinemus
910 1948 923 1994 ;
949 1940 1002 1987 et
1027 1939 1224 2001 quanto
1253 1931 1318 1985 ad
1340 1932 1474 1984 bona
1499 1932 1733 1986 facienda
1761 1932 1918 1987 solito

332 2002 639 2065 alacriores,
664 2012 717 2056 et
735 2010 934 2070 quanto
959 2002 1023 2056 ad
1050 2003 1185 2054 mala
1211 2001 1465 2055 vincenda
1492 2002 1648 2055 solito
1668 2013 1919 2056 constan-

335 2076 534 2136 tiores;
565 2071 611 2126 si
636 2073 687 2125 in
714 2072 891 2142 aliquo
915 2087 1077 2139 opere
1103 2082 1285 2125 nostro
1315 2072 1518 2126 insidiis
1554 2073 1747 2126 inimici
1788 2088 1914 2140 sup-

331 2143 550 2213 plantati
577 2143 776 2208 simus;
809 2143 1034 2212 qualiter
1056 2142 1267 2196 demum
1296 2156 1392 2211 per
1420 2143 1667 2213 indicium
1698 2146 1717 2173 ¹
1741 2154 1915 2197 trans-

330 2212 464 2269 acta:
524 2213 852 2281 deceptiouis
916 2212 1146 2267 futuram
1217 2213 1355 2267 illius
1414 2212 1653 2266 fraudem
1725 2227 1915 2269 cavere

332 2284 922 2353 valeamuszquatenus
968 2299 1069 2337 nec
1110 2284 1489 2351 superveniens
1555 2284 1775 2337 tentatio
1820 2298 1917 2338 nos

332 2354 651 2425 improvisos
686 2355 752 2407 ad
783 2354 979 2407 malum
1024 2369 1156 2423 Opus
1181 2353 1425 2425 dejiciat,
1458 2368 1557 2425 nec
1603 2354 1916 2410 indiscretos

330 2425 386 2480 in
416 2423 588 2494 opere
628 2425 768 2479 bono
811 2439 1050 2494 praesens
1098 2424 1411 2492 negligentia
1458 2423 1619 2478 fallat.
1668 2425 1916 2492 Quisquis

333 2496 537 2550 scilicet
560 2511 655 2550 cor
677 2509 832 2549 suum
862 2496 912 2548 in
946 2494 1246 2560 hujusmodi
1275 2495 1450 2548 studio
1480 2508 1713 2556 exercet,
1737 2495 1917 2549 audiat

332 2567 458 2636 quid
486 2566 698 2636 quidam
738 2566 951 2635 sapiens
988 2566 1165 2619 dicat:
1203 2583 1221 2616 ι
1251 2564 1397 2619 Scito
1424 2574 1474 2620 te
1498 2566 1689 2633 ipsum.
1721 2584 1740 2615 ι
1770 2565 1915 2619 Scito

334 2635 472 2691 unde
510 2635 734 2702 venisti,
766 2646 857 2690 aut
887 2651 993 2704 quo
1024 2636 1212 2700 vadis;
1240 2636 1508 2705 quomodo
1538 2635 1672 2689 vivis
1693 2677 1707 2700 ,
1741 2650 1912 2703 quan-

333 2717 445 2762 tum
487 2708 697 2777 prolicis
739 2707 821 2761 vel
845 2706 1063 2770 deficis,
1104 2721 1263 2776 quam
1302 2706 1455 2775 longe
1502 2720 1562 2777 es
1603 2722 1630 2758 a
1664 2705 1913 2777 Deo,ivel

332 2776 497 2848 quam
518 2794 701 2847 prope.
724 2794 827 2832 non
853 2777 1147 2832 intervallis
1169 2777 1427 2848 iocorum,
1455 2776 1547 2830 sed
1570 2776 1915 2830 similitudine

329 2846 417 2904 vel
443 2848 874 2902 dissimilitudine
904 2863 1133 2901 morum.
1165 2846 1310 2901 Scito
1338 2848 1606 2916 quomodo
1634 2848 1791 2899 homo
1817 2862 1876 2902 es
1894 2886 1910 2912 ,

331 2919 483 2989 cujus
523 2918 819 2989 conceptioi
842 2919 1016 2986 culpa,
1047 2917 1471 2989 nasciiiniseria,
1502 2920 1691 2989 vivere
1728 2932 1911 2986 paena,

330 2987 467 3045 meri
498 3003 738 3044 necesse.
787 2987 999 3042 Certum
1027 2995 1109 3042 est
1132 2987 1252 3056 quia
1296 2988 1573 3051 morieris;
1604 2987 1697 3042 sed
1738 2989 1914 3041 incer-

331 3069 444 3115 tum
485 3059 772 3129 quomodo,
805 3058 883 3111 vel
922 3056 1136 3127 quando
1184 3056 1269 3129 vel
1311 3058 1420 3129 ubi.
1463 3056 1721 3129 Quoniam
1762 3072 1915 3129 mors

331 3126 527 3200 ubique
570 3141 622 3186 te
666 3136 956 3200 exspectat,
992 3137 1132 3200 ettu
1175 3127 1219 3180 si
1257 3128 1469 3200 sapiens
1508 3126 1691 3200 fueris,
1724 3127 1917 3200 ubique

330 3196 459 3257 eam
476 3196 835 3269 exspectabis.
868 3198 1096 3254 Attende
1126 3213 1254 3269 ergo
1269 3196 1502 3269 sollicite
1531 3196 1655 3269 quid
1679 3212 1804 3264 agas
1830 3196 1915 3251 vel

331 3271 458 3343 quid
486 3267 642 3343 agere
668 3269 900 3343 debeas;
932 3270 989 3343 si
1015 3268 1155 3343 quod
1184 3267 1480 3343 faciendum
1520 3277 1602 3322 est
1632 3268 1788 3343 facias
1813 3284 1828 3333 ;
1869 3268 1915 3322 si

331 3339 474 3398 hono
501 3339 648 3412 operi
675 3340 872 3395 malum
897 3340 1109 3409 aliquod
1139 3356 1246 3412 non
1274 3339 1607 3412 admisceas;
1641 3339 1694 3412 si
1716 3339 1915 3412 bonum

330 3413 471 3482 quod
512 3408 646 3482 agis,
689 3422 883 3482 quanta
928 3408 1138 3482 oportet.
1177 3410 1460 3482 dev0tione
1505 3408 1822 3482 adimpleas;
1870 3408 1915 3463 si

328 3480 566 3547 alterius,
594 3491 653 3538 ut
676 3480 845 3543 tuum,
872 3480 1066 3536 bonum
1087 3480 1306 3551 diligas;
1330 3481 1374 3536 si
1402 3489 1568 3539 tuum,
1594 3490 1649 3533 ut
1673 3480 1911 3543 alterius,

330 3555 528 3609 malum
556 3552 950 3621 reprehendas;
982 3553 1025 3606 si
1056 3552 1134 3607 sic
1158 3552 1395 3607 declinas
1415 3566 1445 3605 a
1474 3551 1634 3615 malo,
1668 3560 1724 3604 ut
1752 3550 1916 3606 facias

329 3625 551 3679 bonum.
584 3623 721 3678 Sunt
754 3623 893 3677 enim
916 3622 1130 3692 quidam
1159 3631 1365 3677 tantum
1401 3621 1737 3676 attendentes
1777 3623 1914 3676 mala

329 3710 450 3765 quae
476 3709 580 3748 non
620 3693 818 3748 faciunt
849 3710 862 3747 :
907 3694 1038 3765 istos
1058 3692 1470 3765 pusillanimitas
1501 3694 1710 3765 abono
1747 3707 1915 3765 opere

330 3762 582 3829 revocat,
612 3780 678 3819 ne
704 3765 899 3818 malum
926 3764 1199 3833 subripiat.
1230 3763 1365 3819 Sunt
1393 3763 1554 3833 aliqui
1580 3762 1914 3817 attendentes

333 3845 536 3890 tantum
576 3834 711 3890 bona
737 3850 854 3905 quae
896 3833 1130 3889 faciunt:
1162 3835 1235 3888 illi
1266 3836 1343 3889 sic
1378 3833 1478 3889 sibi
1506 3849 1537 3888 a
1577 3834 1727 3905 bono,
1752 3847 1915 3901 opere

330 3908 662 3976 complacent
681 3914 733 3960 et
754 3904 1110 3968 blandiuntur,
1136 3916 1191 3959 ut
1210 3906 1279 3961 de
1302 3905 1572 3976 pravitatis
1591 3904 1914 3976 admixtione

330 3972 550 4047 minime
569 3985 882 4047 terreantur.
906 3975 1039 4031 Sunt
1057 3977 1146 4031 alii
1167 3972 1435 4047 sapientes
1455 3983 1514 4029 ut
1536 3972 1731 4047 faciant
1752 3973 1909 4047 mala,

329 4046 469 4101 bona
512 4057 687 4102 autem
732 4046 905 4102 facere
952 4049 1194 4101 nesciunt
1218 4043 1248 4099 τ’
1283 4045 1371 4100 isti
1416 4045 1627 4113 pessimi
1675 4043 1911 4097 ninnium

254 4113 273 4127 ’
330 4117 578 4172 itctantur
598 4133 717 4173 cum
743 4118 877 4171 male
902 4117 1143 4182 fecerint,
1172 4126 1227 4171 et
1249 4115 1515 4171 exsultant
1536 4115 1587 4167 in
1611 4114 1769 4167 rebus
1795 4129 1913 4182 pes-

329 4188 498 4243 simis.
530 4190 662 4243 Sunt
685 4187 774 4240 alii
804 4195 1104 4256 quazrentes
1129 4189 1293 4241 Deum
1326 4201 1422 4255 per
1447 4184 1729 4250 exteriora,
1757 4183 1913 4239 dese-

327 4268 508 4314 rentes
539 4258 786 4313 interiora
815 4255 929 4326 sua,
957 4257 1150 4326 quibus
1182 4257 1322 4310 Deus
1347 4255 1568 4326 interior
1594 4264 1696 4309 est.

400 4328 625 4408 C.i_I’U'i‘
663 4326 779 4408 LII._
816 4324 1483 4408 Cognitionis-tresgradas.
1518 4324 1915 4408 fientisldilata-

330 4400 420 4454 tio.
452 4399 637 4454 Mentis
666 4395 957 4452 sublevatio.
988 4396 1174 4451 Mentis
1218 4395 1473 4451 alienatio.
1508 4395 1656 4450 Mens
1699 4398 1915 4452 hominis

328 4471 606 4540 speculum,
636 4471 722 4523 sed
765 4478 965 4540 peccato
1013 4469 1347 4522 obscuratum.
1403 4467 1668 4535 Quomodo
1716 4478 1912 4538 tergen-

367 4559 468 4595 um.
501 4541 574 4614 (ιι)
608 4540 907 4614 Redeamus
927 4554 1065 4614 ergo
1087 4540 1154 4594 ad
1183 4553 1280 4594 nos
1303 4580 1317 4603 ,
1348 4549 1404 4593 ut
1433 4541 1697 4614 possimus
1720 4554 1913 4614 ascen-

328 4611 458 4667 dere
494 4610 563 4682 ad
591 4627 706 4666 nos.
735 4611 866 4666 Tres
894 4610 1156 4682 siquidem
1183 4624 1439 4665 ascensus
1482 4619 1622 4682 sunt.
1654 4611 1710 4664 In
1743 4612 1913 4682 primo

327 4681 667 4737 ascendimus
712 4682 919 4736 abistis
962 4680 1321 4737 exterioribus
1360 4691 1415 4737 et
1460 4680 1799 4737 inferioribus
1845 4681 1911 4736 ad

325 4767 449 4809 nos.
504 4751 565 4826 In
603 4750 837 4806 secundo
886 4754 1224 4808 ascendimus
1264 4752 1338 4826 ad
1380 4767 1475 4807 cor
1502 4753 1681 4826 altum
1723 4751 1908 4826 (Psal.

327 4837 485 4885 LXIII,
517 4820 612 4891 7):
644 4830 841 4892 quanto
870 4836 1098 4891 namque
1137 4824 1365 4892 amplius
1391 4823 1696 4892 proficimus
1716 4820 1742 4888 ,'
1765 4833 1912 4879 tanto

326 4890 561 4964 amplius
581 4890 936 4964 ascendimus.
968 4890 1243 4964 Quiienim'
1270 4908 1375 4947 non
1393 4890 1654 4958 ascendit,
1683 4895 1911 4949 descen‘

326 4960 491 5029 ditiet
509 4963 600 5034 qui
624 4976 726 5034 non
752 4960 977 5034 prolicit,
999 4961 1196 5015 deficit.
1223 4961 1278 5015 In
1301 4964 1455 5034 tertio
1475 4979 1696 5018 ascensu
1727 4980 1913 5019 ascen-

327 5036 505 5091 dimus
527 5030 600 5089 ad
630 5030 816 5088 Deum.
856 5030 1064 5085 Primus
1093 5046 1346 5085 ascensus
1389 5032 1446 5086 fit
1486 5034 1912 5090 consideratione

327 5108 546 5185 mundi,
593 5112 647 5160 et
682 5111 1013 5185 coniemptu:
1058 5101 1456 5185 Considerando
1498 5118 1725 5185 namque
1753 5120 1910 5185 quam

331 5178 528 5233 caduca
556 5187 609 5232 et
640 5175 942 5230 transitoria
972 5173 1079 5228 sint
1104 5176 1203 5227 ista
1247 5181 1480 5237 terrena,
1521 5173 1910 5229 contemnimus

328 5263 390 5305 ea
409 5290 423 5313 ,
453 5257 506 5303 et
531 5246 768 5303 redimus
811 5245 877 5301 ad
904 5259 1022 5300 nos.
1049 5243 1326 5300 Secundus
1353 5257 1608 5298 ascensus
1637 5245 1693 5298 lit
1722 5245 1910 5313 cogni-

332 5321 478 5375 tione
512 5326 565 5373 et
592 5326 897 5388 contemptu
940 5316 1132 5388 nostri:
1173 5314 1306 5369 Cum
1356 5313 1497 5368 enim
1540 5317 1910 5388 cognoscimus

326 5404 486 5460 quam
529 5389 683 5459 proni
726 5385 893 5460 simus
921 5387 987 5442 ad
1032 5386 1260 5447 malum,
1306 5394 1545 5460 etuquam
1587 5386 1803 5441 invalidi
1843 5385 1910 5441 ad

328 5457 556 5523 bonum;
599 5459 1028 5522 contemnimus,
1077 5466 1128 5512 et
1178 5457 1516 5511 ascendimus
1572 5471 1729 5524 supra
1790 5472 1905 5511 nos.

328 5529 540 5586 Tertius
578 5543 829 5584 ascensus
873 5528 931 5581 Iit
970 5528 1269 5598 cognitione
1311 5535 1367 5583 et
1412 5541 1595 5582 amore
1640 5526 1757 5583 Dei.
1807 5526 1912 5584 Iste

389 5684 412 5777 ἔ
445 5682 575 5794 21222
597 5690 864 5794 imit“:
887 5680 1082 5743 ’“‘“""

392 5754 412 5777 ι
445 5754 862 5804 anas,1ua:cuan.

392 5808 466 5869 (a)
498 5812 563 5857 Ex
598 5812 719 5869 aug.
746 5806 885 5866 Vict.,
907 5804 973 5854 de
1005 5812 1119 5855 arca
1146 5804 1298 5854 Μαι-ειιὶ
1318 5840 1332 5869 ,
1356 5804 1442 5856 lib.
1465 5806 1515 5868 5,
1538 5817 1645 5870 cap.
1670 5804 1720 5856 6.

1445 326 1652 385 LIBER
1689 328 1779 385 DE
1819 325 2093 387 SPIRITU
2129 328 2219 386 ET
2255 326 2489 386 ANIMA.

3518 337 3622 396 8I8

2038 444 2228 519 iertius
2268 460 2523 502 ascensus
2545 444 2817 519 titimentis
2844 446 3182 519 dilatatione,
3215 458 3269 507 et
3297 452 3492 509 mentis
3532 469 3626 510 su-

2035 516 2351 588 blevatioue,
2383 527 2438 572 et
2462 518 2654 572 mentis
2679 518 3017 576 alienatione.
3044 516 3231 577 Mentis
3251 523 3488 577 dilatatio
3513 535 3616 588 est,

2033 601 2157 663 cuni
2193 587 2291 663 sub
2318 603 2423 663 uno
2451 589 2651 663 mentis
2685 598 2902 663 aspectu
2944 592 3092 661 plura
3117 594 3500 663 conspicimus,
3536 587 3619 652 vel

2032 658 2099 732 de
2132 659 2220 732 Dei
2245 660 2503 732 sapientia
2525 659 2655 732 ,_vel
2680 658 2887 731 deejus
2915 658 3148 732 potentia
3171 705 3185 729 ,
3219 658 3300 719 vel
3328 664 3394 718 de
3424 658 3620 722 cuncta

2032 729 2509 803 bonitatealutueri
2533 729 2968 803 debemus’quam
2991 742 3235 802 potenter
3260 735 3398 790 Deus
3425 746 3618 792 cuncta

2031 801 2231 876 creavit
2274 798 2342 855 de
2386 801 2571 876 nihilo,
2619 817 2781 872 quam
2821 798 3090 876 sapienter
3126 806 3407 876 gubernat,
3454 822 3617 876 quam

2031 871 2257 941 benigne
2283 880 2471 927 cuncta
2504 871 2797 941 dispensat.
2828 871 3022 929 Totum
3063 871 3219 929 istum
3249 871 3504 930 mundum
3538 878 3618 933 sic

2029 952 2277 1018 ornatum
2306 942 2428 997 fecit
2455 951 2675 1013 propter
2704 958 2950 1018 corpora,
2996 960 3222 1018 corpora
3252 954 3466 1018 propter
3488 948 3608 1001 ani-

2030 1027 2164 1088 mas,
2194 1015 2652 1088 animas_propter
2679 1028 2756 1069 se.
2789 1015 2857 1071 Et
2884 1015 3003 1071 ideo
3032 1016 3312 1088 diligenter
3343 1015 3616 1074 custodire

2027 1082 2313 1157 debemus;
2333 1082 2551 1157 animas:
2582 1094 2791 1139 nostras
2810 1127 2825 1151 ,
2876 1082 3152 1157 quatenus'
3181 1102 3272 1142 eas
3302 1088 3526 1143 mundas
3555 1096 3611 1145 et

2027 1163 2239 1209 sanctas
2285 1154 2395 1209 Deo
2420 1155 2646 1226 reddere
2672 1154 2945 1212 valeamus
2970 1172 3001 1211 a
3028 1173 3133 1226 quo
3163 1167 3306 1213 tanta
3334 1159 3473 1213 bona
3517 1174 3610 1214 ae-

2026 1226 2266 1295 cepimus
2308 1239 2405 1295 pro
2451 1225 2549 1280 eis.
2579 1226 2768 1281 Mentis
2802 1225 3096 1283 sublevatio
3131 1239 3233 1293 est,
3276 1244 3395 1284 cum
3422 1229 3489 1284 de
3525 1231 3611 1284 vi-

2027 1294 2270 1370 sibililins
2312 1294 2659 1370 sublevamur
2695 1297 2761 1352 ad
2802 1297 3101 1370 invisibilia.
3130 1299 3351 1370 Quando
3381 1314 3609 1370 namque

2025 1365 2447 1439 consideramus
2475 1367 2759 1422 humanam
2792 1367 3101 1439 dignitatem
3121 1410 3135 1433 ,
3156 1365 3500 1425 'admiramur
3522 1365 3611 1425 di-

2024 1436 2329 1511 gnationem
2360 1437 2486 1511 Dei,
2514 1439 2601 1507 qui
2632 1447 2739 1493 tam
2770 1436 3080 1511 mirabiliter
3107 1441 3417 1495 rationalem
3450 1441 3612 1511 spiri-

2026 1514 2136 1576 tum
2198 1507 2262 1560 ad
2307 1508 2591 1576 imaginem
2650 1518 2704 1564 et
2748 1509 3145 1565 similitudinem
3193 1526 3341 1566 suam
3387 1507 3608 1567 creavit.

2025 1575 2216 1653 Mentis
2241 1575 2490 1653 alienatio
2516 1588 2599 1633 est
2621 1622 2635 1645 ,
2667 1580 2881 1653 quando
2908 1596 3069 1653 mensi
3087 1596 3247 1650 super
3283 1597 3344 1637 se
3383 1583 3608 1653 rapitur.

2024 1647 2108 1722 De
2146 1649 2245 1722 hoc
2270 1650 2485 1722 __rneutis
2516 1647 2787 1722 excessu,
2839 1650 2997 1706 homo
3040 1647 3220 1707 doceri
3265 1668 3368 1706 non
3403 1647 3607 1722 potest;

2022 1719 2144 1787 quia
2173 1718 2305 1771 nihil
2345 1719 2413 1773 ibi
2443 1719 2605 1774 habet
2633 1721 2733 1774 sui.
2766 1721 2839 1776 De
2870 1722 3061 1777 mentis
3090 1732 3268 1779 autem
3297 1718 3611 1779 dilatatione

2021 1789 2468 1863 et_su_hlevat_ione
2510 1791 2701 1845 instrui
2727 1801 2947 1863 potest;
2972 1793 3093 1862 quia
3125 1793 3191 1847 ibi
3223 1793 3420 1863 aliquid
3452 1794 3612 1850 habet

2022 1859 2123 1932 sui.
2166 1858 2447 1932 [instruitur
2488 1870 2677 1932 autem
2710 1858 3004 1932 aliquando
3031 1863 3259 1917 humana
3308 1858 3565 1918 industria
3590 1905 3607 1932 ,

2019 1929 2304 1998 aliquando
2332 1929 2511 2004 divina
2544 1929 2866 2004 revelatione
2914 1948 3008 2004 seu
3049 1934 3414 2004 inspiratione.
3459 1929 3610 1989 Noné

2021 2014 2291 2069 nunquam
2327 2015 2454 2055 vero
2485 2002 2536 2056 in
2565 2003 2778 2071 speculo
2806 2003 2983 2058 cordis
3009 2002 3203 2068 sui,'id
3230 2013 3332 2070 est,
3365 2006 3416 2059 in
3444 2007 3611 2060 ratio-

2021 2071 2344 2145 nali__mente
2391 2086 2449 2126 se
2479 2072 2650 2145 ipsum
2690 2082 2744 2145 et
2775 2074 3223 2145 ADeumiinspieit.
3258 2075 3331 2130 Ita
3379 2091 3612 2145 namque

2020 2140 2545 2216 eonditmnestcor
2587 2143 2837 2208 hominis,
2871 2154 2927 2199 ut
2962 2143 3015 2198 in
3042 2140 3106 2199 eo
3135 2146 3285 2214 quasi
3314 2146 3364 2199 in
3410 2140 3609 2216 templo

2022 2210 2278 2285 Dominus
2307 2211 2656 2274 iuhabitaret,
2685 2223 2738 2269 et
2769 2223 3016 2283 tanquam
3049 2216 3100 2269 in
3127 2210 3355 2285 quodam
3392 2210 3611 2285 Speculo

2022 2295 2120 2355 suo
2147 2282 2412 2355 reluceret
2431 2299 2458 2355 7;;
2474 2290 2532 2355 ut
2554 2285 2644 2352 qui
2670 2285 2721 2338 in
2750 2299 2809 2338 se
2832 2282 2996 2355 videri
3028 2282 3368 2355 nou'poterat
3385 2326 3401 2352 ,
3423 2282 3486 2340 in
3513 2302 3612 2342 sua

2021 2351 2249 2425 imagine
2287 2353 2512 2407 visibilis
2547 2351 2849 2422 appareret.
2884 2353 3069 2425 Magna
3117 2351 3335 2425 prorsus
3380 2356 3610 2425 dignitas

2021 2421 2259 2496 hominis
2278 2431 2388 2487 est,
2425 2421 2636 2496 portare
2663 2424 2946 2494 imaginem
2972 2421 3085 2487 Dei,
3112 2421 3167 2480 et
3192 2426 3330 2479 illius
3360 2425 3411 2479 in
3438 2421 3501 2480 se
3523 2427 3613 2496 ju-

2019 2492 2153 2565 giter
2177 2492 2377 2546 vultum
2404 2493 2663 2562 aspicere,
2691 2492 2849 2563 atque
2877 2510 3000 2565 eum
3025 2509 3237 2564 semper
3260 2492 3611 2565 percontem-

2019 2562 2306 2630 plationem
2323 2572 2638 2633 praesentem
2658 2562 2871 2619 habere.
2896 2563 3000 2619 Sed
3019 2562 3295 2635 posti1uam
3312 2566 3615 2623 delectatio-

2020 2643 2400 2707 neinnostram
2424 2635 2474 2688 in
2511 2644 2709 2690 terram
2744 2634 3016 2707 peccando
3053 2637 3366 2707 sparsimus,
3406 2640 3612 2707 peccati

2017 2703 2191 2771 pulvis
2216 2705 2547 2776 superiectus
2572 2714 2654 2759 est
2673 2703 2821 2760 cordi
2849 2714 3032 2761 nostro
3056 2703 3157 2761 :‘et
3182 2706 3302 2762 ideo
3326 2703 3508 2763 abillo
3530 2708 3609 2763 in-

2020 2781 2184 2845 ternae
2228 2775 2697 2844 contemplationis
2740 2776 2956 2845 speculo
3002 2776 3021 2808 ί
3067 2786 3377 2831 corrueutes
3420 2778 3472 2832 in
3513 2779 3612 2834 has

2019 2844 2564 2918 miserasprwsentis
2605 2844 3047 2918 vitmitenebras
3075 2847 3319 2913 labimur,
3363 2848 3451 2903 ubi
3501 2848 3613 2905 Dee

2018 2913 2178 2988 digne
2205 2915 2507 2988 ministrare
2525 2932 2657 2988 non
2674 2917 2933 2984 valemus,
2958 2913 3086 2986 quia
3108 2919 3263 2972 sorde
3292 2918 3607 2988 iniquitatis,

2018 2985 2243 3058 caligine
2264 2987 2585 3058 ignorantiae
2611 2987 2866 3052 obvoluti,
2890 2985 3017 3058 quid
3042 2988 3305 3058 agendum
3332 2985 3416 3043 vel
3440 2985 3611 3044 vitané

2018 3053 2146 3127 dum
2191 3053 2342 3109 nobis
2386 3057 2484 3121 sit,
2530 3073 2596 3110 cx
2631 3073 2821 3127 magna
2864 3053 3016 3127 parte
3053 3053 3162 3126 jam
3201 3074 3305 3113 non
3343 3060 3608 3116 videmus.

2019 3122 2311 3197 Tergamus
2338 3140 2467 3194 ergo
2492 3122 2768 3197 speculum
2812 3122 3068 3182 nostrum'
3090 3127 3159 3182 ab
3184 3143 3367 3183 amore
3401 3132 3612 3185 vanita-

2020 3193 2106 3255 tis,
2129 3193 2191 3267 et
2232 3194 2299 3248 ab
2333 3193 2862 3267 amore'iniquitatis,
2913 3197 2965 3251 id
3005 3206 3115 3264 est,
3167 3214 3197 3253 a
3243 3199 3458 3267 pulvere
3496 3211 3546 3255 et
3574 3215 3611 3257 ι

2019 3264 2216 3319 sorde:
2249 3274 2305 3318 ut
2334 3266 2389 3319 in
2417 3280 2482 3320 eo
2509 3264 2771 3338 inspicere
2793 3268 3068 3323 valeamus
3092 3277 3146 3323 et
3167 3264 3285 3334 nos,
3314 3279 3369 3325 et
3392 3269 3611 3325 Creato-

2018 3349 2131 3389 rem
2157 3345 2432 3409 Anostrum,
2461 3353 2619 3409 quem
2661 3338 2930 3407 peccando
2972 3348 3090 3408 post
3119 3347 3324 3409 tergum
3366 3350 3608 3397 nostrum

2018 3407 2312 3475 posuimus.
2358 3408 2546 3463 Aversi
2594 3409 2853 3478 siquidem
2894 3425 2922 3462 a
2973 3407 3083 3480 Deo
3125 3407 3343 3478 sumus;
3389 3420 3611 3480 peccata

2018 3486 2202 3532 nostra
2236 3488 2485 3552 separant
2517 3493 2614 3533 nos
2637 3480 2706 3535 ab
2730 3494 2816 3552 e9.
2849 3481 2915 3535 Et
2943 3479 3062 3534 ideo
3089 3494 3209 3535 cum
3236 3479 3493 3552 propheta
3522 3483 3607 3538 di-

2017 3559 2238 3602 camus:
2272 3548 2531 3621 Converte
2571 3567 2663 3605 uos
2684 3591 2701 3617 ,
2748 3549 2889 3605 Deus
2933 3552 3172 3606 salutaris
3217 3548 3386 3607 uoster
3432 3551 3606 3621 (Psal.

2019 3633 2243 3692 txxiuv,
2268 3620 2346 3686 5).
2371 3620 2427 3675 Si
2454 3620 2706 3676 mulieres
2731 3622 3004 3690 speculum
3032 3637 3207 3687 suum,
3240 3623 3294 3677 iu
3317 3638 3423 3692 quo
3442 3620 3610 3681 facies

2017 3687 2334 3754 inspiciunt,
2378 3706 2497 3745 cum
2546 3687 2856 3757 amiserint,
2907 3692 3187 3761 diligenter
3233 3687 3502 3761 quaerunt,
3553 3703 3611 3750 et

2017 3760 2229 3814 curiose
2257 3769 2526 3831 tergunta
2558 3762 2778 3829 pulvere
2804 3769 2859 3814 et
2884 3760 3101 3831 asorde
3130 3780 3144 3815 :
3175 3760 3345 3816 multo
3379 3764 3609 3831 amplius

2017 3831 2291 3897 speculum
2332 3830 2598 3884 interioris
2643 3830 2875 3884 hominis
2908 3829 3167 3885 debemus
3204 3840 3259 3885 et
3287 3829 3525 3887 invenire
3552 3840 3611 3888 et

2018 3905 2225 3967 tergere
2249 3910 2303 3975 et
2333 3900 2595 3975 inspicere
2620 3916 2634 3962 ;
2663 3909 2719 3975 ut
2743 3900 2887 3975 in_eo
2917 3908 3080 3975 totam
3111 3901 3486 3975 turpitudinem
3512 3917 3610 3959 no-

2018 3976 2182 4021 stram
2215 3969 2483 4043 valeamus
2513 3970 2936 4043 deprehendere,
2959 3969 3104 4043 et_'ita
3133 3969 3226 4040 per
3249 3973 3608 4043 cognitionem

2019 4049 2262 4110 nostram,
2284 4039 2349 4110 ad
2374 4039 2731 4109 cognitionem
2760 4040 2851 4095 Dei
2882 4039 3177 4110 pervenire.

2088 4109 2311 4165 CAPUT
2330 4109 2461 4164 LIII.
2487 4109 2566 4163 Ad
2592 4112 2820 4165 notitiam
2842 4109 2921 4167 sui
2965 4111 3064 4165 duo
3116 4112 3415 4167 necessaria.
3436 4113 3609 4171 Homo

2018 4178 2182 4251 pulvis
2212 4192 2255 4234 et
2284 4181 2428 4234 cinis.
2463 4179 2653 4236 Gratia:
2684 4180 2780 4236 Dei
2795 4191 2985 4251 quanta
3023 4181 3309 4238 debeamus.
3334 4181 3461 4240 Hec
3474 4188 3613 4240 noti-

2018 4250 2088 4303 tia
2125 4251 2660 4328 parit_liumilitatem,
2695 4250 3024 4322 citaritatem,
3052 4262 3156 4310 etc.
3192 4254 3278 4328 (ai
3307 4255 3420 4328 Duo
3454 4257 3609 4312 nobis

2018 4322 2314 4398 necessaria
2350 4333 2565 4398 suntut
2604 4338 2702 4379 nos
2734 4339 3150 4398 cognoscamus,
3195 4322 3442 4398 videlicet
3478 4343 3610 4398 qua-

2018 4390 2096 4465 les
2119 4392 2287 4465 simus
2306 4392 2374 4447 ad
2396 4393 2612 4459 malum,
2635 4404 2690 4449 et
2707 4390 2891 4465 quales
2911 4395 2977 4449 ad
3002 4396 3222 4451 bonum.
3245 4396 3403 4451 Proni
3424 4390 3608 4465 sumus

2018 4463 2083 4516 ad
2113 4463 2331 4530 malum,
2361 4473 2414 4518 et
2440 4467 2485 4519 si
2516 4463 2878 4520 misericordia
2909 4465 3002 4520 Dei
3032 4482 3138 4520 non
3171 4476 3376 4522 teneret
3404 4482 3522 4533 nos,
3551 4463 3599 4521 in‘

2017 4547 2176 4589 omne
2203 4534 2386 4605 vitium
2415 4550 2694 4603 possemus
2717 4535 2931 4602 cadere,
2958 4551 3059 4590 nec
3083 4536 3204 4590 inde
3229 4552 3469 4605 surgere,
3503 4537 3602 4592 nisi

2017 4604 2381 4659 misericordia
2413 4605 2506 4659 Dei
2544 4606 2980 4674 subsequeretur,
3011 4622 3128 4674 qua:
3156 4622 3252 4659 nos
3281 4604 3605 4661 sublevaret.

2020 4674 2133 4729 Hoc
2154 4675 2292 4729 bene
2316 4675 2671 4740 cognoscebat
2695 4675 2949 4743 propheta
2968 4690 3091 4730 cum
3110 4675 3336 4741 dicebat,
3370 4675 3605 4743 Domine,

2017 4745 2361 4818 misericordia
2386 4755 2474 4797 tua
2497 4754 2613 4818 ante
2636 4745 2816 4818 oculos
2834 4761 2969 4799 meos
3000 4745 3181 4817 (Psal.
3209 4761 3338 4812 xxv,
3366 4744 3608 4818 3),iquae

2015 4830 2104 4870 me
2123 4815 2406 4889 custodiat;
2423 4823 2497 4881 et,
2517 4815 2869 4889 Misericordia
2890 4826 2986 4889 tua
2996 4815 3324 4889 subsequatur
3334 4815 3603 4889 me'(l’sal.

2017 4902 2127 4941 xxn
2147 4928 2161 4950 ,
2192 4884 2432 4957 6),un:e
2460 4901 2546 4957 me
2571 4886 2756 4957 erigat.
2789 4886 3008 4941 lnvalidi
3044 4884 3227 4940 sumus
3262 4886 3328 4941 ad
3368 4884 3564 4942 bonum
3586 4930 3603 4957 ,

2016 4972 2120 5013 nec
2143 4957 2257 5011 sine
2286 4956 2383 5010 Dei
2415 4956 2584 5025 gratia
2614 4955 2811 5010 bonum
2839 4957 3034 5023 facere,
3066 4957 3151 5011 vel
3180 4957 3231 5011 in
3261 4958 3440 5027 aliquo
3463 4955 3606 5015 bono

2017 5042 2364 5098 perseverare
2388 5041 2690 5098 possumus.
2718 5026 2860 5081 Istud
2884 5028 3045 5081 etiam
3070 5026 3368 5095 Apostolus
3381 5029 3603 5097 sciebat,

2016 5096 2135 5171 cum
2154 5097 2385 5171 dicebat,
2415 5096 2591 5151 Gratia
2615 5096 2712 5151 Dei
2733 5098 3079 5171 sum_id_quod
3097 5114 3248 5171 sum;
3268 5108 3323 5152 et
3347 5100 3468 5168 quia
3488 5096 3608 5171 graé-

2017 5170 2088 5222 tia
2112 5170 2220 5239 ejus
2244 5169 2294 5220 iu
2316 5184 2394 5221 me
2418 5184 2576 5240 uacua
2602 5184 2702 5222 non
2726 5169 2819 5240 fuit
2844 5168 2886 5239 (I
2907 5167 3025 5222 Cor.
3051 5184 3142 5234 xv,
3168 5166 3278 5239 i0),
3301 5166 3465 5240 gratia
3489 5166 3606 5239 ejus

2016 5241 2069 5293 in
2102 5238 2186 5292 me
2217 5247 2413 5293 manet.
2445 5238 2590 5293 Hanc
2627 5238 2890 5307 geminam
2919 5238 3275 5308 cognitionem
3305 5238 3385 5295 sui
3419 5238 3605 5296 habuit

2015 5308 2283 5364 Abraham
2319 5324 2440 5381 cum
2475 5309 2677 5381 diceret
2705 5308 2951 5381 :“Loquar
2987 5308 3056 5362 ad
3068 5308 3369 5381 Dominum
3400 5327 3602 5379 meum,

2016 5397 2131 5434 cum
2153 5381 2249 5434 sim
2278 5378 2441 5451 pulvis
2464 5391 2512 5434 et
2540 5380 2666 5433 cinis
2695 5378 2844 5451 (Gen.
2874 5395 3027 5446 xvut,
3054 5378 3169 5451 27).
3201 5379 3402 5435 Revera
3434 5378 3604 5451 pulvis

2016 5460 2097 5505 est
2119 5452 2297 5504 homo.
2321 5450 2473 5504 Sicut
2491 5452 2631 5504 enim
2659 5451 2829 5520 pulvis
2849 5466 2912 5505 ex
2935 5450 3266 5520 quacumque
3288 5450 3441 5520 parte
3457 5453 3604 5511 venti

2015 5521 2322 5593 impellitur,
2345 5529 2399 5575 et
2422 5521 2475 5575 in
2495 5521 2650 5575 aliam
2673 5535 2854 5576 aream
2873 5520 3136 5592 dejicitur,
3160 5529 3215 5576 et
3235 5521 3307 5576 ibi
3326 5533 3603 5580 remanet:

2079 5681 2098 5713 ι
2131 5674 2263 5740 Apud
2284 5682 2552 5738 nugonem,
2587 5673 2677 5740 illa
2763 5676 2976 5740 specula.

2018 5736 2300 5867 éaéagude
2331 5736 2450 5801 A'ug.
2482 5738 2696 5793 Confess.
2722 5736 2805 5791 lib.
2824 5743 2888 5803 2,
2912 5757 3018 5809 cap.
3041 5745 3092 5809 7;
3114 5743 3228 5796 vide
3267 5750 3319 5795 et
3362 5742 3603 5807 Manuale,
