4134 6200
495 278 596 338 831

494 406 633 464 mus,
660 391 774 448 sine
802 393 1105 464 fatigatione
1132 392 1478 464 laudabimus.
1511 392 1614 448 Sed
1641 400 1697 448 et
1714 391 1783 447 ad
1816 392 1931 447 haec
1955 393 2075 462 quis

493 462 758 518 idoneus?
778 462 1080 519 Sitte'dubio
1100 464 1187 531 qui
1212 462 1382 517 ﬁdelis
1409 464 1707 519 invenietur
1728 480 1887 529 super
1908 477 2076 530 pauca

491 549 614 602 quze
640 536 844 601 accepit
875 534 1075 587 militia!
1105 548 1216 588 suae
1243 544 1514 615 tempore;
1549 534 1598 587 id
1624 543 1732 597 est,
1762 549 1924 604 super
1946 547 2073 587 sen-

491 618 583 657 sus
601 645 615 665 ,
646 619 805 672 super
832 616 981 657 actus
999 644 1013 665 ,
1034 612 1088 658 et
1113 619 1275 670 super
1301 612 1567 671 appetitus
1595 619 1722 658 suos
1744 645 1759 668 ,
1792 618 1927 671 quos
1949 619 2073 658 sus-

490 675 631 743 cepit
669 674 950 743 regendos,
975 683 1032 728 ut
1063 675 1114 728 in
1138 673 1219 727 his
1241 675 1496 743 probetur
1514 690 1672 745 quam
1691 674 1859 729 lidelis
1878 674 1947 729 sit
1966 674 2071 729 Do-

1941 277 2302 338 APPENDIX.

3671 286 3805 344 852

2180 394 2326 449 mino
2344 408 2441 448 suo
2471 392 2684 468 (Matth,
2713 408 2842 468 xxv,
2875 393 2992 461 21).
3034 394 3180 468 Sciat
3206 409 3337 468 ergo
3360 411 3554 455 servus
3571 398 3791 456 Christi

2180 480 2274 540 Eis
2302 481 2453 519 suum
2483 464 2769 540 possidere
2809 467 2879 540 ἱιιΔ
2909 464 3329 540 sanctiﬁcatione
3366 477 3421 523 et
3464 468 3671 525 honore
3715 474 3737 540 (
3770 471 3794 528 Ι

2184 534 2359 610 Thess.
2389 551 2465 610 tv,
2494 536 2529 590 4
2554 538 2601 601 );
2633 535 2971 610 etglorilicet
3000 546 3054 591 et
3075 547 3251 607 portet
3270 539 3435 610 Deum
3465 540 3516 595 in
3544 534 3792 610 corpore

2180 620 2277 683 suo
2303 606 2346 675 (Ι
2378 605 2495 660 Cor.
2531 621 2611 671 vt,
2639 605 2733 678 20)
2765 624 2779 661 :
2812 616 3047 663 sectetur
3075 605 3261 679 pacem
3295 608 3480 681 (Hebr.
3525 626 3624 679 xu,
3644 605 3786 683 14).

2180 676 2377 730 Amen.

490 807 3772 835 Μ

1799 896 2465 983 ΑΒΜΟΝΙΤΙΟ

1304 1058 1389 1123 ΙΝ
1431 1058 2055 1135 SUBSEQUENTEM
2095 1059 2398 1122 LIBRUM
2436 1059 2544 1121 DE
2574 1057 2966 1121 AMICITIA.

1951 1207 2320 1263 W30

557 1329 882 1399 Opusculum
908 1336 991 1384 est
1017 1328 1228 1385 Aelredi
1253 1326 1649 1384 Rhievallensis
1677 1327 1732 1382 in
1778 1325 1966 1397 Anglia
2007 1325 2245 1391 Abbatis,
2278 1324 2472 1396 dialogi
2520 1324 2690 1380 forma
2718 1325 3111 1396 conscriptum,
3157 1333 3215 1382 et
3256 1332 3368 1383 tres
3404 1327 3460 1383 in
3489 1328 3658 1385 libros
3687 1330 3757 1386 ab

481 1422 599 1493 ipso
626 1422 920 1495 digestum;
961 1423 1104 1494 quod
1133 1422 1350 1494 quidem
1380 1423 1518 1477 inter
1552 1420 1653 1477 alia
1699 1419 1815 1491 ejus
1840 1434 2003 1491 opera
2034 1420 2182 1490 prelo
2206 1419 2347 1475 edita
2386 1419 2654 1474 sincerum
2681 1418 2962 1475 exhibetur
3000 1428 3056 1475 et
3092 1420 3355 1491 integrum
3376 1461 3394 1486 ,
3439 1420 3528 1478 hic
3551 1438 3680 1479 vero
3707 1426 3764 1480 in

478 1515 749 1583 epitomen
774 1523 1103 1572 contractum
1134 1523 1218 1571 est
1242 1515 1311 1571 ab
1358 1515 1573 1572 homine
1613 1514 1785 1570 otioso
1805 1555 1820 1581 ,
1860 1514 1950 1583 qui
1980 1527 2087 1567 non
2128 1511 2288 1567 modo
2333 1512 2514 1567 stilum
2543 1512 2778 1567 auctoris
2807 1527 2870 1567 ac
2897 1511 3206 1567 methodum
3238 1527 3344 1568 non
3370 1516 3636 1582 servavit,
3666 1518 3764 1574 sed

478 1606 597 1676 ejus
623 1622 834 1677 quoque
865 1608 1156 1663 sententias
1192 1608 1417 1662 mutavit
1441 1606 1636 1676 passim
1663 1614 1718 1660 et
1743 1604 2020 1675 insigniter
2044 1603 2270 1658 vitiavit.
2298 1602 2428 1658 Nam
2459 1618 2522 1659 ea
2548 1602 2814 1657 interdum
2843 1617 2964 1672 qua:
2994 1602 3254 1659 Aelredus
3277 1620 3345 1659 ex
3370 1605 3766 1663 interlocutoris

476 1712 711 1769 persona
737 1698 1024 1769 quaerendo
1051 1698 1334 1769 proponit,
1364 1712 1488 1752 mox
1529 1712 1560 1750 a
1607 1710 1666 1751 se
1693 1696 1779 1750 vel
1822 1695 2133 1765 explicanda
2181 1694 2268 1750 vel
2310 1693 2633 1761 refellenda;
2684 1692 3029 1764 proferuntur
3063 1693 3152 1749 hic
3197 1694 3468 1763 absolute,
3498 1708 3553 1754 et
3577 1707 3768 1755 contra

475 1791 643 1862 ipsius
669 1802 901 1847 mentem
931 1798 1269 1847 asseruntur.
1301 1789 1388 1845 Sic
1410 1832 1425 1856 ,
1458 1789 1691 1860 exempli
1719 1803 1877 1844 causa
1902 1828 1919 1854 ,
1962 1787 2015 1842 in
2043 1786 2147 1842 line
2172 1786 2362 1856 capitis
2390 1785 2589 1856 primi,
2629 1784 2774 1856 quod
2802 1786 2963 1840 citata
2987 1784 3146 1841 Tullii
3174 1788 3439 1844 sententia
3460 1790 3764 1861 subjicitur,

489 1900 509 1935 ι
542 1880 674 1949 Quis
705 1882 826 1937 huic
850 1882 1036 1953 gentili
1067 1882 1256 1937 fortem
1281 1882 1560 1937 charitatis
1593 1880 1841 1937 affectum
1882 1878 2371 1948 benevolentiaque
2392 1892 2613 1947 operum
2640 1877 2946 1948 expressit?
2978 1897 2999 1931 ι
3030 1878 3169 1949 apud
3197 1880 3483 1936 Aelredum
3508 1890 3573 1938 eo
3602 1893 3763 1954 pacto

476 1977 709 2046 positum
734 1982 837 2040 est,
865 1982 924 2028 ut
953 1973 1302 2028 interlocutor
1327 1972 1489 2037 dicat,
1536 1990 1555 2024 ι
1586 1971 1871 2027 Charitatis
1896 1970 1980 2026 vel
2010 1969 2399 2025 benevolentim
2433 1969 2650 2024 nomine
2677 1968 2805 2039 quid
2834 1968 3080 2026 ethnicus
3122 1970 3215 2026 ille
3243 1971 3544 2042 signiﬁcare
3573 1976 3762 2043 voluit,

482 2082 503 2119 ι
539 2080 644 2119 non
683 2064 871 2132 video;
908 2084 927 2117 ι
960 2073 1071 2119 tum
1110 2063 1372 2120 Aelredus
1412 2064 1526 2134 ipse
1560 2062 1914 2133 respondeat,
1966 2080 1983 2113 t
2017 2062 2179 2117 Forte
2208 2062 2423 2116 nomine
2452 2060 2763 2127 cbaritatis,
2813 2062 3006 2118 mentis
3042 2062 3337 2131 affectum;
3383 2066 3767 2126 benevolentia:

480 2176 501 2211 ι
536 2173 687 2223 vero,
719 2158 897 2227 operis
923 2158 1187 2227 expressit
1211 2156 1478 2212 etfectum.
1517 2176 1536 2209 ι
1573 2155 1641 2211 Ει
1661 2157 1712 2211 in
1738 2156 1912 2225 capite
1936 2163 2126 2226 quarto
2156 2153 2305 2221 illud,
2341 2172 2359 2206 ι
2387 2153 2490 2210 Sed
2513 2153 2665 2208 multi
2688 2154 2980 2210 abutuntur
2998 2156 3280 2226 sapientia,
3313 2176 3331 2209 ι
3365 2157 3503 2213 adeo
3530 2160 3764 2217 alienum

473 2260 557 2308 est
578 2252 647 2307 ab
665 2251 880 2307 Aelredi
911 2252 1176 2318 doctrina,
1211 2260 1267 2306 ιιι
1293 2252 1407 2322 ipse
1438 2258 1644 2314 contra,
1693 2248 1896 2303 nullum
1937 2247 2198 2318 sapientia
2240 2246 2418 2313 abuti,
2461 2246 2661 2303 diserte
2689 2262 2751 2302 ac
2779 2247 3033 2317 praeclare
3076 2248 3284 2319 probet.
3315 2248 3503 2304 Melius
3529 2251 3762 2309 Aelredo

472 2358 603 2399 usus
630 2352 715 2399 est
739 2343 906 2413 ipsius
934 2358 1100 2415 prope
1133 2342 1351 2414 arqualis
1375 2342 1566 2398 Petrus
1591 2342 1880 2407 Blesensis,
1914 2341 1967 2395 in
1994 2355 2095 2396 suo
2123 2338 2192 2395 de
2222 2339 2467 2394 Amicitia
2495 2338 2783 2395 christiana
2814 2349 3062 2409 tractatu,
3091 2342 3182 2413 qui
3209 2340 3532 2399 Cassiodoro
3553 2345 3764 2402 adscri-

471 2445 595 2510 ptus
619 2438 905 2508 aliquando
925 2438 1040 2494 fuit.
1072 2437 1129 2493 In
1162 2438 1303 2494 hunc
1327 2438 1415 2493 ille
1442 2445 1724 2493 tractatum
1754 2435 2023 2490 transtulit
2050 2449 2117 2489 ex
2147 2433 2359 2490 Aelredi
2387 2434 2536 2488 libris
2562 2450 2668 2490 non
2695 2449 2884 2505 pauca,
2914 2435 3075 2490 tacito
3095 2436 3310 2506 quidem
3336 2436 3500 2507 ipsius
3523 2440 3761 2511 nomine,

470 2530 569 2587 sed
597 2540 773 2587 tamen
805 2532 1070 2588 luculenta
1113 2532 1167 2587 in
1194 2532 1420 2601 Prologo
1454 2530 1818 2585 admonitione
1856 2527 2137 2582 consilium
2167 2525 2472 2597 factumque
2511 2540 2665 2581 suum
2697 2526 2966 2597 professus
2990 2527 3074 2583 bis
3100 2528 3317 2584 verbis:
3352 2549 3372 2583 ι
3409 2531 3485 2587 De
3513 2532 3760 2603 diversis,

476 2642 498 2677 ι
532 2625 720 2696 inquit,
748 2625 1098 2695 scriptoribus
1123 2624 1274 2695 quasi
1310 2624 1469 2680 ﬂores
1496 2624 1789 2692 excipiens,
1818 2631 1876 2676 ut
1903 2619 2265 2675 mellificarem
2295 2619 2425 2673 mihi
2445 2659 2460 2683 ,
2498 2619 2730 2690 plurium
2761 2630 2865 2675 tam
2888 2631 3150 2688 veterum,
3186 2638 3346 2695 quam
3377 2625 3759 2684 modernorum

478 2734 499 2770 ι
532 2718 825 2772 sententias
846 2717 913 2773 de
943 2717 1176 2772 amicitia
1202 2726 1256 2773 et
1283 2717 1572 2772 dilectione
1601 2716 1693 2771 Dei
1717 2729 1779 2769 ac
1811 2713 2038 2783 proximi
2068 2713 2123 2767 in
2148 2728 2310 2768 unum
2339 2712 2732 2787 compendiosas
2766 2714 3009 2771 lectionis
3040 2715 3372 2772 involucrum
3402 2720 3689 2776 coarctavi.
3729 2740 3760 2776 ›

470 2807 656 2879 Neque
681 2811 892 2866 silentio
920 2810 1348 2880 praetereundum
1379 2818 1497 2876 est,
1525 2809 1701 2863 locum
1745 2823 1775 2862 a
1813 2806 1974 2861 Petro
2018 2806 2252 2861 Blesensi
2291 2805 2505 2860 laudato
2533 2806 2844 2861 nominatim
2876 2808 3171 2878 Augustino
3207 2811 3426 2866 citatum
3466 2812 3517 2867 itt
3546 2829 3665 2884 cap.
3692 2815 3752 2883 8,

471 2917 581 2957 non
607 2902 982 2972 subsequentis
1011 2902 1131 2957 libri
1158 2901 1226 2958 de
1269 2901 1514 2957 Amicitia
1535 2943 1550 2970 ,
1583 2901 1655 2955 uti
1683 2899 1750 2955 ad
1778 2914 1925 2955 oram
1952 2897 2073 2953 libri
2105 2897 2157 2953 in
2188 2897 2332 2953 Petri
2370 2897 2638 2955 Blesensis
2667 2908 2938 2971 postrema
2968 2901 3203 2959 editione
3227 2904 3367 2961 male
3392 2913 3621 2973 notatur,
3654 2907 3761 2963 sed

472 3009 596 3051 esse
631 2995 749 3050 libri
789 2995 965 3067 quarti
989 2994 1418 3060 Confessionum,
1444 3009 1562 3065 cap.
1595 2993 1649 3048 8.
1675 2992 2012 3048 Contulitnus
2036 2989 2243 3061 singula
2278 2989 2437 3046 verba
2476 3006 2597 3047 cum
2625 2991 2873 3062 genuinis
2898 3008 2963 3050 ac
2998 2993 3223 3051 sinceris
3252 2995 3462 3053 Aelredi
3489 2996 3662 3066 libris,
3690 3007 3756 3054 et

472 3086 563 3143 ubi
589 3087 787 3158 aliquid
816 3097 1076 3144 mutatum
1101 3096 1193 3143 aut
1212 3087 1581 3159 depravatum,
1603 3093 1863 3141 annotare
1887 3083 2197 3155 sategimus.
3640 3094 3649 3099 ·

471 3219 3748 3248 —_————_————-———————————__.—-

1551 3309 1819 3455 DE,
1846 3305 2665 3440 AMICITIA

1632 3511 2109 3621 LIBER
2166 3513 2370 3623 ΠΝ
2383 3516 2593 3624 US.

1886 3695 2361 3753 Μ

540 3809 765 3868 CAPUT
814 3808 1095 3867 PRIMUM.
1152 3807 1293 3863 Libri
1347 3809 1499 3881 hujus
1541 3808 1787 3864 scribendi
1838 3810 2056 3867 occasio.

468 3884 600 3940 Cum
631 3897 803 3938 essem
830 3882 1004 3935 adhuc
1033 3895 1160 3951 puer
1200 3881 1253 3935 in
1288 3880 1512 3947 scholis,
1544 3889 1599 3935 et
1627 3881 1893 3935 sociorum
1920 3896 2061 3937 meo-

470 3970 588 4011 rum
633 3970 717 4007 me
759 3954 928 4023 gratia
958 3952 1243 4021 plurimum
1284 3952 1593 4015 delectaret,
1636 3951 1774 4006 inter
1797 3965 1975 4006 mores
2006 3963 2060 4008 et

468 4026 596 4081 vitia
621 4025 812 4105 quibus
857 4024 945 4105 illa
976 4031 1106 4103 aetas
1134 4023 1420 4105 periclitari
1460 4023 1622 4103 solet,
1654 4031 1762 4105 tota
1808 4037 1868 4105 se
1906 4038 2060 4105 mens

470 4111 590 4152 mea
640 4091 787 4148 dedit
825 4092 1056 4153 ail'ectui,
1108 4100 1162 4146 et
1202 4091 1415 4147 devovit
1456 4092 1625 4145 amori
1657 4108 1669 4143 :
1697 4093 1767 4146 ita
1815 4103 1873 4146 ut
1927 4093 2059 4147 nihil

472 4166 603 4221 mihi
650 4165 876 4227 dulcius,
929 4161 1063 4233 nihil
1106 4162 1411 4233 jucundius,
1464 4161 1595 4233 nihil
1645 4162 1847 4233 utilius,
1898 4179 2058 4233 quam

471 4233 641 4291 amari
663 4244 716 4288 et
740 4247 921 4286 amare
950 4230 1235 4302 videretur.
1271 4232 1449 4302 Itaque
1471 4232 1610 4285 inter
1635 4232 1875 4286 diversos
1905 4230 2057 4287 amo-

472 4321 561 4362 res
607 4313 661 4357 et
709 4303 967 4355 amicitias
1010 4299 1294 4366 ﬂuctuans,
1342 4299 1644 4369 rapiebatur
1695 4304 1906 4355 animus
1956 4305 2059 4359 huc

472 4385 634 4444 atque.
680 4374 835 4436 illuc;
882 4380 936 4444 et
977 4386 1123 4444 verse
1149 4372 1590 4444 amicitiaglegem
1638 4372 1918 4444 igno_rans,_
1941 4374 2057 4444 ejus

472 4440 616 4516 safpe
651 4442 1000 4525 similitudine
1037 4440 1602 4525 fa.llebatt.tr.d'l‘ann;tlem
1647 4440 1793 4524 venit
1831 4440 2057 4525 mihi'in

471 4512 661 4573 manus
700 4514 833 4569 Iiher
874 4528 1030 4583 quem
1061 4512 1128 4567 de
1165 4512 1406 4567 Amicitia
1452 4512 1654 4566 Tullius
1692 4513 1924 4582 scripsit,
1967 4515 2056 4584 qui

472 4588 649 4642 statim
682 4585 810 4639 mihi
854 4594 906 4639 et
946 4584 1324 4638 sententiarum
1354 4584 1613 4654 gravitate
1659 4584 1821 4646 utilis,
1852 4593 1907 4639 et
1945 4585 2058 4638 elu-

512 4658 703 4713 uentizc
745 4655 1008 4710 suavitate
1034 4653 1203 4708 dulcis
1229 4653 1654 4724 appa’rebat.7Et
1694 4655 1815 4709 licet
1856 4669 1954 4709 nec
1989 4654 2054 4710 ad

512 4673 703 4713 uenttzn
745 4673 1008 4710 διιίιινιιίιιθ
1034 4673 1203 4708 (llllClS
1229 4673 1536 4724 ειιιρτιτρυίιι.
1590 4673 1654 4708 IL!
1695 4673 1815 4709 IlCCl
1856 4673 1954 4709 nec
1989 4673 2054 4710 aa

471 4673 600 4782 iilnd
631 4727 875 4781 amicitim
917 4740 1083 4795 genus
1125 4740 1209 4779 inc
1236 4724 1480 4779 videbam
1524 4723 1794 4787 idoneum,
1823 4726 2056 4793 gratula-

471 4797 569 4855 bar
610 4807 783 4852 tamen
830 4797 1111 4866 quamdam
1156 4795 1527 4866 meatuicitigc
1570 4797 1851 4849 formulam
1896 4811 2055 4865 repe-

473 4870 626 4933 risse,
670 4867 735 4921 ad
765 4865 922 4935 quam
969 4867 1129 4947 animi
1168 4865 1302 4918 tnei’
1343 4876 1396 4919 et
1439 4865 1777 4947 allectiottnnt
1821 4867 2055 4947 valerem

471 4953 727 4993 revocare
755 4934 1046 4992 discursus.
1087 4934 1218 4990 Cum
1258 4950 1386 4989 vero
1425 4937 1617 5005 placuit
1660 4936 1799 4990 bono
1832 4937 2055 4990 Domino

471 5025 592 5064 tneo
623 5008 888 5079 corrigere
923 5008 1154 5088 devium,
1199 5006 1388 5088 elisum
1417 5008 1642 5074 erigere,
1686 5007 1883 5088 salubri
1927 5022 2056 5061 cou-

473 5088 614 5134 tactu
655 5078 909 5131 mundare
947 5078 1231 5158 leprosum,
1264 5078 1446 5158 relicta
1486 5092 1585 5159 spe
1614 5078 1814 5159 sai-culi.
1845 5078 2052 5159 ingres-

469 5164 562 5204 sus
592 5163 708 5203 sum
735 5149 1113 5203 monasterium
1142 5166 1150 5174 -
1187 5157 1239 5200 et
1277 5148 1454 5200 statim
1485 5147 1721 5217 legendis
1748 5149 1913 5201 sacris
1940 5148 2051 5202 Lit-

469 5223 600 5274 teris
650 5234 867 5289 operam
921 5218 1089 5289 dedi,
1128 5218 1213 5289 ubi
1258 5218 1567 5289 tnelliiluutu
1617 5219 1810 5289 Christi
1861 5234 2052 5273 nomen

472 5288 792 5367 meum_Sibi
834 5296 1000 5342 totum
1043 5288 1334 5367 vindicavit
1375 5288 1617 5342 allectum
1647 5288 1725 5367 (it)
1754 5290 1866 5367 {ita
1909 5290 2051 5359 quod

475 5360 605 5415 nihil
632 5360 773 5413 aliud
804 5367 979 5428 potest
1007 5359 1135 5412 mihi
1164 5359 1405 5427 sapidum
1432 5374 1551 5411 esse
1579 5360 1662 5413 vel
1690 5359 1941 5414 lucidum.

540 5429 767 5486 CAPUT
806 5427 873 5485 ll.
927 5427 1069 5483 Inter
1104 5445 1229 5500 quos
1269 5430 1335 5484 sit
1377 5429 1600 5483 amicitia
1645 5446 1779 5484 vera.
1832 5430 2052 5486 Constat

534 5607 554 5680 ξ
586 5605 721 5680 ρρ-αᾶ
746 5606 1017 5668 Aelredum,
1041 5619 1259 5680 natorum

529 5667 738 5734 (a)__‘ﬂuc
772 5682 930 5734 usque
950 5683 1016 5734 ex
1040 5670 1239 5734 prologo
1275 5670 1501 5734 aelredi;
1538 5667 1773 5732 deinceps
1807 5681 1966 5734 usque
1988 5669 2050 5721 ad

467 5728 653 5792 «9:5,
682 5740 749 5781 ex
770 5728 927 5793 primo
945 5728 1061 5791 ejus'
1074 5728 1214 5785 libro.

2164 3814 2315 3895 mihi,
2338 3815 2567 3895 Tullium
2594 3832 2736 3895 vera:
2759 3818 3304 3895 amicitizewiguorasse
3330 3825 3599 3895 virtutem,
3623 3844 3745 3888 cum

2163 3886 2627 3969 ejusipriucipium
2667 3890 2939 3969 linemque
2980 3886 3253 3969 Christum
3289 3897 3498 3969 penitus
3536 3886 3748 3969 ignora?

2163 3957 2341 4037 verit:
2374 3957 2589 4037 quiest
2633 3957 3125 4037 alphaAc't‘omega,
3168 3957 3492 4037 principium
3532 3957 3588 4025 et
3628 3973 3751 4028 linis

2166 4030 2403 4100 omnium
2450 4030 2731 4084 bonormn.
2778 4031 2913 4100 Quid
2951 4030 3587 4095 est'antieitia?'Tullius
3626 4043 3744 4097 ait:

2116 4124 2123 4129 -
2163 4097 2396 4152 Amicitia
2427 4110 2497 4153 est
2527 4118 2691 4155 rerum
2717 4097 3051 4158 humanarum
3080 4115 3126 4158 et
3150 4106 3431 4163 divitiarum
3461 4127 3576 4165 cum
3603 4112 3750 4166 bene-

2161 4168 2377 4250 volentia
2395 4181 2449 4250 _ct
2474 4172 2719 4250 charitate
2742 4190 3029 4250 consensus.
3054 4178 3182 4250 Quis
3207 4178 3327 4234 huic
3354 4182 3534 4250 gentili
3560 4184 3744 4239 fortem

2162 4238 2441 4324 charitatis'
2466 4241 2733 4308 allectum,
2762 4238 3250 4324 benevolentiaeque
3279 4238 3499 4324 opEruni
3521 4238 3744 4324 expres;

2163 4309 2267 4386 sit_?
2292 4310 2393 4386 Sed
2427 4311 2691 4386 hi'ccgvera
2730 4315 2961 4370 amicitia
3002 4333 3109 4371 non
3141 4309 3457 4386 potest-esse
3486 4309 3623 4377 inter
3643 4339 3738 4379 eos

2162 4381 2264 4460 qui
2297 4380 2655 4460 διεκηριιιοὶδιο
2681 4394 2837 4460 sunt:
2890 4387 2970 4440 Ab
2998 4380 3203 4460 amore,
3251 4399 3307 4444 ut
3349 4392 3481 4446 milii
3514 4393 3741 4460 videtur,

2161 4451 2362 4532 amicus
2389 4453 2623 4534 dicitur“:
2647 4454 2713 4508 ab
2719 4454 2927 4534 amico,
2951 4451 3202 4514 amicitia.
3235 4460 3329 4534 Est
3353 4478 3506 4518 amor
3528 4451 3740 4534 quidam

2161 4522 2352 4603 anima:
2376 4524 2653 4603 rationalis
2681 4522 3045 4603 aﬂ‘ectuspper
3065 4544 3223 4603 quem
3254 4532 3365 4603 ipsa
3401 4522 3597 4603 aliquid
3619 4551 3737 4591 cum

2160 4590 2426 4675 desiderio
2450 4595 2639 4662 qu:erit
2681 4604 2734 4650 et
2771 4590 2973 4675 appetit
3014 4590 3386 4675 adimendum
3412 4623 3425 4656 :
3456 4590 3551 4673 μὲν
3585 4590 3741 4675 quem

2160 4670 2226 4744 et.
2242 4661 2432 4746 fruitur
2459 4661 2524 4717 eo
2550 4679 2670 4719 cum
2693 4661 2920 4746 quadam
2948 4670 3205 4746 suavitate
3245 4661 3503 4737 interiori.
3535 4661 3740 4746 aniple-é

2160 4732 2324 4816 ctitur
2368 4740 2422 4787 et
2452 4732 2770 4817 conservat
2804 4738 3297 4817 adeptum!__Borro
3347 4732 3550 4801 amicus
3587 4732 3735 4817 quasi

2159 4805 2358 4858 amoris
2384 4803 2467 4857 vel
2496 4804 2846 4886 ipsius_animi
2871 4803 3050 4886 custos
3069 4812 3262 4886 dicitur
3285 4832 3300 4869 :
3326 4818 3578 4886 quoniam
3606 4803 3732 4873 anti-

2159 4885 2279 4926 cum
2305 4888 2481 4928 meum
2513 4877 2709 4959 amoris
2739 4882 2927 4944 tnuttti,
2948 4883 3040 4959 _vel
3061 4883 3234 4959 ipsius
3253 4877 3427 4959 animi
3446 4890 3550 4959 mei
3579 4903 3736 4959 opor-

2161 4952 2236 5022 tet
2258 4959 2379 4999 esse
2406 4946 2700 5022 custodem,
2717 4959 2791 5022 Διιι
2815 4953 2995 5022 omnia
3022 4946 3139 5022 ejus
3166 4969 3372 5011 secreta
3403 4957 3548 5015 ﬁdeli
3575 4946 3733 5013 siien~

2160 5014 2235 5099 tio
2263 5026 2470 5078 servet;
2514 5018 2767 5099 quidquid
2815 5020 2866 5099 i_u
2911 5014 3257 5099 en_vitiosutn
3293 5028 3503 5095 viderit,
3543 5046 3637 5099 pro
3664 5031 3734 5085 vi-

2158 5083 2882 5170 ribus‘caveat'etdeleat’;
2912 5095 2997 5148 cui
3028 5105 3081 5170 et
3113 5098 3361 5164 gaudenti
3391 5083 3736 5170 congaudeat.

2158 5165 2211 5210 et
2251 5155 2453 5239 dolenti
2492 5159 2791 5242 condoleat,
2819 5166 3078 5242 et_omuia
3105 5155 3199 5242 sua
3227 5155 3579 5234 consentiam,
3610 5155 3738 5242 quii

2160 5228 2491 5310 amiciusuut
2511 5269 2524 5283 .
2554 5231 2795 5310 Amicitia
2817 5234 3127 5310 igituripsa
3153 5238 3321 5294 virtus
3350 5250 3453 5307 est,
3484 5228 3602 5310 qua!
3624 5228 3743 5297 izilis

2157 5296 2449 5354 dulcedinis
2462 5316 2539 5382 Iac
2560 5296 2870 5382 dilectionis
2891 5296 3096 5382 finde-tie
3119 5309 3218 5382 ipsi
3243 5312 3414 5365 amico
3433 5296 3734 5382 copulatur,

2160 5379 2216 5424 ut
2254 5385 2415 5425 unum
2457 5372 2547 5427 iiat
2598 5372 2665 5427 de
2711 5374 3008 5445 pluribus'.
3054 5372 3205 5435 Unde
3243 5382 3412 5452 ipsam
3456 5372 3744 5440 amicitiam

2220 5482 2239 5546 β
2272 5483 2405 5545 Apud
2427 5483 2702 5546 Aelrecum,
2725 5492 2861 5537 curet
2884 5493 2932 5538 et
2948 5486 3134 5540 toleret.

2219 5545 2241 5620 ξ
2272 5546 2401 5620 apud
2425 5545 2702 5620 seiredum,
2742 5555 2788 5599 et
3014 5564 3103 5620 sua
3133 5555 3428 5620 esse_sentiat
3449 5570 3575 5620 quc.

2220 5606 2242 5638 ι
2272 5606 2401 5669 apud
2423 5606 2695 5681 Aelredum,
2713 5623 2809 5663 oua
2830 5610 2924 5676 ipsi
2943 5609 3093 5665 animi
3115 5606 3403 5681 copulmttttr
3413 5606 3755 5688 diem"

2155 5680 2305 5719 νηιαη
2325 5668 2388 5720 de
2406 5668 2638 5733 pluribus.
