4134 6200
374 230 487 299 835

378 374 486 419 non
502 359 650 417 inter
674 358 892 417 fortuita
922 358 1008 442 vel
1037 358 1377 442 caduca,_sed
1406 357 1710 442 latet-ipsas
1734 358 1958 442 virtutes

378 447 497 500 quae
521 442 737 488 atteram
757 442 901 493 sunt,
929 432 1088 487 etiam
1118 430 1298 486 mundi
1331 430 1487 501 huius
1514 429 1813 501 philosophi
1841 430 1956 484 col-

376 498 639 558 locarunt.
679 502 828 559 Unde
871 502 1123 558 Salomon
1166 504 1218 557 in
1266 498 1585 563 Proverbiis,
1631 498 1785 556 Omni
1829 510 1959 555 tem-

377 589 501 644 pore
526 573 694 644 diligit
716 574 804 644 qui
826 575 1020 629 amicus
1046 583 1117 627 est
1145 570 1324 644 (Prov.
1354 568 1609 644 xvupl7)
1635 589 1648 624 :
1678 571 1960 644 manifeste

376 641 655 699 declarans
681 641 797 699 eam
824 654 1099 710 mteruam,
1127 641 1173 698 si
1203 659 1324 698 vera
1363 652 1462 698 est.
1492 642 1546 698 Si
1574 641 1753 698 autem
1786 641 1960 698 desie-

375 715 465 785 rit,
499 730 767 785 nunquam
807 730 931 769 vera
962 714 1075 769 fuit.
1109 714 1221 769 lloc
1248 715 1368 769 volo
1403 723 1454 768 te
1496 716 1655 785 scire,
1688 728 1957 783 nunquam

376 782 541 868 fuisse
578 782 826 867 amicum.
876 786 966 855 qui
1010 785 1148 840 laesit
1191 800 1312 840 eum
1359 800 1520 868 quem
1570 784 1623 839 in
1659 782 1957 868 amicitiam

377 852 543 909 semel
571 856 771 925 reCepit
795 873 808 910 :
838 852 936 910 nec
959 872 1080 912 eum
1115 872 1257 911 verte
1284 852 1532 911 amicitia:
1556 863 1796 925 gustasse
1823 855 1960 910 deli-

374 926 508 997 cias,
539 927 625 995 qui
650 928 729 981 vel
754 927 916 981 laesus
936 926 1095 981 desiit
1118 927 1340 997 diligere
1358 942 1518 996 quem
1546 926 1713 981 semel
1734 926 1954 997 amavit.

372 992 481 1079 βαι
507 992 849 1079 si'arguatur,
895 998 939 1052 si
973 992 1498 1079 tradatur'llammis,
1523 997 1567 1051 si
1596 996 1955 1079 (δειραὶ-θῶμε-

374 1074 480 1137 tur,
514 1065 658 1121 omni
689 1074 930 1137 tempore
968 1067 1138 1137 diligit
1175 1068 1263 1137 qui
1292 1068 1494 1121 amicus
1518 1076 1620 1120 est.
1650 1065 1802 1123 Unde
1830 1065 1961 1124 dicit

374 1135 767 1209 Hieronymus:
793 1135 1030 1209 Amicitia
1059 1135 1444 1209 qme‘degsinere
1483 1147 1663 1207 potest,
1704 1154 1961 1207 nunquam

374 1223 491 1279 uera
544 1207 673 1279 fuit,
744 1224 856 1279 cum
916 1208 1152 1279 amicitia:
1210 1207 1440 1261 deberent
1500 1225 1605 1279 esse
1652 1210 1960 1265 immortales

375 1276 566 1351 (Epist.
586 1280 684 1351 tl,
707 1277 774 1331 ad
799 1277 1034 1351 Rufﬁn.).
1065 1276 1195 1332 Cum
1229 1287 1367 1351 tanta
1404 1279 1471 1351 sit
1497 1278 1548 1351 in
1574 1279 1803 1351 amicitia
1834 1296 1959 1335 vera

374 1347 653 1418 perfectio,
691 1364 794 1401 non
821 1359 904 1403 est
943 1350 1133 1402 mirum
1163 1349 1304 1417 quod
1334 1349 1466 1419 ‘rari,
1494 1348 1796 1419 literint'bi,
1823 1365 1958 1419 quos

371 1433 532 1473 vetns
568 1419 770 1474 amicos
800 1419 1084 1486 antiquitas
1099 1418 1515 1473 connnendavit.
1545 1438 1565 1469 ‹
1586 1418 1684 1473 Vix
1721 1418 1874 1486 enim,
1903 1429 1961 1474 ut

373 1491 441 1542 ait
472 1488 688 1554 Tullius,
720 1490 816 1542 tria
840 1488 916 1542 vel
940 1499 1155 1559 quatuor
1175 1490 1452 1542 amicorum
1481 1491 1627 1559 paria
1651 1490 1703 1559 in
1732 1500 1804 1543 tot
1825 1501 1958 1546 retro

375 1560 572 1614 seculis
593 1565 733 1632 fama
747 1559 1055 1632 concelebrat
1071 1579 1088 1611 ›
1103 1558 1320 1632 (ιὲἰῃάε
1340 1558 1502 1612 Amic.
1530 1558 1702 1631 n.l5).
1731 1579 1749 1610 ι
1764 1560 1958 1630 Magna

369 1644 452 1701 res
478 1641 569 1696 est,
594 1630 675 1683 ait
697 1630 920 1696 quidam,
948 1632 1171 1701 etretiam
1188 1631 1205 1661 ³
1232 1630 1339 1701 ipse
1359 1641 1566 1684 conatus
1587 1630 1798 1701 nutgnus
1824 1641 1950 1688 est.)

373 1700 526 1755 Unde
564 1701 810 1755 virtuosa:
846 1700 1042 1754 mentis
1070 1709 1151 1754 est
1189 1700 1434 1755 sublimia
1477 1700 1691 1769 semper
1716 1711 1769 1754 et
1794 1702 1957 1759 ardua

372 1771 636 1835 meditari,
670 1781 727 1825 ut
749 1770 1073 1842 adipiscatur
1096 1781 1298 1839 optata,
1325 1771 1410 1826 vel
1444 1771 1678 1842 lucidius
1696 1772 1958 1842 intelligat

372 1850 423 1897 et
456 1850 742 1912 cognoscat
768 1840 994 1911 optanda
1022 1859 1034 1895 :
1067 1855 1185 1896 cum
1216 1857 1320 1895 non
1351 1856 1535 1910 parum
1559 1841 1857 1897 credendus
1872 1840 1957 1898 'sit

370 1912 685 1984 profecisse,
722 1912 819 1984 qui
841 1912 1048 1984 virtutis
1073 1912 1583 1984 cognitionegdidicit
1616 1928 1773 1980 quam
1802 1916 1956 1984 longe

371 1981 497 2038 sita
531 1982 744 2037 virtute.
779 1982 964 2035 Nonne
996 1981 1224 2051 Pylades
1271 1992 1326 2036 et
1366 1982 1585 2037 Orestes
1630 1984 1799 2051 parati
1844 1981 1957 2039 fue-

371 2064 497 2107 runt
537 2067 632 2121 pro
672 2053 896 2106 invicem
943 2052 1111 2105 niori?
1148 2052 1251 2106 Sed
1299 2053 1485 2120 majori
1514 2054 1725 2107 virttttis
1771 2070 1955 2111 amore

372 2123 646 2193 pollebant
686 2123 753 2178 de
792 2123 982 2191 quibus
1010 2121 1202 2193 legitur
1232 2141 1244 2176 :
1276 2121 1625 2193 Multitudinis
1647 2124 1955 2179 credentium

371 2191 476 2247 erat
509 2210 597 2247 cor
626 2210 800 2266 unum,
848 2203 893 2247 et
913 2192 1103 2266 anima
1128 2209 1239 2266 una
1267 2191 1402 2266 (Act.
1432 2209 1504 2259 tv,
1546 2192 1659 2264 52).
1694 2194 1761 2248 Et
1786 2196 1955 2250 sancti

368 2273 634 2336 martyres
656 2279 751 2332 pro
779 2262 1028 2318 fratribus
1052 2263 1261 2336 animas
1277 2262 1592 2336 posuerunt.
1621 2262 1747 2336 non;
1761 2281 1952 2333 peper—

369 2333 559 2390 cerunt
588 2335 874 2401 laboribus,
924 2348 1028 2387 non
1055 2335 1297 2402 corporis
1327 2334 1668 2389 cruciatibus.
1716 2333 1822 2390 Sed
1850 2337 1954 2390 mi-

369 2421 487 2460 rum
529 2421 633 2459 non
676 2415 759 2459 est
803 2404 943 2474 quod
987 2406 1155 2459 multo
1205 2405 1386 2475 plures
1428 2406 1633 2474 gremio
1679 2406 1956 2462 charitatis

370 2491 527 2545 quam
554 2476 802 2530 amicitiai
831 2475 1159 2542 amplexibus
1199 2475 1539 2542 recipiendos
1577 2476 1751 2529 divina
1780 2478 1957 2531 sanxit

369 2546 679 2611 auctoritas,
712 2561 831 2616 quae
870 2561 978 2600 non
1003 2547 1172 2600 solum
1204 2546 1424 2616 amicos,
1454 2546 1546 2599 sed
1582 2548 1744 2600 etiam
1780 2547 1956 2601 inimi-

368 2633 463 2672 cos
491 2614 763 2672 charitatis
791 2618 905 2687 lege
930 2617 1301 2685 complectitur
1327 2614 1541 2684 (Matth.
1573 2631 1627 2679 v,
1660 2617 1773 2687 44).
1809 2618 1956 2671 Ami-

370 2703 464 2743 cos
488 2691 631 2742 solos
662 2689 780 2742 illus
805 2687 1052 2753 dicimus,
1091 2688 1284 2757 quibus
1307 2700 1402 2740 cor
1429 2695 1689 2751 nostrum,
1720 2698 1775 2741 et
1802 2687 1955 2756 quid-

369 2758 497 2829 quid
547 2760 597 2813 in
645 2760 734 2812 illo
776 2767 876 2818 est,
906 2758 1262 2829 committere
1295 2773 1397 2809 non
1439 2757 1802 2829 formidamus,
1851 2758 1955 2814 illis

375 2826 611 2883 vicissim
646 2830 797 2884 nobis
822 2827 1006 2882 eadem
1036 2826 1155 2881 fidei
1190 2828 1306 2897 lege
1331 2837 1384 2881 et
1412 2828 1695 2882 securitate
1721 2830 1953 2882 constri-

368 2901 490 2955 ctis.
536 2900 691 2954 Falso
731 2914 860 2967 ergo
904 2899 1217 2968 praeclarum
1268 2912 1461 2950 nomen
1502 2898 1749 2953 amicitia:
1799 2913 1955 2953 assu-

369 2981 540 3033 munt,
572 2972 709 3024 inter
736 2984 869 3039 quos
889 2978 971 3023 est
993 2969 1363 3039 convenientia
1386 2969 1635 3021 vitiorum
1662 2987 1675 3021 :
1702 2969 1953 3039 quoniam

371 3043 459 3111 qui
492 3056 594 3095 non
622 3038 784 3111 amat,
819 3039 1156 3111 amicttsinon
1193 3045 1294 3092 cst.
1326 3038 1438 3091 Non
1477 3047 1826 3111 auteniatnat
1854 3038 1955 3094 ho-

370 3107 594 3177 minem,
626 3112 713 3181 qni
758 3110 929 3180 diligit
978 3110 1306 3179 iniquitatem
1336 3127 1350 3161 :
1379 3117 1433 3163 et
1472 3107 1561 3181 hic
1581 3109 1700 3181 edit
1726 3109 1955 3181 animam

370 3197 543 3245 suam,
590 3178 902 3236 et'altcrius
932 3178 1113 3234 amare
1164 3195 1266 3233 non
1312 3180 1526 3248 poterit.
1568 3178 1700 3233 Cum
1735 3195 1860 3233 vero
1901 3179 1954 3233 in

371 3254 463 3306 tali
492 3253 745 3316 amicitia,
775 3267 934 3321 quam
960 3252 1043 3305 vel
1078 3251 1242 3306 libido
1262 3249 1634 3312 comtnaculat,
1666 3250 1747 3321 vel
1768 3252 1955 3306 .avari-

369 3324 442 3377 tia
489 3323 671 3389 laedat,
723 3320 802 3375 vel
837 3323 1062 3377 incestat
1102 3321 1331 3382 luxuria,
1356 3328 1499 3374 tanta
1540 3330 1593 3373 et
1636 3320 1755 3374 talis
1795 3335 1959 3389 cxpe-

370 3395 538 3449 riatnr
562 3393 817 3455 dulcedo;
861 3394 987 3447 libet
1019 3393 1285 3460 cnnjiccre
1313 3400 1566 3461 quantum
1610 3390 1801 3445 habeat
1835 3406 1958 3445 sua-

372 3465 550 3517 vitatis
590 3464 675 3517 illa
703 3505 717 3527 ,
761 3480 880 3533 quae
928 3472 1126 3531 quanto
1163 3462 1434 3533 honestior
1461 3470 1743 3533 est,tant0
1771 3471 1857 3516 est
1904 3471 1959 3516 et

370 3535 644 3597 securior;
691 3532 909 3603 quanto
940 3534 1156 3598 castior,
1201 3540 1349 3586 tanto
1393 3532 1710 3601 jucundior;
1756 3541 1959 3601 quanto

370 3604 607 3666 liberior,
637 3602 784 3657 tanto
808 3612 862 3658 et
890 3602 1114 3656 felicior.

443 3673 669 3730 CAPUT
697 3672 781 3727 Ill.
816 3673 1051 3727 Amicitia
1067 3673 1250 3744 triplex
1266 3674 1534 3739 :carnalis,
1556 3673 1846 3740 mundialis,
1863 3675 1961 3744 spi-

366 3746 570 3800 ritualis
591 3754 636 3798 et
659 3759 795 3798 vera.
820 3744 1062 3798 Amicitia
1088 3745 1260 3812 itaque
1283 3744 1384 3798 alia
1400 3745 1645 3808 carnalis,
1679 3744 1779 3797 alia
1807 3760 1962 3798 mutt-

371 3816 546 3882 dialis,
577 3816 679 3869 alia
721 3815 1028 3884 spiritualis.
1057 3812 1335 3869 Carnalem
1363 3826 1509 3868 creat
1560 3815 1806 3867 vitiorum
1834 3829 1961 3868 con-

372 3901 562 3942 sensus
582 3927 597 3953 ,
614 3887 935 3941 mundialem
954 3900 1076 3954 Spes
1095 3894 1330 3953 quaestus
1345 3885 1613 3939 accendit:
1633 3884 1959 3949 Spiritualcm

374 3958 512 4012 inter
528 3958 695 4010 bonos
712 3959 851 4018 vitar,
869 3972 1096 4017 morum,
1111 3955 1516 4019 studiorumuie
1532 3954 1822 4007 similitudo
1834 3969 1964 4007 con-

373 4029 621 4098 glutinat.
670 4027 959 4082 Exordium
1003 4026 1230 4098 carnalis
1266 4025 1520 4098 amicitia;
1571 4023 1637 4076 ab
1679 4021 1960 4098 affectione

373 4094 635 4168 procedit,
671 4114 789 4168 quae
819 4099 984 4151 instar
1012 4094 1308 4149 meretricis
1346 4095 1604 4168 divaricat
1643 4094 1803 4161 pedes
1831 4108 1960 4149 suos

371 4163 519 4223 otnni
567 4163 878 4233 transeunti,
928 4180 1157 4236 sequens
1199 4173 1453 4236 attresnct
1489 4163 1673 4217 oculos
1713 4177 1839 4236 suos
1864 4180 1962 4234 per

371 4241 519 4293 varia
543 4239 861 4293 fornicantes
887 4256 898 4291 :
932 4234 1026 4307 per
1051 4250 1273 4306 quorum
1303 4234 1477 4307 aditus
1502 4249 1669 4303 usque
1697 4234 1762 4307 ad
1789 4234 1959 4303 ipsam

374 4320 607 4365 mentem
649 4304 986 4380 pulchrorum
1028 4304 1315 4380 cnrporum
1345 4304 1956 4380 v_el__r_erum_voluptuo-

374 4396 555 4436 sarum
586 4374 807 4435 infertur
848 4381 1042 4448 imago,
1083 4377 1276 4447 quibus
1318 4376 1384 4430 ad
1415 4375 1617 4448 libitum
1648 4374 1771 4448 frui,
1802 4383 1955 4446 putat

374 4466 496 4507 esse
538 4453 784 4511 beatum;
818 4450 911 4503 sed
948 4446 1062 4501 sine
1100 4446 1267 4512 SthlO,
1317 4447 1491 4501 minus
1531 4446 1799 4500 existimat
1840 4461 1962 4502 esse

370 4524 685 4591 jucundum.
724 4521 873 4575 Tunc
915 4531 1081 4584 motu,
1116 4528 1271 4583 nutu,
1301 4517 1498 4581 verbis,
1530 4517 1801 4591 obsequiis
1845 4518 1961 4591 ani-

376 4587 497 4646 mus
545 4593 612 4645 ab
659 4595 837 4644 animo
891 4591 1224 4660 captivatur;
1267 4597 1319 4643 et
1366 4587 1673 4660 accenditur
1717 4601 1860 4660 unus
1893 4588 1962 4643 ab

374 4662 568 4721 altero,
602 4671 656 4713 et
684 4657 1176 4714 conterminantur'
1210 4661 1261 4714 in
1292 4676 1475 4723 unum,
1511 4665 1569 4713 ut
1604 4659 1734 4713 inito
1759 4657 1961 4714 fmdere

377 4730 692 4791 miserabili,
724 4731 976 4798 quidquid
1006 4732 1243 4795 sceleris,
1276 4730 1533 4800 quidquid
1561 4729 1823 4798 sacrilegii
1853 4737 1956 4800 est,

374 4803 514 4857 alter
538 4809 659 4868 agat
684 4809 741 4855 et
768 4803 994 4867 patiatur
1018 4816 1116 4867 pro
1140 4801 1311 4853 altern
1339 4819 1351 4853 :
1381 4799 1614 4869 nihilque
1640 4800 1740 4854 hac
1767 4799 1957 4855 amici-

378 4874 447 4926 tia
496 4872 705 4927 dulcius
757 4871 1097 4930 arbitrantur,
1146 4870 1231 4924 vei
1267 4870 1510 4936 judicant
1552 4870 1767 4939 justius,
1818 4870 1960 4924 idem

377 4944 513 4998 velle
541 4952 593 4995 et
621 4942 757 4996 idetn
787 4939 926 4994 nolle
956 4941 1053 4993 siln
1081 4939 1446 5008 existimantes
1485 4941 1731 4995 amimtix
1758 4939 1961 5008 legibus

379 5015 647 5084 imperari.
685 5012 809 5066 flare
836 5010 1068 5084 amicitia
1109 5023 1205 5061 nec
1234 5007 1619 5084 deliberatione
1647 5007 1957 5084 suscipitur,

377 5079 475 5138 nec
515 5085 713 5153 judicio
762 5082 1034 5153 probatur,
1085 5093 1184 5153 nec
1220 5080 1418 5147 regitur
1448 5079 1694 5153 ratione;
1734 5080 1827 5133 sed
1870 5094 1961 5135 se-

377 5148 607 5209 cundum
656 5148 908 5223 impetum
953 5152 1248 5223 all‘ectionis
1291 5165 1389 5220 per
1431 5148 1637 5203 diversa
1678 5158 1959 5219 raptatur:

377 5241 484 5279 non
532 5220 747 5279 modum
791 5239 1028 5281 servans.
1077 5235 1182 5275 non
1230 5220 1449 5274 honesta
1497 5234 1810 5289 procurans,
1854 5237 1961 5276 non

377 5295 655 5351 commoda
700 5295 1098 5348 incommodave
1138 5292 1497 5362 prospiciens;
1537 5291 1629 5362 sed
1677 5291 1741 5345 ad
1780 5292 1960 5346 omnia

378 5365 786 5427 inconsiderate,
819 5366 1120 5427 indiscrete,
1151 5364 1337 5418 leviter
1364 5361 1815 5431 immoderateque
1837 5378 1961 5431 pro-

377 5436 645 5509 grediens.
695 5434 894 5489 Idcirco
935 5436 1126 5504 quibus
1170 5436 1364 5504 agitata
1410 5433 1561 5488 furiis
1604 5448 1635 5486 a
1673 5434 1959 5502 semetipsa

1658 235 1860 293 LIBER
1900 232 1990 293 DE
2027 233 2352 293 AMlClTlA.

3564 245 3671 308 854

2067 356 2431 429 consumitur,
2452 354 2639 411 eadem
2668 351 2886 429 levitate
2914 354 3214 420 resolvitur,
3255 372 3358 429 qua
3383 364 3658 419 contrahi-

2068 436 2174 482 tur.
2223 426 2468 482 Amicitia
2523 426 2823 490 mundialis,
2867 442 2987 497 qme
3039 444 3214 483 rerum
3259 426 3339 484 vel
3396 432 3654 492 bonorum

2069 499 2442 573 temporalium
2487 497 2738 573 eupidine
2771 499 3083 573 parturitur,
3132 514 3341 571 semper
3372 513 3455 557 est
3501 505 3657 573 plena

2066 567 2266 624 fraudis
2298 578 2457 638 atque
2488 567 2742 631 fallaciae;
2773 567 2908 623 nihil
2935 570 2985 622 in
3013 585 3072 623 ea
3110 567 3334 636 certum,
3367 567 3657 633 nihilicon-

2066 650 2237 698 stans.
2283 639 2415 715 nihil
2443 654 2690 715 securum
2721 658 2733 689 τ
2768 655 2982 715 semper
3019 656 3139 715 cum
3165 640 3381 715 fortuna
3402 656 3655 715 mutatur,

2066 720 2121 767 et
2165 711 2405 780 sequitur
2450 712 2793 779 marsupinm.
2851 709 3001 765 Unde
3055 711 3307 766 Salomon
3354 714 3521 768 dicit:
3556 709 3651 773 Est

2066 782 2260 858 anticus
2284 782 2559 858 secundum
2584 791 2877 858 tempusue!
2898 798 2998 858 non
3010 783 3327 858 permanebit
3354 785 3407 837 in
3436 795 3658 858 tetnporc

2066 852 2406 925 tribulationis
2448 852 2466 923 (
2493 851 2653 906 Eccli.
2698 868 2768 925 vi,
2798 850 2877 925 8).
2906 852 3075 925 _'l‘olle
3113 868 3261 925 spem
3297 850 3553 925 quaestus,
3601 866 3657 916 et

2066 924 2247 978 statim
2266 922 2477 978 desinet
2503 937 2622 977 esse
2648 922 2872 978 amicus.
2906 922 3061 979 Unde
3079 924 3294 993 quidam
3316 922 3337 979 Ξ

2189 1045 2290 1112 Nop
2315 1044 2391 1087 est
2406 1050 2658 1112 personae,
2686 1037 2777 1112 sed
2801 1039 3135 1112 prosperitatis
3156 1039 3343 1112 amicus

2251 1098 2615 1159 Quem’fortuna
2638 1107 2779 1151 tenet
2796 1098 2981 1160 dulcis,
3006 1101 3183 1151 acerba
3204 1099 3361 1163 fugat.

2138 1205 2385 1261 Amicitia
2439 1206 2752 1277 spiritualis,
2804 1222 2963 1274 quam
3012 1221 3194 1261 veram
3247 1206 3495 1274 dicimus,
3547 1223 3653 1267 non

2066 1277 2307 1333 utilitatis
2358 1282 2615 1348 cujusque
2669 1277 2953 1349 mundialis
3001 1278 3213 1342 intuitu,
3265 1292 3369 1331 non
3420 1278 3655 1349 qualibet

2066 1357 2215 1404 extra
2258 1357 2510 1403 nascente
2538 1364 2718 1412 causa,
2752 1348 2846 1403 sed
2887 1364 2951 1402 ex
2977 1349 3208 1419 propriae
3253 1348 3455 1403 natura:
3485 1350 3659 1419 digni-

2067 1427 2195 1484 tate,
2239 1427 2293 1473 et
2337 1419 2553 1473 lmmani
2595 1419 2825 1487 pectoris
2868 1418 3029 1474 sensu
3069 1418 3435 1482 desideratur;
3488 1418 3562 1474 ita
3602 1430 3660 1478 ttt

2066 1489 2273 1561 [ructus
2300 1489 2415 1561 ejus
2463 1491 2849 1561 prmmittmque
2886 1490 3115 1561 non‘sit
3152 1489 3296 1544 aliud
3321 1505 3477 1561 quam
3522 1492 3654 1561 ipsa.

2064 1559 2222 1616 Unde
2262 1557 2518 1614 Dominus
2561 1561 2613 1615 in
2654 1557 2967 1631 Evangelia,
3000 1557 3161 1614 Ροεηὶ
3204 1577 3313 1631 vos,
3339 1557 3554 1631 inquit,
3595 1571 3653 1617 ut

2066 1632 2210 1703 eatis,
2261 1640 2308 1684 et
2333 1634 2556 1703 fructum
2599 1630 2827 1703 ademtis
2866 1630 3044 1701 (Joan.
3074 1646 3168 1696 xv,
3195 1630 3322 1703 l6);
3368 1630 3564 1703 id’esl,
3596 1641 3656 1688 ut

2064 1700 2292 1755 invicem
2324 1701 2575 1770 diligatis.
2620 1702 2676 1755 ln
2714 1702 2828 1770 ipsa
2856 1700 3083 1771 namque
3109 1716 3232 1756 vera
3265 1700 3505 1757 amicitia
3549 1704 3656 1759 itur

2066 1771 2416 1840 proficiendo,
2449 1782 2502 1827 et
2528 1770 2731 1826 fructus
2759 1773 2966 1841 capitur
2989 1770 3327 1840 perfectionis
3365 1772 3504 1826 illius
3535 1773 3657 1828 dul-

2065 1842 2310 1896 cedinem
2350 1842 2651 1897 sentiendo.
2685 1842 2820 1898 Vera
2860 1843 3095 1897 charitas
3120 1842 3353 1913 amicitia
3382 1858 3657 1913 nuncupa-

2064 1924 2172 1975 tur,
2224 1923 2280 1968 ut
2317 1928 2475 1968 omne
2504 1913 2686 1967 vitium
2731 1914 3062 1968 excludatur.
3106 1912 3239 1967 Cum
3278 1912 3650 1970 benevolentia

2063 1983 2278 2049 dicitur,
2325 1984 2439 2052 ipse
2480 1986 2809 2039 consensus‘
2849 1984 3083 2049 amandi,
3125 1984 3214 2051 qui
3259 1999 3379 2054 cum
3423 1985 3651 2054 quadam

2063 2051 2355 2109 dulcedine
2388 2064 2650 2125 movetur,
2684 2055 2906 2109 interius
2932 2054 3266 2125 exprimitur.
3295 2051 3397 2110 Ubi
3429 2051 3553 2125 talis
3570 2065 3654 2111 est

2063 2124 2319 2189 amicitia,
2364 2124 2436 2179 ibi
2476 2125 2618 2179 idem
2660 2126 2817 2192 velle,
2863 2136 2918 2181 et
2946 2124 3084 2180 idem
3129 2126 3302 2187 nolle;
3353 2132 3500 2179 tanto
3528 2124 3651 2180 dul-

2064 2196 2199 2259 cius,
2236 2205 2434 2264 qnanto
2457 2196 2749 2260 sincerius;
2790 2205 2937 2251 tanto
2975 2196 3209 2258 suavius,
3251 2206 3450 2264 quanto
3472 2210 3652 2250 sacra-

2066 2267 2203 2329 tius;
2241 2265 2325 2317 ubi
2366 2266 2443 2319 sic
2471 2276 2711 2320 amantes
2737 2266 2863 2321 nihil
2890 2276 3110 2335 possunt
3145 2266 3281 2319 velle
3314 2265 3459 2335 quod
3482 2265 3650 2320 dede-

2064 2344 2202 2395 ceat,
2264 2335 2395 2388 nihil
2451 2336 2589 2403 quod
2640 2334 2899 2405 expediat
2946 2336 3106 2391 nolle.
3162 2336 3311 2405 Hanc
3360 2334 3650 2391 amicitiam

2063 2405 2343 2474 prudentia
2372 2405 2585 2478 dirigit,
2626 2404 2830 2475 jttstitia
2878 2408 3036 2478 regit,
3087 2404 3344 2462 fortitudo
3394 2405 3648 2475 custodit,

2064 2477 2415 2544 temperantia
2456 2477 2782 2530 moderatur.

2135 2544 2363 2619 CAPUT
2404 2546 2491 2599 IV.
2538 2547 2798 2619 Amicitite
2823 2547 2964 2619 origo
3003 2555 3052 2619 et
3091 2563 3413 2619 progressus.
3454 2548 3653 2604 Amici-

2063 2616 2152 2671 tiae
2183 2617 2433 2683 primum,
2486 2626 2542 2670 ut
2591 2617 2718 2670 mihi
2754 2616 2983 2681 videtur,
3024 2618 3137 2686 ipsa
3171 2616 3358 2674 natura
3403 2618 3649 2676 humanis

2063 2685 2331 2741 mentibus
2354 2687 2621 2758 impressit
2635 2686 2901 2749 allectum,
2924 2685 3116 2742 deinde
3128 2690 3454 2758 experientia
3475 2690 3647 2756 anxit,

2064 2766 2336 2826 postremo
2360 2757 2492 2825 legis
2512 2758 2798 2812 auctoritas
2815 2757 3097 2811 ordinavit.
3118 2759 3261 2814 Deus
3277 2762 3419 2814 enim
3442 2774 3653 2816 summe

2064 2837 2273 2901 potens,
2318 2837 2373 2881 et
2399 2843 2607 2882 summe
2633 2827 2823 2893 bonus,
2854 2828 2954 2883 sibi
2985 2837 3082 2901 est,
3102 2829 3201 2898 ipsi
3230 2829 3520 2897 sufficiens,
3560 2830 3652 2901 qui

2064 2897 2327 2952 bonorum
2357 2907 2655 2953 nostrorum
2683 2913 2788 2951 non
2816 2907 2970 2968 eget;
3001 2897 3168 2953 voluit
3197 2908 3254 2954 nt
3281 2914 3471 2955 omnes
3496 2897 3650 2956 crea-

2066 2978 2211 3022 turas
2259 2983 2383 3021 suas
2423 2985 2522 3035 pax
2563 2978 2929 3035 componeret,
2975 2977 3029 3022 et
3071 2970 3248 3023 uniret
3289 2973 3541 3026 societas.
3572 2970 3652 3026 Ita

2065 3047 2254 3093 natura
2280 3038 2544 3093 mentibus
2569 3039 2811 3092 humanis
2840 3039 2908 3092 ab
2938 3038 3052 3107 ipso
3075 3040 3297 3094 exordio
3322 3042 3571 3097 amicitiae
3592 3050 3649 3098 et

2066 3109 2341 3163 charitatis
2384 3109 2652 3177 impressit
2686 3107 2953 3173 affectum,
2989 3123 3147 3178 quem
3178 3110 3491 3165 interiorum
3534 3126 3653 3166 mo-

2065 3194 2184 3234 rum
2212 3192 2401 3232 sensus
2416 3180 2437 3209 '
2454 3178 2665 3232 amandi
2692 3177 2921 3246 quodam
2940 3177 3094 3248 gustu
3120 3181 3394 3235 suavitatis
3408 3181 3646 3237 adauxit.

2066 3250 2405 3304 Manifestum
2449 3258 2533 3303 est
2559 3248 2847 3303 amicitiam
2896 3250 3191 3305 naturalem
3220 3265 3341 3306 esse
3378 3251 3521 3306 sicut
3547 3251 3655 3306 vir-

2068 3329 2258 3385 tutem,
2286 3321 2426 3374 sicut
2448 3319 2757 3388 sapientiam
2777 3326 2833 3374 et
2850 3330 3074 3376 crateras
3100 3322 3341 3375 virtutes.
3363 3321 3470 3377 Sed
3494 3322 3651 3377 multi

2065 3390 2357 3463 abutuntur
2404 3391 2682 3460 sapientia,
2721 3390 2812 3463 qui
2849 3405 2945 3459 pro
2984 3406 3045 3445 ea
3087 3392 3285 3463 aliquid
3315 3392 3438 3447 inde
3484 3392 3653 3448 susci-

2067 3461 2356 3533 piunt.ivel
2384 3462 2470 3531 qui
2505 3477 2623 3516 eam
2664 3461 2934 3533 vepdnnt:
2967 3463 3046 3517 sic
3078 3461 3241 3533 aliqui
3265 3463 3406 3519 male
3432 3471 3652 3519 utuntur

2065 3529 2322 3598 amicitia,
2364 3529 2455 3601 qui
2487 3547 2583 3600 pro
2612 3544 2677 3587 ea
2705 3529 2899 3601 aliquid
2925 3529 3209 3602 appetunt,
3233 3534 3317 3588 vel
3342 3548 3462 3588 cum
3488 3548 3575 3589 ea.

2139 3602 2366 3677 CAPUT
2388 3600 2475 3677 νη
2492 3602 2571 3656 De
2589 3600 2825 3677 amicilite
2851 3600 3222 3677 [nactibu§._(a)
3247 3603 3383 3677 Quid
3410 3602 3653 3659 utilitatis

2069 3673 2283 3737 habeat,
2311 3689 2431 3727 cum
2463 3674 2515 3727 in
2543 3671 3406 3744 rebusrliumanisnibilsanctius
3429 3683 3651 3744 appeta-

2068 3753 2176 3808 tur,
2209 3743 2335 3797 nihil
2359 3752 2628 3812 quteratur
2649 3742 2849 3803 utilius,
2877 3741 3299 3812 uiliil‘diflicilins
3328 3741 3650 3807 inveniatur,

2069 3815 2202 3868 nihil
2237 3810 2547 3881 experiatur
2574 3812 2813 3877 dulcius,
2845 3811 2978 3865 nihil
3010 3810 3332 3867 fructuosius
3366 3820 3608 3868 teneatur
3628 3814 3654 3867 ‘l

2070 3884 2240 3938 Habet
2280 3882 2421 3937 enim
2463 3882 2692 3937 fructum
2727 3882 2849 3936 vitm
2890 3883 3166 3952 praisentis
3197 3891 3251 3938 et
3286 3883 3473 3937 futurae
3502 3885 3654 3952 :ipsa

2069 3956 2212 4010 enim
2254 3967 2441 4008 omnes
2479 3952 2701 4006 virtutes
2743 3965 2837 4006 sua
2866 3950 3048 4006 condit
3084 3954 3362 4018 suavitate,
3387 3952 3513 4007 vitia
3555 3950 3653 4009 Sua

2067 4027 2264 4079 virtute
2288 4022 2551 4089 confodit;
2583 4022 2803 4078 adversa
2828 4029 3110 4091 temperat,
3133 4024 3406 4091 componit
3430 4038 3644 4093 prospe-

2069 4112 2129 4151 ra
2163 4096 2270 4149 :ita
2304 4104 2361 4148 ut
2389 4093 2508 4149 sine
2546 4094 2716 4149 amico
2745 4093 2884 4147 inter
2916 4094 3167 4148 mortales
3191 4093 3319 4147 nihil
3351 4093 3463 4150 fere
3486 4093 3656 4162 possit

2069 4182 2191 4222 esse
2213 4165 2541 4236 jucundum;
2569 4174 2626 4219 et
2652 4165 2812 4236 homo
2834 4163 3019 4236 bestiae
3047 4172 3404 4236 comparetur,
3431 4180 3534 4236 non
3558 4163 3655 4219 ba-
3683 4196 3695 4214 ι

2069 4233 2330 4305 bens'qui
2369 4251 2551 4291 secum
2579 4235 2877 4291 collmtetur
2905 4233 2959 4288 in
2990 4234 3151 4289 rebus
3175 4233 3441 4301 secundis,
3472 4234 3526 4289 in
3556 4236 3652 4289 tri-

2068 4308 2239 4363 stibus
2262 4308 2634 4374 contristetur;
2682 4307 2767 4362 cui
2807 4314 3079 4374 evaporet,
3115 4306 3160 4359 si
3203 4307 3327 4376 quid
3365 4307 3652 4361 molestum

2068 4393 2223 4435 mens
2248 4378 2580 4447 conceperit;
2611 4378 2695 4433 cui
2715 4377 3094 4447 communicet,
3117 4377 3160 4430 si
3188 4376 3311 4447 quid
3340 4386 3537 4447 praeter
3561 4390 3654 4430 so,

2068 4449 2218 4505 litum
2249 4444 2480 4504 sublime
2503 4449 2588 4503 vel
2619 4448 2845 4502 livosum
2864 4446 2885 4478 ³
2914 4447 3221 4501 accesserit.
3262 4444 3348 4499 γω
3369 4446 3468 4499 soli
3487 4484 3504 4509 ,
3533 4447 3656 4514 quia

2067 4537 2182 4596 eum
2207 4520 2458 4596 ceciderit,
2484 4535 2586 4571 non
2604 4517 2751 4596 habet
2769 4516 3111 4596 sublevantem
3132 4531 3186 4596 se
3214 4515 3406 4596 (licata.
3437 4530 3510 4596 tv,

2069 4592 2227 4648 Solus
2255 4582 2473 4643 omnino
2504 4598 2585 4642 est
2608 4628 2623 4653 ,
2652 4588 2740 4657 qui
2765 4589 2883 4642 sine
2910 4586 3083 4657 amico
3107 4582 3312 4657 est.‘At
3336 4599 3457 4657 quae
3485 4582 3657 4639 felici-

2068 4672 2170 4724 tas,
2200 4676 2317 4731 quae
2354 4652 2641 4731 securitas,
2669 4652 2788 4731 qua:
2820 4654 3121 4731 iucunditas
3143 4663 3258 4731 est,
3295 4652 3495 4731 habere
3531 4669 3656 4731 cum

2069 4747 2175 4803 quo
2209 4724 2359 4803 atque
2387 4730 2586 4803 audeas
2617 4724 2793 4803 loqui,
2821 4724 3035 4803 uitibt;
3072 4725 3158 4779 cui
3177 4724 3423 4803 confiteri
3451 4740 3556 4803 non
3583 4726 3655 4779 ti-

2069 4795 2235 4863 meas,
2256 4795 2301 4855 si
2330 4798 2454 4870 quid
2483 4795 2800 4870 deliqueris;
2831 4798 2915 4852 cui
2944 4811 3052 4870 non
3077 4796 3362 4870 erubescas
3388 4795 3651 4870 revelare,

2068 4875 2122 4929 in
2168 4865 2532 4943 spiritualibus
2572 4865 2623 4923 si
2661 4868 2790 4943 quid
2849 4865 3170 4938 profeceris;
3219 4867 3303 4943 cui
3354 4865 3656 4943 cordismtui

2069 4935 2247 4999 omnia
2285 4951 2487 4998 secreta
2530 4935 2866 5003 committas,
2913 4946 2969 4993 et
3003 4936 3347 4991 commendes
3389 4935 3656 4990 consilia?

2067 5014 2208 5085 Quid
2235 5014 2393 5085 igitur
2413 5011 2719 5085 jucundius,
2754 5025 2915 5085 quam
2940 5010 3010 5085 ita
3038 5008 3189 5062 unire
3217 5007 3451 5085 animum
3472 5005 3496 5038 δ
3518 5006 3657 5085 alte-

2067 5076 2210 5150 rius,
2238 5076 2294 5140 ἐι
2340 5076 2502 5138 unum
2530 5081 2746 5136 efﬁcere
2770 5076 2837 5135 de
2879 5080 3118 5150 duobus,
3150 5089 3209 5133 ut
3239 5078 3386 5133 nulla
3403 5076 3657 5143 iactantia

2069 5148 2339 5221 timeatur,
2382 5154 2525 5207 nulla
2568 5151 2881 5207 formidetur
2923 5148 3185 5221 suspicio;
3237 5163 3336 5221 nec
3371 5154 3658 5221 correptus

2069 5227 2203 5282 alter
2230 5226 2298 5280 ab
2323 5217 2490 5279 altero
2517 5223 2728 5287 doleat;
2773 5236 2871 5276 nec
2913 5217 3218 5275 laudantem
3259 5219 3400 5274 alter
3422 5217 3658 5287 alterum

2067 5295 2388 5354 adulationis
2434 5302 2587 5350 notet
2623 5286 2719 5348 vel
2749 5291 2978 5363 arguat?
3013 5290 3249 5359 Amicus,
3297 5288 3374 5344 ait
3411 5286 3659 5358 Sapiens,

2130 5468 2152 5540 ἔ
2186 5466 2435 5540 “trades
2696 5532 2707 5540 .
2769 5527 2781 5540 .

2131 5534 2153 5565 ³
2187 5530 2317 5593 Apud
2342 5528 2616 5588 Aelredum,
2638 5528 2835 5580 interior
2857 5539 2973 5580 mox
2993 5538 3180 5580 sanus.

2132 5595 2155 5628 ³
2185 5591 2437 5649 ΑθΙτθιιιιε,
2460 5590 2759 5642 luminosum.

2133 5658 2153 5688 ³
2186 5653 2321 5719 Apud
2346 5653 2625 5719 Aelredum,
2648 5650 2826 5704 animo.
2859 5714 2876 5719 _
3361 5704 3366 5710 .
3472 5706 3477 5711 .
3521 5700 3524 5704 λ
3561 5685 3573 5694 -

2132 5714 2309 5781 (oft):
2327 5714 2522 5770 Aeltedi
2543 5714 2671 5770 libro
2691 5714 2929 5769 secundo.
3328 5730 3404 5786 ,.;:,
3444 5754 3524 5778 ..
3561 5735 3581 5762 '-
