4138 6212
520 266 627 323 845

521 380 618 447 cit,
650 376 751 435 nisi
777 376 894 434 llaec
911 377 1034 433 vilia
1050 383 1103 433 et
1117 374 1528 447 contemptibilis
1556 371 1869 447 abiecerit‘.
1891 371 2099 447 caven-

522 444 650 504 dum
683 459 763 504 est
788 465 854 504 ne
878 448 1103 503 tenerior
1124 444 1344 501 allectus
1373 447 1604 514 majores
1638 445 1888 499 utilitates
1928 444 2101 513 impc-

525 519 655 583 diat,
688 520 811 575 dum
838 533 929 573 eos
951 532 1082 587 quos
1114 517 1354 587 ampliori
1382 516 1638 587 cbaritate
1673 514 2098 587 complectimur,

523 589 571 645 si
600 604 786 659 magna
816 604 936 657 spes
961 584 1158 642 fructus
1177 584 1437 659 uberioris
1463 586 1654 659 elucet,
1674 584 2100 659 necabseutare,

527 654 794 721 volumus,
824 654 924 711 nec
951 671 1192 710 onerare.
1220 656 1346 710 lltec
1367 666 1448 710 est
1473 657 1615 710 enim
1645 655 1870 708 amicitia
1896 654 2106 709 ordina-

524 738 597 793 ta,
630 738 684 783 ut
709 729 840 782 ratio
861 738 1010 796 regat
1034 725 1300 791 affectum,
1333 741 1431 781 nec
1461 736 1567 780 tam
1594 726 1717 794 quid
1742 726 1951 796 illorum
1976 739 2102 779 sua-

522 799 679 863 vitas,
711 812 866 866 quam
895 794 1021 867 quid
1042 798 1325 851 multorum
1346 805 1484 865 petat
1504 797 1720 860 utilitas,
1744 794 2098 849 attendamus.

521 867 623 955 Qui
653 866 994 955 semetipsum
1016 882 1121 955 non
1140 875 1324 955 __amat,
1344 866 1521 955 lalium
1551 880 1730 955 amare
1761 880 1885 955 non.
1908 873 2100 955 potest.

520 935 593 993 Se
638 945 814 992 autem
846 935 964 991 non
1008 936 1197 1006 diligit,
1226 938 1311 1005 qni
1344 944 1498 1005 turpe
1522 936 1718 1005 aliquid
1747 936 1830 991 vel
1874 935 2099 990 inhone-

521 1016 685 1074 stum,
710 1008 795 1062 vel
821 1022 851 1061 a
882 1022 941 1062 se
978 1007 1158 1077 exigit,
1188 1008 1271 1061 vel
1302 1007 1402 1062 sibi
1430 1008 1683 1077 impertit.
1706 1006 1947 1077 Primum
1972 1019 2101 1077 ergo

523 1085 626 1148 est,
659 1086 718 1133 ut
747 1075 1090 1148 semetipsum
1133 1077 1355 1148 quisque
1399 1075 1674 1148 castit‘icet,
1706 1075 1836 1148 nillil
1888 1075 2104 1148 sibimet

522 1147 806 1225 indulgens
821 1145 976 1225 quod
1008 1145 1287 1225 indecens
1313 1147 1399 1211 sit,
1427 1147 1556 1225 niliil
1596 1145 1916 1225 subtrahens
1963 1145 2102 1225 quod

522 1218 655 1274 utile
678 1215 768 1272 sit.
819 1215 926 1273 Sed
953 1218 1074 1287 quia
1106 1217 1190 1270 hic
1218 1232 1369 1272 amor
1410 1217 1604 1270 multos
1628 1215 1853 1287 diligit”,
1884 1230 1953 1287 est
1975 1215 2102 1287 ipsis

521 1288 681 1357 eligat
706 1303 861 1358 quem
886 1284 1246 1343 ad'amicitia:
1296 1295 1501 1343 secreta
1550 1287 1666 1358 lege
1712 1285 1957 1358 l'aniiliari
2008 1284 2105 1340 ad-

516 1354 735 1424 mittat,
779 1358 831 1413 in
886 1373 1042 1425 quem
1091 1358 1303 1425 cepiose
1347 1372 1500 1411 suum
1552 1354 1792 1410 infundat
1834 1354 2099 1421 allectum,

520 1428 798 1483 denudans
848 1437 1031 1498 pectus
1086 1443 1239 1481 suum
1299 1442 1463 1498 usque
1490 1426 1553 1481 ad
1597 1425 1980 1498 inspectionem
2021 1426 2103 1478 vi-

522 1512 771 1565 scerum,
822 1495 1209 1563 medullarum,
1255 1495 1576 1565 cogitatuum
1633 1505 1686 1550 et
1750 1495 2102 1550 inlentionum

524 1568 723 1638 cordis.
752 1566 869 1624 Non
900 1568 1122 1638 eligatur
1152 1569 1440 1622 secundum
1471 1565 1785 1638 allectionis,
1810 1565 2099 1638 lasciviam,

422 1656 429 1663 κ
522 1636 619 1692 sed
672 1635 993 1693 secundum“
1017 1638 1394 1707 perspicaciam
1433 1636 1665 1707 rationis
1701 1635 2102 1707 similitudinem

519 1722 752 1773 morum,
769 1719 820 1762 et
838 1705 1337 1777 contemplationem
1353 1708 1625 1777 virtutum.
1647 1706 1737 1761 Sic
1759 1721 1817 1777 se
1834 1705 2105 1775 impendat

519 1778 714 1844 amico,
744 1788 799 1833 ut
826 1779 1010 1833 levitas
1035 1775 1207 1832 omnis
1222 1777 1378 1843 absit,
1404 1775 1708 1846 jucunditas
1728 1776 1883 1841 adsit,
1902 1790 2002 1830 nec
2017 1790 2106 1830 or-

1965 260 2325 320 APPENDIX.

3687 264 3816 326 ω

2212 376 2415 445 parium
2442 374 2757 441 studiorum,
2798 379 2854 430 et
2868 369 3111 445 quaedam
3140 370 3494 445 contormatio
3519 372 3797 433 vultuum.

2208 447 2284 502 lta
2322 448 2522 502 electus
2560 457 2614 502 et
2637 444 2902 518 probatus
2918 445 3047 500 nihil
3070 444 3198 499 velit
3221 444 3361 515 quod
3375 444 3674 518 dedeceat,
3705 447 3806 503 vel

2208 528 2390 588 petere
2409 519 2476 572 ab
2501 514 2692 582 amico,
2709 516 2794 573 vel
2812 524 3067 585 przestare
3091 514 3336 588 rogatus.
3357 514 3662 588 Amicitiam
3681 519 3807 572 vir-
3840 546 3850 565 ι

2210 584 2373 643 iutcm
2405 587 2648 657 putare‘,
2691 584 3537 657 non’quzestum{adulationem
3581 584 3799 657 fugere,

2205 654 2461 716 detestari
2477 654 2886 713 assentationem
2907 671 2924 723 ;
2946 658 2968 690 ²
2990 656 3121 712 liber
3140 655 3193 710 in
3215 654 3561 723 discretione,
3584 654 3803 726 patiens

2207 731 2258 784 in
2287 730 2645 798 correptione,
2690 727 2876 782 ﬁrmus
2910 735 2969 783 et
2994 726 3197 798 stabilis
3222 726 3277 781 in
3302 726 3591 785 dilectione
3618 744 3633 781 :
3658 728 3798 785 utile

2207 809 2332 855 tunc
2352 797 2533 855 dolere
2563 813 2658 868 pro
2678 798 2921 862 invicem,
2946 797 3210 864 laborare,
3243 810 3407 868 onera
3426 812 3523 853 sua
3546 806 3785 866 portare,

2208 886 2304 940 pro
2329 871 2498 950 alterno
2523 866 2866 950 semetipsum
2895 868 3184 950 negligere,
3215 866 3435 949 alterius
3463 868 3797 923 voluntatem

2207 938 2316 996 suae
2338 939 2611 1010 praeferre,
2656 938 2796 994 illius
2844 938 3147 993 necessitati
3182 938 3352 1009 magis
3385 952 3545 1008 quam
3566 951 3677 993 suae
3697 952 3797 993 oc-

2206 1026 2442 1090 currere,
2468 1010 2710 1090 adversis
2734 1010 3374 1090 semetipsumopponere
3393 1016 3450 1062 et
3471 1021 3784 1090 exponere;

2207 1081 2393 1136 dulce'
2418 1081 2484 1136 ad
2505 1081 2732 1136 invicem
2760 1077 3024 1146 conferre,
3053 1077 3223 1133 studia
3254 1093 3349 1133 sua
3372 1077 3561 1133 mutuo
3580 1077 3792 1147 patefa-

2207 1166 2347 1207 cere.
2376 1152 2597 1207 Accedit
2620 1165 2720 1222 pro
2745 1149 2971 1222 invicem
3001 1148 3194 1222 oratio,
3225 1149 3431 1222 quaein
3468 1149 3623 1222 amici
3659 1162 3792 1222 Διιιθ-

2206 1224 2376 1276 moria
2401 1231 2549 1276 tanto
2568 1216 2858 1291 efﬁcacius,
2880 1226 3082 1291 quanto
3098 1216 3443 1291 all‘ectuosius
3467 1216 3785 1291 admittitur,

2207 1292 2593 1363 proﬂuentibus
2629 1288 2914 1363 lacrymls,
2944 1304 3077 1363 quas
3108 1288 3406 1363 vel_timor
3434 1289 3655 1363 excutit,
3705 1289 3792 1344 vel

2206 1358 2425 1417 allectus
2474 1363 2616 1417 elicit
2659 1358 2759 1416 vel'
2788 1360 2942 1415 dolor
2962 1358 3180 1415 'educit.
3212 1358 3289 1414 Ita
3315 1374 3413 1429 pro
3436 1359 3609 1414 amico
3633 1372 3791 1415 orans

2207 1432 2496 1497 Christum,
2524 1434 2694 1502 ipsum
2724 1430 3093 1502 desideranter
3118 1437 3173 1502 et
3197 1428 3485 1502 diligenter
3512 1429 3740 1502 intendit
3766 1445 3781 1483 :

2206 1517 2327 1557 cum
2354 1498 2840 1557 subito'transiens
2869 1498 3090 1556 allectus
3132 1499 3186 1571 in
3216 1498 3489 1571 allectum,
3528 1507 3584 1555 et
3624 1499 3792 1571 ipsius

2207 1574 2404 1627 Christi
2446 1571 2784 1627 dulcedinem
2829 1579 3077 1640 tangens,
3127 1569 3332 1641 incipit_
3361 1578 3576 1641 gustare
3627 1569 3791 1641 quam

2207 1642 2379 1698 dulcis
2423 1653 2525 1706 est,
2578 1651 2633 1697 et
2671 1642 2871 1696 sentire
2898 1638 3054 1712 quam
3085 1638 3279 1696 suavis.
3301 1638 3442 1712 μιν
3471 1638 3663 1695 sancto
3698 1638 3794 1695 illo

2207 1728 2411 1780 amore,
2439 1727 2545 1782 quo
2592 1709 2932 1781 amplectitur
2953 1711 3206 1777 amicum,
3248 1709 3320 1782 ad
3359 1710 3508 1782 illum
3532 1723 3794 1782 conscen-

2208 1785 2340 1857 dens
2363 1780 2472 1854 quo
2492 1780 2830 1857 amplectitur
2858 1781 3151 1851 Christum,
3181 1780 3516 1852 spiritualem
3539 1780 3791 1837 amicitia

520 1846 704 1916 dinata
743 1847 919 1902 desmt
945 1848 1328 1903 benevolentia:
1356 1856 1410 1902 et
1435 1846 1710 1901 cbaritatis
1735 1846 1988 1916 obsequia
2019 1846 2105 1900 vel

520 1914 719 1987 ofﬁcia.
775 1918 1034 1973 Probetur
1080 1917 1213 1973 ﬁdes
1256 1917 1787 1987 οίυε,.,1ιοιιεεωεᾼεῑ
1828 1914 2101 1987 patientia.

521 1980 757 2045 Accedat
781 1987 1074 2044 amicorum
1099 1980 1443 2043 consiliorum
1465 1985 1793 2055 communio,
1822 1980 2104 2042 assiduitas

2208 1853 2436 1910 fructum
2459 1853 2617 1923 capit.

1776 2046 1788 2055 '
2155 2084 2159 2091 ι
2270 2046 3790 2148 ξιεςηςωηωηειὶεενϋ

586 2139 605 2172 ι
640 2138 889 2190 Aelredus.
913 2137 1165 2190 adiecerit.
2274 2176 2293 2190 .
2325 2114 2472 2190 9999’

2272 2176 2294 2208 ³
2325 2170 2472 2237 Acin,
2496 2170 2798 2239 quatridulce
2828 2171 3020 2228 habent.

913 2137 1165 2203 adiecerit.

586 2199 779 2262 amas,

521 2316 3777 2345 Μ’*

1809 2415 2448 2495 ADMONITIO

1323 2582 1406 2645 IN
1433 2581 1736 2646 LIBRUM
1777 2580 1882 2645 DE
1925 2576 2275 2644 SUBSTAN
2287 2574 2426 2638 TIA
2466 2570 2994 2637 DILECTIONIS.

1987 2700 2370 2782 μσς»

588 2868 811 2925 Constat
829 2870 929 2927 iste
951 2868 1162 2928 libellus
1188 2869 1457 2942 opusculis
1481 2868 1536 2925 in
1561 2883 1723 2925 unum
1752 2866 1988 2924 confusis
2014 2865 2241 2935 duobus,
2274 2879 2393 2937 quae
2422 2864 2475 2920 in
2497 2862 2709 2934 scriptis
2724 2861 2873 2920 libris
2902 2876 3007 2921 non
3032 2861 3111 2917 sic
3140 2860 3256 2917 loco
3274 2859 3587 2933 junguntur,
3603 2860 3729 2931 quin
3750 2874 3784 2919 a

518 2973 580 3015 se
605 2959 831 3017 invicem
853 2975 950 3017 suo
977 2962 1162 3019 saltem
1189 2960 1410 3033 praeﬁxo
1429 2960 1622 3033 cuique
1642 2960 1795 3015 titulo
1823 2967 2157 3033 separentur.
2182 2956 2507 3028 Opuseulum
2530 2956 2781 3027 primum,
2807 2955 2894 3011 cui
2921 2953 3103 3010 titulus
3127 2960 3231 3021 est,
3259 2952 3338 3009 De
3364 2951 3666 3008 Substauu'a
3688 2950 3793 3009 Di.

519 3046 745 3109 lectionis
763 3091 779 3117 ,
806 3050 1002 3106 desinit
1024 3050 1092 3107 ad
1116 3051 1298 3107 ultima
1322 3050 1486 3106 verba
1510 3050 1699 3121 capitis
1723 3050 1929 3122 quarti,
1964 3058 2018 3104 et
2043 3047 2325 3119 Augustini
2348 3061 2468 3103 raro
2505 3045 2790 3101 admodum
2811 3087 2826 3112 ,
2860 3044 3097 3117 llugonls
3126 3051 3302 3101 autem
3344 3044 3657 3114 plerumque
3685 3054 3789 3099 no-

516 3154 641 3196 men
662 3140 716 3196 in
747 3142 871 3198 Mss.
904 3143 1294 3214 exemplaribus
1320 3141 1535 3213 prtefert
1557 3160 1572 3196 :
1595 3151 1649 3198 et
1667 3156 1797 3198 sane
1821 3147 1994 3197 exstat
2011 3140 2151 3195 inter
2179 3153 2341 3211 opera
2359 3139 2574 3194 nomine
2591 3138 2828 3210 llugonis
2853 3137 3063 3208 vulgata
3083 3179 3098 3203 ,
3117 3137 3255 3194 libro
3283 3136 3490 3192 scilicet
3517 3145 3752 3195 assutum
3768 3174 3790 3217 ρ

515 3231 606 3300 qui
636 3232 948 3303 appellatur,
973 3233 1334 3290 lnstitutiones
1350 3233 1626 3289 catholica:
1652 3234 1706 3288 in
1729 3231 2324 3303 Decalogum.Alterum
2353 3230 2670 3301 opusculum
2691 3229 2757 3286 ab
2777 3230 2883 3285 illis
2897 3230 3074 3287 verbis
3101 3228 3291 3299 capitis
3315 3227 3487 3299 quinti
3510 3228 3790 3297 incipiens,

522 3319 640 3376 Vita
664 3324 829 3378 cordis
852 3340 997 3378 amor
1016 3333 1106 3389 est,
1132 3334 1259 3391 etc.,
1282 3324 1492 3379 titulum
1520 3324 1637 3379 sine
1665 3323 1900 3379 auctoris
1925 3323 2142 3379 nomine
2170 3321 2311 3378 hunc
2329 3322 2414 3378 vel
2440 3322 2667 3378 similem
2699 3322 2894 3377 habet:
2922 3320 3070 3388 Quod
3093 3322 3197 3377 vita
3218 3322 3388 3376 cordis
3411 3321 3475 3376 sit
3494 3333 3658 3375 amor.
3683 3319 3793 3375 Hoc

511 3414 674 3468 etiam
694 3430 815 3472 cum
842 3416 1092 3484 operibus
1120 3416 1357 3486 llugonis
1385 3415 1585 3471 editum
1611 3422 1696 3471 est
1722 3415 1776 3470 in
1794 3414 1889 3471 lib.
1927 3416 1953 3471 l
1986 3414 2467 3483 Miseellaneorum,
2490 3415 2568 3470 tit.
2600 3415 2704 3471 170
2723 3415 2805 3470 vel
2825 3415 2920 3470 171
2945 3414 3307 3473 eruditionum
3348 3413 3791 3486 tbeologicarum,

513 3499 865 3576 Nonnullajn
893 3502 995 3559 hoc
1016 3502 1195 3559 libello
1222 3504 1392 3574 carpit
1414 3503 1714 3561 Bernartius
1740 3503 2313 3575 VindingusinCritico
2337 3504 2752 3576 Augustiniano,
2774 3507 2869 3562 sed
2895 3519 3014 3575 qua:
3046 3521 3175 3563 sane
3204 3505 3349 3563 haud
3367 3506 3543 3565 aliena
3571 3512 3699 3561 sunt
3721 3503 3789 3560 ab

515 3591 740 3665 Hugone
769 3564 1056 3650 iictorino.
1087 3594 1220 3650 lllud
1240 3635 1253 3661 ,
1276 3564 1505 3668 eaempli
1530 3594 1699 3667 gratia
1718 3636 1733 3664 ,
1765 3595 1907 3666 quod
1932 3564 2157 3651 censura
2185 3596 2402 3667 dignum
2419 3564 2600 3666 putat,
2624 3564 2749 3667 quia
2776 3564 2970 3652 dicitur
2986 3595 3126 3653 Deus
3149 3606 3386 3669 operatus
3407 3612 3563 3668 opera
3588 3603 3793 3651 restau-

510 3686 723 3743 ratiom's
747 3687 983 3743 humana:
999 3688 1185 3759 partim
1208 3704 1297 3760 per
1315 3686 1559 3754 homines,
1588 3687 1774 3768 partim
1796 3705 1887 3761 per
1906 3687 2132 3760 angelos,
2156 3688 2340 3759 partim
2374 3704 2464 3760 per
2488 3688 2837 3759 semetipsum,
2862 3687 3143 3759 aliquoties
3172 3688 3367 3760 repetit
3389 3687 3541 3760 Hugo
3567 3688 3621 3742 in
3649 3684 3789 3743 libro

507 3774 546 3830 4
579 3774 648 3835 de
672 3776 810 3834 Area
834 3777 1045 3848 morali,
1070 3792 1224 3850 capp.
1247 3778 1303 3845 5,
1323 3777 1378 3846 5,
1409 3778 1464 3846 9,
1490 3785 1545 3835 ct
1564 3776 1617 3833 in
1638 3776 1732 3833 lib.
1754 3776 1791 3832 2
1817 3776 1886 3835 de
1909 3777 2154 3836 Vanitate
2174 3778 2377 3845 mundi,
2405 3787 2511 3837 etc.
2536 3777 2815 3837 Postremo
2834 3777 3159 3839 Tritbemius
3182 3779 3353 3837 abbas
3380 3779 3522 3838 inter
3550 3777 3791 3850 Hugonis

512 3877 677 3937 opera
701 3876 887 3927 censet
912 3867 1108 3926 librum
1136 3867 1204 3924 de
1223 3867 1531 3925 Substantia
1556 3867 1882 3927 Dilectionis.

681 4083 955 4234 DE
1019 4092 2272 4245 SUBSTANTIA
2332 4093 3420 4247 DILECTION
3429 4098 3610 4244 IS

480 4376 490 4425 ε
1649 4314 2121 4422 LIBER
2208 4315 2640 4425 UNU'S.

480 4447 488 4484 l

478 4486 486 4575 ἓ
1957 4500 2322 4559 θοθξωοο

478 4586 484 4663 ἶ
572 4622 797 4684 CAPUT
859 4621 1140 4680 parum.
1192 4621 1392 4678 Amoris
1437 4621 1537 4677 duo
1588 4620 1681 4675 rivi
1712 4586 1735 4687 ξ
1770 4621 1990 4678 charitas
2044 4633 2093 4680 et

503 4697 774 4768 cupiditas.
801 4693 932 4768 Inde
956 4710 1106 4768 omne
1143 4693 1439 4768 bonumve!
1474 4691 1881 4768 uratum.__Amor
1922 4703 2090 4751 motus

503 4761 578 4823 esi
599 4784 730 4823 unus
751 4775 796 4821 et
823 4766 1125 4836 multiplex,
1152 4763 1529 4836 Quotidianum
1562 4762 1630 4836 tle
1657 4761 1941 4836 dilectione
1972 4779 2090 4820 ser-

2204 4622 2397 4695 piditas
2433 4630 2488 4678 et
2510 4622 2782 4695 cbaritas:
2813 4631 2868 4678 et
2905 4622 3142 4695 omnium
3174 4623 3432 4695 malorum
3458 4620 3609 4695 radix
3630 4623 3790 4695 cupi-

2198 4690 2335 4749 ditas
2357 4734 2371 4756 ,
2398 4702 2455 4749 et
2472 4693 2711 4749 omnium
2739 4693 3001 4764 bonorum
3028 4693 3181 4753 radix
3204 4694 3458 4749 cbaritas.
3490 4693 3570 4764 Ea
3593 4690 3786 4764 euigi-

2201 4775 2285 4823 tur
2311 4772 2479 4819 totum
2506 4772 2590 4818 est
2606 4803 2621 4830 ,
2645 4763 2787 4835 quod
2807 4764 3005 4835 bonum
3027 4772 3139 4828 est;
3164 4773 3227 4835 et
3238 4772 3406 4820 totum
3423 4762 3565 4835 quod
3580 4762 3786 4821 malum

499 4850 715 4893 munem
741 4832 986 4901 serimus,
1010 4851 1077 4891 ne
1103 4833 1240 4890 forte
1255 4836 1272 4867 ί
1294 4834 1544 4890 scintillet
1560 4833 1612 4889 in
1629 4832 1877 4890 cordibus
1893 4835 2090 4893 nostris

500 4917 556 4961 et
584 4904 896 4962 exardescat
918 4907 1054 4975 ignis
1082 4903 1351 4959 flammam
1370 4904 1576 4975 iaciens
1597 4944 1611 4967 ,
1640 4913 1732 4958 aut
1758 4914 1923 4959 totum
1952 4920 2087 4960 con-

497 4991 717 5047 sumens
733 5017 749 5044 ,
777 4986 867 5031 aut
890 4974 1123 5047 purgans
1149 4984 1336 5031 totum.
1364 4974 1444 5047 Es
1460 4989 1525 5029 eo
1542 4988 1774 5047 namque
1798 4983 1964 5031 totum
1981 4983 2083 5042 est,

498 5045 643 5115 quod
671 5047 869 5102 bonum
891 5044 971 5101 est
992 5044 1007 5102 ξ
1018 5054 1072 5101 et
1091 5053 1258 5115 totum
1285 5044 1428 5115 quod
1454 5044 1648 5115 malum
1677 5053 1777 5109 est,
1809 5060 1875 5101 ex
1897 5062 1961 5100 eo
1979 5054 2082 5102 est.

497 5113 649 5172 Unus
681 5116 795 5171 fons
822 5115 1121 5172 dilectionis
1147 5113 1289 5169 intus
1303 5113 1511 5170 saliens
1531 5155 1547 5181 ,
1576 5114 1710 5171 duos
1737 5117 1880 5170 rivos
1906 5115 2081 5172 ellua-

496 5186 575 5247 dit
602 5206 614 5242 :
645 5187 779 5243 alter
801 5194 885 5241 est
912 5202 1062 5240 amor
1091 5185 1272 5241 mundi
1297 5227 1313 5252 ,
1342 5185 1634 5254 cupiditas;
1661 5186 1796 5240 alter
1821 5194 1905 5243 est
1930 5201 2086 5243 amor

496 5256 629 5325 Dei,
652 5256 906 5312 Charitas.
936 5256 1166 5313 Medium
1189 5257 1386 5325 quippe
1409 5264 1492 5310 est
1511 5270 1605 5310 cor
1648 5256 1877 5311 hominis
1896 5297 1910 5320 ,
1940 5258 2083 5315 unde

493 5326 614 5381 fons
637 5328 833 5381 amoris
857 5327 1121 5396 erumpit:
1145 5334 1339 5380 etcum
1379 5342 1476 5396 per
1502 5326 1794 5396 appetitum
1821 5326 1886 5379 ad
1932 5337 2083 5383 exte-

491 5396 638 5452 riora
665 5398 914 5461 decurrit,
933 5394 1196 5466 cupiditas
1224 5394 1444 5460 dicitur;
1463 5394 1585 5452 cuin
1602 5410 1729 5452 vero
1752 5396 2077 5466 desiderium

491 5477 649 5539 suum
678 5468 745 5522 ad
773 5464 1032 5539 interiora
1052 5467 1262 5539 dirigit,
1290 5467 1522 5539 eliaritas
1564 5468 1896 5524 nominatur.
1933 5464 2080 5539 Ergo

472 5534 603 5617 ‘duo
628 5546 753 5593 sunt
789 5538 922 5605 rivi,
949 5538 1038 5608 qui
1067 5536 1135 5593 de
1163 5534 1309 5593 fonte
1336 5537 1632 5594 dilectionis
1675 5549 1951 5608 emanant,
1983 5534 2075 5595 cit-

559 5686 582 5723 ⁸
608 5689 744 5755 Apud
776 5698 900 5756 aus.
935 5688 1143 5757 additur,
1177 5703 1273 5747 non
1291 5688 1773 5755 uitiandme
1795 5691 1944 5751 nobis.

2196 4844 2404 4906 est,_ex
2437 4849 2502 4888 eo
2523 4842 2630 4906 est.
2658 4834 2920 4905 Quidquid
2951 4849 3078 4906 ergo
3104 4833 3231 4893 illud
3258 4844 3374 4902 est,
3405 4833 3651 4906 magnum
3699 4841 3787 4906 est

2197 4904 2340 4975 quod
2372 4905 2426 4976 in
2448 4903 2603 4959 nobis
2631 4917 2744 4972 eSt;
2774 4902 2829 4961 et
2852 4920 2919 4961 ex
2939 4902 3199 4976 eo'totum
3224 4914 3337 4973 est,
3368 4902 3518 4976 quod
3537 4919 3605 4960 ex
3630 4902 3786 4964 nobis

2193 4974 2311 5032 est‘
2339 4994 2352 5030 :
2384 4975 2487 5031 hoc
2521 4983 2697 5031 autem
2727 4984 2811 5032 est
2847 4990 3017 5031 amor.
3052 4974 3187 5042 Quid
3216 4984 3301 5033 est
3333 4974 3507 5041 amor,
3530 4982 3583 5031 et
3606 4986 3784 5044 quan—

2195 5054 2308 5102 tum
2353 5057 2436 5103 est
2474 5061 2645 5114 amor,
2693 5054 2786 5101 aut
2814 5046 2954 5102 unde
2976 5054 3059 5103 est
3078 5046 3272 5100 amor?
3300 5045 3371 5101 Et
3397 5058 3571 5105 sermo
3599 5043 3691 5101 Dei
3716 5043 3790 5101 de

2193 5131 2376 5173 amore
2418 5118 2669 5187 loquitur.
2701 5115 2967 5187 Numquid
3008 5115 3108 5173 hoc
3146 5116 3417 5187 negotium
3456 5130 3564 5173 non
3605 5113 3786 5187 potius

2194 5187 2407 5269 illorum
2429 5182 2510 5244 est
2528 5228 2543 5253 ,
2565 5182 2981 5269 quipudieitiam
3009 5182 3328 5269 prostituere
3350 5182 3788 5269 consueverunt?

2195 5258 2334 5315 Ecce
2351 5273 2509 5330 quam
2540 5254 2697 5313 multi
2720 5259 2811 5330 qui
2831 5257 2948 5330 ejus
2972 5254 3268 5330 ministeria
3294 5257 3315 5330 ξ
3341 5257 3582 5330 volentes
3610 5254 3787 5311 susci-

2233 5331 2345 5384 iunt
2368 5326 2383 5383 Ξ
2406 5339 2460 5385 et
2479 5342 2637 5398 quam
2666 5326 2818 5397 pauci
2845 5326 2936 5397 qui
2964 5327 3126 5398 verba
3150 5326 3266 5397 ejus
3294 5326 3348 5398 in
3389 5326 3634 5398 modium
3651 5339 3781 5398 pro-

2213 5400 2334 5457 'erre
2355 5414 2459 5454 non
2490 5394 2811 5454 erubescunt
2833 5398 2845 5450 !
2864 5394 3011 5468 Quid
3036 5411 3164 5468 ergo
3180 5394 3289 5452 nos
3309 5396 3531 5468 facimus
3550 5396 3574 5450 ‘l
3593 5394 3784 5468 F0rsi7

2191 5477 2284 5526 tan
2312 5471 2477 5527 multa
2506 5468 2845 5539 improbitate
2873 5464 3355 5524 frontem'l‘ractam
3382 5466 3663 5536 habemus,
3687 5464 3783 5538 qui

2255 5626 2273 5692 ξ
2311 5623 2440 5687 Apud
2454 5628 2601 5692 flag,
2626 5621 2897 5692 quartanas:
2917 5615 3096 5692 nobis.‘
3160 5679 3173 5692 _

2254 5689 2275 5719 ³
2308 5683 2388 5735 his.
2415 5683 2698 5744 victorious,
2722 5688 2778 5733 et
2795 5688 2949 5747 litigo,
2970 5683 3221 5745 amatoria.
