4138 6212
485 271 590 339 εισι

484 393 585 467 sed
610 392 877 467 miseriam
905 405 1011 447 non
1035 372 1289 445 excludit.
1316 372 1569 467 Feliciter
1590 398 1720 457 ergo
1744 383 2064 467 nondiiigit,

484 465 659 522 donec
684 462 751 519 ad
780 477 960 519 verum
989 469 1040 516 et
1066 474 1331 514 summum
1357 459 1553 514 bonum
1584 455 1678 525 per
1700 457 1897 516 amoris
1921 455 2065 509 desi-

485 536 696 592 derium
725 549 784 588 se
811 531 1089 589 convertit.
1134 530 1265 595 Quia
1308 543 1436 583 vero
1481 542 1747 583 summum
1789 534 1841 580 et
1880 539 2065 579 verum

484 606 686 661 bonum
716 604 854 658 Deus
881 612 962 656 est
987 601 1131 653 solus
1150 641 1165 666 ,
1198 599 1287 653 ille
1326 597 1549 653 feliciter
1577 606 1749 661 amat,
1776 595 1868 665 qui
1899 595 2066 650 Deum

486 685 651 740 amat,
679 682 732 728 et
758 680 902 726 tanto
931 670 1133 724 felicius
1159 678 1357 738 quanto
1381 668 1626 740 amplius.
1658 667 1780 740 Παίς
1810 666 1966 740 igitur
1986 672 2067 740 est

484 761 612 799 vera
637 734 813 796 cordis
840 739 1005 794 nostri
1034 734 1265 809 requies,
1293 754 1412 793 cum
1444 734 1495 791 in
1523 752 1705 791 arnore
1729 736 1823 809 Dei
1851 750 1945 804 per
1968 734 2066 809 de-

486 814 739 869 siderium
772 811 976 881 figitur,
1008 804 1267 881 nec'ultra
1297 809 1597 881 quidquam
1622 807 1858 881 appetit,
1889 804 1981 858 sed
2013 806 2067 858 in

484 897 552 939 eo
579 880 717 952 quod
757 874 937 952 tenet,
964 874 1200 948 quadam
1246 874 1383 952 felici
1426 874 1712 952 securitate
1740 874 2062 952 delectatur.

484 944 617 1021 Quia
643 952 782 1006 enim
817 944 942 1005 illud
973 944 1071 1021 nec
1099 948 1526 1021 appetitusiultra
1557 946 1846 1021 protrahit,
1879 959 1975 1021 nec
2003 944 2068 1021 ti-

483 1014 604 1077 mor
633 1021 870 1091 repellit,
900 1014 1148 1090 quodam'
1170 1014 1337 1091 modo
1367 1020 1421 1091 in
1461 1014 1686 1091 idipsum
1723 1014 2068 1091 jucunditatis

484 1094 601 1147 sine
640 1084 935 1147 vexatione
963 1090 1264 1155 requiescit.
1307 1087 1411 1144 Sed
1445 1084 1568 1157 quia
1600 1084 1844 1157 humana:
1875 1084 2067 1157 mentis

485 1161 787 1224 infirmitas,
818 1170 873 1215 ut
898 1175 1000 1214 non
1028 1154 1197 1214 dicam
1226 1154 1575 1227 semper,'sed
1601 1158 1686 1211 vix
1708 1154 1991 1227 aliquando
2013 1155 2066 1208 in

486 1233 631 1286 illam
667 1233 858 1286 divina:
887 1226 1355 1299 contemplationis
1380 1227 1711 1299 dulcedinem
1749 1226 1834 1295 figi
1871 1232 2064 1299 potest,

484 1301 715 1372 quodam
756 1299 981 1372 interim
1008 1294 1286 1372 studioad
1326 1299 1503 1360 illam,
1532 1294 1803 1372 adquam
1843 1294 2067 1372 necdum

484 1363 785 1442 pertingere
818 1370 1038 1437 sufficit,
1069 1370 1407 1442 stabilitatem
1436 1363 1833 1421 assuefaCienda
1858 1374 1983 1442 est_:
2015 1363 2069 1418 id

486 1434 600 1506 est,
634 1434 689 1496 si
708 1442 873 1495 Deum
901 1434 1113 1508 semper
1139 1440 1369 1509 cogitare
1400 1454 1502 1492 non
1524 1451 1843 1509 possumus,
1877 1434 2067 1509 saltem

487 1504 845 1566 cor'nostrnm
869 1511 935 1565 ab
958 1504 1154 1564 illicitis
1179 1504 1233 1564 et
1252 1509 1400 1563 vanis
1420 1504 1826 1578 cogitationibus
1848 1504 2071 1578 restrin-

484 1582 693 1663 gendo“,
728 1582 779 1663 in
816 1580 1240 1663 consideratione
1281 1574 1511 1648 operum
1544 1577 1722 1657 Dei.et
1750 1574 2068 1663 mirabiiium

486 1644 604 1719 Ejus
631 1644 756 1705 illud
788 1658 1097 1714 teneamus;
1127 1657 1184 1703 ut
1206 1644 1335 1703 dum
1360 1663 1575 1719 semper:
1594 1647 1768 1701 minus
1792 1644 2070 1719 instabiles
2100 1710 2106 1717 .

486 1715 606 1776 esse
636 1720 923 1789 satagimus
941 1761 955 1781 .
990 1719 1203 1775 tandem
1233 1715 1517 1788 aliquando
1545 1715 1779 1771 donante
1807 1716 1917 1771 Deo
1945 1729 2070 1770 vere

486 1791 705 1846 stabiles
737 1790 848 1843 fieri
877 1790 1170 1844 valeamus.

558 1859 784 1916 CAPUT
824 1859 934 1914 VII.
980 1860 1254 1929 Quomodo
1271 1859 1631 1929 comparanda.
1666 1856 1820 1929 Fides
1850 1856 1990 1910 navis
2016 1855 2070 1909 in

488 1931 641 1999 hujus
686 1930 862 1985 mundi
902 1929 1157 1998 ﬂuctibus.
1211 1928 1356 1999 Unde
1384 1927 1728 1999 'wdiﬁcauda.
1777 1927 2067 1999 Utautem

487 1995 840 2068 promotionis
876 1995 1033 2069 hujus
1059 1998 1271 2069 aliquod
1303 1998 1395 2052 tibi
1423 1998 1744 2069 exemplum,
1765 1995 2066 2069 subjiciam,

488 2066 769 2124 universus
805 2070 905 2124 iste
943 2066 1172 2122 mundus
1199 2069 1349 2138 quasi
1378 2066 1641 2138 quoddam
1677 2066 2066 2138 diluviumest,

487 2154 555 2209 eo
579 2138 719 2209 quod
748 2140 925 2194 omnia
951 2153 1070 2208 quze
1100 2138 1150 2192 in
1180 2135 1504 2209 hoctmu'ndo
1534 2136 1794 2209 sunt,iad_
1821 2135 2068 2190 similitu-

486 2205 668 2280 dinem
698 2224 848 2280 aqua:
866 2205 1094 2280 incertis
1123 2207 1400 2263 eventibus
1438 2205 1738 2280 fluctuando
1764 2205 2067 2280 decurrant.

486 2276 627 2333 Vera
651 2275 826 2333 autem
853 2277 1017 2346 fides,
1057 2293 1176 2347 quae
1217 2293 1324 2332 non
1365 2277 1695 2344 transitoria,
1738 2275 1833 2332 sed
1870 2286 2069 2347 interna

484 2347 791 2471 promittit,
812 2348 967 2431 quasi
987 2344 1025 2431 .a
1052 2344 1364 2417 quibusdam
1393 2347 1669 2429 ductibus,
1712 2347 1788 2428 sic
1827 2361 1856 2399 a
1886 2344 2069 2400 mundi

526 2432 647 2471 tuus
673 2419 958 2471 cupiditate
986 2434 1040 2471 in
1065 2433 1293 2471 sunerna
1327 2432 1559 2471 animum
1587 2417 1778 2471 attollit
1809 2435 1821 2469 :
1849 2425 1903 2471 et
1941 2429 2068 2471 nor-

526 2416 647 2490 ujus
673 2416 958 2490 cupiditate
986 2419 1040 2473 in
1060 2416 1293 2490 superna
1327 2417 1559 2490 animum
1587 2417 1778 2490 attollit
1809 2425 1903 2490 :iet
1941 2429 2068 2485 por-

487 2489 588 2543 tari
613 2487 827 2559 quidem
857 2489 936 2559 ab;
952 2487 1103 2557 aquis
1135 2487 1334 2559 potest,
1366 2488 1458 2559 sed
1499 2487 1678 2559 mergi
1704 2487 1924 2559 omnino
1964 2500 2067 2559 non

485 2555 694 2627 potest;
725 2558 845 2627 quia
874 2557 943 2612 ad
968 2555 1338 2612 necessitatem
1379 2557 1481 2612 hoc
1520 2555 1717 2611 mundo
1747 2558 1911 2627 utitur
1930 2597 1946 2622 ,
1975 2555 2070 2627 sed

484 2623 605 2693 ejus
630 2623 911 2682 desideriis
949 2643 1043 2697 per
1066 2627 1312 2697 atl'ectum
1341 2642 1445 2683 non
1474 2627 1791 2696 implicatur.
1820 2625 2070 2697 Quisquis

1931 263 2296 327 APPENDIX.

2174 385 2313 440 hunc
2341 381 2490 458 quasi
2519 380 2779 458 sine_navi
2805 374 3509 458 laborantemjnﬂuctibus,
3532 383 3774 458 impetus

2171 470 2323 526 aquae
2352 450 2683 526 decurrentis
2711 466 2888 526 secum
2918 452 3098 526 trahit.
3134 450 3237 521 Qui
3265 468 3395 509 vero
3421 450 3626 511 aeterna
3647 475 3776 515 cre-

2172 522 2323 598 déiis.
2360 523 2661 598 transitoria
2699 523 3015 598 diligit,_hie
3032 522 3181 593 juxta
3212 539 3404 598 navem
3432 526 3771 598 naufragium

2171 594 2315 667 facit.
2344 596 2444 663 Qui
2468 603 2645 667 autem
2675 602 2872 667 {eterna
2902 593 3039 667 bona
3064 600 3128 667 et
3148 595 3339 667 credit,
3369 603 3422 649 et
3449 593 3649 667 diligit',
3677 599 3775 655 hic

2172 665 2225 718 in
2252 662 2379 738 navi
2400 666 2600 733 positus
2620 705 2639 738 ,_
2668 662 2975 738 fluctuantis
2997 665 3162 738 maris
3188 664 3361 738 undas
3386 662 3609 722 securus
3638 662 3767 738 per-

2172 736 2362 788 transit
2402 752 2414 787 :
2457 743 2514 789 et
2554 734 2676 805 quia
2723 749 2817 805 per
2865 733 3192 805 desiderium
3226 735 3365 805 fidei
3417 751 3607 792 navem
3641 733 3775 797 'non

2172 804 2587 873 transgreditur,
2613 803 2981 873 janfquodam
3021 804 3180 859 modo
3221 804 3275 859 in
3316 805 3563 862 fluctibus
3604 815 3769 865 terra:

2170 875 2515 929 stabilitatem
2545 874 2798 945 imitatur.
2830 873 3067 929 Primum
3092 889 3241 945 ergo,
3270 876 3314 930 si
3341 874 3445 931 hoc
3471 892 3621 934 mare
3647 894 3769 934 ma-

2168 960 2329 1017 gnum
2359 945 2509 1017 illinsi
2538 943 2861 1017 pertransire
2888 945 3132 1017 volumus
3146 943 3172 1017 ζ
3193 945 3513 1017 fabricemus
3545 963 3769 1017 navem,

2171 1012 2231 1069 ut
2258 1016 2414 1070 fidem
2443 1012 2699 1083 integram
2728 1012 3053 1079 habeamus;
3083 1014 3277 1070 deinde
3307 1030 3497 1072 navem
3526 1020 3647 1074 lldei
3677 1012 3768 1073 in;

2172 1084 2468 1158 habitemus
2495 1099 2589 1154 per
2614 1083 2925 1158 charitutem
2944 1126 2958 1148 ,
2988 1093 3045 1140 ut
3071 1093 3125 1139 et
3150 1084 3434 1158 credamus
3463 1088 3604 1158 quod
3644 1088 3771 1143 dili-

2169 1170 2296 1241 gcue
2324 1155 2618 1241 debemus,
2656 1163 2717 1241 e_t
2746 1154 3027 1241 diligamus
3065 1156 3204 1224 quod
3246 1154 3512 1241 credimus
3539 1175 3552 1212 :
3578 1158 3768 1241 sicque

2171 1224 2225 1280 et
2253 1226 2336 1281 lex
2362 1226 2457 1280 Dei
2489 1225 2539 1279 in
2565 1224 2727 1279 corde
2756 1233 2939 1299 nostro
2965 1226 3033 1280 sit
3051 1240 3152 1299 per
3177 1234 3337 1299 rectae
3360 1226 3482 1299 ﬁdei
3504 1224 3769 1299 cognitio-

2172 1304 2402 1366 neni,tet
2428 1309 2521 1350 cor
2548 1303 2791 1366 nostrum
2822 1294 2873 1349 in
2904 1294 3020 1365 lege
3049 1294 3143 1350 Dei
3172 1297 3247 1366 sit
3275 1310 3372 1366 per
3396 1294 3762 1353 dilectionem.

2239 1365 2346 1421 Sed
2376 1373 2431 1418 ut
2461 1364 2669 1419 facilius
2691 1364 2984 1435 cognoscas
3024 1364 3293 1434 quomodo
3322 1366 3407 1421 vel
3432 1368 3576 1422 unde
3601 1367 3765 1435 hanc,

2209 1452 2328 1490 nam
2370 1435 2511 1498 dixi,
2560 1450 2747 1489 navem
2789 1435 2872 1489 vel
2906 1449 3087 1490 arcam
3114 1436 3164 1489 in
3190 1436 3352 1492 corde
3379 1446 3469 1490 tuo
3494 1437 3768 1494 aedificare

2209 1507 2389 1571 ebeas,
2418 1521 2512 1575 per
2534 1520 2692 1574 quam
2720 1504 2878 1576 hujus
2905 1504 3087 1576 diluvii
3115 1505 3389 1576 naufragio
3415 1506 3660 1573 eductus,
3691 1508 3763 1565 ad

2173 1588 2382 1647 portum
2421 1576 2615 1645 quietis
2656 1575 2969 1647 pervenias;
3011 1575 3115 1630 duo
3144 1575 3428 1645 opera’Dei
3455 1578 3761 1647 considera,

2171 1643 2600 1716 videlicet—opus
2648 1643 3006 1716 conditionis,
3052 1653 3107 1700 et
3153 1643 3288 1716 opus
3335 1643 3766 1705 reslauratiouis.

2171 1715 2318 1787 Opus
2344 1727 2521 1771 autem
2548 1715 2867 1787 conditionis
2893 1722 2974 1787 est
3000 1715 3203 1770 creatio’
3227 1716 3350 1772 coeli
3383 1725 3439 1787 et
3475 1726 3667 1787 terrae,
3710 1728 3771 1776 et

2172 1785 2408 1868 omnium
2435 1799 2553 1856 quae
2582 1786 2636 1839 in
2661 1785 2739 1840 eis
2762 1786 3121 1868 continentur,
3151 1801 3269 1868 qua:
3294 1802 3390 1842 sex
3410 1786 3606 1868 diebus
3622 1786 3768 1868 facta

2174 1865 2317 1911 sunt.
2350 1857 2497 1925 Opus
2525 1870 2653 1910 vero
2689 1856 3089 1925 restaurationis
3108 1897 3124 1922 ,
3164 1855 3461 1911 incarnatio
3484 1855 3682 1925 Verbi,
3708 1867 3769 1914 et

2172 1926 2351 1981 omnia
2377 1942 2496 1997 qua:
2522 1942 2549 1978 a
2581 1926 2840 1997 principio
2866 1924 3048 1980 mundi
3079 1939 3248 1996 usque
3277 1926 3344 1997 ad
3375 1926 3552 1997 linem,
3581 1924 3675 1985 vel
3696 1929 3769 1984 ad

2173 2013 2290 2053 eam
2316 1995 2772 2067 praenuntiandam
2800 1995 3207 2066 praecesserunt,
3239 1995 3321 2050 vel
3348 1995 3413 2051 ad
3440 1997 3607 2067 ipsam
3634 2013 3768 2054 con-

2174 2066 2485 2137 firmandam
2526 2076 2773 2121 secutura
2811 2075 2934 2120 sunt
2963 2084 2975 2121 :
3004 2080 3124 2137 qua:
3160 2067 3338 2121 omnia
3380 2066 3473 2122 sex
3517 2069 3768 2122 aetatibus

2174 2137 2325 2191 finiit.
2370 2136 2476 2193 Sed
2520 2151 2681 2207 opera
2727 2136 3130 2207 restauratiOnis
3172 2137 3340 2207 magis
3384 2136 3652 2206 pertinent
3691 2138 3762 2193 ad

2174 2207 2333 2262 fidem
2360 2205 2710 2278 catholicam,
2755 2206 3116 2278 qumtidcirco
3159 2205 3327 2278 sancti
3366 2205 3591 2276 amplius
3631 2207 3763 2278 dili-

2172 2285 2321 2348 gunt,
2353 2278 2475 2348 quia
2503 2277 2556 2331 in
2584 2277 2663 2332 eis
2690 2276 2800 2348 suae
2826 2276 3011 2332 salutis
3034 2276 3267 2348 remedia
3292 2285 3605 2348 agnoscunt.
3631 2276 3768 2332 Haec

2173 2346 2352 2419 autem
2373 2346 2568 2418 partim
2600 2362 2694 2419 per
2719 2346 2981 2409 homines,
3008 2347 3200 2416 partim
3218 2346 3602 2419 Aper'Angelos,
3634 2362 3763 2419 par-

2174 2418 2268 2472 tim
2310 2417 2405 2487 per
2445 2417 2788 2487 semetipsum
2818 2424 3072 2486 operatus
3098 2425 3182 2472 est
3215 2417 3354 2472 Deus
3392 2434 3407 2471 :
3446 2427 3501 2472 ut
3546 2417 3598 2471 in
3638 2417 3765 2474 arca

2173 2488 2435 2558 spirituali
2467 2488 2634 2557 prima
2662 2488 2732 2542 sit
2759 2487 2967 2543 mansio
2995 2501 3157 2558 operat
3187 2487 3461 2541 hominum
3484 2528 3498 2552 ,
3524 2487 3762 2543 secunda

2174 2556 2338 2627 opera
2365 2556 2686 2628 Angelorum
2707 2599 2723 2624 ,
2755 2558 2911 2614 tertia
2938 2571 3101 2628 opera
3132 2556 3257 2627 Dei,
3289 2571 3570 2628 supremus
3607 2558 3764 2616 cubi-

2175 2636 2282 2694 tus,
2313 2634 2499 2684 auctor
2532 2627 2899 2686 universorum
2930 2627 3091 2685 Deus.

486 2687 617 2766 ergo
640 2705 838 2753 aeterna
862 2687 969 2754 non
992 2696 1238 2763 credens,
1266 2698 1379 2753 sola
1404 2711 1523 2767 qua:
1550 2687 2067 2766 'transeunt'appétit,
2100 2687 2105 2695 ’

1583 2915 2633 3031 Δυηιοιπιτιο
3770 2970 3785 3003 ι

1557 3088 1641 3152 IN
1681 3084 2307 3164 SUBSEQUENTEM
2347 3085 2674 3149 LIBRUM.
3771 3032 3785 3132 ἶ

561 3233 721 3292 Liber
745 3232 814 3289 de
840 3230 1123 3305 Diligendo
1148 3231 1261 3288 Deo
1288 3230 1408 3302 pius
1432 3236 1542 3299 est,
1566 3228 1768 3301 judicio
1794 3229 2002 3286 Erasmi
2028 3244 2093 3285 ac
2118 3228 2511 3300 Theologon
2537 3228 2946 3285 Lovaniensium
2966 3267 2983 3297 ,
3012 3242 3112 3286 nec
3144 3227 3440 3286 ineruditus
3467 3245 3481 3284 :
3512 3228 3608 3285 sed
3636 3211 3781 3286 sub?

486 3323 694 3380 dititius
722 3331 898 3379 tamen
919 3364 935 3392 ,
966 3319 1053 3376 vel
1081 3321 1195 3390 ipsa
1218 3336 1285 3376 ex
1311 3320 1490 3391 phrasi
1516 3320 1804 3390 plurimum
1843 3319 2181 3391 discrepante
2210 3318 2279 3375 ab
2303 3319 2687 3390 Augustiniana
2706 3360 2723 3387 ,
2756 3320 2950 3377 merito
2976 3319 3162 3376 iisdem
3186 3322 3356 3377 visus.
3392 3324 3593 3376 Auctor
3614 3329 3766 3378 certe

486 3429 549 3470 se
573 3416 689 3485 ipse
714 3414 887 3469 aetatis
925 3411 1238 3467 recentioris
1275 3424 1394 3466 esse
1422 3410 1554 3466 satis
1580 3424 1646 3466 eo
1673 3410 1885 3480 prodit,
1911 3409 2055 3481 quod
2084 3409 2394 3482 Hieronymi
2420 3409 2624 3465 dictum
2654 3424 2723 3466 ex
2749 3410 2844 3466 lib.
2874 3410 2908 3465 '5
2934 3410 2988 3466 in
3014 3408 3204 3466 Matth.
3229 3426 3360 3467 xvnr
3387 3411 3516 3472 citat
3542 3410 3596 3465 in
3622 3409 3767 3466 hunc

488 3504 709 3560 modum
739 3522 755 3561 :
787 3501 933 3559 Unde
967 3501 1174 3571 quidam
1199 3508 1404 3555 sanctus
1429 3501 1534 3568 ait,
1567 3499 1760 3571 Magna
1796 3501 2016 3571 dignitas
2043 3500 2356 3566 animarum,
2384 3509 2488 3556 etc.
2525 3499 2771 3557 Contulit'
2789 3501 2895 3557 huc
2920 3503 3211 3559 sententias
3236 3502 3304 3558 ad
3333 3501 3768 3559 inﬂammandam

486 3594 829 3651 dilectionem
862 3592 991 3660 Dei,
1022 3590 1183 3647 variis
1208 3606 1275 3647 ex
1303 3590 1486 3659 libris,
1520 3589 1755 3661 Hugonis
1785 3589 2044 3645 Victorini
2083 3590 2136 3645 in
2166 3590 2378 3661 primis,
2425 3590 2681 3646 Bernardi
2723 3599 2778 3646 et
2822 3591 3083 3647 Anselmi.
3126 3592 3195 3647 Et
3232 3591 3448 3662 quidem
3475 3606 3508 3646 ι
3536 3591 3709 3662 capite
3729 3591 3773 3648 4

487 3685 557 3741 ad
584 3685 673 3754 ll,
707 3684 837 3740 nihil
865 3683 1019 3740 nobis
1045 3681 1327 3754 legendum
1355 3681 1496 3737 aliud
1526 3682 1747 3752 prrebet,
1774 3696 1932 3751 quam
1952 3680 2093 3752 quod
2115 3681 2289 3737 verbis
2314 3681 2501 3737 iisdem
2526 3697 2588 3738 ac
2616 3683 2726 3739 fere
2754 3683 2970 3739 totidem
2994 3683 3209 3755 scripsit
3227 3682 3381 3755 llugo
3400 3685 3452 3739 in
3472 3683 3768 3755 Soliloquio

486 3773 557 3831 de
582 3774 756 3831 Arrha
783 3773 996 3829 animas.
1025 3772 1145 3830 Alia
1170 3772 1352 3829 itidem
1380 3781 1596 3828 suntex
1620 3772 1741 3828 aliis
1766 3772 2001 3843 Hugonis
2038 3773 2305 3851 opusculis
2334 3782 2584 3845 excerpta
2613 3774 2759 3844 loca,
2787 3775 2939 3846 plura
2968 3776 3128 3832 etiam
3157 3791 3226 3833 ex
3253 3775 3481 3833 diversis
3507 3775 3774 3833 Bernardi

485 3864 875 3933 Concionibus,
920 3873 977 3921 et
1017 3863 1258 3937 quaedam
1294 3878 1362 3920 ex
1386 3862 1725 3920 Meditatione
1754 3864 1890 3935 apud
1918 3864 2227 3920 Anselmum
2258 3873 2543 3935 postremae
2567 3867 2815 3923 editionis
2843 3867 3051 3924 decima
3078 3875 3226 3924 sexta
3245 3909 3262 3936 ,
3292 3883 3413 3939 quas
3439 3882 3539 3925 nos
3565 3868 3772 3939 passim

486 3956 674 4025 positis
703 3956 842 4013 notis
870 3970 902 4011 e
929 3956 1149 4027 regione
1177 3964 1538 4011 monstramus
1567 3953 1666 4029 (a).
1697 3954 1782 4011 Ad
1805 3963 2110 4012 extremum
2128 3996 2146 4022 ,
2173 3956 2346 4026 capite
2373 3956 2441 4013 18
2469 3958 2749 4014 exhibetur
2787 3958 3008 4030 insignis
3048 3959 3197 4015 locus
3236 3958 3476 4016 Anselmi
3503 3974 3568 4014 ex
3597 3959 3772 4031 ipsius

487 4046 782 4119 Proslogio.
812 4045 962 4115 Sapit
990 4046 1093 4101 hoc
1112 4060 1248 4116 opus
1270 4047 1515 4103 eumdem
1540 4056 1810 4103 auctorem
1835 4062 1899 4102 ac
1926 4047 2065 4104 liber
2090 4046 2160 4103 de
2186 4047 2389 4119 Spiritu
2412 4058 2468 4105 et
2486 4050 2698 4106 Anima.
2725 4049 2836 4106 Nec
2860 4049 2997 4108 forte
3023 4050 3176 4107 alteri
3199 4050 3390 4107 melius
3417 4051 3773 4124 adscripseris

485 4135 726 4192 Manuale
745 4177 759 4204 ,
791 4144 847 4192 et
870 4135 970 4189 alia
999 4135 1243 4206 quaedam
1269 4136 1522 4206 opuscula
1561 4151 1679 4206 quae
1708 4136 1795 4191 hic
1823 4146 2006 4208 postea
2035 4148 2519 4210 repraesentantur,
2548 4141 2783 4212 itemque
2811 4142 2976 4198 libros
3005 4142 3147 4214 apud
3177 4142 3453 4213 Hugonem
3480 4143 3549 4199 de
3572 4144 3770 4201 Anima

486 4228 719 4297 primum
758 4235 813 4282 et
853 4226 1065 4281 tertium
1086 4267 1102 4292 ,
1143 4225 1231 4295 qui
1269 4225 1408 4295 apud
1438 4225 1763 4283 Bernardum
1791 4227 2159 4284 Meditationes
2187 4237 2240 4285 et
2268 4229 2334 4285 de
2361 4228 2696 4287 Conscientia
2725 4242 3121 4304 nuncupantur.
3166 4233 3428 4289 Cancrum
3455 4232 3768 4290 Vincentius

486 4317 901 4383 Bellovacensis,
931 4316 1024 4373 lib.
1051 4315 1122 4373 23
1144 4315 1356 4386 Speculi
1380 4316 1656 4382 naturalis,
1684 4333 1802 4387 cap.
1833 4318 1886 4384 l,
1916 4319 2155 4374 nonnihil
2180 4320 2321 4391 quod
2347 4321 2526 4393 legere
2554 4332 2779 4394 estcap.
2801 4324 2835 4380 5
2864 4323 3026 4395 hujus
3054 4324 3195 4392 libri,
3226 4324 3354 4381 citat
3378 4324 3590 4381 nomine
3613 4324 3766 4383 Petri

484 4407 830 4466 Comestoris.
861 4407 1079 4464 Librum
1107 4406 1427 4464 contulimus
1453 4421 1575 4463 cum
1603 4407 1728 4463 Mss.
1762 4408 1942 4479 Regiis
1967 4409 2174 4467 duobus
2200 4413 2253 4467 in
2278 4414 2470 4485 quibus
2491 4415 2774 4486 Augustini
2799 4416 3016 4475 nomine
3041 4417 3176 4474 falso
3204 4423 3548 4489 praenotatur.

546 4520 621 4587 (α)
658 4527 778 4573 Ante
801 4522 905 4586 ipsa
923 4518 1133 4585 capitula
1146 4520 1276 4572 notis
1296 4518 1615 4584 alphabeticis
1636 4518 1948 4570 indicavimus
1969 4519 2120 4572 libros
2140 4534 2204 4573 ex
2223 4524 2401 4587 quibus
2414 4526 2545 4574 varia
2560 4523 2664 4576 loca
2688 4527 2866 4589 passim
2888 4535 3239 4592 excerpuntur.
3318 4535 3375 4578 tt.

1059 4736 1331 4884 DE
1449 4646 2581 4888 DILIGENDO
2726 4738 3144 4899 Ι)Εο
3496 4881 3505 4891 .

1137 5133 1143 5138 _
1196 5132 1205 5138 i
1612 4960 2069 5074 LIBER

2174 4962 2612 5080 [ΓΝυῖ.
3108 5026 3112 5030 Α
3522 5002 3543 5125 ᾖ
3711 5016 3735 5093 ,τ

3730 5066 3775 5097 οδ

496 2821 3768 2851 W

487 4643 1877 4670 W

1897 4645 3758 4672 W

1920 5188 2323 5232 m

524 5305 1361 5400 ,SéPHtfwglfif“
1381 5308 2068 5400 ,εξφίιθξτμοαιεε
2173 5315 2466 5400 standum.
2509 5327 2564 5400 et
2594 5319 2725 5400 illud
2767 5325 3168 5400 assummum.
3199 5326 3656 5400 Audiamusem
3691 5326 3768 5384 rr-
3840 5314 3851 5320 ’

483 5381 923 5469 εἰρξρειιιζίμρςιρῃι
940 5380 1690 5469 etupt'uxiinumt'ligiiicura
1711 5392 1943 5469 ,tnente.
1959 5386 2068 5469 sol:
2174 5386 2405 5469 hentius,
2425 5380 2767 5469 inspiciamus
2785 5380 3283 5469 uiii'géiiiiiié'iériié
3292 5380 3767 5469 ipost-diﬁifuibus

482 5450 627 5539 iicitu
651 5450 1156 5539 ,isummoconiatu.‘
1176 5450 1625 5539 etisuliicitudine‘
1638 5453 1887 5539 continua
1911 5451 2068 5539 decet
2175 5450 2423 5539 ipseduu
2449 5450 2681 5517 ostendit
2699 5505 2714 5529 ,
2747 5450 2966 5539 scilicet;
2985 5450 3128 5537 quod
3153 5450 3635 5539 tendentia;
3646 5450 3768 5523 viii

482 5535 586 5577 nos
613 5521 879 5605 inquirere
903 5530 956 5579 et
980 5521 1259 5605 addiscere
1285 5520 1554 5605 quomodo
1575 5529 1631 5577 et
1650 5538 1754 5605 qua
1780 5524 1865 5578 via
1889 5526 2067 5605 possi-

1074 5526 1259 5607 iiscere
1285 5526 1554 5607 quomodu
1575 5529 1631 5607 et
1650 5538 1754 5607 qua
1780 5526 1865 5578 via
1889 5526 2067 5607 possi-
2174 5526 2452 5607 ineffabilis
2478 5540 2578 5596 est,
2606 5542 2659 5607 et
2683 5526 2895 5607 quidsit
2920 5526 3017 5590 via'
3033 5552 3151 5607 qua:
3179 5538 3326 5595 ducit
3354 5540 3422 5594 ad
3443 5526 3620 5594 Vitam
3646 5556 3663 5592 :
3687 5539 3769 5594 ait

481 5605 606 5647 mus
623 5590 888 5675 infernale
917 5593 1231 5675 supplicium
1260 5590 1452 5675 vitare,
1470 5601 1538 5674 .et
1565 5592 1785 5675 cmieste
1812 5590 2061 5675 gaudium
2171 5597 2312 5675 enim
2337 5641 2363 5675 ,ᾳ
2387 5598 2499 5654 Nec
2522 5590 2839 5675 oculus'vidit
2858 5646 2873 5669 ,
2906 5621 2995 5659 nec
3029 5590 3169 5663 Euris
3186 5590 3424 5675 audivit,
3456 5590 3657 5663 iiii;
3677 5590 3772 5663 c3;-

484 5662 794 5747 ucquirere;
823 5661 1073 5746 cumnec
1102 5663 1231 5747 iiiud
1251 5661 1577 5747 supplicium
1594 5663 1778 5747 .vitari,
1809 5661 1909 5747 nec
2172 5661 2388 5747 I‘tgntinis
2415 5673 2679 5747 (infudit,
2709 5688 2824 5742 quae
2847 5661 3161 5747 pragparauit
3182 5661 3691 5747 Deusdifigentibus
3712 5661 3774 5733 se

484 5730 737 5805 gaudium
764 5733 965 5805 acquiri
992 5735 1179 5807 possit,
1212 5734 1314 5793 nisi
1328 5730 1428 5791 'v'ia
1454 5735 1662 5803 cognita
1691 5749 1795 5804 qua
1823 5746 1919 5825 est
1934 5733 2064 5792 illud
2170 5737 2227 5808 (Ι
2254 5736 2372 5798 Cor.
2405 5755 2463 5809 ιι,
2494 5740 2587 5814 9).
2622 5730 2762 5800 Ecce
2806 5730 2903 5816 per
2930 5730 3034 5807 hoc
3052 5730 3217 5822 Siquod
3237 5730 3772 5823 dimi-Deum.
