4134 6200
462 222 592 281 .855

486 335 616 392 bilia
643 333 783 404 bona
810 329 980 404 fecisti
1009 329 1160 396 mihi,
1194 326 1415 404 Domine
1437 325 1575 381 Deus
1598 336 1769 404 meus,
1793 322 1860 404 de
1876 319 2068 392 quibus

486 405 620 462 mihi
643 400 798 461 dulce
821 402 920 458 erit
938 395 1153 474 semper
1170 399 1419 474 cogitare,
1438 410 1651 464 semper
1673 395 2069 474 loqui,.semper

489 474 690 547 gratias
717 480 981 547 agereLut
1004 463 1069 547 te:
1084 463 1290 547 laudem
1321 475 1375 547 et
1400 463 1572 520 amem
1594 480 1690 534 pro
1711 463 1957 547 omnibus
1980 463 2069 547 he-

488 533 697 601 neﬁciis
724 533 845 598 uiis.
879 533 1016 596 Ecce
1054 539 1237 602 babes,
1265 539 1441 591 anima
1480 533 1616 599 mea,
1645 533 1857 588 arrham
1890 542 2063 594 tuam;

491 623 549 671 et
581 616 632 668 in
650 612 813 685 parrha
844 619 931 665 tua
961 610 1236 685 cognoscis
1264 621 1515 685 Sponsum
1547 615 1715 659 tuum.
1747 605 1922 685 _Serva
1939 616 2067 684 ergo

489 695 546 740 te
585 684 660 738 illi
703 683 974 754 intactam,
1002 677 1153 734 serva
1190 677 1541 754 impollutam,
1574 688 1724 754 serva
1752 677 2067 754 iiiconlami-

490 763 691 816 natam,
720 767 870 807 serva
898 743 1176 818 integram.
1220 743 1279 802 Si
1300 748 1429 818 olim
1480 745 1732 818 meretrix
1758 743 1919 805 fuisti,
1954 743 2065 818 jam

487 825 638 893 virgo
663 813 799 895 facta
827 836 886 875 es
919 813 1402 895 {quemadmodum
1428 830 1590 895 amor
1628 814 1767 895 illius
1795 813 2068 895 consuevit

488 886 753 961 cor'ruptis
779 886 1401 961 integritatemiredderc,
1427 887 1442 917 ¹
1465 894 1519 940 et
1539 886 1753 954 integris
1773 886 2066 961 castitatem

489 954 728 1018 scrvare.
770 954 994 1029 Semper
1039 957 1210 1029 cogita
1260 966 1509 1029 quantam
1553 964 1723 1009 tecum
1762 954 2066 1029 misericor-

394 1056 409 1067 ι’
490 1028 636 1087 diam
667 1032 789 1087 fecit
822 1048 834 1083 :
867 1022 999 1084 etin
1028 1022 1132 1083 hoc
1170 1022 1435 1096 perpende
1461 1025 1819 1096 quantumab
1846 1022 2069 1096 ipsodi-

407 1124 424 1139 =-
488 1098 692 1171 ligeris,
725 1100 864 1171 quod
890 1100 1005 1169 ejus
1035 1092 1366 1171 beneﬁcium
1388 1092 1655 1166 nunquam
1703 1094 1795 1171 tibi
1835 1092 2068 1171 defuisse

490 1165 787 1243 cognoscis.
832 1165 933 1226 Sic'
958 1176 1102 1224 certe
1130 1167 1257 1243 mihi
1284 1167 1529 1243 videtur1
1552 1179 1671 1219 cum
1702 1165 1815 1243 ejus
1842 1165 2066 1243 misera:

490 1233 664 1315 tiones
692 1243 835 1315 circa
862 1255 946 1295 me
972 1238 1207 1315 attendo,
1238 1238 1399 1307 quod,
1432 1237 1476 1315 si
1503 1235 1582 1315 fas
1604 1235 1901 1315 estdicere,
1936 1233 2068 1315 nihil

490 1310 635 1365 aliud
661 1321 781 1384 agai
808 1312 965 1375 Deus,
994 1310 1105 1384 nisi
1138 1319 1193 1362 ut
1223 1304 1354 1384 uicae
1394 1306 1549 1360 saluti
1582 1304 1853 1384 provideat
1878 1321 1889 1355 :
1918 1310 1970 1357 et
1997 1304 2065 1384 ita

488 1389 662 1435 totum
697 1374 776 1434 'ad
820 1378 1115 1434 custodiam
1173 1379 1274 1431 mei
1325 1374 1637 1444 occupatum
1693 1374 1863 1438 video,
1917 1374 2067 1444 quasi

489 1451 729 1507 omnium
760 1451 953 1504 oblitus
978 1452 1065 1512 sit,
1102 1458 1155 1503 et
1190 1447 1319 1501 mihi
1355 1442 1474 1500 soli'
1505 1459 1693 1499 vacare
1720 1444 1863 1498 velit.
1912 1442 2067 1498 Sem-

485 1534 589 1590 per
625 1530 938 1590 praesentem
979 1518 1106 1573 mihi
1154 1533 1213 1573 se
1246 1517 1459 1572 exhibet
1492 1516 1662 1581 Deus,
1701 1528 1913 1583 semper
1972 1527 2067 1582 pa-

418 1602 435 1619 κ
487 1601 665 1665 ratum
721 1605 780 1645 se
813 1590 985 1665 offert
1016 1608 1028 1643 :
1062 1602 1393 1665 quocumque
1445 1604 1530 1641 me
1583 1594 1821 1665 vertero,
1850 1599 1937 1665 me
1961 1598 2066 1665 non

489 1660 720 1725 deserit;
776 1652 1102 1736 ubicumque
1136 1652 1324 1723 fuero,
1369 1673 1472 1736 non
1527 1654 1760 1736 recedit;
1808 1652 2068 1736 quidquid

491 1744 672 1800 egero,
708 1733 902 1799 pariter
929 1727 1129 1786 assistit
1157 1770 1171 1793 ,
1194 1739 1248 1784 et
1269 1727 1406 1797 quod
1433 1727 1642 1782 tandem
1669 1727 1871 1779 cunctis
1898 1727 2066 1800 actio-

446 1864 450 1868 Α
487 1793 816 1871 nibusmeis
850 1811 1136 1871 perpetuus
1172 1793 1457 1871 inspector,
1482 1803 1823 1871 _et_q_uantum
1865 1793 1931 1847 ad
1976 1793 2069 1847 bo-

488 1870 713 1945 nitatem
758 1866 907 1945 suain
942 1866 1188 1945 pertinet,
1220 1866 1368 1945 (ιιιδεί
1410 1866 1709 1921 individuus
1753 1872 2069 1945 cooperator

490 1940 726 2005 assistat,
760 1941 874 2008 ipso
899 1933 1077 2007 operis
1098 1933 1183 1993 sui
1202 1933 1391 1993 effectu
1422 1945 1664 2006 patenter
1682 1935 1945 2008 ostendit.
1988 1933 2067 2008 Ex

489 2023 598 2132 auo
623 2003 831 2063 constat
867 2003 1006 2078 quod
1053 2010 1169 2063 licet
1219 2008 1378 2062 facies
1405 2003 1520 2075 ejus
1549 2021 1577 2058 a
1609 2006 1762 2087 nobis
1787 2003 1957 2058 adlmc
1987 2004 2066 2057 vi-

530 2079 606 2132 eri
648 2093 753 2132 non
790 2080 973 2132 possit.
1003 2094 1268 2132 nmmuam
1298 2088 1473 2132 tamen
1499 2085 1661 2132 DOSSIl
1690 2090 1803 2132 CJIIS
1832 2088 2066 2132 nrzcsen-

530 2079 606 2133 eri
648 2093 753 2133 non
790 2080 973 2146 possit,
1003 2094 1268 2146 nunquam
1298 2088 1473 2133 tamen
1499 2079 1661 2146 possit
1690 2079 2067 2146 ejusiprzesen-

488 2150 565 2202 tia
613 2143 822 2203 evitari.
864 2148 971 2204 Sed
1008 2143 1141 2218 quid
1171 2156 1252 2203 est
1292 2147 1419 2201 illud
1458 2145 1644 2209 dulce,
1688 2143 1825 2218 quod
1869 2143 1920 2197 in
1952 2143 2065 2211 ejus

486 2218 858 2273 recordatione
894 2234 978 2272 me
1008 2214 1222 2288 tangere
1271 2218 1425 2279 solet,
1479 2224 1532 2270 et
1576 2224 1680 2269 tam
1708 2214 2068 2288 vehementer

487 2296 648 2357 atque
676 2290 908 2365 suaviter
930 2282 1144 2365 afﬁcere
1177 2308 1189 2341 :
1224 2297 1280 2341 nt
1316 2288 1424 2365 jam
1457 2295 1565 2339 tota
1600 2284 1827 2365 quodam
1850 2282 2066 2365 medea

458 2354 807 2425 'mémetipso
835 2359 1144 2422 abalienari,
1173 2367 1226 2413 el
1256 2354 1435 2411 nescio
1473 2372 1577 2426 quo
1601 2354 1625 2420 ,⁷
1667 2354 1899 2408 abstrahi
1931 2354 2065 2426 inci-

484 2427 669 2504 piam?
695 2423 1016 2504 Subitotota
1044 2429 1266 2504 innovor
1302 2438 1354 2481 et
1397 2423 1507 2504 tota
1548 2425 1819 2504 immittor,
1850 2423 2066 2504 etnbcne

483 2492 618 2550 inihi
648 2512 767 2553 esse
806 2498 990 2566 incipit
1020 2499 1153 2552 ultra
1199 2512 1355 2566 quam
1386 2496 1564 2550 dicere
1592 2495 1869 2549 sufﬁciam.
1901 2492 2063 2547 Exhi-

484 2566 689 2621 laratur
715 2565 1057 2633 conscientia,
1078 2569 1128 2621 in
1146 2565 1465 2622 oblivionem
1492 2565 1821 2621 venitomnis
1842 2573 2064 2632 praeter-

484 2635 681 2690 itorum
725 2638 967 2691 dolorum
997 2638 1229 2703 miseria,
1263 2638 1491 2692 exsultat
1535 2637 1775 2698 animus,
1822 2634 2067 2688 clarescit

483 2706 808 2769 intellectus,
862 2722 956 2761 cor
1008 2708 1353 2772 illuminatur,
1398 2705 1657 2760 desideria
1683 2704 2061 2772 jucundantur.

484 2774 710 2844 Jamque
739 2777 859 2830 alibi
887 2817 901 2840 ,
948 2778 1129 2831 nescio
1159 2778 1267 2840 ubi,
1302 2791 1387 2830 me
1415 2790 1534 2829 esse
1564 2775 1717 2829 vich
1740 2816 1754 2835 ,
1810 2783 1863 2829 et
1913 2773 2064 2843 quasi

486 2845 1116 2917 quiddamamplexibus
1156 2848 1352 2917 amoris
1383 2846 1523 2898 intus
1552 2853 1711 2900 teneo
1734 2886 1748 2909 ,
1803 2852 1857 2898 et
1884 2845 2065 2898 nescio

484 2914 615 2984 quid
643 2915 770 2969 illud
796 2914 900 2970 sit‘:
929 2926 983 2970 et
1005 2927 1177 2971 tamen
1206 2916 1335 2970 illud
1362 2916 1593 2969 retinere
1619 2928 1830 2983 semper
1850 2923 1904 2967 et
1929 2930 2066 2968 nua-

485 3000 648 3055 quam
679 2986 900 3055 perdere
953 2996 1063 3041 toto
1113 2987 1230 3040 nisu
1278 2987 1481 3041 laboro.
1538 2985 1794 3055 Luctator
1835 2984 2062 3054 quodam

483 3054 648 3111 modo
700 3056 1085 3111 delectabiliter
1135 3059 1311 3111 anima
1365 3070 1431 3109 ne
1478 3056 1692 3110 recedat
1728 3054 1795 3107 ab
1829 3070 1894 3108 eo
1923 3056 2063 3124 quod

483 3140 699 3194 semper
725 3128 968 3195 amplecti
999 3127 1266 3182 desiderat
1294 3145 1306 3180 :
1340 3135 1395 3181 et
1422 3126 1573 3195 quasi
1615 3127 1666 3179 in
1708 3126 1798 3178 illo
1826 3126 2064 3195 omnium

483 3194 870 3250 desideriorum
901 3198 1056 3251 ﬁnem
1087 3199 1364 3260 invenerit,
1396 3194 1603 3251 summe
1628 3204 1682 3249 ct
1724 3194 2065 3250 ineﬁ‘abilitcr

430 3266 437 3281 '
483 3267 733 3329 exsultat,
765 3267 899 3320 nihil
928 3268 1158 3337 amplius
1177 3283 1444 3337 quaerens,
1475 3266 1604 3337 nihil
1628 3266 1761 3319 ultra
1782 3276 2060 3337 appetens.

482 3351 700 3403 semper
751 3338 828 3389 sic
873 3351 992 3391 esse
1020 3336 1222 3392 volens.
1270 3336 1529 3405 Numquid
1572 3337 1658 3389 ille
1691 3343 1772 3389 est
1798 3336 2063 3389 dilectus?

485 3405 627 3460 Vere
654 3406 736 3458 ille.
762 3416 842 3459 est
873 3406 1128 3460 Dominus
1151 3421 1302 3460 meus
1330 3404 1627 3474 qui'visitat
1651 3421 1736 3458 me
1767 3423 1779 3457 :
1804 3404 1896 3458 sed
1919 3408 2063 3460 venit

483 3476 785 3540 invisibilis,
821 3477 964 3529 venit
992 3478 1251 3542 occultus,
1292 3475 1436 3529 venit
1487 3475 2058 3543 incomprehensibilis.

484 3544 646 3615 venit
686 3554 742 3599 ut
772 3555 949 3615 tangat
990 3562 1095 3610 me,
1136 3562 1243 3600 non
1272 3556 1327 3599 ιιι
1359 3545 1602 3599 videatur
1627 3561 1655 3597 a
1684 3560 1800 3609 me;
1839 3546 1983 3599 venit
2008 3558 2065 3600 ut

481 3614 769 3670 admoneat
790 3614 894 3676 me,
919 3632 1023 3670 non
1055 3627 1110 3670 ιιι
1138 3614 1619 3685 comprehendatur
1644 3630 1671 3668 a
1697 3630 1801 3679 me;
1830 3617 1974 3669 venit
2002 3624 2060 3669 ut

484 3701 595 3740 non
625 3694 789 3740 totum
820 3687 1059 3741 infundat
1085 3703 1163 3753 se,
1192 3688 1284 3742 sed
1312 3686 1701 3757 utgustandum
1728 3685 1959 3757 praebeat
1982 3700 2058 3749 se;

482 3770 592 3826 non
640 3765 696 3808 nt
743 3757 959 3826 impleat
997 3757 1316 3813 desiderium
1343 3799 1357 3822 ,
1396 3755 1513 3809 non
1577 3764 1635 3810 ut
1681 3755 2059 3825 plenitudinem

484 3825 734 3882 exhibeat
763 3825 872 3881 sua:
924 3829 1168 3896 perfectae
1207 3828 1484 3882 satietatis.
1531 3826 1598 3880 Et
1652 3827 1751 3880 hoc
1797 3836 1879 3881 est
1922 3828 2063 3896 quod

482 3897 715 3966 maxime
738 3898 965 3966 pertinet
982 3897 1046 3952 ad
1068 3899 1279 3952 art-ham
1303 3898 1730 3966 desponsationis
1758 3898 1871 3961 eius
1891 3916 1903 3949 :
1923 3898 2064 3966 quod

484 3965 576 4020 ille
602 3968 689 4036 qui
718 3965 768 4021 in
796 3968 971 4022 futuro
1000 3984 1058 4022 se
1086 3970 1179 4023 tibi
1210 3965 1494 4023 videndum
1522 3978 1575 4021 ct
1606 3978 1861 4036 perpetuo
1893 3965 2062 4037 possi-

485 4036 718 4091 dendum
746 4039 910 4101 dabit,
937 4053 1076 4091 nunc
1098 4039 1275 4105 aliquo
1305 4039 1462 4091 modo
1502 4047 1559 4090 ut
1593 4054 1753 4106 quam
1794 4038 1965 4093 dulcis
1993 4039 2064 4093 sit

485 4120 861 4177 agnoscas,wsei
883 4108 974 4177 tibi
1004 4108 1069 4160 ad
1095 4108 1408 4175 gustandum
1437 4108 1639 4176 praebet
1661 4108 1753 4177 (α).

559 4175 784 4231 CAPUT
822 4175 913 4228 XI.
951 4176 1024 4229 De
1052 4193 1253 4230 ntunere
1280 4180 1390 4229 vita:
1417 4175 1468 4228 in
1495 4186 1609 4229 ortu
1635 4175 1859 4232 seruatw.
1890 4179 1965 4233 De
1981 4178 2062 4234 in-

486 4244 980 4319 dultissenailiilibus
1003 4245 1430 4319 oblectationibus.
1486 4244 1563 4319 De
1598 4248 1711 4319 aliis
1766 4251 2063 4319 prwrogati-

436 4321 448 4329 ‘
486 4315 580 4387 vis.
617 4313 692 4383 (ὁ)
722 4314 937 4387 Multum
954 4316 1125 4387 igitur
1155 4315 1296 4387 Deus
1335 4325 1454 4387 tuus
1478 4313 1775 4385 diligendus
1818 4328 1898 4371 est
1926 4313 2019 4373 tibi
2044 4361 2059 4387 ,

486 4384 574 4458 cui
621 4393 765 4439 tanta
804 4384 1058 4458 beneﬁcia
1098 4386 1337 4458 contulit.
1381 4384 1451 4440 Ut
1503 4396 1677 4458 autem
1719 4387 1919 4458 amoris
1946 4384 2062 4458 ejus

485 4452 700 4509 ﬂamma
746 4455 976 4525 amplius
1021 4455 1330 4511 accendaris
1356 4474 1368 4510 :
1396 4455 1674 4509 considera
1702 4452 1996 4525 diligenter,
2030 4475 2064 4514 ο

485 4525 685 4597 anima,
708 4526 752 4579 si
779 4536 976 4596 prtcter
998 4526 1083 4580 illa
1102 4542 1220 4595 qua:
1248 4541 1409 4595 supra
1433 4525 1574 4580 dicta
1598 4536 1743 4597 sunt,
1770 4525 1943 4597 aliqua
1968 4529 2063 4585 tibi

486 4596 771 4651 contulerit
814 4596 1089 4652 beneﬁcia.
1121 4598 1251 4651 Cum
1292 4611 1419 4666 ergo
1470 4611 1589 4666 quae
1641 4596 1725 4651 hic
1772 4596 2060 4654 memorata

484 4674 612 4737 sunt
638 4666 775 4721 bona
800 4667 891 4721 tibi
924 4667 1069 4722 vides
1098 4667 1309 4733 collata,
1339 4667 1562 4720 multum
1582 4667 1628 4721 ei
1657 4681 1686 4720 a
1708 4682 1812 4737 quo
1832 4670 1924 4723 tibi
1949 4670 2062 4726 hare

487 4736 679 4808 collata
722 4747 846 4791 sunt
896 4737 1058 4792 debes
1099 4739 1361 4808 gratiosus
1388 4746 1443 4808 et
1475 4736 1976 4808 devotusexistere,
2009 4750 2065 4796 et

484 4806 682 4873 gratias
709 4822 873 4876 agens
901 4808 1081 4863 dicere
1108 4806 1123 4863 Ξ
1154 4808 1317 4863 Valde
1343 4806 1470 4863 mihi
1492 4807 1792 4877 diligendus
1818 4819 1901 4865 est
1921 4810 2062 4866 Deus

483 4890 659 4947 meus,
692 4879 779 4947 qui
809 4879 945 4933 bene
967 4888 1122 4933 utens
1147 4878 1285 4932 malo
1306 4887 1581 4947 parentant
1622 4892 1884 4945 meorum,
1912 4896 2062 4935 crea-

484 4945 564 5019 vit
594 4962 677 5019 me
702 4946 769 5003 dc
797 4963 955 5019 carne
985 4949 1216 5015 illorum,
1248 4945 1605 5019 etinSpiravit
1630 4949 1681 5001 in
1715 4964 1799 5003 me
1827 4952 2064 5019 spiracu-

478 5015 606 5089 ξυιηέ
624 5016 776 5083 vitae;
803 5018 1114 5089 discernens
1143 5034 1228 5073 tne
1252 5020 1318 5072 ab
1339 5015 1441 5071 illis
1462 5018 1548 5084 qui
1577 5018 1659 5073 vel
1687 5015 1908 5074 abortivi
1938 5036 2063 5089 pro-

478 5085 610 5156 jecti
635 5088 840 5159 suntiab
855 5098 1026 5154 utero,
1044 5089 1129 5144 vel
1154 5089 1290 5143 intra
1319 5097 1556 5143 materna
1579 5089 1777 5143 viscera
1800 5085 2060 5159 suﬁocati,

482 5170 660 5233 ptente
684 5156 1219 5233 videnturconcepti,
1266 5174 1371 5213 non
1411 5159 1564 5233 vitae._
1594 5160 1788 5233 Accepi
1832 5177 1959 5233 ergo
2005 5156 2063 5218 ut

468 5227 609 5303 “sim,
638 5228 816 5303 accepi
845 5237 904 5282 ut
932 5230 1091 5284 homo
1126 5227 1233 5284 ’sim
1257 5269 1272 5289 ,
1318 5229 1508 5303 accepi
1552 5227 1918 5303 intellectum,
1957 5249 2062 5303 quo

466 5294 696 5370 iiutersit
721 5294 861 5370 inter
888 5313 975 5354 me
1000 5307 1056 5354 et
1080 5314 1263 5369 pecus.
1301 5294 1496 5368 Accepi
1524 5301 1765 5370 corporis
1793 5294 2017 5356 formam
2044 5344 2059 5370 ,

484 5368 666 5438 accepi
715 5368 769 5423 in
815 5382 1038 5440 corpore
1082 5368 1477 5425 distinctionem
1545 5368 1831 5439 sensuum;
1882 5368 2063 5430 oculos

602 5459 755 5520 Adde,
778 5460 862 5511 ita.

549 5519 622 5645 in;
650 5527 889 5572 Hactenus
908 5524 1121 5597 [lagonis
1142 5524 1296 5576 verba
1314 5524 1379 5575 de
1403 5524 1758 5598 arrhaanimze.

571 5580 600 5631 ὸ
620 5588 710 5645 3x
727 5583 937 5636 Anselml
959 5585 1117 5637 Medii.
1139 5586 1228 5645 i6;
1254 5593 1517 5645 Hug.V1ct.,
1535 5585 1649 5636 hb.7
1669 5593 1758 5636 Eru

469 5580 710 5702 ιωὲνζέι
727 5583 937 5636 Anselml
959 5580 1117 5637 fodit.
1139 5586 1228 5649 i6;
1254 5588 1517 5651 Hug.vict.,
1535 5585 1649 5636 hb.7
1669 5585 1845 5637 Erudit.
1859 5586 2061 5653 didasc.,

1936 198 2300 260 APPENDIX.

3674 201 3832 259 856

2173 317 2237 370 ad
2271 317 2554 373 videndum
2580 358 2594 382 ,
2626 331 2781 373 aures
2829 315 2895 371 ad
2933 315 3285 383 audiendum,
3341 332 3499 375 nares
3550 320 3619 375 ad
3691 322 3834 376 od-

2156 390 2453 461 .orandum,
2496 403 2684 461 manus
2713 387 2786 461 ad
2808 387 3241 461 contrectandum
3263 430 3281 461 ,γ
3305 390 3534 457 palatum
3568 392 3645 445 ad
3691 408 3793 461 εει
3814 421 3835 431 ο

2172 459 2439 525 standum,
2468 458 2633 529 pedes
2663 457 2729 512 ad
2764 457 3167 529 ambulandum,
3212 460 3543 529 salutemque
3590 457 3830 529 ipsam

2171 531 2426 598 corporis.
2461 527 2704 600 Magnum
2730 528 2849 600 fuit
2888 538 2941 582 et
2989 527 3091 581 hoc
3114 569 3128 593 ,
3178 528 3320 600 quod
3350 529 3416 583 ad
3445 527 3827 585 eorumdem

2171 613 2421 653 sensuum
2466 615 2705 654 meorum
2737 599 3129 653 oblectamenta
3155 599 3357 667 singula
3372 601 3622 655 sensibus
3653 604 3826 656 sin-

2169 668 2308 738 gulis
2334 669 2701 724 convenientia
2748 669 2947 724 creavit
2988 668 3148 735 Deus,
3182 670 3342 723 multa
3374 670 3601 739 pulchre
3630 688 3815 725 eon-

2171 739 2434 794 venientia
2463 748 2515 794 et
2546 740 2795 804 lucentia,
2846 752 3042 793 canore
3077 739 3380 802 mulcentia,
3411 755 3576 794 suave
3605 744 3813 795 olen-

2173 808 2264 875 tia,
2311 809 2465 863 dulce
2494 809 2771 875 sapientia,
2809 809 2968 864 tactui
3011 808 3290 876 placentia.
3341 809 3420 863 0b
3470 810 3571 864 hoc
3620 814 3811 866 enim

2171 879 2497 948 providentia
2542 879 2809 934 Creatoris
2848 888 2956 949 tam
2998 878 3238 934 diversas
3276 880 3559 949 qualitates
3597 883 3806 935 rebus

2170 948 2380 1014 indidit,
2411 958 2469 1003 ut
2496 964 2686 1005 omnes
2715 964 2903 1004 sensus
2948 948 3178 1002 hominis
3217 948 3309 1003 sua
3358 950 3795 1005 oblectamenta

2171 1019 2460 1073 inveniant.
2496 1020 2650 1074 Aliud
2676 1021 2817 1073 enim
2848 1020 3071 1089 percipit
3100 1018 3265 1081 visus,
3296 1019 3437 1073 aliud
3471 1021 3785 1088 odoratus,

2168 1090 2311 1143 aliud
2344 1090 2554 1144 auditus
2584 1132 2599 1156 ,
2650 1089 2791 1144 aliud
2843 1090 3068 1143 olfactus
3094 1130 3108 1154 ,
3151 1089 3290 1143 aliud
3340 1098 3560 1159 gustus,
3614 1093 3790 1147 aliud

2172 1167 2360 1213 tactus.
2395 1160 2576 1215 Visum
2623 1161 2789 1229 pascit
2830 1159 3166 1229 pulchritudo
3215 1159 3473 1224 colorum,
3517 1163 3789 1217 suavitas

2170 1229 2449 1284 cantilena:
2492 1230 2757 1284 demulcet
2799 1230 3055 1292 auditum,
3096 1229 3379 1299 fragrantia
3406 1231 3589 1284 odoris
3618 1231 3781 1284 olfa-

2170 1308 2334 1367 ctum,
2366 1300 2593 1355 dulcedo
2638 1300 2842 1369 saporis
2880 1308 3110 1370 gustum.
3148 1299 3213 1353 Et
3256 1300 3377 1370 quis
3400 1314 3590 1355 omnes
3617 1302 3782 1356 deli-

2170 1370 2280 1423 cias
2308 1384 2559 1425 sensuum
2585 1385 2898 1425 enumerare
2922 1369 3121 1439 queat?
3147 1385 3263 1440 qua:
3294 1379 3398 1423 tam
3428 1371 3779 1440 multiplices

2170 1449 2292 1494 sunt
2324 1440 2377 1493 in
2415 1440 2653 1509 singulis,
2684 1451 2740 1493 ut
2767 1441 2810 1493 si
2837 1439 2954 1507 quis
2978 1439 3268 1509 quemlibet
3297 1455 3392 1509 per
3422 1455 3481 1495 se
3502 1439 3777 1497 conside-

2169 1518 2291 1580 ret,
2343 1509 2634 1579 quemlibet
2687 1524 2781 1579 per
2826 1525 2886 1580 se
2927 1509 3265 1580 singulariter
3305 1509 3527 1565 ditatum
3579 1522 3771 1580 putet.

2170 1578 2310 1647 Quot
2338 1578 2725 1635 Oblectameuta
2764 1579 3037 1634 oculorum
3082 1579 3133 1632 in
3178 1579 3483 1635 diversitate
3505 1578 3771 1636 colorum

2169 1660 2548 1717 monstramus,
2580 1658 2659 1705 tot
2699 1650 3087 1705 oblectamenta
3132 1650 3334 1704 aurium
3362 1650 3414 1705 in
3440 1651 3772 1708 diversitate

2169 1734 2422 1774 sonorum
2449 1720 2727 1785 audimus;
2759 1721 2897 1775 inter
2919 1736 3036 1789 quae
3057 1719 3230 1789 prima
3269 1730 3393 1775 sunt
3423 1721 3594 1776 dulcia
3635 1736 3769 1777 ser-

2170 1804 2385 1844 monum
2416 1791 2755 1858 commercia,
2781 1790 2971 1860 quibus
3014 1790 3256 1845 homines
3281 1791 3344 1844 ad
3371 1791 3596 1846 invicem
3625 1807 3766 1848 suas

2169 1860 2468 1915 voluntates
2505 1861 3207 1931 communicant,pra‘terita
3238 1870 3474 1925 narrant,
3506 1877 3761 1931 praesen-

2170 1931 2239 1983 tia
2268 1930 2522 1997 indicant,
2569 1930 2742 1984 futura
2783 1930 3046 1997 nuntiant,
3073 1932 3276 1985 occulta
3312 1930 3579 1993 revelant;
3611 1933 3762 1988 adeo

2172 2007 2228 2071 ut
2255 2001 2298 2054 si
2326 2011 2503 2055 careat
2526 2000 2617 2071 his
2643 2002 2747 2055 vita
2775 2000 3003 2056 humana
3020 2043 3033 2066 ,
3064 2001 3246 2057 bestiis
3265 2003 3641 2071 comparabilis
3664 2006 3757 2057 vi-

2169 2069 2376 2143 deatur.
2402 2070 2538 2140 Quid
2555 2080 2741 2143 autem
2764 2080 3053 2143 concentus
3070 2071 3251 2143 avium
3278 2113 3292 2136 ,
3323 2069 3450 2143 quid
3496 2072 3754 2129 humana:

2168 2141 2314 2194 vocis
2344 2143 2510 2196 melos
2546 2140 2859 2209 jucundum,
2880 2141 3021 2212 quid
3050 2141 3235 2197 dulces
3261 2140 3450 2197 modos
3483 2158 3748 2212 sonorum

2168 2212 2402 2282 omnium
2443 2207 3062 2282 commemorein?'quia
3107 2220 3214 2265 tam
3258 2213 3421 2266 multa
3460 2207 3584 2268 s'tmt
3613 2214 3750 2268 har-

2169 2281 2360 2334 moniae
2384 2296 2600 2351 genera,
2635 2290 2690 2335 ut
2726 2297 2786 2336 ea
2825 2296 2925 2336 nec
2954 2281 3212 2351 cogitatus
3262 2297 3595 2350 percurrere,
3646 2300 3748 2341 nec

2168 2365 2346 2421 sermo
2381 2353 2530 2407 facile
2568 2352 2835 2421 explicare
2873 2352 3041 2421 possit
3089 2370 3101 2403 :
3144 2367 3262 2421 quae
3318 2361 3494 2408 tamen
3554 2364 3745 2410 cuncta

2167 2420 2366 2493 auditui
2401 2420 2679 2493 serviunt,
2711 2430 2764 2476 et
2804 2423 2855 2475 in
2878 2420 2995 2493 ejus
3037 2420 3254 2477 delicias
3280 2431 3457 2477 creata
3486 2434 3627 2479 sunt.
3655 2425 3745 2481 Sic

2168 2500 2248 2545 est
2290 2491 2357 2546 de
2394 2492 2591 2547 olfactu
2622 2509 2634 2546 :
2664 2492 2859 2548 habent
2903 2491 3243 2564 thymiamata
3293 2493 3512 2549 odorem
3550 2510 3701 2550 suum
3724 2538 3741 2563 ,

2167 2569 2222 2614 ct
2264 2571 2606 2632 cunctaquae
2649 2577 2865 2617 suavem
2901 2563 3153 2632 priestant
3179 2563 3398 2618 odorem
3426 2606 3442 2630 ,
3483 2573 3536 2620 et
3564 2566 3741 2622 dulces

2166 2631 2371 2698 Spirant
2406 2631 2619 2703 odores,
2647 2633 2861 2703 olfactui
2895 2631 3171 2698 Serviunt,
3198 2642 3252 2688 et
3293 2635 3346 2687 in
3387 2640 3502 2703 ejus
3527 2636 3740 2691 delicias

2167 2709 2367 2772 creata,
2389 2711 2531 2756 sunt.
2562 2702 2767 2757 Eodem
2793 2702 2954 2757 modo
2992 2712 3177 2772 gustus
3204 2712 3258 2759 et
3282 2702 3452 2759 tactus
3477 2708 3618 2761 varia
3645 2706 3739 2759 ha-

2166 2770 2293 2825 bent
2322 2771 2731 2843 obiectamenta,
2760 2789 2878 2841 tmte
2896 2788 2961 2828 ex
2982 2770 3328 2828 similitudine
3347 2775 3584 2843 priorum
3614 2778 3738 2832 satis

2168 2841 2422 2916 perpendi
2456 2853 2695 2910 possunt.
2728 2843 2970 2916 magnum
3003 2854 3085 2916 est
3120 2841 3364 2916 certeiet
3414 2845 3513 2900 hoc
3536 2888 3549 2910 ,
3601 2847 3737 2916 quod

2166 2926 2295 2965 sana
2320 2921 2373 2983 et
2404 2912 2610 2983 integra
2639 2913 2875 2967 membra
2906 2914 3104 2969 creavit
3125 2914 3253 2968 mihi
3277 2915 3440 2981 Deus;
3474 2931 3539 2970 ne
3564 2912 3737 2971 essem

2166 2983 2300 3053 meis
2330 2982 2501 3048 dolor,
2530 2982 2887 3052 opprobrium
2937 2985 3143 3039 alienis.
3189 2986 3379 3053 Accepi
3426 2987 3583 3041 etiam
3625 3001 3739 3041 am-

2166 3052 2325 3128 plius,
2358 3061 2589 3107 mentem
2630 3054 2851 3128 scilicet,
2896 3069 3013 3123 qua:
3058 3052 3541 3128 possitiint’elligerc
3566 3099 3580 3123 ,
3620 3073 3736 3128 qua:

2167 3124 2334 3196 possit
2359 3138 2549 3192 capere
2575 3124 2875 3196 veritatem,
2894 3140 3012 3196 qure
3027 3127 3194 3194 possit
3215 3124 3515 3194 justum'ab
3544 3124 3734 3196 injuste

2166 3191 2492 3264 discernere,
2524 3209 2641 3263 qum
2671 3194 2838 3264 possit
2867 3191 3116 3261 indagare
3137 3236 3150 3258 ,
3182 3191 3491 3252 desiderare
3518 3191 3734 3253 Creato-

2165 3263 2545 3335 rem,iattdare
2587 3274 2638 3318 et
2670 3264 2929 3335 inhzerere
2959 3264 3053 3319 illi.
3083 3265 3322 3335 Magnum
3350 3268 3510 3321 etiam
3538 3270 3733 3323 aestimo

2165 3331 2479 3405 beneﬁcium
2502 3374 2515 3395 ,
2549 3334 2690 3402 quod
2720 3349 2785 3388 eo
2813 3344 3050 3405 tempore
3075 3344 3121 3389 et
3156 3331 3294 3391 inter
3317 3339 3453 3391 taies
3484 3354 3569 3392 me
3597 3340 3733 3405 nasci

2164 3402 2330 3456 voluit
2370 3403 2526 3468 Deus,
2568 3410 2821 3473 per‘quos
2851 3402 3112 3460 ad‘ﬁdem
3152 3421 3299 3460 suam
3334 3418 3388 3462 et
3415 3402 3731 3464 sacramenta

2166 3473 2520 3540 pervenirem.
2564 3473 2733 3528 Video
2779 3475 3248 3532 innumerabilibus
3294 3478 3595 3534 hominibus
3640 3479 3732 3533 hoc

2164 3553 2434 3611 negatum,
2462 3544 2601 3613 quod
2652 3543 2781 3598 mihi
2809 3547 3046 3614 gratulor
3073 3560 3192 3601 esse
3231 3562 3542 3601 concessum
3578 3566 3589 3601 :
3620 3565 3730 3605 cum

2165 3614 2354 3680 quibus
2385 3624 2558 3667 tamen
2587 3615 2740 3669 nobis
2765 3624 2907 3669 esset
2937 3617 2955 3671 ἓ
2984 3631 3084 3669 una
3115 3617 3368 3672 conditio.
3395 3619 3472 3672 llli
3499 3619 3728 3674 derelicti

2165 3692 2291 3758 sunt
2322 3700 2414 3758 per
2436 3684 2719 3758 justitiam,
2752 3694 2803 3758 et
2834 3700 2939 3758 ego
2961 3696 3177 3741 vocatus
3211 3703 3325 3742 sum
3371 3703 3467 3757 per
3495 3692 3725 3758 gratiam.

2168 3752 2452 3829 Procedam
2482 3755 2675 3829 adhuc,
2717 3752 2890 3810 etiam'
2930 3757 3140 3829 intuens
3188 3752 3387 3813 munus
3420 3752 3535 3829 eju's
3580 3760 3729 3816 fuisse

2164 3822 2303 3897 quod
2326 3825 2581 3897 educatus
2604 3825 2675 3879 fui
2701 3841 2731 3880 a
2759 3827 3091 3895 parentibus;
3120 3829 3260 3897 quod
3286 3843 3372 3883 me
3397 3822 3609 3884 ﬂamma
3634 3845 3727 3885 non

2166 3892 2323 3967 l_-.e‘sit,
2357 3894 2495 3963 quod
2524 3911 2661 3963 aqua
2690 3892 2795 3967 non
2823 3892 3293 3967 absorbuitfquod
3330 3914 3437 3953 non
3471 3910 3675 3955 vexatus
3698 3917 3727 3955 a

2164 3964 2427 4038 d:rmone_,
2458 3966 2597 4035 quod
2648 3982 2676 4018 a
2725 3965 2907 4038 bestiis
2957 3982 3059 4021 non
3108 3964 3414 4037 percussus,
3460 3971 3600 4038 quod
3630 3986 3724 4025 non

2166 4036 2459 4116 prmcipitio
2492 4046 2728 4116 necatus,
2761 4035 2902 4116 quod
2931 4035 3192 4107 usquead
3220 4035 3504 4116 congruam
3533 4050 3725 4097 (etatem

2165 4103 2218 4158 in
2247 4103 2349 4159 ﬁde
2376 4107 2490 4172 ejus
2518 4119 2571 4160 et
2601 4107 2736 4161 bona
2763 4103 3037 4161 voluntate
3066 4124 3182 4163 sum
3211 4103 3458 4164 nutritus.

2234 4174 2467 4248 CAPUT
2498 4176 2610 4231 ΧΠ.
2665 4176 2741 4231 De
2786 4178 3161 4248 longanimitate
3197 4179 3310 4233 Dei.
3354 4179 3533 4234 Tribus
3583 4183 3725 4236 modis

2164 4262 2196 4298 a
2246 4246 2499 4320 peccando
2552 4264 2826 4301 servamur.
2873 4246 2953 4302 De
2999 4248 3191 4320 Angela
3224 4250 3447 4305 custode.
3509 4252 3726 4306 Peccator

2165 4332 2359 4368 omnem
2401 4318 2454 4369 in
2496 4333 2549 4371 se
2585 4327 2865 4372 creaturam
2919 4318 3210 4373 commovet.
3261 4320 3425 4385 Quam
3476 4322 3726 4376 liberaliter

2163 4385 2390 4456 ignoscat
2438 4385 2730 4460 Dens._i(a)
2773 4389 3011 4459 Magnam
3062 4391 3254 4460 igitur,
3288 4392 3507 4447 Domine
3561 4393 3718 4455 Deus,

2165 4470 2289 4525 erga
2321 4472 2407 4511 me
2436 4458 2713 4513 ostendisti
2761 4458 3030 4527 pietatem.
3074 4458 3205 4515 Cum
3248 4471 3424 4517 autem
3455 4465 3508 4516 in
3543 4466 3721 4518 cunctis

2165 4527 2416 4596 operibus
2447 4528 2549 4581 tuis
2578 4530 2651 4583 sis
2678 4529 2964 4593 mirabilis,
2994 4531 3282 4586 mirabilior
3303 4542 3479 4587 tamen
3509 4533 3720 4588 crederis

2167 4611 2285 4673 esse
2332 4597 2386 4651 in
2428 4598 2730 4673 _v_i_se_eribus
2766 4599 2986 4673 pietatis
3018 4601 3263 4673 :_nnllum
3301 4604 3441 4657 enim
3488 4605 3681 4673 spernis
3704 4646 3717 4670 ,

2166 4666 2367 4720 nullum
2395 4667 2578 4743 abjicis
2597 4709 2611 4731 ,
2640 4666 2906 4743 neminem
2932 4671 3294 4743 perhorrescis
3313 4714 3327 4737 ,
3362 4674 3460 4727 nisi
3491 4666 3578 4743 qui
3604 4666 3719 4728 forte

2166 4738 2808 4811 te_antens_exltorruerit.
2845 4738 2990 4795 Dona
3023 4742 3179 4811 igitur
3209 4752 3295 4797 tua
3324 4753 3449 4798 sunt
3477 4738 3606 4809 h'ccc,
3633 4746 3720 4799 Do-

2167 4806 2505 4883 mine,__milti
2534 4825 2563 4863 a
2592 4816 2645 4863 te
2673 4806 3087 4883 misericordilcr
3116 4812 3338 4875 indulta,
3382 4814 3525 4883 quod
3558 4806 3635 4869 me
3677 4818 3719 4868 in

2165 4877 2417 4945 periculis
2445 4893 2587 4948 saepe
2616 4881 2957 4953 constitutum
3001 4883 3296 4938 clementer
3331 4877 3569 4953 eripuisti
3592 4927 3605 4947 ,
3640 4900 3720 4939 nec

2166 4962 2399 5022 unquam
2450 4964 2546 5022 pro
2601 4952 2831 5022 peccatis
2875 4954 3008 5007 meis
3053 4956 3337 5022 quominus
3379 4952 3717 5019 miserereris,

2167 5018 2307 5073 vinci
2336 5018 2549 5089 potuisti
2574 5018 2838 5087 {oblitum
2866 5023 2938 5076 tui
2967 5024 3032 5078 de
3058 5018 3109 5078 te
3134 5023 3472 5089 admonuisti,
3499 5040 3719 5080 aversum

2168 5102 2200 5143 a
2229 5098 2280 5144 te
2304 5093 2589 5165 revocasti,
2610 5094 2919 5165 venientem
2959 5094 3025 5148 ad
3073 5103 3123 5148 te
3169 5095 3397 5165 benigne
3425 5097 3718 5165 suscepisti,

2174 5161 2456 5235 pmniteuti
2480 5162 2742 5218 indulsisti
2772 5179 2877 5219 non
2906 5164 3079 5219 solum
3108 5180 3167 5219 ea
3197 5161 3319 5235 quaS
3346 5161 3599 5221 commisi
3617 5181 3721 5234 pec-

2171 5240 2320 5305 cata,
2368 5232 2459 5288 sed
2504 5236 2661 5289 etiam
2710 5250 2845 5305 qua:
2874 5242 2924 5288 te
2971 5232 3282 5305 protegente
3326 5250 3430 5290 non
3479 5232 3716 5291 commisi.

2171 5300 2554 5375 Quodcumque
2579 5300 2873 5359 enim'mali
2902 5300 3216 5375 protegente
3243 5314 3295 5360 te
3324 5321 3429 5361 non
3455 5308 3678 5361 commisi
3706 5348 3719 5372 ,

2172 5381 2339 5427 totum
2370 5390 2400 5429 a
2427 5384 2479 5430 te
2506 5374 2785 5430 dimissum
2815 5374 3174 5445 deputandum
3214 5384 3318 5431 est.
3347 5376 3480 5433 Nam
3517 5378 3646 5433 sicut
3680 5378 3722 5432 in

2237 5466 2253 5527 ε
2292 5464 2421 5527 Apud
2443 5465 2736 5525 Anselmum,
2776 5470 2862 5516 est.

2234 5526 2401 5593 (a)__Ex
2429 5527 2606 5593 Mcdit.,
2630 5541 2735 5589 cap.
2760 5527 2822 5593 ξς
2858 5539 2922 5576 ex
2965 5534 3105 5593 Hgg,
3130 5531 3269 5590 νισι,
3315 5530 3398 5593 ιιι).
3444 5530 3478 5579 '5
3511 5529 3577 5579 de
3617 5528 3724 5579 Hodo

2169 5588 2352 5655 orandi,
2371 5601 2475 5650 cap.
2503 5589 2525 5636 1
2548 5602 2560 5647 ;
2581 5588 2807 5655 Bernard.
2830 5588 3064 5655 senm};
3096 5592 3146 5642 in
3180 5588 3310 5643 Dom.
3336 5592 3369 5641 6
3403 5599 3510 5655 post
3534 5598 3725 5653 Pentec.,

2168 5665 2218 5700 n.
2248 5651 2352 5712 1-4;
2374 5658 2492 5702 etex
2518 5650 2724 5701 Ansclmi
2759 5650 2917 5701 Medit.
2948 5651 3024 5702 l6.
