4138 6212
494 310 600 369 859

493 432 551 482 et
577 420 895 478 vanitatibus
921 418 1030 476 suis
1048 457 1065 483 ,
1094 416 1189 474 sed
1219 415 1377 473 etiam
1406 417 1579 488 ipsum
1609 429 1728 472 cum
1755 414 2062 488 tentaiioni-

495 496 596 552 bus
623 494 733 549 suis
760 492 985 548 conterit
1007 498 1242 543 satanam
1272 489 1370 559 sub
1395 485 1620 559 pedibus
1651 487 1869 559 nostris.
1904 485 2065 559 Num-

535 564 622 619 uid
652 580 756 619 non
786 562 973 617 merito
994 560 1229 615 dixeram
1252 600 1264 617 .
1303 557 1672 614 inveniendum
1702 557 1755 611 in
1785 557 2062 613 continen-

503 627 574 689 tia
620 632 759 688 unde
795 633 1112 696 clamarem,
1157 627 1289 695 Quia
1333 629 1449 700 fecit
1482 630 1605 682 mihi
1641 644 1826 700 magna
1868 628 1954 698 qui
1979 641 2064 700 po-

496 714 603 759 tens
637 712 709 759 est
728 703 755 755 ?

563 770 789 826 CAPUT
825 769 964 825 XIV.
999 768 1131 839 Spes
1168 780 1369 828 eterna:
1401 772 1513 825 vitae
1542 776 1641 823 stat
1681 769 1736 823 in
1776 768 1949 823 tribus.
1985 767 2062 839 (a)

502 842 627 897 Post
656 841 769 911 hatc
796 841 941 896 dedit
974 841 1104 897 mibi
1136 843 1389 898 Dominus
1418 841 1560 895 Deus
1587 841 1811 911 gratiam
1849 852 2063 911 prome-

496 911 648 993 rendi
694 910 828 993 boua
875 910 1292 993 vittejeternm,
1338 908 1755 993 quamugr'aiiam
1791 908 2064 993 ‘in’htribus

492 982 726 1037 maxime
752 989 893 1036 stare
917 981 1149 1038 arbitror
1178 1002 1191 1037 :
1222 984 1274 1037 in
1303 981 1426 1037 odio
1446 981 1648 1035 scilicet
1676 981 2064 1048 praeteritorum

493 1053 773 1115 malorum,
797 1051 852 1105 in
880 1060 1186 1120 contemptu
1214 1053 1473 1108 honorum
1502 1051 1859 1120 praesentium,
1888 1049 1939 1103 in
1960 1048 2065 1120 Ade-

494 1121 692 1177 siderio
722 1120 1039 1177 futurorum.
1087 1118 1290 1179 Deinde
1330 1121 1476 1176 dedit
1505 1118 1640 1175 Vmihi
1690 1134 1838 1190 spem
1876 1118 2063 1174 eadem

494 1191 787 1256 obtinendi,
825 1207 942 1260 qua:
981 1193 1033 1246 in
1062 1193 1230 1249 tribus
1257 1192 1531 1256 consistit;
1561 1190 1728 1244 tribus
1754 1230 1767 1256 ,
1809 1192 2020 1260 inquam
2045 1230 2061 1256 ,

493 1276 612 1332 qua:
636 1262 715 1316 sic
747 1259 1003 1332 roborant
1032 1272 1086 1319 et
1122 1263 1440 1320 confirmant
1468 1274 1771 1332 cornicum
1790 1302 1804 1325 ,
1837 1267 1895 1314 ut
1924 1259 2065 1332 nuila

491 1330 579 1402 me
609 1331 841 1402 penuria
864 1332 1173 1387 meritorum
1199 1376 1214 1402 ,
1260 1333 1405 1387 nulla
1444 1330 1801 1402 consideratio
1838 1330 2065 1402 proprige

438 1456 441 1461 ,
490 1398 725 1473 vilitatis,
759 1398 1210 1473 nulia_:estimatio
1238 1403 1471 1459 caelestis
1496 1398 2062 1473 beatitudiniséde'cele

493 1470 723 1550 eitudine
751 1471 863 1541 Spei
893 1469 1123 1550 dejicere
1145 1474 1312 1545 possit
1338 1474 1388 1550 in
1416 1487 1479 1528 ea
1505 1469 2062 1550 ﬁrmiterrradicaium.

492 1538 815 1619 Desideras,_
841 1557 873 1595 ο
912 1538 1087 1619 anima
1128 1538 1268 1612 mea,
1308 1545 1446 1598 scire
1490 1557 1608 1611 qure
1646 1538 2065 1619 siiii‘illa?_'_l_‘ria

493 1611 776 1685 considero
802 1611 853 1666 in
883 1612 1076 1685 quibus
1101 1629 1223 1685 spes
1248 1608 1367 1685 inea
1404 1608 1522 1667 tota‘
1540 1611 1823 1685 consistit;
1859 1608 2069 1685 scilicet

493 1681 804 1763 charitatem
837 1680 1196 1763 adoptionis;
1218 1684 1496 1763 veritatem
1535 1680 1901 1763 promissionis
1922 1694 2066 1763 ,ρο-

496 1760 740 1823 testatem
770 1750 1104 1807 redditionis.
1150 1754 1441 1809 Murmurct
1464 1750 1853 1823 jamgquantum
1878 1750 2065 1804 volue-

492 1820 563 1876 rit
588 1822 843 1892 insipiens
870 1837 932 1877 co
971 1823 1117 1878 itatio
1143 1839 1285 1891 mea,
1317 1820 1498 1877 dicens
1532 1841 1545 1877 :
1576 1820 1707 1889 Quis
1732 1824 1871 1875 enim
1898 1833 1957 1875 es
1988 1828 2062 1883 tu,

492 1901 584 1945 aut
605 1899 800 1945 quanta
827 1899 909 1945 est
933 1838 1020 1945 ﬁla
1047 1893 1237 1945 gloria.
1265 1892 1522 1945 quibusve
1540 1892 1745 1945 meritis
1769 1892 1904 1944 hanc
1929 1889 2062 1944 obti-

491 1901 584 1946 aut
605 1889 800 1962 quanta
827 1899 909 1964 est
933 1889 1020 1964 illa
1047 1893 1239 1964 gloria,
1265 1889 1522 1964 quibusve
1540 1892 1758 1964 meritis
1769 1892 1904 1964 hanc
1929 1889 2067 1964 o_bti-

492 1959 638 2041 nere'
666 1960 888 2043 speias?
915 1963 993 2043 ‘Et
1029 1959 1128 2043 ego
1177 1959 1867 2043 fiducialiierfespondebo
1890 2002 1903 2025 ,
1941 1959 2068 2043 βεξο

492 2029 584 2102 qui
612 2029 809 2102 credidi
831 2070 847 2095 ,
878 2039 932 2086 ct
956 2029 1135 2087 certus
1161 2049 1278 2088 sum
1300 2076 1313 2099 ,
1343 2033 1463 2102 quia
1508 2032 1561 2086 in
1608 2029 1866 2086 charitate
1904 2029 2067 2102 nimia

492 2100 767 2172 adoptavit
790 2115 876 2155 mc
902 2102 1039 2156 Deus
1061 2144 1075 2167 ,
1111 2103 1232 2172 quia
1268 2100 1428 2157 verax
1456 2111 1538 2157 est
1579 2102 1649 2172 in
1671 2100 2025 2172 promissione
2047 2141 2062 2167 ,

492 2170 618 2239 quia
646 2179 834 2240 potens
861 2181 942 2226 est
967 2172 1017 2225 iu
1046 2170 1373 2228 exhibitione
1401 2190 1415 2226 :
1449 2172 1575 2228 licet
1606 2171 1655 2226 ei
1674 2170 1857 2227 facere
1890 2171 2062 2241 quod-

490 2254 720 2365 iiuquue
748 2241 991 2297 voluerit.
1021 2242 1124 2297 Pro
1152 2243 1234 2298 his
1261 2257 1389 2315 ergo
1416 2242 1556 2298 Deus
1584 2256 1735 2297 meus
1763 2240 1954 2297 merito
1982 2240 2067 2296 di-

513 2325 629 2365 uzen
673 2326 732 2364 us
757 2320 856 2365 est.

513 2320 732 2366 tuendus
757 2320 856 2366 est.

530 2325 933 2454 ῩὲἏαέῗιξέὲγ.
973 2382 1051 2454 De
1095 2382 1345 2454 beneﬁcii;
1390 2381 1673 2454 impertitis.
1714 2379 2069 2454 Conﬁtendum

491 2448 674 2523 Deo_et
697 2449 750 2504 in
774 2450 919 2523 itania
944 2459 992 2506 et
1015 2453 1067 2506 in
1088 2448 1259 2523 malis.
1290 2448 1491 2523 Magna:
1521 2461 1697 2507 autem
1728 2448 1910 2523 gratiae
1935 2450 2063 2519 fuit,

490 2517 745 2593 quodine
773 2521 910 2576 Deus
938 2536 967 2593 a
997 2535 1054 2577 se
1078 2517 1836 2593 fugientem'persecutus‘ést,
1861 2517 2067 2576 timenti

490 2588 793 2663 blanditus;
817 2592 953 2663 quod
981 2588 1162 2663 erexii
1173 2608 1257 2648 me
1279 2594 1331 2663 in
1353 2588 1501 2663 spem
1528 2594 1681 2648 toties
1702 2591 2063 2663 desperatum,

495 2660 636 2734 quod
662 2658 774 2734 suis
799 2658 975 2734 obruit
992 2661 1268 2734 beneﬁciis
1296 2658 1585 2734 ingratum,
1614 2658 1941 2734 quodgustu
1977 2662 2062 2734 in-

494 2729 711 2786 terioris
735 2729 1034 2786 dulcedinis
1073 2729 1379 2788 immundis'
1395 2729 1664 2788 assuetum
1693 2729 2064 2786 delectationi-

492 2798 595 2853 bus
624 2801 839 2871 attraxit
866 2810 921 2856 et
943 2802 1129 2865 illexit.
1158 2802 1298 2871 quod
1326 2796 1713 2858 indissolubilis
1750 2801 1905 2855 malae
1933 2816 2066 2856 con-

490 2869 788 2925 suetudinis
832 2872 1044 2926 vincula
1089 2869 1352 2933 dissolvit.
1400 2882 1455 2927 et
1498 2873 1824 2927 abstractum
1871 2874 2067 2927 saeculo

490 2940 719 3012 benigne
745 2943 998 3012 suscepit.
1026 2941 1214 2998 Adhuc
1234 2985 1249 3007 ,
1278 2943 1455 2997 anima
1483 2957 1598 2997 mea
1620 2983 1633 3007 ,
1664 2942 1751 2997 illa
1796 2941 1846 3012 in
1874 2942 2065 3012 quibus

492 3010 587 3065 tibi
628 3010 745 3065 Sola
787 3010 1001 3067 conscia
1043 3024 1129 3079 es,
1176 3013 1369 3068 divime
1408 3013 1661 3068 bonitatis
1707 3010 1907 3082 inspice
1946 3028 2065 3068 mu-

492 3094 619 3153 uera
651 3098 663 3134 :
695 3096 851 3151 quam
884 3082 1120 3153 jucunda
1161 3082 1292 3139 facie
1329 3084 1719 3138 abrenuntianti
1749 3082 1945 3138 szecuio
1972 3084 2067 3139 tibi

492 3148 734 3224 Christus
759 3148 989 3207 occu'rrit
1009 3196 1025 3221 ,
1056 3154 1249 3224 quibus
1275 3154 1597 3209 esurientem
1638 3154 1841 3224 deliciis
1878 3154 2062 3223 pavit,

491 3234 624 3291 quas
654 3222 1051 3277 miserationum
1074 3222 1291 3278 suarum
1319 3224 1530 3279 divitias
1554 3223 1805 3284 ostendit,
1835 3238 1967 3347 (Luos
1993 3224 2068 3278 in-

493 3291 715 3347 spiravit
743 3290 984 3347 affectus.
1020 3308 1125 3347 ouo
1161 3304 1213 3347 te
1245 3294 1518 3347 charitatis
1548 3295 1735 3347 poculo
1763 3293 1848 3347 ine
1888 3294 2064 3347 riavit.

493 3290 715 3362 spiravit
743 3290 984 3362 affectus,
1020 3308 1125 3362 quo
1161 3304 1213 3348 te
1245 3294 1518 3349 charitatis
1548 3295 1735 3362 poculo
1763 3290 2064 3350 inebriavit.

491 3359 741 3433 Magnum
759 3359 854 3415 fuit
873 3371 927 3415 et
946 3359 1072 3433 hoc,
1099 3361 1239 3432 quod
1263 3379 1347 3417 me
1371 3359 1654 3433 fugientem
1679 3377 1888 3418 servum
1911 3379 2065 3417 suum

494 3437 551 3502 et
578 3430 853 3502 rebellem,
880 3431 991 3502 sola
1019 3430 1484 3487 sua'miseratione
1522 3440 1786 3499 vocatum,
1814 3434 2065 3502 spiritua-

494 3499 1076 3573 liumAconsolationum
1109 3518 1213 3556 non
1251 3503 1463 3573 reliquit
1487 3512 1782 3572 expertem.
1826 3499 1881 3557 Si
1924 3506 2066 3558 enim

491 3569 756 3642 tentabar,
784 3568 874 3642 ille
900 3585 987 3625 me
1013 3568 1381 3637 sustentabat;
1411 3574 1453 3628 si
1482 3568 1831 3642 periclitabar,
1862 3574 1951 3629 ille
1980 3588 2067 3629 me

493 3639 761 3711 erigebat;
793 3641 837 3695 si
862 3641 1237 3710 contristabar,
1268 3643 1355 3697 ille
1380 3659 1466 3698 me
1484 3639 1863 3710 confortabat;
1896 3645 1939 3699 si
1969 3643 2068 3699 llu-

491 3712 761 3784 etuabam,
803 3711 891 3784 ille
929 3712 1208 3768 solidabat.
1248 3713 1468 3783 Quoties
1506 3730 1613 3784 pra:
1642 3715 1831 3770 timore
1855 3729 2065 3770 aresce-

491 3779 752 3855 bamhille
783 3783 899 3855 pius
912 3784 1227 3855 consolator
1264 3779 1469 3840 astabat
1489 3779 1740 3855 {quoties
1775 3786 2064 3840 testuabam

490 3864 603 3921 prae
632 3852 820 3908 timore
845 3894 859 3918 ,
888 3854 976 3909 ille
1006 3856 1137 3909 meis
1166 3868 1225 3909 se
1252 3852 1897 3911 visceribus'infundebat.
1940 3856 2069 3911 Per-

492 3920 665 3997 pendo
694 3924 853 3979 etiam
890 3925 1099 3994 quoties
1128 3925 1437 3997 psallentem
1476 3926 1561 3981 vel
1604 3927 1864 3997 legentem
1906 3928 2065 3996 spiri-

494 3992 709 4067 tualium
740 3992 1327 4067 mesensuumiumiue
1349 3992 1892 4067 illustrabatfquoties
1912 3992 2068 4052 oran-

492 4070 599 4117 tem
624 4063 684 4137 in
710 4064 974 4134 quoddam
1014 4065 1276 4120 ineli‘abile
1311 4066 1635 4122 desiderium
1666 4063 1746 4122 sui
1789 4068 2064 4137 rapiebat,

492 4133 959 4204 quotiesginentem
991 4151 1163 4189 meam
1190 4150 1219 4188 a
1251 4138 1473 4192 terrenis
1498 4133 1936 4204 subtractam,'ad
1958 4152 2069 4194 cm-

492 4200 657 4277 iestes
693 4202 911 4277 delicias
948 4214 1001 4259 et
1031 4205 1258 4273 paradisi
1294 4208 1626 4277 amoenitates
1654 4200 2063 4277 transportabat.

492 4269 668 4327 Taceo
709 4274 874 4328 multa
916 4285 970 4329 et
1012 4269 1199 4345 magna
1239 4276 1616 4331 misericordiae
1659 4292 1767 4331 suae
1801 4269 1941 4333 circa
1982 4293 2069 4334 me

492 4356 691 4416 Opera;
729 4358 795 4397 ne
830 4344 1026 4415 aliquid
1044 4344 1237 4416 gloria:
1257 4386 1272 4410 ,
1312 4362 1431 4416 qua:
1461 4355 1568 4401 tota
1593 4346 1708 4416 ejus
1732 4355 1815 4402 est
1835 4387 1848 4410 ,
1880 4348 1947 4402 ad
1982 4364 2068 4403 me

492 4414 732 4470 videatur
764 4414 1006 4471 transire.
1039 4414 1113 4471 Ita
1137 4417 1278 4471 enim
1304 4414 1593 4472 secundum
1624 4414 1897 4471 hominum
1920 4423 2065 4473 testi-

495 4486 785 4541 matiouem
814 4487 911 4542 sibi
937 4488 1209 4541 cohaerent
1245 4488 1412 4557 gratia
1439 4487 1612 4543 (Ιοιιιίε
1642 4496 1696 4541 et
1732 4487 1955 4543 felicitas
1980 4505 2068 4544 re-

492 4557 845 4629 cipientis,ut
872 4573 974 4612 non
1008 4559 1251 4614 laudetur
1281 4559 1452 4614 solum
1482 4560 1572 4629 qui
1602 4559 1747 4613 solus
1773 4559 2067 4615 laudandus

495 4637 658 4699 cisset,
690 4627 895 4699 scilicet
919 4630 1006 4699 ille
1034 4630 1122 4698 qui
1150 4629 1328 4692 dedit,
1361 4630 1452 4683 sed
1484 4627 1643 4684 etiam
1676 4629 1765 4684 ille
1792 4631 1877 4699 qui
1920 4646 2070 4687 rece-

494 4696 590 4770 pit.
618 4696 752 4770 Quid
790 4699 929 4753 enim
962 4696 1122 4754 habet
1164 4699 1356 4770 aliquis
1385 4700 1524 4770 quod
1568 4715 1672 4754 non
1700 4696 1939 4770 accepit?
1976 4710 2069 4756 aut

533 4767 584 4822 ui
599 4768 771 4844 gratis
786 4771 1017 4844 accepit,
1044 4783 1206 4839 quare
1231 4767 1478 4844 laudatur
1501 4771 1652 4844 quasi
1678 4767 2067 4844 promeruerit'!

542 4837 762 4916 ibi'ergo
786 4837 938 4916 laus;
955 4837 1096 4916 Deus
1121 4853 1291 4908 meus,
1318 4846 1374 4916 et
1398 4839 1571 4916 gloria
1595 4837 1734 4916 mea,
1762 4840 1853 4899 tibi
1882 4841 2071 4916 gratia-

491 4928 609 4986 rum
636 4912 776 4986 actio
804 4931 817 4967 :
850 4913 980 4970 mihi
1002 4923 1181 4986 autem
1210 4912 1450 4986 confusio
1476 4912 1627 4970 faciei
1668 4929 1835 4982 mete,
1871 4912 1960 4986 qui
1993 4922 2071 4971 tot

493 4983 630 5055 maia
654 4983 774 5055 ieci,
809 4995 864 5041 et
894 4994 970 5039 tot
1000 4984 1135 5039 bona
1162 4984 1359 5055 recepi.

566 5052 699 5109 Vide
724 5069 871 5124 ergo,
894 5069 927 5110 ο
947 5056 1121 5108 anima
1152 5052 1302 5116 mea,
1338 5053 1458 5123 quia
1491 5054 1709 5111 multum
1738 5054 2072 5110 commendat

492 5120 924 5191 bonitatem'Dei,
955 5140 1057 5196 nou
1090 5125 1260 5180 solum
1292 5120 1507 5194 largitas
1530 5140 1645 5190 sua,
1674 5124 1769 5181 sed
1795 5134 1849 5180 et
1878 5126 2072 5196 iniqui-

494 5202 575 5266 tas
604 5204 805 5266 nostra.
835 5196 887 5249 Si
928 5194 1068 5248 enim
1107 5210 1354 5265 maguum
1384 5206 1467 5250 est
1493 5196 1622 5252 nihil
1648 5194 2073 5266 promerenti‘bus

494 5264 802 5336 impendere
842 5266 1027 5330 multa,
1075 5264 1232 5335 quale
1267 5275 1588 5336 quantumve
1633 5264 1735 5321 erit
1780 5268 2074 5324 retribuere

494 5335 632 5409 bona
675 5334 1103 5406 prumerentibus
1140 5334 1313 5409 mala?
1355 5334 1400 5391 Ο
1444 5346 1637 5409 quanta
1688 5337 1875 5407 pietas,
1916 5353 2075 5409 quam

494 5407 637 5479 nulla
659 5416 849 5479 potest
876 5422 1127 5479 superare
1157 5408 1431 5479 impietas!
1466 5408 1580 5462 Alia
1606 5416 1751 5479 sunt
1777 5425 1892 5479 qua:
1918 5407 2075 5464 mise-

496 5475 777 5549 i‘ieorditcr
819 5475 959 5533 Deus
1003 5475 1246 5547 ignoscit,
1284 5478 1384 5532 alia
1415 5494 1534 5549 qum
1564 5475 1842 5534 affluenter
1871 5480 2073 5535 tribuit.

494 5542 724 5615 ignoscit
752 5548 889 5602 mala
917 5542 1119 5617 nostra,
1140 5542 1361 5619 largitur
1385 5542 1524 5604 bona
1547 5564 1642 5604 sua
1668 5567 1679 5602 :
1704 5564 1916 5620 seniper
1940 5565 2078 5621 pra:-

497 5677 912 5790 άὴςαὶϐιιοιιηπᾱη
949 5682 1109 5735 medii.
1144 5696 1251 5748 cap.
1283 5684 1359 5749 15,
1385 5697 1433 5737 ιι.
1460 5682 1511 5748 ϐ,
1551 5692 1605 5740 et
1647 5697 1713 5740 ex
1752 5683 1964 5742 Auselmi
1986 5692 2080 5741 Me.

1938 298 2304 360 APPENDIX.

2172 421 2256 496 sto
2298 412 2366 469 ad
2393 412 2819 496 nignoscendumd
2871 420 3087 496 paratus
3137 424 3351 496 semper
3399 416 3485 496 ad_
3518 416 3761 496 lsi-gica.

2169 484 2296 561 dum
2330 502 2345 538 :
2393 482 2515 561 hinc
2549 484 2701 561 pius‘,
2747 482 2887 561 hinc
2915 484 3124 554 largus;
3156 482 3453 561 utrubique
3471 482 3754 561 benignus,

2170 555 2364 631 ubique
2410 554 2599 608 bonus.
2649 553 3015 631 Dontiteamur
3057 568 3185 631 ergo
3231 556 3307 631 illi
3352 553 3490 613 inala
3537 553 3755 631 nostra;

2170 623 2521 679 coniiteamur
2567 632 2621 677 et
2668 623 2802 677 bona
2852 633 3054 678 nostra.
3108 623 3471 683 Conﬂteamur
3518 642 3549 683 a
3600 623 3759 687 nobis

2171 694 2527 765 malanostra
2573 707 2725 758 esse,
2759 702 2813 748 ut
2850 694 2936 765 pie
2982 695 3217 765 ignoscat
3247 714 3262 748 :
3303 698 3659 755 conliteamnr
3688 703 3760 759 ab

2171 764 2287 840 ipso
2321 764 2456 840 boua
2498 772 2687 837 nostra
2720 777 2874 829 esse,
2905 774 2963 817 ut
3005 764 3288 840 conservet
3311 777 3363 822 et
3403 778 3611 840 augeat.
3645 770 3762 828 Hoc

2174 834 2334 905 igitur
2403 834 2729 910 incessanter
2793 848 3010 910 agamus
3039 876 3053 900 ,
3089 850 3189 910 _ne_
3243 838 3431 907 ingrati
3475 834 3759 910 'apparea-

2174 904 2313 980 girus,
2343 905 2427 980 vel
2467 904 2532 959 de
2583 904 2785 958 indulta
2811 905 2986 980 uenia,
3021 906 3102 980 vel
3158 907 3226 980 de
3271 904 3755 980 concessa'gratia.

2171 974 2578 1047 Hmctinquam,
2607 983 2737 1047 agat
2753 976 2841 1043 qui
2868 990 2926 1029 se
2950 975 3121 1031 credit
3140 978 3224 1032 vel
3241 978 3387 1047 cupit
3408 993 3528 1034 esse
3552 974 3759 1037 amato-

2171 1060 2283 1100 rem
2315 1045 2427 1118 Dei.
2460 1045 2627 1118 Verus
2656 1046 2803 1118 enim
2828 1059 3242 1118 amorisemper
3284 1045 3587 1105 cunﬂtetur.
3615 1050 3755 1117 Quid

2172 1130 2298 1185 ergo
2329 1115 2443 1189 haec
2485 1114 2661 1189 omuia
2706 1113 2906 1189 faciunt
2947 1113 3234 1189 diligenter
3273 1113 3754 1189 consideratafnisi

2173 1195 2229 1239 ut
2250 1185 2635 1257 considerantis
2664 1185 2995 1257 anuiimumAab
3020 1185 3163 1242 omni
3196 1189 3404 1257 penitus
3422 1185 3744 1247 abstractum

2170 1269 2369 1329 amore,
2400 1255 2464 1309 ad
2478 1255 2658 1329 Deum
2690 1254 3010 1329 diligendum
3051 1260 3145 1329 qui
3171 1254 3285 1329 hinc
3309 1260 3552 1329 contulit,
3582 1262 3748 1317 mira-

2172 1324 2353 1400 biliter
2380 1325 2605 1400 rapiani,
2639 1324 2989 1400 uehementer
3013 1324 3282 1400 ai‘iieiant?
3323 1328 3381 1400 Si
3401 1324 3547 1400 quis
3573 1341 3750 1388 autem

2174 1409 2277 1466 non
2306 1396 2419 1449 hcce
2447 1395 2786 1466 omniaibona
2821 1410 2852 1450 a
2881 1396 2990 1451 Deo
3015 1397 3114 1452 sibi
3138 1398 3284 1453 videt
3307 1395 3523 1466 collata,
3544 1410 3600 1456 et
3627 1402 3749 1458 ideo

2174 1464 2321 1538 illum
2367 1479 2550 1535 parum
2595 1463 2816 1538 diligere
2854 1479 2975 1538 noni
2999 1475 3241 1538 veretur;
3282 1469 3416 1524 sciat
3456 1463 3556 1538 pro
3601 1481 3753 1528 certo

2174 1534 2313 1608 quod
2340 1550 2498 1608 nemo
2534 1543 2614 1589 est
2655 1534 2743 1608 qui
2791 1550 2897 1608 non
2939 1534 3124 1608 faciie,
3172 1539 3218 1593 si
3264 1534 3475 1608 quan-it,
3518 1542 3754 1598 inveniat

2175 1604 2316 1679 unde
2351 1604 3017 1679 plurimumsitobnuxius
3046 1607 3176 1679 Deo,
3208 1604 3351 1663 unde
3378 1610 3502 1665 totis
3526 1611 3746 1679 viribus,

2174 1675 2301 1729 totis
2329 1674 2507 1729 cordis
2532 1673 2777 1730 medullis
2797 1674 3038 1742 diligere,
3062 1677 3202 1732 unde
3224 1679 3383 1733 etiam
3404 1673 3751 1736 eteontinuas

2210 1692 2301 1729 ηις
2329 1692 2507 1729 comis
2532 1692 2777 1730 meuuuis
2797 1692 2889 1730 um
2926 1692 3038 1742 ere,
3062 1692 3202 1732 unae
3224 1692 3383 1733 etiam
3404 1692 3751 1736 eteontinuas

2210 1747 2369 1828 ratius
2401 1744 2605 1827 referre
2637 1745 2847 1828 debeat.
2877 1692 2971 1800 ιῗιθ
2999 1761 3126 1828 ergo
3156 1749 3242 1828 cui
3266 1750 3440 1828 aliqua
3474 1750 3751 1806 bona‘sa-

2199 1818 2269 1869 uti
2298 1816 2593 1869 necessaria
2620 1815 2830 1882 desunt,
2858 1829 2959 1871 nec
2999 1815 3044 1869 si
3069 1815 3268 1873 contra
3302 1815 3468 1873 Deum
3506 1835 3747 1876 murmu-

2173 1892 2276 1960 ret,
2302 1900 2400 1940 nec
2424 1900 2543 1960 eum
2568 1895 2812 1960 aecusei:
2832 1885 2954 1955 quia
2979 1888 3476 1960 omniaicertgissima
3495 1898 3549 1945 et
3564 1891 3753 1960 justis-

2174 1954 2307 2009 sima
2348 1955 2553 2028 ratione
2594 1953 2717 2028 facit
2762 1953 2920 2028 Deus,
2959 1958 3048 2027 qui
3091 1959 3177 2012 cui
3213 1959 3329 2014 vult
3369 1953 3671 2028 misereiur,
3695 1970 3753 2018 et

2214 2040 2331 2080 nem
2377 2026 2491 2080 vult
2538 2025 2747 2100 indurat
2770 2024 2944 2100 (Rem.
2976 2024 3064 2100 ix,
3114 2028 3228 2100 18),
3258 2028 3430 2100 quiet
3456 2024 3754 2099 potens'est

2214 2111 2313 2149 una
2339 2109 2431 2149 sua
2465 2109 2584 2150 cum
2615 2096 3150 2163 voluerit’conferre,
3175 2096 3230 2153 et
3271 2096 3470 2154 collata
3502 2115 3624 2158 cum
3650 2116 3748 2157 vo-

2173 2164 2330 2237 iuerit
2355 2165 2581 2220 auferre.
2614 2166 2799 2237 Doleat
2825 2180 2953 2237 ergo
2983 2168 3073 2237 qui
3102 2168 3217 2224 haec
3245 2184 3349 2223 non
3377 2169 3553 2234 habet,
3583 2180 3634 2226 et
3665 2172 3750 2226 ia-

2176 2234 2327 2290 boret
2351 2247 2404 2291 et
2428 2244 2546 2311 oret
2574 2244 2631 2291 ut
2660 2236 2849 2293 habeat
2874 2234 3015 2307 {pro
3034 2241 3268 2311 acceptis
3289 2254 3419 2295 vero
3450 2240 3601 2297 bonis
3633 2242 3751 2299 Deo

2210 2316 2353 2359 ratus
2379 2307 2591 2361 existat.
3165 2307 3179 2311 ⁷
3594 2320 3609 2329 ’

2172 2320 2353 2376 gratus
2379 2320 2591 2361 existat.
3594 2320 3609 2329 -

2242 2374 2480 2451 (ΞΑΡυΤΔ
2505 2375 2643 2451 X_Vl.
2663 2375 3037 2451 Deubeneﬁcio
3070 2380 3443 2451 redemptionis.
3477 2380 3622 2437 Bona
3648 2391 3751 2438 ter-

2174 2462 2295 2519 rena
2319 2456 2364 2500 et
2388 2447 2622 2519 caelestia.
2654 2445 2726 2519 (a)
2748 2445 2931 2519 Magna
2973 2448 3129 2517 igitur
3162 2458 3217 2505 et
3242 2445 3437 2519 multa,
3472 2452 3578 2507 imo
3603 2462 3750 2511 certe

2174 2516 2578 2588 innumerabilia
2610 2516 2750 2583 sunt,
2784 2516 2903 2588 qua:
2931 2516 3090 2584 mihi,
3123 2520 3343 2576 Domine
3369 2516 3527 2586 Deus,
3557 2534 3749 2579 contu-

2177 2586 2282 2641 iisti
2312 2586 2601 2664 beneficia;
2648 2601 2745 2664 pro
2772 2586 2961 2664 quibus
2998 2591 3192 2664 merito
3221 2592 3671 2664 miliidiligendus
3695 2602 3750 2648 et

2174 2671 2387 2729 semper
2406 2670 2463 2729 es
2482 2656 2951 2729 laudandusJQuid
2970 2660 3111 2714 enim
3136 2661 3257 2715 boni
3279 2661 3451 2717 habeo
3464 2656 3547 2717 ie!
3569 2664 3745 2729 habui,

2175 2727 2258 2781 vel
2301 2726 2571 2783 habiturus
2599 2742 2716 2800 sum
2739 2728 2926 2800 ,Aquod
2963 2744 2995 2784 a
3023 2738 3073 2785 te
3098 2746 3306 2786 summo
3334 2733 3474 2788 bono
3513 2748 3615 2788 non
3641 2726 3743 2800 est,

2175 2810 2203 2849 a
2244 2810 2535 2868 quoomne
2578 2797 2717 2864 quod
2756 2797 2954 2853 bunum
2996 2809 3112 2864 est,
3143 2811 3198 2856 et
3243 2801 3467 2868 dicitur,
3496 2811 3552 2858 et
3589 2797 3746 2859 etiam

2174 2866 2453 2941 procedit?
2482 2866 2651 2921 Unum
2673 2877 2848 2922 autem
2874 2878 2955 2924 est
2979 2871 3119 2940 quod
3145 2886 3230 2926 me
3254 2872 3372 2941 plus
3401 2866 3482 2927 his
3505 2874 3748 2929 omnibus

2175 2935 2418 3013 accendit
2437 2976 2451 3001 ,
2480 2946 2664 3007 urget,
2692 2948 2911 3013 movet,
2944 2935 3013 2994 et'
3036 2935 3309 3013 promovet
3337 2942 3403 2997 ad
3445 2952 3497 2998 te
3523 2944 3748 3013 diligen-

2175 3007 2300 3078 dum
2333 3025 2347 3061 :
2377 3021 2537 3077 super
2559 3009 2737 3078 omnia
2759 3050 2772 3073 ,
2806 3007 3052 3078 inquam,
3074 3012 3356 3067 amabilem
3386 3021 3439 3068 te
3467 3015 3595 3068 mihi
3618 3007 3748 3068 bed-

2176 3076 2286 3145 dit,
2320 3092 2351 3131 o
2383 3076 2518 3149 hunc
2549 3077 2705 3143 Jcsu,
2747 3076 3247 3149 ignominiosissima
3289 3092 3344 3137 et
3381 3098 3562 3138 amara
3605 3099 3751 3139 mors

2176 3161 2333 3224 quam
2381 3148 2711 3224 sustinuisti,
2760 3148 2893 3224 Opus
2941 3158 3137 3206 nostra:
3189 3152 3593 3224 redenmtionis.
3638 3154 3750 3210 Hoc

2176 3218 2346 3270 solum
2389 3220 2606 3273 omnino
2635 3218 2811 3273 totam'
2828 3221 2989 3274 vitam
3017 3230 3253 3276 nostram
3275 3264 3288 3286 ,
3319 3218 3487 3278 toium
3514 3225 3749 3280 laborem

2176 3298 2415 3342 nostrum
2437 3328 2451 3353 ,
2486 3288 3259 3372 totum._obsequiuui_nostrum
3279 3336 3295 3360 ,
3331 3309 3566 3372 amorem
3594 3296 3751 3351 deni-

2176 3373 2278 3426 quo
2305 3366 2541 3435 nostrum
2569 3358 2721 3435 facile
2747 3358 2846 3414 sibi
2870 3360 3105 3417 vindicat
3132 3358 3296 3418 totum
3323 3381 3338 3435 ς
3368 3365 3489 3430 hoc,
3514 3366 3747 3435 inquam,

2175 3437 2258 3481 est
2295 3429 2434 3499 quod
2483 3430 2817 3499 devotionem
2850 3440 3085 3485 nostram
3125 3442 3180 3487 et
3220 3434 3417 3489 excitat
3444 3429 3662 3499 melius,
3695 3429 3751 3491 et

2175 3498 2341 3576 nutrit
2370 3498 2618 3576 suavius,
2648 3508 2884 3576 et_auget
2924 3502 3171 3576 amplius.
3217 3504 3436 3559 Multum
3475 3498 3669 3576 quippe
3697 3507 3751 3561 in

2176 3566 2277 3622 hoc
2307 3582 2467 3640 opere
2494 3566 2960 3640 labomvitauctor
2988 3566 3190 3640 mundi,
3214 3589 3313 3630 nee
3339 3575 3391 3628 in
3418 3566 3753 3631 omni-fabri-

2176 3650 2258 3711 ca!
2281 3638 2700 3711 munditantam
2741 3639 3100 3711 fatigationem
3147 3638 3415 3700 sustinuit.
3449 3645 3526 3702 De
3553 3648 3752 3702 mundo

2175 3709 2315 3790 enim
2363 3717 2417 3763 et
2454 3709 2631 3790 dehis
2659 3725 2777 3790 quae
2809 3709 2863 3765 in
2904 3710 3103 3767 mundo
3125 3724 3295 3790 sunt,
3328 3715 3490 3782 dixit,
3529 3726 3579 3790 ei
3602 3722 3753 3790 facta

2174 3788 2292 3831 sunt
2308 3796 2328 3845 ;
2372 3779 2663 3859 mandauit,
2704 3788 2750 3859 ei
2776 3791 2944 3834 creata
2973 3792 3089 3859 sunt
3118 3782 3307 3859 (Paul.
3334 3779 3489 3859 ιιιιί
3509 3829 3522 3849 ,
3552 3779 3626 3859 θγ
3656 3806 3669 3841 :
3697 3796 3754 3842 at

2174 3862 2304 3927 ver_o
2346 3864 2443 3920 pro
2491 3849 2859 3927 redemptione
2886 3849 3136 3927 generis
3168 3854 3381 3927 humani
3431 3849 3651 3927 magnos
3697 3865 3757 3915 et

2176 3919 2371 3989 inultos
2415 3928 2469 3974 et
2514 3919 2791 3975 diuturnos
2832 3919 3042 3978 labores
3088 3923 3373 3989 sustinuit,
3418 3935 3472 3981 et
3516 3919 3753 3983 dolores.

2176 3988 2313 4066 Ecce
2341 3990 2607 4066 quomodo
2634 4004 2730 4066 nos
2759 3990 2973 4066 dilexit,
3006 3994 3277 4066 quinulla
3307 3988 3389 4051 sui
3415 3998 3752 4066 necessitate,

2176 4006 2313 4044 nece
2341 4006 2607 4113 quomoao
2634 4006 2730 4046 nos
2759 4006 2973 4057 attexu,
3006 4008 3093 4064 qtu
3133 4006 3277 4049 nulla
3307 4006 3389 4051 sui
3415 4006 3752 4066 necessitate,

2175 4058 2269 4138 sed
2294 4076 2404 4138 so__a
2449 4068 2629 4138 nostra
2657 4060 2915 4138 charitate
2954 4072 3057 4138 tam
3087 4063 3218 4119 dura
3247 4074 3302 4120 et
3346 4066 3559 4138 indigna
3585 4070 3752 4124 susti-

2173 4133 2307 4184 nuit.
2340 4130 2527 4185 Merito
2572 4146 2701 4199 ergo
2729 4130 2951 4187 dixerim
2995 4133 3096 4188 hoc
3136 4150 3300 4190 unum
3344 4130 3594 4193 omnibus
3634 4138 3756 4196 aliis

2174 4201 2742 4281 praestarebeneficiis.
2769 4203 2977 4281 Quippe
2998 4218 3118 4259 cum
3137 4220 3393 4281 magnum
3419 4207 3489 4263 sit
3517 4208 3752 4281 aliquem

2173 4282 2268 4325 sua
2314 4272 2477 4348 gratis
2524 4271 2680 4348 alicui
2731 4271 2992 4348 conferie,
3044 4274 3211 4330 multo
3236 4271 3430 4348 'majus
3473 4271 3625 4334 certe
3663 4287 3755 4339 est

2174 4342 2516 4418 semetipsum
2550 4342 2875 4418 impendere.
2907 4344 2970 4398 Et
2998 4358 3123 4418 cum
3149 4342 3359 4418 magnai
3379 4348 3653 4407 charitatis
3677 4352 3756 4409 sit

2172 4412 2403 4488 animum
2449 4427 2543 4481 pro
2585 4412 2769 4488 ainicis
2811 4413 3185 4488 dare_,_mul_to
3225 4412 3441 4488 majoris
3474 4418 3759 4480 charitatis

2174 4480 2427 4561 indicium
2451 4480 2785 4561 estanimam
2801 4499 2908 4561 pro
2937 4480 3404 4561 inimicis‘ponere,
3423 4490 3567 4561 quod
3587 4490 3759 4561 Eilius

2175 4550 2271 4607 Dei
2304 4553 2578 4629 pr9__no_bis
2620 4553 2761 4608 fecit.
2799 4547 2930 4609 Nam
2960 4569 3081 4610 cum
3111 4547 3311 4629 inimici
3350 4547 3589 4617 essemus
3612 4547 3755 4629 Deo,

2175 4622 2500 4705 reconciliati
2540 4637 2721 4705 sumus
2749 4638 2849 4705 per
2891 4633 3118 4705 mortem
3148 4625 3270 4685 Filii
3294 4631 3429 4703 ejus.
3450 4630 3552 4705 Yix
3574 4622 3760 4705 autem

2176 4706 2272 4762 pro
2299 4694 2457 4774 justo
2480 4694 2617 4774 quis
2653 4694 2916 4774 moritur,
2947 4699 3062 4774 ipse
3104 4710 3282 4756 autem
3322 4694 3422 4774 pro
3464 4701 3641 4774 impiis
3673 4712 3762 4760 est

2173 4770 2436 4838 mortuus,
2473 4764 2647 4838 justus
2678 4781 2775 4836 pro
2816 4764 3044 4838 injustis,
3092 4778 3151 4825 ut
3188 4786 3289 4826 nos
3325 4764 3556 4828 'oﬁ‘erret'
3593 4772 3706 4830 Deo
3737 4789 3755 4828 :

2176 4834 2328 4891 exsul
2356 4850 2385 4912 a
2413 4834 2762 4912 melisiacius
2783 4879 2797 4903 ,
2826 4834 2886 4894 ui
2914 4855 3010 4894 nos
3035 4851 3334 4912 reportaret
3370 4842 3441 4898 ad
3480 4843 3665 4900 eteius.
3709 4841 3759 4901 0

2176 4919 2335 4974 quam
2363 4905 2643 4962 inellabiiis
2667 4910 2853 4975 pietas,
2883 4926 3039 4975 quam
3069 4905 3352 4967 ineil‘abilis
3377 4912 3608 4968 dulcedo
3632 4913 3763 4969 eba-

2176 4975 2367 5052 ritatis,
2395 4991 2554 5052 quam
2588 4978 3110 5052 stupendadignatio
3137 4982 3414 5038 charitatis
3441 4982 3559 5048 fuit,
3590 4982 3761 5040 Deum

2176 5060 2275 5136 pre
2302 5046 2806 5136 honiinelioiniuein
2834 5046 2967 5115 ﬂeri,
2992 5052 3159 5108 Deum
3176 5067 3277 5136 pro
3302 5046 3760 5136 homine-caruerit

2125 5138 2133 5145 κ
2178 5116 2358 5193 iudui,
2394 5118 2563 5186 mori,
2607 5128 2862 5193 tentatum
2906 5136 3003 5191 per
3045 5116 3221 5179 omnia
3265 5137 3364 5193 pro
3410 5123 3763 5181 similitudine

2177 5187 2377 5265 alisque
2405 5189 2663 5265 peecatu!
2715 5191 2851 5265 Ecce
2878 5187 3001 5247 eum
3044 5202 3245 5265 quanto
3269 5187 3450 5265 pretio
3496 5202 3765 5265 quantove

2180 5256 2363 5315 labore
2405 5256 2951 5336 i'edimebaturhomo
2971 5304 2985 5328 ,
3028 5256 3116 5336 qui
3145 5256 3359 5336 diabolo
3382 5256 3765 5335 jure'debeba-

2181 5336 2267 5383 tur
2294 5346 2307 5382 :
2337 5330 2429 5401 qui
2473 5331 2517 5385 si
2548 5346 2653 5385 non
2693 5330 3074 5401 redimeretur,
3103 5336 3219 5390 sine
3242 5330 3408 5391 dubio
3444 5336 3766 5393 teternaiiter

2182 5412 2302 5480 cum
2329 5400 2540 5456 diabolo
2565 5400 3086 5480 damnaretur._iirec
3113 5406 3233 5480 ideo
3256 5405 3388 5473 dixi,
3415 5415 3475 5463 ut
3502 5406 3767 5480 intelligat

2182 5466 2344 5526 homo
2372 5481 2627 5542 quantum
2655 5470 2844 5528 debeat
2881 5472 3102 5546 diligere
3130 5476 3339 5546 Deum;
3375 5466 3635 5550 quantum
3662 5466 3763 5551 ᾖ·

2247 5625 2265 5690 ξ
2299 5632 2427 5676 Unus
2449 5640 2479 5677 e
2499 5633 2601 5676 Mss.
2627 5633 2763 5690 neg.,
2788 5632 2920 5678 tanta
2943 5626 3080 5680 bona.

2248 5688 2269 5748 ε
2302 5662 2429 5737 ὗῐὲ
2450 5662 2799 5748 {enimid

2249 5746 2325 5815 (a)
2348 5746 2560 5819 Imitatur
2582 5750 2807 5806 Bernard.
2832 5764 2979 5809 serui.
3005 5752 3065 5807 ω
3087 5754 3137 5810 in
3152 5759 3306 5820 Cant,
3329 5767 3382 5810 n.
3404 5752 3453 5807 2.
