4134 6200
437 396 536 456 861

433 512 650 579 tienter,
702 511 813 568 imo
854 511 1101 580 libenter,
1144 522 1252 569 non
1297 510 1470 567 solum
1516 517 1691 565 autem
1740 508 1862 580 hoc,
1915 504 2009 561 sed

437 585 599 655 etiam
637 578 886 640 ardenter
913 600 1012 655 pro
1038 578 1131 639 illo
1158 583 1418 655 sustinere
1448 582 1654 655 labores
1692 587 1751 655 et
1774 578 2008 655 dolores,

438 654 530 724 qui
557 668 655 723 pro
691 668 751 708 se
790 649 935 710 tanta
962 669 1024 710 ac
1051 655 1176 711 talia
1199 654 1467 709 sustinuit.
1513 650 1617 705 Per
1644 650 1829 704 milites
1857 649 2011 724 enim

440 719 786 780 tribulatione:
831 734 1026 794 oportet
1065 740 1158 779 nos
1204 726 1388 777 intrare
1426 724 1479 777 in
1524 736 1734 794 regnum
1774 719 2015 774 caelorum

442 795 738 872 (_Act._xtv_,
765 794 831 850 91
858 793 897 864 ).
942 796 1308 872 Amplectamur
1354 794 1527 872 igitur_
1557 803 1608 872 te
1641 793 2008 872 animum,

442 860 665 919 Domine
692 864 837 929 Jcsu,
858 860 1208 929 crucifixum,
1241 860 1415 919 suma't
1454 864 1527 918 tui
1568 860 1856 917 dulcissimi
1886 872 2012 929 sau-

442 935 618 1006 guinis
666 934 911 991 haustum
967 953 980 990 :
1036 928 1259 1006 occupet
1311 934 1627 1006 memoriam
1671 943 1848 1006 meam
1902 928 2017 986 haec

442 1000 620 1059 suavis
663 1006 957 1069 meditatio,
997 1022 1067 1061 ne
1106 1000 1187 1062 δι’
1213 1014 1325 1059 toto
1365 1018 1482 1059 eam
1526 1001 1720 1057 oblivio
1745 1000 2013 1055 obscuret.

442 1074 683 1130 Judioem
704 1092 790 1131 me
819 1077 946 1131 nihil
973 1078 1128 1138 scire.
1154 1077 1255 1131 nisi
1280 1074 1461 1131 Iesum
1483 1073 1773 1135 Christum,
1796 1078 1853 1126 et
1876 1070 2016 1125 hunc

442 1145 787 1213 cruciﬁxum;
828 1163 896 1203 ne
931 1148 1206 1203 scientiam
1235 1159 1407 1199 meam
1432 1157 1462 1198 a
1491 1143 1753 1198 soliditate
1778 1141 1900 1196 ﬁdei
1926 1156 2017 1195 va-

445 1230 547 1270 nus
596 1231 748 1271 error
795 1217 1022 1273 abducat
1071 1235 1085 1272 :
1130 1216 1360 1271 vindicet
1409 1213 1509 1269 sibi
1561 1219 1732 1268 totum
1776 1224 2017 1267 amorem

446 1300 623 1341 meum
671 1286 786 1340 haec
832 1296 919 1341 tua
968 1287 1099 1342 mira
1148 1286 1403 1350 dilectio;
1454 1297 1522 1339 ne
1566 1283 1713 1339 illum
1758 1281 2018 1353 cupiditas

446 1355 731 1410 mundialis
769 1357 1069 1413 absorbent.
1103 1357 1330 1412 Mentem
1358 1355 1499 1411 enim
1529 1367 1686 1423 quam
1728 1352 1864 1417 tute,
1910 1352 2018 1406 Do-

447 1425 614 1491 mine,
645 1426 870 1481 dulcedo
898 1428 1169 1482 charitatis
1197 1425 1574 1493 compleverit,
1601 1437 1707 1479 non
1739 1423 1897 1478 timor
1920 1436 2019 1476 an-

447 1503 643 1565 gustat,
676 1508 779 1550 non
806 1497 967 1553 libido
996 1498 1365 1561 commaculat,
1398 1507 1507 1550 non
1536 1494 1614 1549 ira
1642 1494 1886 1565 dilaniat,
1913 1504 2019 1547 non

452 1563 699 1635 superbia
726 1567 924 1631 elevat,
956 1582 1059 1622 non
1097 1566 1408 1622 cenodoxize
1436 1565 1605 1619 inanis
1652 1563 1827 1635 fumus
1849 1576 2019 1635 even-

449 1633 584 1699 tilat,
631 1650 735 1691 non
781 1639 1011 1706 exagitat
1053 1636 1231 1701 furor,
1279 1651 1384 1691 non
1430 1634 1677 1706 stimulus
1718 1633 2023 1706 ambitionis

449 1708 726 1771 eviscerat,
754 1721 861 1761 non
886 1704 1104 1762 avaritia
1129 1708 1414 1773 contrahit,
1444 1720 1549 1759 non
1577 1704 1759 1774 dejicit
1789 1704 2020 1769 tristitia,

449 1790 556 1830 non
589 1777 780 1831 invidia
825 1778 1074 1833 tabefaclt
1116 1795 1130 1831 :
1172 1780 1373 1833 nullum
1419 1775 1647 1844 denique
1676 1774 1856 1844 vitium
1902 1787 2021 1828 eam

432 1848 776 1916 ~corrumpit,
806 1847 933 1903 dum
963 1849 1014 1902 in
1040 1848 1225 1905 eadem
1254 1846 1535 1902 dulcedine
1562 1842 1856 1916 immobilis
1896 1858 2022 1913 per-

454 1916 612 1988 sistit.
634 1915 733 1983 Qni
760 1933 888 1987 ergo
912 1920 1023 1973 suis
1047 1927 1189 1972 tanta
1215 1925 1433 1988 pnestat
1455 1917 1508 1970 in
1535 1915 1805 1988 praesenti,
1828 1921 2025 1984 quanta

456 1986 560 2041 illis
589 1995 764 2043 servat
794 1986 846 2042 in
878 1988 1092 2043 futuro?
1132 1986 1261 2053 Quae
1289 1987 1381 2041 dat
1422 1988 1475 2041 in
1508 1986 1753 2055 praesenti
1773 2026 1788 2049 ,
1822 1992 2028 2053 tempo-

458 2057 588 2127 ralia
613 2065 737 2111 sum
765 2074 778 2109 :
807 2072 927 2127 qua:
955 2069 1130 2113 autem
1162 2059 1215 2111 in
1244 2057 1420 2112 futuro
1443 2056 1658 2127 sarculo
1683 2070 1742 2110 se
1768 2055 2029 2127 promittit

459 2126 600 2181 Deus
629 2127 739 2182 suis
765 2124 1033 2194 daturum,
1065 2136 1262 2183 :eterna
1288 2136 1433 2192 sunt,
1459 2135 1513 2181 et
1538 2124 1691 2181 bonis
1722 2126 2027 2195 temporali-

458 2196 556 2251 bus
588 2197 1070 2264 incomparabiliter
1094 2198 1338 2255 meliora.
1366 2196 1697 2264 Temporalia
1724 2196 1865 2251 enim
1891 2195 2029 2249 bona

458 2265 675 2321 difficile
708 2270 1083 2338 acquiruntur,
1114 2277 1169 2323 et
1204 2267 1460 2337 acquisita
1502 2264 1657 2338 iacile
1680 2264 2027 2338 dilabuntur:

458 2344 513 2390 et
550 2352 667 2407 quae
704 2333 864 2392 etiam
907 2337 1085 2394 habita
1129 2333 1300 2402 sunt,'
1326 2352 1447 2393 cum
1490 2335 1636 2407 gravi
1677 2333 2033 2407 sollicitudine

458 2406 862 2471 custodiuntur,
893 2417 947 2463 et
979 2424 1098 2464 cum
1129 2408 1315 2463 dolore
1357 2406 1670 2462 emittuntur
1690 2447 1703 2469 ,
1742 2413 1797 2461 et
1836 2406 2031 2461 amissa

459 2491 581 2549 cum
607 2478 753 2546 gravi
782 2478 966 2535 labore
1003 2485 1401 2549 recuperantur.
1432 2477 1624 2549 Futuri
1645 2484 1822 2531 autem
1851 2476 2030 2531 saeculi

460 2546 889 2618 bouainunquam
909 2546 1244 2615 amittuniur,
1270 2563 1535 2617 nunquam
1557 2547 1887 2618 minuuntur,
1910 2556 2033 2600 cum

460 2616 652 2689 gaudio
680 2627 733 2689 et
751 2616 935 2688 quiete
960 2619 1321 2689 possidentur,
1345 2616 1557 2689 semper
1581 2617 1862 2689 habentur,
1890 2631 2035 2672 sem-

460 2694 563 2756 per
580 2685 975 2759 desiderantur,
993 2696 1047 2744 et
1075 2700 1342 2759 nunquam
1370 2685 1723 2759 fastidiuntur.
1755 2685 1885 2754 Quae
1910 2700 2033 2740 cum

463 2758 776 2829 semel‘quis
800 2760 1086 2829 acceperit,
1114 2761 1184 2814 ita
1217 2772 1434 2816 securus
1458 2758 1651 2829 critica
1675 2769 1735 2811 se
1761 2766 2033 2826 nunquam

462 2827 782 2952 arillssurum
802 2870 817 2893 ,
845 2827 982 2885 sicut
1008 2840 1187 2886 certus
1211 2839 1293 2885 est
1319 2829 1405 2884 vel
1431 2829 1533 2883 erit
1558 2828 1648 2883 illa
1672 2840 1734 2883 se
1761 2842 2033 2897 nunquam

464 2911 528 2951 ve
568 2913 599 2952 e
626 2907 888 2952 amittere.

464 2907 599 2953 velle
626 2907 888 2954 amittere.

534 2968 760 3025 CAPUT
797 2962 958 3025 XVII.
1011 2964 1267 3025 Promissa
1305 2962 1417 3024 Dei.
1460 2964 1540 3022 Ea
1579 2966 1789 3021 nimium
1833 2964 2033 3021 deside-

464 3039 569 3118 rari
610 3056 718 3118 non
761 3049 988 3118 possunt.
1022 3041 1188 3118 Valde
1229 3041 1389 3110 igitur
1427 3037 1727 3118 diligendus
1769 3044 1852 3118 est
1895 3036 2036 3118 Deus

456 3108 520 3163 in
551 3105 827 3181 promissis
851 3113 996 3166 suis:
1024 3112 1115 3181 qui
1140 3105 1329 3180 mag'na
1353 3110 1506 3165 nobis
1528 3105 1694 3181 dedit,
1715 3105 1809 3161 sed
1835 3105 2036 3181 majora

468 3177 729 3248 promisit.
770 3181 1021 3237 Promisit
1044 3177 1209 3237 'nobis
1232 3177 1265 3235 2.
1295 3181 1476 3236 labore
1502 3179 1739 3249 requiem
1759 3216 1775 3242 ,
1806 3190 1838 3230 a
1865 3177 2036 3231 servi-

468 3255 579 3304 tute
620 3250 916 3306 libertatem
942 3295 957 3319 ,
1003 3268 1033 3307 a
1079 3252 1268 3307 timore
1311 3250 1686 3315 securitatem,
1730 3262 1760 3301 a
1786 3260 2037 3319 maerore

464 3321 911 3389 consolationem,
942 3318 971 3376 a
999 3330 1171 3378 morte
1196 3322 1640 3377 resurrectionem
1658 3359 1672 3383 ,
1701 3324 1753 3373 et
1782 3318 1832 3389 in
1859 3331 2039 3372 resur-

466 3392 701 3473 rectione
755 3387 967 3473 plcitum
1018 3393 1271 3473 gaudium
1293 3434 1336 3473 ,μ
1360 3406 1627 3473 summum
1660 3387 1941 3473 agaudium.
1981 3396 2038 3473 et

468 3460 795 3533 indeiiciens.
829 3460 1068 3532 Denique
1105 3463 1346 3533 promisit
1378 3462 1532 3517 nobis
1561 3475 1631 3533 se
1663 3460 1866 3533 ipsum,
1899 3460 2039 3533 sicut

462 3531 660 3656 {tinnit
686 3533 918 3615 patribus
942 3528 1137 3588 nostris
1155 3532 1400 3616 daturum
1428 3548 1485 3587 se
1510 3531 1664 3587 nobis
1686 3528 1831 3615 (Luc.
1856 3528 2033 3611 i,_75).

523 3616 672 3656 agnas
700 3610 823 3656 sunt
851 3604 1011 3656 παίων
1037 3617 1416 3656 promissiones
1445 3602 1540 3656 Dei
1560 3644 1574 3656 .
1606 3609 1661 3656 et
1701 3597 2033 3656 ineffabiles:

523 3597 823 3674 agnasl'snnt
851 3604 1011 3674 igitur
1037 3605 1416 3674 promissiones
1445 3602 1589 3674 Dei,
1606 3609 1661 3656 et
1687 3597 2033 3674 ineffabiles;

470 3680 525 3742 et
550 3671 646 3741 pro
672 3672 786 3741 his,
811 3671 946 3729 etin
975 3671 1056 3730 his
1085 3675 1197 3730 vult
1220 3675 1386 3729 amari
1413 3688 1444 3727 a
1472 3672 1624 3728 nobis
1651 3672 1831 3742 aliquo
1856 3671 2034 3725 modo.

469 3739 526 3815 Si
553 3739 777 3815 modum
798 3759 1005 3815 quaaras
1022 3787 1037 3812 ,
1065 3745 1363 3803 vehemens
1376 3743 1696 3815 desiderium
1726 3739 2036 3811 promissio-

468 3812 554 3867 nis
574 3855 591 3881 ,
620 3812 913 3871 modus'est
939 3816 1153 3871 amoris.
1188 3815 1475 3871 Promissio
1503 3814 1599 3869 Dei
1628 3820 2037 3882 quantumcum-

468 3880 581 3953 que
622 3882 993 3953 desideretur,
1045 3887 1218 3942 minus
1268 3885 1603 3941 desideratur
1645 3880 1805 3953 quam
1857 3880 2034 3953 debet.

469 3899 576 3952 que
622 3899 957 3941 uesmeretur
977 3927 993 3953 ,
1045 3900 1218 3942 minus
1268 3899 1603 3941 desideratur
1684 3899 1805 3937 nam
1857 3899 2034 3934 uenet.

469 3951 601 4010 Nam
631 3964 1117 4028 quantumcumque
1195 3956 1445 4011 refecerit
1462 3996 1476 4021 ,
1504 3955 1624 4023 plus
1645 3899 1829 4007 debet.
1857 3948 2039 4005 Vehe-

470 4040 623 4081 mens
649 4027 824 4082 ilauue
851 3972 1384 4082 desideriufaliuuo
1418 4024 1578 4079 modo
1603 4037 1707 4077 non
1736 4021 1895 4076 habet
1920 4035 2039 4073 mo-

470 4040 623 4103 mens
649 4021 824 4098 itaque
851 4021 1179 4103 desideriuﬁ
1204 4028 1384 4103 aliquo
1409 4021 1707 4103 _modol_non
1736 4021 1895 4103 habet
1917 4035 2040 4103 mo-

471 4094 597 4172 dum
620 4137 634 4162 ,
660 4091 785 4172 cum
810 4112 913 4172 non
956 4099 1125 4172 possit
1151 4112 1269 4152 esse
1295 4091 1700 4172 nitnium._Cum
1739 4092 1792 4146 in
1833 4091 2043 4172 cmteris

472 4165 632 4221 rebus
677 4164 1003 4242 impatientia
1051 4170 1223 4242 soleat
1246 4164 1497 4242 culpari,
1525 4165 1600 4242 _in
1648 4164 2044 4242 exspectatione

473 4244 635 4290 tantae
661 4233 1025 4305 promissionis
1052 4237 1328 4293 laudabilis
1352 4233 1435 4293 est
1456 4236 1745 4290 vehemens
1771 4233 2044 4305 impatien-

474 4305 546 4377 tia
575 4302 862 4364 dilationis.
894 4310 1024 4365 Cum
1069 4324 1189 4364 eum
1232 4308 1321 4377 qui
1365 4308 1481 4377 plus
1510 4311 1685 4377 amat,
1731 4312 1787 4377 et
1809 4302 1897 4371 qui
1926 4302 2045 4371 plus

472 4376 761 4448 desiderat,
791 4379 1057 4435 dilationis
1098 4373 1424 4448 impatientia
1455 4374 1624 4446 magis
1646 4373 1881 4448 cruciat,
1905 4386 2046 4448 _Spes

470 4454 591 4520 quae
612 4444 854 4504 ἄπει-ίαν
873 4448 1058 4520 afﬂigit
1079 4443 1330 4511 animam,
1356 4447 1472 4520 hinc
1497 4443 1673 4520 autem
1703 4444 1880 4520 omnia
1905 4443 2043 4520 bona

473 4511 525 4573 in
551 4520 762 4594 caelesti
788 4511 1048 4576 habentur
1077 4520 1266 4590 patria.
1301 4520 1375 4574 De
1401 4518 1491 4573 illo
1525 4517 1683 4594 ig_it_ur
1707 4511 2044 4594 bono,_quod

473 4591 713 4646 omnium
751 4592 1011 4647 bonorum
1040 4583 1306 4647 summum
1335 4596 1450 4657 est,
1495 4583 1621 4658 quid
1651 4585 1737 4640 vel
1767 4583 1929 4655 quale
1950 4584 2041 4650 sit,

473 4660 700 4726 primum
725 4662 1007 4717 dicendum
1035 4671 1135 4717 est.

545 4726 769 4802 CAl’llT
810 4731 993 4786 XVIII.
1047 4733 1208 4799 Quale
1235 4740 1281 4786 et
1324 4738 1568 4802 quantum
1612 4727 1883 4802 electorum
1919 4738 2045 4797 gau-

477 4797 634 4850 dium.
656 4868 666 4871 Α
689 4798 961 4871 Remorum
1009 4794 1196 4857 nicum
1249 4794 1459 4857 invitent
1508 4801 1762 4871 patebunt.
1817 4794 2046 4864 Corpora

477 4877 622 4941 erunt
649 4868 860 4940 integra.
892 4869 965 4941 (a)
1000 4873 1299 4926 lixcitemus
1325 4873 1483 4941 igitur
1507 4868 1560 4926 et
1588 4870 1851 4941 erigamus
1875 4873 2045 4941 totum

477 4937 803 4993 intellectum
831 4937 1091 5003 nostrum,
1123 4941 1176 4994 in
1211 4937 1462 5009 quantum
1490 4942 1629 4994 Dens
1661 4937 1964 5009 donaverit,
1992 4942 2047 4991 et

476 5011 769 5080 cogitemus
797 5009 953 5080 quale
977 5020 1028 5064 et
1054 5007 1306 5080 quantum
1347 5012 1634 5080 electorum
1661 5009 1729 5061 sit
1751 5007 1965 5061 atticum
1992 5013 2048 5060 et

475 5077 743 5151 singulare
782 5077 1031 5151 gaudium
1074 5077 1210 5151 istud
1226 5119 1255 5151 ,Α
1270 5077 1470 5151 scilicet
1499 5093 1659 5151 unum
1687 5086 1740 5132 et
1780 5090 2043 5151 summum

474 5145 694 5219 bonum,
739 5145 879 5222 quod
927 5159 1010 5207 est
1056 5150 1194 5222 vita,
1247 5149 1371 5222 lux,
1415 5148 1719 5222 beatitudo,
1762 5145 2041 5214 sapientia,

474 5217 827 5278 mternitas'et
868 5222 1032 5277 multa
1076 5219 1376 5288 hujusmodi
1420 5217 1594 5288 bona;
1624 5222 1679 5273 et
1723 5227 1899 5271 tamen
1938 5226 2045 5288 non

475 5301 558 5344 est
601 5292 702 5345 nisi
750 5308 962 5349 unicum
1005 5299 1059 5347 et
1107 5285 1371 5345 summum
1418 5287 1634 5355 bonum,
1684 5288 1901 5343 omnino
1943 5285 2046 5342 sibi

476 5359 778 5430 sufﬁciens,
824 5364 971 5418 nullo
1020 5360 1282 5430 indigens,
1328 5375 1434 5430 quo
1481 5359 1656 5415 omnia
1704 5357 1957 5430 indigenti
1989 5362 2047 5411 ut

475 5429 615 5494 sint,
651 5440 706 5485 et
734 5426 868 5488 bene
896 5434 1019 5488 sint.
1071 5426 1180 5486 Hoc
1215 5426 1408 5484 bunum
1439 5438 1521 5485 est
1559 5431 1698 5483 Deus
1724 5426 1914 5490 Pater,
1945 5426 2047 5481 hoc

474 5500 831 5565 ostVerbum,
883 5503 935 5556 id
978 5512 1079 5567 est,
1132 5502 1295 5556 Filius
1336 5501 1545 5563 Patris;
1599 5500 1699 5553 hoc
1745 5499 1915 5569 ipsum
1958 5503 2048 5569 est

474 5576 625 5627 amor
652 5572 790 5626 unus
814 5582 866 5626 et
893 5566 1187 5626 ettmn‘iunis
1218 5572 1355 5625 Patri
1381 5582 1433 5625 et
1466 5570 1621 5632 Filio,
1654 5566 1856 5624 scilicet
1880 5566 2048 5639 Spiri-

475 5648 561 5696 tus
592 5652 807 5697 sanctus
848 5645 916 5698 ab
958 5653 1177 5713 utroque
1203 5643 1518 5714 procedens.
1553 5639 1706 5709 Quod
1746 5647 1921 5693 autem
1964 5645 2048 5694 est

471 5781 700 5911 "legali:
717 5780 926 5835 Almelmi
945 5779 1153 5843 Proslog.
1179 5791 1284 5844 cap.
1307 5779 1482 5841 23-25;
1508 5788 1573 5831 ex
1596 5777 1682 5829 lib.
1705 5775 1888 5839 btudit,
1904 5784 2043 5839 capp.

1589 390 1793 452 LIBER
1827 387 1917 448 DE
1953 383 2320 446 DlLlGENDO
2358 369 2525 449 nuo.

2119 507 2356 590 singulas
2378 508 2637 590 quisque,
2667 510 2768 568 hoc
2794 516 2877 567 est
2915 516 3023 568 tota
3057 510 3285 590 Trinitas
3312 510 3490 590 simul,
3529 516 3697 578 Pater

2117 588 2173 634 et
2196 579 2364 635 Filius
2391 587 2446 635 et
2470 579 2701 661 Spiritus
2725 592 2937 638 sanctus
2965 601 2980 637 ι
3010 587 3254 661 quoniam
3282 579 3520 661 singulus
3545 591 3693 661 quis-

2118 665 2222 720 que
2261 665 2367 705 non
2405 659 2488 707 est
2527 652 2675 729 aliud
2708 668 2866 729 quam
2909 652 3596 729 summesimplexr'unitas',
3638 668 3696 717 et

2119 735 2327 798 sumine
2356 736 2458 798 una
2503 722 2848 798 simplicitas,
2880 739 2996 798 quin
3039 740 3136 781 nec
3179 722 3542 798 mu'ltiplicari,
3582 722 3691 787 'nec

2120 791 2262 865 aliud
2286 800 2347 865 _e_t
2389 791 2531 849 aliud
2546 791 2685 865 esse
2718 791 2914 865 potest.
2946 795 3112 851 Porro
3141 812 3298 852 unum
3328 791 3407 853 est
3443 791 3692 856 necessa-

2122 860 2426 935 rium(Luc.
2460 862 2644 935 1542).
2666 860 2832 920 Porro
2860 865 2961 921 hoc
2987 876 3067 921 est
3097 866 3224 921 illud
3254 881 3411 922 unum
3442 882 3693 925 necessa-

2121 932 2293 999 rium,
2316 933 2369 988 in
2400 948 2507 1003 quo
2534 932 2692 989 omne
2715 935 2911 1008 bonum
2946 937 3097 1008 :imo
3137 937 3274 1008 quod
3303 945 3387 993 est
3420 950 3578 993 omne
3598 982 3611 1005 ,
3640 951 3697 996 et

2122 1017 2318 1079 unitm2
2346 1012 2401 1079 et
2439 1012 2607 1079 totum
2628 1045 2641 1068 ,
2670 1012 2723 1061 et
2752 1005 2923 1060 solum
2942 1005 3178 1079 bonum}
3218 1006 3271 1062 Si
3302 1008 3443 1063 enim
3485 1010 3691 1079 singula

2121 1073 2259 1148 bona
2286 1074 2619 1148 delectabiiia
2656 1083 2807 1141 sunt,
2838 1077 3008 1148 cogita
3035 1086 3235 1133 attente
3271 1092 3427 1148 quam
3456 1073 3691 1134 delecta-

2122 1144 2227 1198 bile
2254 1145 2339 1218 sit
2390 1145 2516 1218 illud
2557 1145 2793 1213 bonum,
2839 1144 2977 1217 quod
3026 1148 3262 1216 continet
3289 1144 3693 1218 'jucunditatem

2122 1216 2359 1270 omnium
2400 1216 2690 1275 bonorum.
2725 1227 2779 1272 et
2820 1216 2923 1272 nun
2956 1218 3164 1275 qualem
3208 1219 3262 1273 in
3302 1216 3460 1275 rebus
3503 1220 3696 1275 creatis

2122 1294 2308 1358 sumus
2338 1286 2563 1355 experti,
2598 1287 2690 1342 sed
2720 1294 2865 1358 tanto
2906 1286 3268 1355 dilferentem‘,
3297 1298 3493 1358 quanto
3518 1288 3696 1346 ditl‘ert

2121 1352 2342 1427 Greater
2378 1352 2421 1409 a'
2438 1365 2699 1427 creatura.
2748 1354 2803 1412 Si
2850 1359 2988 1427 enim
3030 1368 3113 1413 est
3158 1352 3438 1413 bona'vita
3481 1369 3692 1426 creata;

2123 1439 2282 1549 (fluam
2314 1426 2450 1480 bona
2490 1436 2571 1482 est
2597 1426 2712 1481 Vita
2751 1427 3022 1483 creatrix?
3067 1428 3123 1483 Si
3163 1428 3390 1500 jucunda
3434 1438 3514 1484 est
3552 1430 3696 1484 salus

2146 1504 2298 1549 acta:
2342 1506 2497 1549 uuam
2544 1498 2768 1549 iucunda
2807 1506 2889 1549 est
2914 1498 3068 1549 Salus
3097 1514 3213 1549 (tum
3259 1498 3381 1549 fecit
3422 1500 3696 1549 salutem?

2146 1498 2298 1568 acta;
2342 1506 2497 1568 quam
2537 1498 2768 1567 jucunda
2807 1506 2889 1553 est
2914 1498 3068 1553 Salus
3097 1498 3213 1568 qua:
3259 1498 3381 1555 fecit
3422 1500 3696 1555 salutem?

2122 1565 2179 1638 Si
2209 1567 2453 1622 amabilis
2490 1565 2568 1624 est
2599 1569 2853 1638 sapientia
2880 1584 2998 1623 cum
3022 1565 3326 1638 cognitione
3355 1584 3531 1624 rerum
3559 1585 3692 1625 con-

2125 1637 2395 1711 ditarum;
2438 1651 2594 1711 quam
2616 1639 2864 1711 amabilis
2903 1648 2989 1711 est
3008 1637 3272 1711 Sapientia
3307 1654 3425 1711 qntc
3461 1639 3697 1711 condidit

2127 1708 2303 1781 omnia
2331 1722 2395 1761 ex
2426 1708 2633 1781 nihilo?
2679 1708 2918 1781 De‘niquc
2950 1710 3203 1781 simultas
3230 1718 3283 1781 et
3307 1708 3509 1781 magnae
3547 1710 3696 1765 dele-

2126 1777 2387 1832 ctationes
2438 1787 2561 1851 sunt
2615 1780 2664 1833 in
2698 1777 3592 1851 irebushdclectabilibus{qualis
3641 1786 3697 1835 et

2128 1855 2325 1919 quanla
2351 1856 2435 1919 est
2462 1848 2745 1904 delectatio
2776 1849 2950 1919 inillo
2986 1849 3074 1919 qui
3106 1847 3229 1904 fecit
3258 1847 3699 1905 omnia'delecta-

2337 1917 2384 1973 Ο
2410 1920 2506 2003 qui
2529 1920 2627 2003 hoc
2650 1916 3206 2003 borio_fruetlir,_quid
3242 1920 3312 2003 illi
3343 1921 3461 2003 erit,
3491 1919 3699 2003 etquid

2130 1987 2214 2061 illi
2234 2002 2338 2042 non
2364 1987 2506 2043 erit?
2542 1988 2699 2061 Certe
2712 1987 2977 2061 quidquid
3004 1987 3164 2055 volet,
3192 1990 3329 2061 erit;
3370 2000 3423 2045 et
3444 1987 3699 2061 quidquid

2130 2059 2303 2130 nolet,
2347 2074 2451 2113 non
2482 2062 2602 2113 erit.
2649 2060 2722 2115 lbi
2748 2059 2956 2129 quippe
2992 2071 3146 2115 erunt
3191 2059 3328 2113 bona
3366 2059 3605 2130 corporis
3643 2070 3700 2117 et

2082 2152 2087 2155 ι
2129 2128 2343 2193 animm,
2387 2130 2557 2199 qualia
2600 2146 2698 2184 nec
2738 2128 2924 2185 oculus
2954 2130 3112 2193 vidit,
3163 2145 3259 2185 nec
3302 2128 3697 2198 anrisvaudivit,

2129 2213 2231 2253 nec
2260 2200 2311 2252 in
2339 2213 2432 2253 cor
2454 2200 2686 2254 hominis
2710 2200 2947 2255 ascendit
2973 2202 2988 2231 ι
3019 2200 3036 2265 (
3051 2200 3069 2253 1
3095 2199 3210 2255 Cor.
3239 2215 3296 2265 ll,
3322 2201 3403 2269 9).
3434 2200 3543 2256 Cur
3572 2212 3702 2270 ergo

2133 2282 2228 2337 per
2251 2270 2414 2324 multa
2434 2285 2684 2340 vagamur
2702 2270 2989 2338 quaarendo
3015 2271 3149 2325 bona
3174 2271 3413 2339 corporis
3433 2280 3485 2324 et
3506 2269 3698 2340 animm

2134 2340 2371 2409 nostrae?
2408 2338 2662 2394 Amemus
2690 2355 2851 2395 unum
2880 2341 3075 2395 bonum
3099 2380 3112 2402 ,
3158 2340 3210 2393 in
3241 2338 3346 2409 quo
3372 2348 3497 2394 sunt
3523 2338 3702 2409 omnia

2134 2408 2309 2474 bona;
2338 2419 2387 2464 et
2415 2409 2627 2464 sufficit.
2662 2410 3031 2465 Desideremus
3056 2409 3278 2479 simplex
3311 2410 3528 2479 bonum,
3558 2408 3702 2479 quod

2134 2488 2218 2532 est
2243 2492 2401 2534 omne
2442 2481 2675 2542 bonum;
2717 2488 2771 2532 et
2797 2480 2926 2534 satis
2957 2487 3057 2533 est.
3105 2477 3243 2544 Quid
3284 2478 3424 2533 enim
3455 2477 3634 2544 amas,
3668 2493 3703 2532 ο

2134 2548 2302 2603 caro?
2345 2548 2472 2618 quid
2514 2549 2804 2613 desideras,
2853 2563 2887 2602 o
2929 2548 3150 2603 anima?
3198 2549 3271 2603 Ibi
3319 2557 3402 2604 est
3446 2548 3703 2618 quidquid

2135 2632 2312 2690 amas,
2345 2619 2602 2690 quidquid
2626 2617 2920 2690 desideras.
2952 2618 3096 2690 Bona
3128 2633 3257 2688 ergo
3279 2618 3429 2689 regni
3466 2617 3701 2690 scelestis

2135 2687 2315 2743 dicere
2355 2686 2436 2743 vel
2479 2686 2714 2758 cogitare
2756 2686 2839 2743 vel
2884 2686 3283 2758 intelligere—ut
3322 2686 3479 2756 sunt,
3526 2688 3705 2744 nullus

2134 2765 2311 2827 potest
2337 2772 2499 2813 carne
2525 2758 2748 2813 vestitus
2783 2775 2796 2810 :
2843 2758 3011 2813 multo
3051 2758 3193 2813 enim
3242 2759 3442 2825 majora
3484 2767 3609 2814 sunt
3651 2762 3707 2813 et
3782 2766 3791 2775 '

2133 2828 2377 2892 meliora,
2407 2843 2565 2898 quam
2592 2843 2712 2897 quas
2740 2828 3036 2899 cogitamus
3068 2836 3160 2883 aut
3187 2828 3555 2899 intelligimus.
3595 2827 3705 2899 lte-

2134 2913 2294 2968 gnum
2324 2897 2548 2969 namque
2573 2898 2665 2954 Dei
2692 2897 2847 2969 omni
2874 2897 3011 2953 fama
3042 2900 3215 2969 majus
3242 2908 3346 2965 est,
3372 2897 3520 2954 Omni
3544 2898 3707 2969 laude

2137 2968 2366 3052 melius,
2396 2968 2540 3023 omni
2579 2969 2798 3052 sci-entia
2838 2968 3279 3052 inn'umerabililts
3302 3010 3317 3036 ,
3363 2970 3511 3052 omni
3534 2968 3706 3052 gloria

2138 3054 2256 3107 quae
2281 3047 2493 3108 putatur
2520 3039 2879 3093 excellentius.
2913 3038 3176 3107 Regnum,
3209 3039 3444 3108 inquam,
3472 3038 3567 3094 Dei
3596 3038 3707 3108 ple-

2136 3123 2264 3162 num
2289 3118 2373 3163 est
2400 3109 2535 3163 lucis
2558 3122 2621 3163 ac
2647 3108 3110 3179 pacis,_charitatis
3134 3117 3188 3163 et
3212 3110 3502 3179 sapientiae,
3535 3109 3706 3164 hone-

2136 3178 2289 3248 statis
2315 3186 2371 3248 et
2410 3179 2610 3248 gloriae,
2646 3177 2944 3233 dulcedinis
2968 3186 3024 3248 et
3061 3177 3382 3248 dilectionis,
3409 3178 3610 3232 laetitiae
3649 3187 3706 3233 et

2138 3247 2479 3319 beatitudinis
2508 3248 2777 3319 perennis,
2804 3256 2858 3301 et
2884 3247 3058 3319 omnis
3080 3247 3208 3319 boni
3231 3247 3708 3319 inell'abilis,_quod

2138 3333 2237 3374 nec
2259 3318 2361 3374 dici
2397 3316 2739 3388 nec'cogitari
2765 3324 2959 3387 potest.
3007 3316 3111 3372 Nec
3159 3317 3279 3373 ideo
3320 3325 3494 3388 tamen
3534 3316 3707 3374 debeo

2137 3397 2335 3454 tacere,
2364 3390 2456 3445 sed
2484 3387 2660 3443 dicere
2687 3397 2941 3458 quantum
2971 3388 3142 3455 valeo,
3175 3389 3297 3458 quia
3329 3387 3508 3444 dicere
3539 3400 3709 3458 quain-

2139 3467 2250 3514 tum
2277 3459 2398 3516 volo
2427 3475 2532 3514 non
2561 3453 2729 3514 valeo'.
2776 3457 2956 3528 Neque
2990 3453 3136 3514 enim
3161 3453 3282 3528 quia
3309 3458 3483 3514 Deum
3523 3453 3709 3514 inetia-

2137 3530 2297 3586 bilem
2345 3530 2646 3600 credimus,
2694 3528 2903 3600 {aride
2949 3529 3042 3600 illo
3090 3530 3230 3600 quod
3277 3544 3559 3600 possumus
3599 3543 3709 3585 non

2137 3600 2413 3656 debemus.
2442 3599 2516 3655 lta
2542 3614 2671 3655 sane
2695 3608 2746 3654 et
2773 3598 2889 3669 plus
2912 3598 3163 3655 credatur
3184 3598 3367 3671 de_illa
3387 3601 3515 3671 vila,
3547 3613 3709 3671 quam

2138 3671 2426 3734 scribitur;
2470 3671 2591 3740 quia
2621 3684 2725 3724 non
2752 3667 2925 3738 potest
2950 3676 3151 3724 tantum
3182 3667 3306 3740 inde
3336 3667 3708 3740 proferri'ser-

2139 3756 2332 3807 mone,
2365 3739 2620 3812 quantum
2659 3748 2834 3807 potest
2877 3748 3053 3793 mente
3079 3739 3406 3812 complecti;
3440 3748 3507 3812 et_
3532 3739 3709 3795 minus

2139 3807 2582 3881 concipitinentis
2607 3808 2852 3881 humanae
2873 3807 3261 3881 quantumlibet
3284 3807 3540 3881 profunda
3562 3822 3711 3881 com-

2180 3876 2344 3945 lexin,
2375 3895 2532 3950 quam
2562 3890 2621 3950 se
2660 3876 2853 3950 habeat
2880 3878 3044 3947 ipsius
3083 3879 3159 3950 rei
3200 3876 3710 3950 magnitudo.»Ergo

2181 3896 2344 3945 ICXIO,
2375 3896 2532 3950 quam
2562 3896 2621 3934 se
2660 3896 2853 3932 113063!
2880 3896 3044 3947 IPSIUS
3083 3896 3159 3932 I'el
3200 3896 3523 3947 magnitudo.
3566 3896 3710 3949 L780

2142 3896 2315 4005 Futura
2346 3949 2451 4003 vita
2479 3949 2726 4004 credatur
2756 3947 2908 4002 beate
2945 3948 3266 4019 sempiterna
3295 3957 3350 4002 et
3386 3948 3711 4019 sempiterno

2143 4020 2297 4075 beata
2326 4036 2339 4072 :
2370 4019 2457 4075 ubi
2495 4027 2581 4074 est
2617 4026 2759 4089 certa
2794 4018 3073 4089 securitas,
3112 4030 3299 4072 secura
3337 4018 3708 4089 tranquillitas,

2146 4090 2428 4160 tranquilla
2463 4088 2785 4160 iucunditas,
2808 4087 2957 4160 teli):
2993 4087 3509 4160 arternitas,teterua
3537 4088 3709 4144 felici-

2146 4168 2227 4216 tas
2249 4177 2263 4226 ;
2283 4157 2394 4216 'ubi
2421 4157 2570 4215 amor
2595 4166 2675 4213 est
2703 4157 2986 4228 perfectus,
3014 4160 3172 4214 timor
3194 4159 3391 4226 nullus,
3418 4159 3533 4214 dies
3556 4165 3714 4228 arter-

2146 4246 2282 4298 nus,
2327 4231 2505 4286 alacer
2552 4226 2760 4296 metus,
2805 4237 2859 4285 et
2900 4245 3035 4284 unus
3082 4231 3317 4283 omnium
3361 4229 3599 4298 spiritus,
3645 4226 3714 4286 de

2146 4302 2592 4372 contemplatione
2616 4300 2710 4372 Dei
2734 4300 2850 4372 sui,
2885 4314 2950 4372 ac
2974 4298 3050 4372 de
3079 4313 3173 4354 sua
3198 4314 3318 4355 cum
3342 4298 3435 4372 illo
3458 4313 3713 4372 perman-

2146 4372 2296 4428 sione
2320 4370 2575 4436 sécurus;
2621 4370 2710 4425 ubi
2736 4370 2848 4440 ipsa
2885 4370 3091 4437 civitas,
3120 4386 3241 4440 quae
3277 4378 3365 4441 est,
3390 4370 3713 4441 Angelorum
3802 4378 3810 4391 ’

2146 4442 2381 4497 omnium
2408 4453 2567 4509 atque
2591 4448 2896 4495 sanctorum
2921 4441 3327 4509 congregatione
3353 4440 3527 4504 beata,
3554 4440 3716 4495 meri—

2150 4515 2216 4568 tis
2260 4513 2582 4583 fulgentibus
2628 4510 2825 4583 micat;
2876 4510 2978 4583 ubi
3010 4520 3207 4583 alterna
3252 4509 3396 4564 salus
3435 4510 3712 4583 ex_u_l_)_erat,

2146 4578 2555 4651 veritas'regnat
2572 4580 2713 4651 ;l_uh‘i
2743 4593 2847 4651 nec
2874 4578 3007 4632 fallit
3032 4579 3332 4651 quisquam,
3356 4592 3455 4651 nec
3480 4578 3712 4651 fallitur;

2146 4653 2290 4708 unde
2312 4647 2500 4715 bemus
2524 4648 2701 4704 nullus
2732 4648 2978 4715 eiicitur;
3022 4647 3109 4700 ubi
3137 4647 3311 4702 nullus
3337 4647 3499 4703 miser
3522 4648 3715 4704 admit-

2147 4723 2294 4779 titur.
2320 4714 2445 4775 Hmc
2476 4726 2557 4774 est
2583 4714 2991 4785 contemplativa
3014 4718 3118 4772 vita
3157 4717 3331 4781 beata,
3353 4716 3419 4771 ad
3446 4733 3603 4787 quam
3625 4720 3716 4787 qui

2146 4792 2408 4848 bonorum
2436 4804 2657 4859 Operum
2678 4787 3137 4859 consummatione
3165 4787 3524 4859 pervenerint,
3548 4788 3718 4859 beatis

2149 4863 2349 4918 similes
2377 4856 2553 4928 erunt,
2577 4866 2631 4913 et
2664 4857 2825 4928 simul
2851 4872 2971 4911 cum
2997 4856 3106 4928 Deo
3135 4857 3380 4928 sinelline
3403 4858 3714 4928 regnahunt.

2149 4932 2301 5000 Quod
2326 4939 2503 4985 autem
2540 4926 2627 5000 hic
2651 4926 3015 5000 crediderunt,
3034 4927 3103 4983 ibi
3132 4926 3386 5000 videbunt
3412 4945 3425 4979 :
3454 4926 3533 4983 sui
3560 4929 3720 4983 Crea-

2149 4996 2281 5060 toris
2309 4998 2659 5058 substantiam
2688 4996 3051 5068 mundissimis
3083 4997 3332 5052 cordibus
3356 4999 3721 5068 contemplan-

2151 5083 2251 5141 tes,
2278 5079 2477 5128 reterna
2516 5067 2864 5141 exsultatione
2884 5067 3205 5141 gaudebunt,
3232 5068 3423 5141 divina:
3444 5067 3721 5124 charitatis

2149 5152 2204 5201 et
2225 5137 2419 5199 mum
2439 5139 2739 5196 dileetionis
2760 5137 3096 5208 possessione
3114 5139 3223 5193 Deo
3243 5153 3341 5194 suo
3363 5139 3414 5193 in
3438 5147 3716 5205 aeternum,

2148 5222 2204 5271 et
2231 5214 2457 5269 invicem
2493 5211 2598 5266 sibi
2622 5208 3004 5265 adhaerebunt:
3046 5209 3275 5278 receptis
3313 5224 3434 5263 cum
3478 5208 3720 5264 incorru-

2151 5286 2332 5356 ptione
2352 5289 2511 5356 atque
2531 5280 2926 5356 immortalitate
2948 5279 3280 5356 corporibus,
3306 5279 3682 5356 municipatum
3698 5280 3733 5317 ’κ

2151 5350 2335 5425 patriae
2356 5350 2589 5425 caelestis
2606 5350 2891 5425 accipient,
2914 5360 3070 5419 atque
3090 5350 3204 5425 ejus
3226 5350 3278 5405 in
3298 5358 3557 5425 attentum
3578 5350 3721 5425 cives

2151 5419 2323 5504 edocti
2347 5419 2863 5504 pueritia-promissa
2903 5419 3266 5504 reportabunt.
3290 5419 3373 5504 lbi
3404 5420 3482 5473 eis
3500 5420 3721 5504 _exube-

2151 5490 2286 5551 rabit
2310 5488 2456 5550 tanta
2474 5488 2691 5574 laetitia,
2704 5499 2847 5545 tanta
2875 5488 3169 5572 caelestium
3190 5491 3357 5560 gratia
3375 5488 3719 5612 gaudiorum,

2152 5575 2209 5612 nt.
2233 5575 2287 5612 et
2307 5572 2693 5612 ramimeratort
2721 5576 2818 5612 suo
2858 5574 2954 5612 pro
2993 5569 3150 5612 tantis
3183 5570 3387 5612 muneri
3410 5576 3490 5612 »ης
3527 5568 3719 5612 gratias

2152 5575 2209 5622 ut
2233 5575 2287 5621 et
2307 5562 2693 5621 remtmeratori
2721 5576 2818 5616 suo
2858 5574 2954 5631 pro
2993 5561 3150 5614 tantis
3183 5561 3490 5615 muneribus
3527 5561 3724 5630 gratias

2151 5644 2326 5709 agant,
2351 5644 2404 5692 et
2429 5634 2634 5690 nullum
2670 5632 2935 5687 fastidium
2958 5645 3022 5688 ex
3046 5633 3159 5698 ipsa
3177 5631 3411 5687 affluenti
3433 5631 3721 5702 gratiarum

2213 5776 2233 5841 ξ
2268 5772 2400 5835 Apud
2422 5771 2713 5841 Auselmum,
2738 5782 2825 5841 nec
2847 5781 2936 5841 qm;
2968 5767 3172 5840 (laminis
3191 5764 3432 5836 cogitavit.

2214 5839 2236 5873 ¹¹
2268 5828 2350 5891 Ms.
2376 5837 2568 5901 Regius,
2593 5828 2765 5889 munus
2785 5828 3085 5897 indeﬁciens.
