4134 6200
363 429 378 451 ἡ

396 297 502 357 863

395 410 772 475 bonorumque
805 398 1144 475 perceptione
1166 396 1484 475 sustineant.
1509 393 1584 450 lbi
1623 394 1702 475 ita.
1730 393 1989 475 patebunt

401 465 730 548 singulorum
759 465 980 548 singulis
1003 481 1229 548 mentes,
1256 469 1392 548 sicut
1425 465 1788 548 corporalibus
1815 465 1987 518 oculis

403 537 1234 617 sttb'jacentfaciescorporales;
1278 538 1395 617 q_uia
1436 537 1787 617 humanorum
1812 545 1992 617 pecto-

401 606 524 674 rum
568 624 713 672 tanta
741 615 842 668 erit
869 612 938 665 ibi
968 606 1023 664 et
1062 620 1166 664 tam
1208 608 1438 678 perfecta
1483 606 1763 671 munditia,
1799 615 1856 659 ut
1893 607 1990 678 Ita-

403 689 569 744 beant
611 685 748 740 unde
788 681 1089 736 mundatori
1125 677 1221 734 suo
1263 679 1461 748 gratias
1502 685 1680 747 agant,
1705 693 1808 748 non
1853 677 1992 730 unde

405 757 596 814 offensi
633 753 897 823 aliquibus
928 753 942 782 ⁸
975 750 1225 805 sordibus
1255 747 1593 817 peccatorum
1631 747 1988 802 erubescant:

453 829 536 881 nia
570 826 639 880 ibi
668 839 764 879 nec
807 823 911 876 ulla
941 830 1179 890 peccata,
1223 834 1320 873 nec
1357 827 1664 887 peccatores
1703 826 1896 890 erunt;
1941 826 1996 870 et

453 845 536 881 illa
570 845 639 880 ιυι
668 845 764 879 nec
807 845 911 876 uuat
943 845 1179 890 peccatu,
1223 845 1320 873 IICU
1360 845 1664 887 peccatum:
1703 845 1858 870 crum.
1882 858 1896 880 ,
1941 845 1996 870 υι.

407 845 480 953 iiii
509 897 598 966 qui
645 894 860 966 fuerint,
899 892 1008 966 jam
1040 904 1395 966 peccarenon
1429 894 1699 956 poterunt.
1729 886 1835 966 Nec
1865 887 1996 966 late-3

410 970 488 1024 bit
511 957 619 1035 j'atn
649 957 1316 1035 perfectebeatosaliquid
1335 969 1691 1035 secretorum,
1719 957 1829 1035 qui,
1854 957 1994 1026 quod

412 1047 496 1093 est
511 1028 862 1105 praestantius
890 1032 1066 1105 longe,
1099 1028 1270 1105 ipsum
1300 1029 1462 1105 visuri
1491 1039 1609 1083 sunt
1643 1028 1855 1081 mundis
1879 1044 1997 1105 cor-

409 1098 563 1163 dibus
595 1106 758 1159 Deum
806 1121 818 1156 :
871 1098 1303 1170 quandoquidem
1358 1099 1586 1170 humana
1617 1105 1878 1170 creatura
1927 1098 1998 1152 ila

411 1176 646 1248 perfecta
688 1175 806 1239 erit,
834 1168 902 1248 ut
930 1168 1217 1248 in_me'l_ius
1248 1177 1336 1222 aut
1377 1170 1427 1222 in
1459 1168 1694 1248 deterius
1720 1169 2000 1248 ultrahmu-

413 1235 513 1302 iari
557 1261 660 1299 non
704 1235 890 1313 possit.
922 1241 1086 1308 Cujus
1127 1242 1371 1313 humanae
1414 1239 1732 1313 substantia;
1757 1238 1823 1291 ad
1859 1235 2002 1295 Con-

412 1317 601 1372 ditoris
628 1307 720 1368 sui
738 1307 1140 1369 similitudinem
1170 1310 1488 1374 sublimalm,
1515 1309 1691 1381 omnia
1721 1307 1858 1364 bona
1881 1326 2002 1381 qua:

417 1385 734 1441 naturaliter
759 1392 973 1452 accepta
1012 1387 1330 1448 corruperat
1356 1377 1648 1452 peccando,
1672 1377 2002 1450 reparabitn-

418 1468 506 1512 tur
535 1457 585 1508 in
613 1455 824 1518 melius,
854 1449 905 1506 id
927 1461 1027 1516 est,
1054 1452 1356 1506 intellectus
1381 1449 1498 1505 sine
1517 1465 1719 1516 errore,
1737 1449 2004 1504 memoria

420 1527 538 1581 sine
571 1523 858 1587 oblivione,
903 1522 1152 1594 cogitatio
1179 1520 1297 1594 sine
1336 1522 1732 1594 pervagatione,
1773 1521 2006 1594 eharitas

423 1597 544 1655 sine
577 1594 934 1660 simulatione,
960 1591 1150 1647 sensus
1174 1592 1289 1646 sine
1313 1591 1626 1655 offensione,
1670 1591 2006 1645 incolumitas

420 1667 539 1722 sine
583 1665 876 1728 debilitate,
926 1664 1068 1717 salus
1108 1663 1226 1717 sine
1267 1661 1474 1726 dolore,
1507 1663 1613 1714 vita
1653 1661 1768 1716 sine
1810 1672 2002 1726 morte,

418 1737 648 1792 facilitas
675 1736 790 1789 sine
827 1734 1233 1802 impedimento,
1261 1731 1508 1786 saturitas
1549 1732 1663 1785 sine
1690 1730 1921 1802 fastidio,
1953 1740 2008 1784 et

421 1817 531 1861 tota
560 1805 759 1860 sanitas
785 1801 920 1858 sine
945 1803 1151 1858 morbo.
1199 1801 1462 1868 Quoniam
1489 1801 1745 1870 quidquid
1776 1801 1862 1856 hic
1907 1802 2007 1854 hu-

423 1878 596 1931 manis
642 1875 954 1943 corporibus
998 1874 1191 1927 vitiatis
1233 1881 1324 1924 aut
1365 1871 1599 1943 ferarum
1645 1887 1875 1943 morsus,
1917 1880 2010 1924 aut

1852 269 2214 332 APPENDIX.

3583 255 3696 316 868

2095 399 2290 457 genera
2318 382 2526 457 diversa
2565 380 2946 457 decerpserint,
2992 376 3347 457 aut__humana
3384 371 3680 457 crudelitas

2097 446 2469 526 amputaverit,
2507 462 2598 526 aut
2628 446 2780 526 ignis,
2828 461 2919 526 aut
2952 449 3206 518 quaelibet
3229 448 3332 501 alia
3363 460 3453 526 res
3483 446 3680 526 aliquid

2097 516 2383 581 debilitatis
2432 516 2702 588 intulerit,
2751 531 2845 576 aut
2889 516 3000 590 ipsa
3031 517 3490 590 senectusetiam
3535 516 3683 571 sanis

2097 612 2324 652 onerosa
2352 595 2663 663 negaverit;
2688 587 2826 647 haec
2853 587 3014 661 atque
3044 589 3133 663 his
3156 587 3352 663 similia
3396 599 3682 654 corporum

2099 668 2288 722 damna
2321 659 2445 736 una?
2476 664 2548 736 ibi
2577 663 2899 736 resurrectio
2927 659 3218 729 reparabit,
3265 666 3431 736 atque
3467 670 3680 736 eaeor-

2099 753 2230 807 pora
2281 734 2544 807 membris
2570 733 2832 807 omnibus
2884 725 3215 807 instaurata,
3264 725 3688 807 incorruptibilis

2103 794 2302 862 sanitas
2351 803 2626 857 obtinebit.
2682 804 2971 870 Propterea
3013 800 3339 870 quicumque
3383 803 3548 870 erunt
3588 794 3687 864 ibi,

2101 878 2202 933 etsi
2234 875 2596 929 differentibus
2641 864 2846 928 meritis
2893 872 2961 925 ab
3009 864 3574 937 invicem—distabunt,
3604 872 3688 939 (a)

2103 961 2291 1002 omnes
2322 956 2498 998 tamen
2530 958 2632 996 una
2665 941 2995 1011 perremione
3020 939 3165 999 beati
3193 951 3386 1006 erunt;
3425 943 3548 1011 quia
3576 942 3684 995 sin-

2105 1018 2244 1086 gulis
2272 1015 2486 1086 praemia
2520 1029 2616 1073 sua
2659 1011 2976 1072 sufficientia
3006 1022 3182 1069 erunt.
3211 1013 3372 1086 Sicut
3396 1012 3542 1086 enim
3568 1025 3687 1086 cor-

2106 1081 2309 1157 poralis
2357 1084 2576 1142 satietas
2628 1101 2817 1142 omnes
2864 1082 3463 1157 saturatos__mqualiter
3509 1081 3716 1143 habet,'

2105 1151 2346 1230 Quamvis
2386 1157 2792 1230 singuli_cibum
2825 1169 2932 1208 non
2975 1151 3286 1230 aequaliter,
3317 1151 3413 1206 sed
3436 1166 3536 1230 pro
3566 1165 3696 1230 poss-

2107 1219 2359 1284 sibilitatc
2403 1219 2664 1296 cciperint
2699 1243 2712 1279 :
2763 1226 2835 1278 ita
2881 1219 3072 1296 omnes
3094 1223 3311 1296 _saneti_,_
3350 1219 3453 1296 etsi
3487 1219 3698 1296 fuerint

2107 1301 2285 1368 aliqua
2333 1291 2605 1368 gradu'nnr
2642 1310 2861 1368 suorum
2910 1294 3220 1368 diversitate
3262 1291 3542 1368 distincti,
3574 1305 3699 1368 una

2111 1359 2441 1424 beatitudine
2487 1363 2707 1434 perfecti
2737 1373 2931 1428 erunt;
2979 1364 3103 1434 quia
3131 1373 3185 1417 et
3219 1375 3324 1415 una
3354 1359 3701 1434 perfectione

2110 1439 2251 1493 beati
2295 1437 2454 1491 futuri
2485 1429 2628 1489 sunt.
2659 1434 2926 1491 Czeternm
2953 1429 3011 1487 in
3047 1433 3134 1486 illa
3165 1441 3327 1486 tanta:
3354 1429 3703 1485 beatitudinis

2110 1509 2330 1578 regione
2369 1521 2466 1560 nec
2495 1507 2710 1578 majoris
2754 1504 2934 1578 meriti
2958 1501 3066 1578 sibi
3107 1500 3306 1569 aliquid
3350 1498 3698 1578 arrogabunt,

2110 1569 2233 1648 quia
2262 1569 2679 1648 arrogantia'ibi
2721 1573 3054 1648 nullaerita
3079 1586 3187 1648 nec
3229 1569 3590 1639 superioribus
3616 1569 3706 1648 in-

2112 1639 2334 1703 feriores
2355 1639 2684 1711 invidebant,
2711 1645 2832 1714 quia
2855 1644 2927 1698 ibi
2951 1641 3162 1714 invidus
3187 1655 3309 1696 esse
3335 1654 3441 1694 non
3468 1639 3662 1714 poterit
3686 1657 3701 1693 :

2112 1727 2168 1772 et
2196 1717 2314 1772 ideo
2339 1716 2440 1770 etsi
2467 1715 2569 1770 erit
2609 1709 2679 1769 ibi
2708 1709 2958 1769 distantia
2984 1712 3350 1776 mansionum,
3396 1723 3605 1763 summa
3641 1709 3703 1762 in

2112 1788 2218 1842 illis
2260 1787 2363 1842 erit
2407 1786 2562 1840 unius
2609 1785 2948 1854 perfectionis
2991 1781 3268 1854 aequalitas
3295 1821 3312 1848 ,
3359 1779 3552 1850 quibus
3594 1777 3704 1834 erit

2111 1857 2262 1928 regni
2289 1855 2523 1912 ccelestis
2550 1871 2654 1910 una
2683 1855 2933 1911 felicitas.

424 1945 695 2016 improvisi
719 1941 874 2000 casus
899 1943 1234 2007 abstulerint,
1253 1949 1344 1995 aut
1366 1942 1625 1996 malarum
1645 1941 2008 1997 valetudinum

2112 2012 2251 2124 ῐῐιιξιξ)
2297 2020 2411 2072 Qua:
2455 2016 2738 2074 supersunt,
2786 2020 2851 2060 ex
2888 2019 2986 2060 uno
3025 2011 3326 2068 eussneg.
3370 2003 3575 2066 primum
3615 2000 3702 2052 da-

1425 2361 1428 2365 -
1537 2281 2580 2404 ADMONITIO

1518 2474 1600 2536 IN
1641 2474 2267 2549 SUBSEQUENTEM
2309 2475 2635 2538 LIBRUM.

503 2614 793 2685 Soliloquia
823 2613 890 2670 ab
913 2614 1209 2686 Augustino
1233 2616 1527 2685 composita
1549 2625 1809 2672 memorat
1835 2616 2107 2671 Possidius
2133 2617 2185 2671 in
2211 2616 2467 2682 lndiculo,
2498 2631 2616 2685 cap.
2649 2613 2716 2680 6;
2748 2621 2804 2669 et
2838 2628 2900 2668 ea
2938 2619 3184 2668 recenset
3219 2612 3546 2682 Augustinus
3574 2614 3717 2684 ipse,

429 2709 523 2764 lib.
558 2708 585 2762 1
616 2707 878 2772 Retract.,
911 2721 1026 2776 cap.
1059 2707 1112 2772 4,
1127 2706 1220 2761 sed
1249 2723 1369 2778 qua:
1397 2707 1664 2762 scribendi
1691 2708 1945 2762 methodo
1967 2716 2021 2762 et
2051 2708 2349 2778 argumenti
2379 2708 2586 2762 ratione
2611 2708 2742 2760 satis
2773 2706 3139 2773 intelliguntur
3171 2704 3329 2773 longe
3352 2703 3562 2761 diversa
3595 2720 3718 2762 esse

428 2799 496 2854 ab
525 2812 685 2868 opere
713 2797 1086 2867 subsequente,
1104 2807 1266 2868 atque
1295 2798 1480 2853 eadem
1509 2799 1664 2868 plane
1688 2814 1749 2853 ac
1780 2799 1866 2852 illa
1893 2814 2012 2868 qua:
2034 2800 2086 2853 in
2113 2801 2283 2868 primo
2314 2808 2458 2852 tomo
2482 2807 2695 2854 ex5tant
2723 2799 2861 2853 inter
2886 2798 3085 2868 primas
3114 2797 3279 2866 ipsius
3304 2797 3721 2854 lucubrationes.

431 2892 501 2946 lis
529 2889 670 2945 enim
701 2888 835 2944 duos
863 2889 915 2943 in
942 2890 1106 2944 libros
1134 2889 1452 2955 distributis,
1483 2898 1536 2945 et
1565 2890 1760 2961 dialogi
1790 2890 1956 2945 forma
1985 2890 2328 2960 conscriptis,
2361 2907 2456 2946 cur
2480 2889 2789 2960 Soliloquiis
2816 2904 3012 2945 nomen
3045 2890 3231 2944 fecerit
3257 2889 3599 2958 Augustinus,
3641 2889 3724 2943 sic

430 2983 484 3037 in
515 2979 700 3034 eodem
730 2979 1183 3035 Retractationum
1210 2982 1383 3051 capite
1409 2980 1602 3036 docet:
1637 2981 1850 3051 Scripti,
1877 2983 1974 3048 ait,
2009 2982 2109 3036 duo
2139 2981 2488 3036 votumina....
2521 2982 2585 3036 de
2629 2982 2707 3037 his
2731 2983 2897 3047 rebus,
2915 2997 3040 3051 quas
3056 2982 3275 3036 maxime
3293 2981 3414 3035 scire
3433 2981 3718 3052 cupiebam,

431 3090 512 3129 me
540 3073 857 3145 interrogans
903 3073 1124 3143 mihique
1151 3073 1480 3144 respondens,
1506 3082 1746 3144 tanquam
1768 3074 1869 3127 duo
1888 3089 2130 3141 essemus,
2164 3075 2316 3129 Ratio
2339 3083 2383 3128 et
2411 3090 2523 3145 ego,
2549 3091 2661 3127 cum
2711 3075 2850 3128 solus
2877 3089 3065 3139 essem,-
3099 3072 3234 3126 unde
3259 3073 3354 3127 hoc
3402 3090 3525 3143 opus
3570 3073 3716 3129 Soli-

431 3166 603 3234 loquia
629 3165 898 3218 nominavi.
931 3165 1064 3220 Tum
1110 3165 1231 3221 inde
1256 3207 1269 3231 ,
1299 3181 1430 3235 quas
1459 3166 1513 3219 in
1545 3167 1716 3235 primo
1747 3165 1902 3232 libro,
1931 3181 2062 3236 quas
2118 3166 2169 3220 in
2199 3166 2434 3220 secundo
2485 3167 2809 3236 quasstioncs
2860 3167 3108 3230 moverit,
3137 3181 3324 3235 quzeve
3375 3167 3425 3220 in
3465 3166 3530 3220 iis
3573 3167 3711 3222 dicta

432 3258 693 3328 repererit
717 3258 892 3310 minus
915 3258 1206 3327 probanda,
1236 3258 1448 3312 disertis
1473 3259 1651 3314 verbis
1675 3257 1914 3313 declarat
1937 3275 1952 3314 ;
1979 3273 2148 3328 eaque
2174 3258 2351 3312 omnia
2379 3259 2432 3311 in
2463 3258 2770 3327 Soliloquiis
2794 3256 3064 3326 praedictis
3093 3258 3248 3327 primi
3278 3257 3406 3313 tomi
3427 3256 3724 3328 deprehen-

433 3348 652 3411 duntur,
680 3356 838 3416 atque
870 3348 932 3402 iis
958 3348 1084 3402 solis
1113 3348 1455 3401 conveniunt.
1489 3348 1730 3402 Alterum
1759 3363 1825 3403 ex
1854 3347 2042 3402 iisdem
2069 3348 2479 3418 Soliloquiorum
2510 3349 2656 3403 libris
2685 3350 2813 3403 citat
2836 3348 3027 3403 Florus
3055 3363 3157 3404 seu
3197 3348 3340 3404 Beda
3384 3348 3625 3420 vulgatus
3658 3350 3721 3404 ad

435 3439 456 3494 l
481 3439 605 3494 Cor.
633 3453 747 3491 χιιι.
778 3437 1038 3492 Οωιθτυιη
1067 3436 1184 3491 libri
1207 3436 1599 3506 subsequentis,
1627 3437 1711 3491 cui
1752 3438 1795 3491 si
1827 3451 1932 3491 non
1962 3437 2160 3507 inepte,
2194 3437 2410 3492 minime
2441 3448 2617 3492 tamen
2642 3437 2882 3493 eamdem
2911 3437 2980 3493 ob
3009 3453 3224 3494 causam
3263 3438 3486 3494 inditum
3529 3439 3722 3494 Solilo-

436 3532 680 3601 quiorum
715 3543 932 3595 nomen,
966 3529 1142 3583 nullus
1171 3537 1410 3584 veterum
1441 3536 1564 3582 ante
1587 3543 1758 3583 annos
1785 3527 1922 3583 forte
1950 3531 2288 3600 quingentos,
2315 3529 2512 3585 nedum
2535 3531 2650 3600 ipse
2678 3531 3023 3601 Augustinus,
3058 3531 3368 3586 meminisse
3389 3547 3611 3602 usquam
3641 3547 3724 3602 po-

438 3624 556 3677 tuit.
583 3621 787 3691 Quippe
815 3621 1081 3675 recentius
1101 3622 1166 3676 ab
1194 3622 1394 3676 incerto
1414 3629 1632 3674 auctore
1662 3620 1918 3676 collectus
1941 3630 2042 3685 est,
2071 3637 2176 3676 non
2198 3622 2358 3676 modo
2383 3637 2449 3675 ex
2472 3623 2788 3690 Augustino,
2820 3621 2970 3676 libris
2996 3622 3292 3692 praesertim
3323 3618 3722 3678 Confessiorum

438 3715 624 3785 ipsius,
658 3713 751 3768 sed
781 3714 938 3768 etiam
967 3729 1033 3767 ex
1061 3713 1282 3783 llugone
1312 3713 1604 3778 Victorino,
1639 3713 1776 3768 libro
1801 3713 1867 3768 de
1894 3714 2068 3767 Arrba
2095 3715 2308 3778 anim-.e,
2344 3714 2608 3784 habetque
2628 3715 2678 3768 in
2703 3715 2975 3784 trigesimo
3007 3713 3242 3769 secundo
3263 3715 3439 3785 capite
3459 3715 3716 3770 insertum

438 3813 596 3874 caput
625 3803 852 3872 primum
881 3803 1100 3858 Concilii
1133 3804 1507 3858 Lateranensis
1535 3803 1732 3872 quarti,
1763 3803 1977 3857 circiter
2006 3816 2096 3856 an.
2130 3802 2268 3856 1198
2304 3803 2489 3867 habiti,
2520 3805 2698 3872 paucis
2725 3804 3099 3874 praetermissis
3128 3804 3306 3860 verbis
3336 3805 3438 3876 (a).
3480 3805 3720 3876 Magnam

438 3911 602 3967 porro
631 3897 1036 3950 consensionem
1069 3903 1121 3949 et
1143 3895 1456 3949 afﬁnitatem
1485 3895 1538 3948 in
1568 3910 1633 3950 eo
1671 3895 1908 3965 reperies
1939 3909 2062 3950 cum
2108 3894 2375 3966 plerisque
2415 3895 2754 3951 collectaneis
2787 3897 3057 3967 Opuseulis
3096 3895 3318 3966 hujusce
3360 3897 3720 3967 Appendicis;

441 3965 642 4044 scilicet
664 4004 783 4042 cum
800 3989 949 4043 libris
977 3987 1044 4042 de
1069 3987 1265 4057 Spiritu
1294 3997 1348 4042 et
1374 3988 1583 4052 Anima,
1603 3995 1656 4042 et
1677 3987 1742 4041 de
1771 3986 2049 4057 Diligendo
2071 3986 2201 4049 Deo,
2219 3965 2339 4041 cum
2366 3988 2610 4054 Manuali,
2635 3997 2736 4042 etc.
2767 3989 2882 4042 Prae
2907 3965 3113 4042 cribris
3133 3965 3262 4043 vero
3290 3989 3357 4044 ad
3382 3965 3718 4045 excitandum

443 4080 536 4134 Dei
559 4094 792 4132 amorem
819 4087 1176 4147 comparatus,
1209 4093 1270 4131 ac
1293 4078 1393 4146 piis
1423 4093 1547 4146 erga
1577 4078 1748 4146 ipsum
1773 4077 2048 4132 affectibus
2078 4077 2305 4132 refertus
2329 4087 2430 4133 est.
2463 4077 2783 4148 Castigatior
2810 4078 2895 4132 hic
2922 4077 3134 4133 demum
3162 4078 3440 4134 exhibetur
3463 4080 3565 4136 iste
3593 4081 3723 4135 liber

447 4168 685 4223 subsidio
715 4177 952 4221 veterum
979 4166 1222 4221 codicum
1249 4167 1582 4223 bibliothecae
1607 4167 1808 4237 chiae,
1841 4167 2180 4235 Colbertinze,
2208 4169 2438 4224 ccenobii
2467 4170 2524 4226 S.
2558 4169 2795 4226 Medardi
2830 4170 2971 4240 apud
2999 4169 3333 4239 Suessiones,
3384 4180 3442 4228 et
3479 4172 3537 4228 S.
3578 4157 3721 4228 Petri

450 4260 517 4315 de
547 4259 760 4312 Cultura
787 4257 926 4327 apud
953 4256 1308 4311 Cenomanos.

488 2076 504 2106 ⁸
541 2074 613 2123 Sic
637 2081 740 2124 MSS.
773 2078 827 2122 At
863 2071 1000 2132 editi,
1024 2069 1248 2134 antiquis.

431 2185 3701 2214 mm

513 4372 585 4438 (a)
609 4377 724 4419 Loca
749 4383 815 4418 ex
837 4377 880 4418 s.
902 4376 1109 4438 pectore
1131 4367 1211 4420 vel
1235 4380 1296 4419 ex
1317 4369 1421 4421 aliis
1442 4370 1716 4420 auctoribus
1736 4370 1991 4433 desumpta
2012 4370 2327 4424 indicavimus
2349 4375 2476 4425 notis
2507 4373 2822 4438 alphabeticis
2844 4373 3124 4438 parenthesi
3143 4373 3368 4438 inclusis,
3387 4387 3447 4427 ac
3475 4375 3568 4427 sub
3591 4376 3723 4428 initio

1114 4518 3077 4847 W

1229 4896 1494 5040 AN
1505 4895 1927 5037 IMZE
2000 4895 2277 5038 AI)
2366 4897 2933 5045 DEUM

423 5179 477 5286 ,ς
1585 5117 2071 5228 LIBER
2142 5116 2579 5231 U'NUS.

1968 5302 2231 5357 ass...

2023 5307 2176 5351 οω

479 5397 500 5420 \

520 5439 744 5498 CAPUT
797 5438 1152 5517 _P_Rllll_llllt._
1210 5436 1492 5517 Aspim-Ilio.
1547 5437 1614 5517 ad
1700 5438 2031 5517 cognitionem
2133 5438 2340 5517 videam
2370 5439 2661 5517 te,_lum_e_n
2683 5441 3719 5517 oculorummeorum._Venir,gaudium

451 5523 499 5587 et
529 5527 748 5565 amorem
786 5509 900 5566 Dei.
920 5509 1177 5587 __Visionis
1217 5506 1312 5587 get
1351 5506 1674 5587 desiderium.
1698 5506 1896 5587 Amoris
1937 5509 2032 5564 Dei
2136 5511 2352 5587 spiritus
2381 5511 2519 5587 mei;
2559 5511 2766 5566 videam
2796 5521 2846 5587 te
2868 5553 2884 5578 ,
2912 5513 3093 5567 lzetitia
3117 5514 3298 5587 cordis
3323 5506 3719 5587 mei'fdiligam

452 5582 676 5652 derectus
705 5597 889 5636 causte.
913 5580 1142 5652 Hominis
1165 5597 1197 5633 τι
1219 5577 1324 5633 Deo
1345 5579 1710 5648 discrepantia.
1735 5579 2032 5652 Agnoseam
2136 5577 2188 5634 te
2208 5621 2223 5646 ,
2255 5582 2359 5634 vita
2389 5581 2581 5635 anima:
2609 5597 2762 5636 mete.
2804 5577 3014 5652 Appare
3056 5585 3188 5638 mihi
3225 5602 3238 5650 ;
3270 5577 3557 5642 delectatio
3599 5577 3718 5643 inea

455 5663 509 5706 te
523 5650 552 5730 ’O,
591 5650 810 5706 Domine
851 5651 1098 5730 cognitor.
1130 5666 1278 5706 meus
1303 5667 1316 5714 ;
1343 5663 1673 5730 _cogttoscam
1718 5659 1782 5730 te
1803 5691 1817 5717 ,
1867 5651 2033 5704 virtus
2137 5666 2326 5730 magna
2353 5692 2366 5716 ,
2389 5652 2644 5730 solatium
2673 5650 3028 5730 meum'dulce
3053 5694 3067 5720 ,
3097 5655 3333 5730 _Domine
3365 5658 3680 5713 Deus-meus
3701 5697 3716 5724 ,

455 5720 646 5774 animae
700 5735 852 5776 meae.
902 5721 1135 5779 Ostende
1185 5730 1237 5775 te
1285 5719 1446 5784 mihi,
1492 5718 1796 5779 consolator
1845 5736 2030 5786 meus;
2139 5718 2245 5778 vita
2273 5730 2327 5782 et
2352 5722 2517 5790 gloria
2551 5731 2660 5782 tota
2686 5722 2878 5781 animae
2907 5718 3062 5782 meae.
3093 5725 3361 5784 Inveniam
3389 5737 3478 5798 te,
3505 5718 3718 5786 deside;
