4138 6212
539 394 639 458 871

541 517 644 574 lius
678 513 911 571 hominis
936 513 1107 566 laetus
1129 512 1213 563 est
1238 502 1407 560 Filius
1433 503 1548 559 Dei.
1594 502 1707 559 Hoc
1736 502 1912 574 itaque
1939 502 2118 556 consi-

540 588 747 644 deranti
795 582 922 639 mihi
971 578 1159 634 ﬁducia
1214 587 1295 632 est
1338 575 1546 637 dicere,
1579 574 1692 628 Non
1743 573 1902 628 homo
1950 576 2123 626 minor

579 659 700 714 aulo
730 656 903 710 minus
923 657 1004 706 est
1028 648 1096 705 ab
1118 646 1332 716 Angelis
1352 687 1367 709 ,
1399 660 1503 699 non
1528 645 1705 712 utique
1724 651 1925 698 tantum
1946 656 2124 716 acqua-

579 674 700 714 aUIO
730 674 903 710 minus
923 674 1004 706 cat
1028 674 1096 705 ut)
1118 674 1332 716 ηιιδειιδ
1352 687 1367 709 ,
1400 674 1503 699 ιιυιι
1528 674 1705 712 uuquc
1725 674 1925 698 ιειιιιιιιιι
1948 674 2121 711 utqua-

540 674 608 783 iis
637 724 877 795 Angelis;
909 720 1003 776 sed
1042 718 1285 788 superior
1311 716 1571 795 Angelis:
1596 715 1729 795 ‘quia
1756 714 2082 795 homo‘Deps
2104 753 2121 779 ,

541 804 597 854 et
639 783 780 850 Deus
809 783 1001 858 homo,
1051 783 1158 844 non
1206 783 1447 858 angelus.
1490 786 1556 858 Et
1580 785 1749 839 dicam
1782 783 2125 858 propter-hoc

540 853 811 921 hominem
835 876 953 918 esse
977 853 1703 925 creaturam'dignissimam,
1745 853 1865 924 quia
1896 853 2122 925 Verbum

540 935 682 1006 quod
711 934 925 1006 erat_in
963 922 1410 1006 principionDeu's
1453 926 1590 1006 apud
1638 922 1799 980 Deum
1826 942 1857 1006 ;_
1892 922 2122 1006 Verbum

540 992 636 1077 per
649 1004 797 1077 quod
823 992 1155 1077 Deus‘digtit;
1191 997 1310 1052 Fiat
1338 992 1697 1077 tumnetfacta
1739 1006 1811 1049 est
1840 992 2119 1077 ινιτ-(ραι.

542 1064 581 1142 ἰ,
610 1064 690 1146 ’5)ζ
719 1073 958 1146 angelica
973 1071 1179 1146 scilicet
1202 1064 1670 1146 patura;‘Verl_imn
1700 1081 1795 1135 per
1816 1064 1965 1146 quod
1988 1064 2125 1146 Deus

541 1134 740 1201 creavit
768 1134 944 1197 ovmnia
972 1142 1023 1195 in
1051 1139 1311 1210 principio
1329 1179 1342 1202 ,
1374 1134 1512 1210 idem
1551 1134 1765 1210 Verbum
1792 1151 1909 1210 cura
1938 1138 2126 1210 [rictum

543 1226 615 1272 est
635 1257 650 1282 ,
677 1223 724 1269 et
749 1212 987 1268 habitavit
1006 1203 1249 1282 in'rnobis,
1274 1218 1320 1263 et
1340 1208 1554 1262 uidimus
1576 1207 1790 1282 gloriam
1810 1207 1916 1275 ejus
1943 1203 2122 1282 (_Joan.

544 1302 594 1352 ι,
624 1275 692 1353 ἱ,
725 1284 838 1354 14).
872 1283 1009 1354 Ecce
1031 1281 1197 1352 gloria
1223 1294 1319 1354 per
1361 1292 1517 1347 quam
1547 1275 2006 1354 glorior,_quando
2036 1287 2124 1354 sa-

543 1343 912 1426 n'um'glorior.
939 1343 1077 1426 Ecce
1101 1343 1349 1426 gaudium
1376 1343 1471 1416 per
1491 1343 1630 1416 quod
1652 1346 1856 1426 gaudeo
1880 1343 2129 1426 ,quando

544 1415 734 1482 sanum
760 1422 992 1495 gaudeo,
1024 1415 1254 1476 Domine
1296 1415 1437 1474 Deus
1484 1415 1674 1481 meus,
1712 1418 1816 1470 vita
1864 1425 1919 1469 et
1960 1415 2128 1484 gloria

547 1503 655 1553 tota
678 1495 869 1557 anima:
897 1506 1052 1548 meae.

615 1565 885 1621 Conﬁteor
932 1576 1094 1633 ergo,
1147 1558 1371 1633 Domine
1425 1557 1566 1633 Deus
1620 1572 1806 1633 meus,
1872 1569 1991 1633 cum
2047 1567 2132 1608 me

552 1635 747 1693 creasti
772 1625 1305 1701 rationis'capaeem,
1342 1629 1558 1698 Angelis
1585 1627 1818 1701 quodam
1850 1625 2007 1679 modo
2035 1638 2132 1693 pa-

547 1721 662 1763 rem
690 1704 880 1762 creasti
908 1722 922 1759 :
951 1703 1071 1772 quia
1087 1695 1277 1772 perﬁci
1296 1700 1312 1731 ί
1346 1695 1564 1772 possum
1584 1695 1679 1766 per
1698 1695 1931 1772 Verbum
1961 1704 2129 1772 tuum,

548 1785 608 1833 ut
634 1777 843 1832 veniam
886 1764 1360 1840 ad'thtialitatem
1400 1764 1759 1840 Angelorum,
1793 1774 1864 1840 ut
1909 1764 2133 1818 habeam

550 1846 889 1916 adoptionem
927 1836 1156 1916 ﬁliorum
1201 1854 1297 1909 per
1325 1836 2088 1916 unigenitumﬂerbumtuum
2116 1874 2131 1898 ,

549 1905 808 1995 Domine,
834 1928 930 1995 per
955 1911 1148 1992 Filium
1177 1905 1597 1995 tuum'dilectum
1619 1908 1712 1995 “in
1742 1920 1848 1995 quo
1872 1905 2136 1995 bene

551 1975 903 2057 complacuit,
935 1997 1031 2051 per
1071 1981 1242 2034 virum
1267 1978 1628 2057 cohmrentem
1645 1978 1760 2057 ’_et
1784 1975 2135 2057 consubstan-

553 2045 735 2110 tialem
762 2053 858 2108 tibi
883 2045 953 2108 et'
982 2058 1305 2105 comternum
1346 2046 1528 2102 Jesum
1573 2046 1837 2102 Christum
1862 2088 1875 2110 ,
1922 2045 2135 2099 unicum

554 2124 839 2181 Dominum
863 2132 920 2177 et
958 2119 1352 2188 redemptorem
1398 2126 1638 2171 nostrum
1661 2158 1675 2181 ,
1728 2116 2135 2188 illuminatorem

555 2204 613 2251 et
658 2193 1047 2249 consolatorem
1077 2183 1346 2252 nostrum,
1374 2188 1685 2242 advocatum
1712 2196 1952 2241 nostrum
1997 2183 2137 2254 apud

555 2274 640 2328 te.
680 2271 736 2319 et
758 2263 937 2317 lumen
980 2260 1256 2316 oculorum
1302 2266 1639 2324 nostrorum,
1679 2259 1768 2326 qui
1796 2264 1896 2328 est
1937 2255 2041 2328 vita
2086 2262 2139 2328 et

556 2325 789 2390 salvator
811 2340 1018 2395 noster,
1050 2338 1103 2385 et
1127 2343 1249 2398 Spes
1288 2328 1438 2383 unica
1460 2337 1637 2381 nostra
1658 2325 1804 2398 {qui
1836 2339 1932 2379 nos
1955 2325 2140 2398 dilexit

554 2403 727 2474 magis
752 2417 910 2474 quam
941 2415 998 2455 se
1017 2440 1031 2467 ,
1062 2395 1170 2469 per
1200 2413 1357 2474 quem
1384 2397 1640 2452 habemus
1670 2396 1911 2451 ﬁduciam
1938 2395 2142 2474 reposit-

556 2464 675 2529 tam'
691 2481 746 2529 et
770 2464 980 2526 ﬁrmam
1005 2464 1154 2539 spem
1185 2464 1320 2537 apud
1354 2476 1404 2521 te
1423 2509 1437 2531 ,
1485 2478 1559 2539 et,
1580 2481 1854 2539 accessum
1893 2464 2139 2539 veniendi

558 2544 626 2599 ad
653 2552 704 2624 te
722 2560 738 2610 ς
758 2542 1014 2624 quoniam
1036 2535 1179 2622 δεάέι
1208 2535 1659 2624 resumens“:
1682 2535 2138 2624 ,Peiﬁeilafﬁrf

557 2606 844 2670 creduutin
871 2606 1219 2681 nomineiejus'
1266 2606 1581 2681 (ιῡὶιιηίε).
1629 2606 1865 2681 Laudem
1913 2606 2140 2681 tribuam

559 2683 764 2739 nomini
793 2693 884 2736 tuo
904 2722 919 2747 ,
944 2674 1170 2735 Domine
1189 2720 1204 2744 ,
1230 2674 1319 2747 qui
1347 2692 1431 2731 me
1456 2674 1831 2747 adimaginem
1865 2685 1919 2747 et
1945 2674 2133 2747 simiii-

560 2754 800 2810 tudinem
826 2744 967 2806 tuam
998 2749 1228 2805 creando
1248 2744 1407 2815 '(Gen.
1437 2762 1482 2812 ι,
1514 2746 1608 2815 27)
1627 2787 1640 2805 .
1666 2744 1834 2800 tantm
1861 2745 2042 2815 gloria:
2066 2744 2141 2798 fe-

562 2824 684 2879 cisti
710 2839 796 2877 me
821 2820 934 2876 fore
961 2813 1353 2887 'susceptibilem
1376 2858 1389 2878 ,
1420 2824 1476 2869 ut
1497 2813 1694 2885 possim
1721 2816 1859 2870 ﬁlius
1885 2815 1978 2868 Dei
2004 2813 2140 2887 ﬁeri.

562 2894 677 2949 Hoc
700 2892 881 2962 utique
918 2904 1025 2944 non
1059 2884 1281 2962 possunt
1308 2884 1562 2962 arbores,
1609 2900 1712 2939 non
1738 2894 1971 2962 possunt
2005 2884 2142 2953 lapi-

563 2964 660 3018 des
679 3005 693 3028 ,
726 2955 831 3017 non
862 2955 1182 3032 generaliter
1207 2957 1383 3032 omnia
1412 2971 1534 3032 qu_a3_
1552 2964 1849 3022 moventur,
1893 2955 1974 3032 vel
2027 2968 2146 3008 ere-

563 3025 720 3089 scunt
745 3033 799 3087 in
826 3025 983 3095 aere,
1029 3030 1109 3083 vel
1142 3028 1192 3082 in
1222 3028 1387 3091 mari,
1412 3025 1491 3081 vel
1521 3026 1573 3079 in
1623 3033 1761 3080 terra
1814 3042 1827 3080 :
1871 3025 1993 3094 quia
2036 3039 2142 3079 non

562 3104 710 3159 dedit
737 3104 816 3158 eis
846 3109 1167 3171 potestatem
1209 3097 1440 3171 Yerbum
1487 3105 1629 3150 tuum
1670 3096 1806 3171 ﬁlios
1852 3096 1945 3150 Dei
1993 3095 2139 3171 ﬁeri,

562 3176 685 3244 quia
727 3166 1124 3244 rationem‘non
1156 3167 1386 3233 habent;
1430 3182 1550 3220 nam
1580 3174 1634 3221 et
1663 3168 1790 3244 iure
1818 3166 2143 3244 potestasﬁin

564 3235 770 3299 ratione
795 3241 1069 3304 consistit,
1102 3254 1196 3308 per
1236 3253 1392 3308 quam
1430 3236 1799 3306 cognoscimus
1830 3237 2021 3308 Deum,
2044 3235 2145 3308 De-

564 3314 642 3369 dit
667 3322 840 3368 autem
866 3312 1001 3365 hanc
1048 3304 1349 3362 hominibus
1368 3348 1383 3372 ,
1412 3304 1544 3375 quos
1573 3308 1772 3360 creavit
1800 3304 2144 3361 rationabiles

564 3384 632 3438 ad
681 3381 962 3451 imaginem
1001 3388 1052 3432 ct
1077 3377 1471 3451 similitudinem
1502 3390 1672 3430 suam.
1704 3375 1769 3429 Et
1814 3375 2142 3451 egoutique,

567 3444 824 3516 Domine',
854 3465 949 3518 per
974 3457 1112 3501 tuam
1134 3445 1356 3518 gratiam
1376 3486 1391 3508 ,
1419 3444 1719 3518 ho_m_o_sum
1748 3463 1761 3497 :
1784 3454 1837 3499 ct
1860 3444 1999 3499 ﬁlius
2024 3454 2146 3499 tuus

567 3536 687 3575 esse
710 3514 923 3587 possum
951 3530 1048 3587 per
1071 3514 1292 3587 gratiam
1318 3555 1332 3580 ,
1361 3514 1501 3584 quod
1525 3515 1601 3587 illi
1629 3530 1731 3568 non
1763 3523 2002 3583 possunt.

637 3584 789 3646 Unde
816 3587 918 3642 hoc
945 3584 1107 3647 inihi,
1142 3584 1363 3639 Domine
1384 3624 1398 3650 ,
1429 3585 1622 3639 veritas
1647 3598 1851 3638 summa
1872 3624 1887 3649 ,
1918 3597 2147 3655 veraque

566 3661 844 3715 summitas
864 3700 879 3725 ,
911 3667 963 3713 et
995 3655 1305 3726 principium
1331 3655 1563 3726 omnium
1585 3662 1976 3726 creaturarum;
2006 3655 2147 3726 unde

566 3732 671 3786 hoc
692 3729 824 3785 mihi
847 3724 872 3793 ,
894 3724 1146 3788 Domine.
1191 3735 1247 3779 ut
1273 3726 1466 3793 possim
1499 3724 1636 3779 ﬁlius
1682 3734 1800 3778 tuus
1829 3725 1976 3789 ﬁeri,
2006 3724 2146 3793 quod

565 3802 644 3857 illi
670 3816 773 3856 non
802 3798 1068 3870 possunt?
1106 3797 1182 3870 ’[u
1228 3797 1368 3870 enim
1410 3809 1630 3870 manens
1661 3795 1710 3870 iu
1744 3803 1997 3870 reteruum
2026 3810 2146 3850 om-

575 3872 660 3925 nia
693 3864 887 3926 creasti
919 3868 1094 3923 simul.
1125 3865 1293 3921 Simul
1319 3866 1509 3920 creasti
1539 3864 1779 3920 homines
1806 3874 1861 3921 et
1883 3866 2142 3935 jumeuta,

566 3941 769 4011 lapides
796 3950 851 3996 et
877 3939 1102 3995 virentia
1149 3947 1322 4011 terrae.
1354 3936 1468 4011 Non
1499 3947 1885 4011 pra:_cessert_tnt
1921 3937 2106 3989 merita
2127 3977 2142 4002 ,

569 4007 714 4067 nulla
759 4026 941 4066 eorum
971 4009 1255 4062 antecessit
1279 4007 1449 4074 gratia
1481 4024 1491 4058 :
1525 4007 1647 4075 quia
1674 4007 1849 4060 omnia
1901 4016 1985 4060 tua
2032 4017 2145 4059 tan-

570 4092 683 4137 tum
713 4082 948 4136 bonitate
974 4078 1164 4132 creasti
1191 4117 1206 4139 ,
1237 4087 1289 4129 et
1320 4090 1474 4144 pares
1498 4090 1684 4129 omnes
1712 4085 1969 4130 creaturm
1998 4075 2146 4131 fuere

567 4152 623 4207 in
653 4151 856 4206 meritis
876 4190 890 4213 ,
921 4149 1039 4217 quia
1072 4148 1306 4217 omnium
1335 4146 1473 4198 nulla
1505 4147 1647 4199 fuere
1675 4147 1878 4199 merita.
1910 4146 1976 4199 Et
2005 4146 2147 4200 unde

569 4236 699 4290 ergo
726 4220 894 4290 magis
939 4216 1023 4290 tua
1056 4216 1260 4269 bonitas
1292 4216 1365 4290 iu-
1388 4216 1485 4268 hac
1528 4223 1614 4290 tua
1662 4225 1902 4290 creatura
1926 4256 1941 4280 ,
1987 4231 2145 4284 quam

566 4284 743 4347 fecisti
790 4284 1132 4350 rationalem,
1165 4299 1320 4351 quam
1354 4284 1403 4336 in
1435 4285 1678 4338 omnibus
1722 4284 1839 4337 aliis
1876 4300 1993 4353 quae
2025 4294 2148 4339 sunt

575 4359 692 4413 sine
735 4357 937 4413 ratione
958 4397 972 4422 ,
1023 4354 1303 4423 apparuit?
1328 4354 1500 4417 Quare
1531 4369 1635 4406 non
1676 4368 1775 4422 ego
1801 4355 1934 4407 sicut
1962 4369 2147 4411 omnes

574 4429 703 4494 illm,
730 4436 820 4483 aut
845 4442 941 4481 cur
964 4441 1070 4481 non
1098 4426 1284 4479 omnes
1314 4424 1415 4477 illa:
1442 4424 1578 4478 sicut
1599 4438 1697 4493 ego
1717 4463 1729 4485 ,
1758 4433 1847 4477 aut
1873 4439 1972 4492 ego
2001 4424 2146 4478 solus

567 4500 709 4556 sicut
737 4508 789 4554 et
814 4497 957 4553 illm?
986 4496 1113 4565 Quae
1142 4509 1257 4557 mea
1288 4493 1476 4549 merita
1496 4536 1510 4559 ,
1544 4509 1659 4563 qua:
1697 4507 1812 4547 mea
1859 4496 2024 4563 gratia
2049 4536 2063 4558 ,
2090 4505 2147 4550 ut

570 4586 658 4626 me
704 4568 910 4625 ﬁlium3
958 4567 1049 4623 Dei
1101 4580 1256 4636 posse
1303 4565 1416 4619 ﬁeri
1462 4564 1854 4636 susceptibilem
1898 4579 2143 4633 creares,

571 4640 715 4711 quod
741 4642 845 4711 illis
891 4634 1135 4711 omnibus
1184 4634 1515 4711 denegares?
1561 4636 1740 4701 Absit,
1793 4635 2059 4711 Domine,
2089 4645 2149 4691 ut

571 4706 675 4768 hoc
697 4710 942 4767 sentiam.
971 4708 1082 4762 Tua
1111 4716 1313 4762 tantum
1342 4706 1507 4774 gratia
1525 4746 1539 4769 ,
1568 4715 1655 4759 tua
1701 4714 1899 4759 tantum
1940 4706 2148 4762 bonitas

570 4781 677 4839 hoc
703 4782 853 4846 fecit,
883 4788 940 4835 ut
963 4793 1135 4833 essem
1168 4778 1430 4845 particeps
1455 4775 1908 4847 dulcedinisejus.
1934 4775 2025 4829 Illa
2052 4777 2147 4847 igi-

570 4860 658 4907 tur
682 4853 1004 4923 gratiaqua“
1026 4864 1112 4923 me
1140 4847 1206 4923 de
1235 4847 1399 4902 nihilo
1421 4916 1431 4923 _
1441 4846 1632 4923 creasti
1650 4887 1665 4912 ,
1714 4846 1854 4923 illam
1876 4887 1891 4912 ,
1922 4846 2103 4923 quaeso
2128 4888 2144 4915 ,

571 4916 818 4984 Domine,
837 4916 1314 4988 da'mihiggratiam,
1328 4925 1385 4970 ut
1398 4916 1489 4988 tibi
1503 4916 1681 4988 de_hoe
1692 4916 1916 4988 referam
1930 4918 2144 4985 gratias.

643 4990 870 5049 CAPUT
915 4988 1006 5043 IX.
1037 4985 1115 5042 De
1157 4987 1516 5057 omnipotentia
1549 4985 1660 5040 Dei.
1691 4985 1794 5040 Cur
1821 5003 1912 5039 nos
1941 5002 2039 5039 non
2067 4988 2146 5039 la-

570 5065 670 5134 pis,
688 5063 857 5124 arbor,
877 5069 995 5134 etc.
1025 5101 1041 5126 ,
1072 5058 1212 5127 facti.
1225 5057 1586 5134 _0mnipotens
1611 5071 1800 5134 manus
1833 5066 1923 5134 tua_
1939 5070 2150 5126 semper

570 5125 674 5189 una
705 5142 759 5188 et
794 5125 1033 5195 eadem,
1064 5125 1263 5182 creavit
1310 5129 1360 5181 in
1404 5125 1552 5180 coelo
1594 5126 1824 5194 Angelos
1848 5168 1862 5191 ,
1911 5126 1963 5180 in
2010 5125 2149 5182 terra

571 5200 889 5259 vermiculos
915 5216 929 5254 :
953 5215 1056 5253 non
1078 5199 1321 5266 superior
1344 5196 1398 5251 in
1423 5196 1544 5260 illis,
1575 5211 1678 5250 non
1708 5198 1923 5251 inferior
1938 5196 1988 5250 in
2011 5198 2145 5253 istis.

558 5275 718 5331 Sicut
746 5271 886 5327 enim
936 5269 1077 5324 nulla
1108 5282 1297 5323 manus
1341 5267 1630 5336 Angelum,
1674 5266 1745 5320 ita
1789 5266 1932 5321 nulla
1976 5276 2151 5336 posset

568 5359 755 5400 creare
782 5339 1144 5397 vermiculum‘
1182 5355 1197 5393 :
1235 5339 1371 5393 sicut
1414 5336 1559 5390 nulla
1605 5338 1796 5391 coelum
1821 5379 1838 5403 ,
1887 5338 1958 5392 ita
2005 5337 2148 5391 nulla

571 5423 749 5485 posset
775 5425 961 5485 creare
1003 5408 1280 5485 minimum
1308 5406 1513 5485 arboris
1540 5404 1719 5485 folium
1767 5425 1780 5460 :
1827 5409 1960 5462 sicut
1978 5409 2149 5485 “nulla

570 5476 766 5557 corpus
784 5524 799 5547 ,
828 5482 898 5536 ita
928 5480 1070 5557 nulla
1097 5494 1260 5557 unum
1288 5477 1536 5546 capillum
1563 5476 1739 5531 album
1770 5488 1947 5557 posset
1973 5476 2149 5557 facere

568 5549 932 5625 aut'nigrum;
960 5549 1055 5608 sed
1084 5549 1424 5625 omnipotens
1446 5562 1636 5625 manus
1679 5558 1795 5611 tua,
1842 5549 2149 5625 cuinomnia

572 5626 687 5693 pari
714 5617 874 5679 modo
909 5630 1035 5678 sunt
1060 5617 1351 5691 possibilia.
1380 5617 1490 5674 Nec
1532 5617 1675 5673 enim
1721 5619 2026 5688 possibilius
2067 5625 2149 5674 est

634 5718 657 5849 ξ
1236 5769 1432 5831 terim
1451 5767 1770 5826 coheredem.

636 5835 657 5874 ³
676 5808 1108 5900 ἒῖι”ίῖἐὰυῖ’1εῖὲἓῖ“⁹

2004 382 2364 445 APPENDIX.

3713 383 3824 445 872

2231 502 2279 557 ei
2307 514 2489 556 creare
2511 497 2856 555 vcrmiculum
2877 540 2892 565 ,
2920 512 3078 569 quam
3119 497 3400 570 angelum;
3428 512 3531 554 nec
3557 499 3818 570 impossi-

2230 572 2389 626 bilius
2417 572 2706 626 extendere
2749 570 2979 634 coelum,
3032 584 3189 639 quam
3237 569 3456 633 folium;
3503 585 3602 624 nec
3646 572 3819 628 levius

2230 641 2459 696 formare
2485 642 2762 710 capillum,
2809 656 2967 710 quam
3011 654 3238 707 Corpus;
3268 654 3366 694 nec
3390 638 3663 696 difﬁcilius
3691 642 3815 698 fun-

2229 711 2357 765 dare
2383 720 2576 785 terram
2602 726 2762 785 super
2785 726 2980 785 aquas,
3010 725 3166 779 quam
3195 724 3363 785 aquas
3402 711 3625 785 [nudare
3653 729 3821 785 super

2232 790 2427 836 terram
2453 783 2468 813 ί
2497 800 2510 836 :
2538 782 2632 836 sed
2654 782 2832 837 omnia
2854 796 3200 850 quaecumque
3224 779 3391 834 voluit
3420 780 3568 845 fecit,
3590 783 3652 837 in
3676 779 3817 839 cEelo

2230 852 2361 906 etin
2390 861 2529 907 terra
2556 893 2571 916 ,
2606 853 2657 906 iu
2687 853 2817 905 mari
2857 860 2910 904 et
2950 851 2999 903 iu
3047 851 3294 922 omnibus
3340 851 3583 922 abyssis,
3633 863 3688 906 et
3732 869 3818 910 me

2231 922 2367 976 inter
2420 923 2632 988 omnia,
2683 923 2818 976 sicut
2863 922 3058 985 voluit,
3105 921 3277 989 potuit
3331 930 3386 975 et
3428 921 3601 976 scivit.
3644 924 3821 979 Potuit

2230 992 2442 1062 quidem
2475 1008 2663 1046 manus
2689 1002 2796 1053 tua,
2828 991 3071 1054 Domine,
3091 1005 3190 1062 ,me
3216 992 3471 1060 lapidem,
3518 994 3601 1047 vel
3639 1008 3816 1061 avem,

2234 1063 2322 1116 vel
2347 1072 2650 1130 serpentem
2680 1065 2762 1116 vel
2793 1061 3021 1116 belluam
3054 1061 3283 1130 aliquam
3305 1077 3509 1128 creare,
3537 1072 3590 1117 et
3615 1064 3769 1117 scivit
3801 1083 3818 1120 :

2232 1133 2325 1186 sed
2370 1134 2537 1186 noluit
2570 1142 2784 1202 propter
2809 1146 2959 1186 suam
2988 1133 3296 1185 bonitatem.
3342 1132 3519 1198 Quare
3562 1148 3661 1202 ego
3713 1148 3818 1188 non

2234 1202 2386 1271 lapis,
2414 1204 2494 1256 vel
2520 1204 2698 1264 arbor,
2730 1204 2809 1258 vel
2850 1202 3021 1271 aliqua
3064 1202 3260 1256 bellua?
3285 1202 3416 1269 Quia
3452 1204 3528 1257 sic
3561 1204 3822 1259 Ordinavit

2233 1272 2439 1328 bonitas
2463 1282 2568 1327 tua.
2590 1274 2655 1328 Et
2671 1284 2729 1328 ut
2748 1274 2847 1328 hoc
2862 1274 3152 1339 ordinaret,
3171 1287 3275 1326 non
3303 1284 3684 1342 praecesserunt
3707 1288 3821 1328 me-

2233 1343 2331 1396 rita
2351 1357 2485 1396 mea.

2305 1413 2530 1484 CAPUT
2559 1412 2626 1468 Χ.
2672 1413 2840 1469 Homo
2863 1413 3169 1484 insuﬂiciens
3193 1413 3261 1466 ad
3286 1413 3599 1484 laudandum
3630 1413 3813 1468 Deum.

2240 1483 2366 1550 Quis
2393 1482 2553 1538 Deum
2597 1486 2785 1538 laudet.
2814 1484 2950 1537 Laus
2978 1482 3193 1537 hominis
3235 1498 3369 1537 vera.
3400 1483 3626 1538 Rursum
3651 1486 3713 1538 de
3735 1486 3816 1537 iu-

2236 1554 2531 1623 suﬂicieulia
2577 1555 2645 1607 ad
2696 1554 2898 1608 laudem
2944 1554 3062 1608 Dei.
3117 1553 3263 1607 Unde
3309 1554 3625 1623 suppleatur.
3670 1554 3817 1610 Unde

2238 1623 2340 1677 hoc
2370 1625 2498 1678 mihi
2517 1664 2531 1685 ,
2566 1625 2826 1679 Domine?
2854 1624 2993 1678 unde
3022 1624 3149 1677 mihi
3180 1623 3364 1678 laudes
3392 1624 3458 1676 ad
3500 1624 3817 1679 laudandum

2241 1694 2332 1748 te?
2372 1694 2516 1749 Sicut
2548 1694 2716 1750 fecisti
2746 1710 2831 1749 me
2873 1696 2989 1749 sine
3012 1709 3099 1749 me
3122 1734 3136 1757 ,
3182 1693 3319 1749 sicut
3349 1695 3544 1763 placuit
3584 1704 3706 1749 ante
3732 1704 3816 1760 te;

2240 1764 2312 1817 ita
2338 1764 2450 1819 laus
2494 1765 2588 1819 tibi
2633 1766 2853 1819 estsine
2894 1779 3013 1829 me,
3062 1764 3199 1818 sicut
3240 1764 3536 1832 complacet
3575 1775 3699 1820 aute
3745 1773 3817 1819 te.

2240 1833 2381 1889 Laus
2413 1843 2499 1888 tua
2519 1875 2534 1900 ,
2568 1836 2790 1891 Domine
2809 1877 2823 1899 .
2856 1843 2912 1890 tu
2941 1836 3056 1904 ipse
3080 1849 3159 1889 es.
3199 1834 3438 1888 Laudent
3467 1843 3518 1888 te
3544 1850 3705 1904 Opera
3733 1843 3819 1890 tua

2242 1904 2533 1959 secundum
2559 1905 2947 1961 multitudinem
2975 1904 3354 1974 magnitudinis
3384 1916 3506 1959 tum.
3539 1904 3678 1959 Laus
3707 1914 3815 1971 tua,

2241 1974 2496 2046 Domine,
2531 1976 3081 2046 incomprehensibilis
3110 1984 3228 2039 est;
3259 1975 3420 2029 corde
3444 1989 3548 2029 non
3579 1989 3823 2043 compre-

2242 2044 2510 2111 henditur,
2540 2062 2634 2101 ore
2663 2044 2771 2100 non
2799 2054 3156 2110 mensuratur,
3190 2059 3321 2099 aure
3346 2059 3451 2100 non
3483 2045 3771 2115 percipitur
3802 2064 3817 2101 :

2242 2115 2494 2199 quia‘is‘ta
2518 2125 2825 2199 transeunt,
2857 2126 2913 2199 et
2939 2115 3070 2199 laus
3090 2124 3176 2199 tua
3222 2125 3400 2170 manet
3441 2116 3494 2169 in
3532 2125 3816 2199 internum.

2243 2185 2502 2256 Cogitatio
2529 2186 2731 2256 incipit,
2761 2187 3010 2256 cogitatio
3038 2185 3250 2250 ﬁnitur;
3276 2200 3375 2240 vox
3398 2193 3549 2241 sonat
3573 2194 3628 2241 et
3653 2196 3822 2241 trans-

2243 2255 2317 2321 it;
2346 2258 2488 2311 auris
2513 2255 2691 2323 audit,
2723 2265 2777 2311 et
2811 2255 3022 2310 auditus
3064 2256 3338 2320 desinit';
3389 2256 3503 2309 laus
3553 2270 3679 2311 vero
3728 2264 3818 2311 tua

2246 2326 2297 2396 in
2323 2336 2579 2381 aeternum
2610 2335 2731 2382 stat.
2759 2328 2889 2395 Quis
2932 2340 3059 2396 ergo
3102 2334 3189 2396 esi
3226 2326 3318 2394 qui
3366 2334 3420 2380 te
3446 2325 3668 2381 laudet?
3693 2326 3824 2394 Quis

2246 2395 2407 2453 homo
2430 2399 2705 2453 annuntict
2730 2398 2937 2451 laudem
2961 2397 3146 2451 tuam?
3171 2395 3307 2450 Laus
3336 2404 3424 2449 tua
3443 2407 3696 2465 perpetua
3718 2404 3817 2461 est,

2246 2467 2548 2548 transitoria
2573 2468 2939 2548 non__est.__ilic
2966 2475 3023 2548 te
3051 2465 3260 2548 lapdat,
3288 2467 3379 2548 qui
3425 2474 3477 2548 te
3506 2467 3677 2536 ipsum
3705 2466 3821 2548 lau:

2245 2537 2366 2592 dem
2399 2546 2540 2591 tuam
2578 2538 2765 2593 credit.
2799 2538 2897 2593 Hic
2920 2545 2972 2592 te
2997 2536 3210 2602 laudat,
3238 2536 3328 2606 qui
3355 2551 3413 2590 se
3439 2537 3611 2605 ipsum
3653 2536 3823 2591 noscit

2247 2608 2299 2660 in
2331 2615 2471 2661 tuam
2499 2606 2706 2662 laudem
2729 2624 2833 2661 non
2864 2621 3018 2674 posse
3050 2607 3367 2677 pertingere.
3389 2606 3527 2661 Laus
3542 2617 3819 2677 perpetua,

2246 2692 2364 2746 qua:
2394 2692 2662 2745 nunquam
2694 2678 2921 2743 transis,
2953 2677 3008 2731 in
3049 2687 3101 2732 te
3128 2685 3210 2731 est
3255 2676 3377 2746 laus
3414 2676 3624 2743 nostra,
3648 2676 3653 2677 “
3675 2678 3725 2730 in
3770 2684 3823 2732 te

2248 2745 2543 2801 laudabitur
2569 2748 2744 2801 anima
2776 2762 2911 2802 mea.
2944 2747 3056 2801 Non
3086 2761 3185 2801 nos
3207 2745 3483 2801 laudamus
3521 2755 3574 2802 te
3606 2765 3618 2800 :
3646 2746 3737 2801 sed
3769 2755 3824 2801 tu

2250 2826 2300 2870 te
2328 2857 2344 2882 ,
2372 2827 2426 2870 et
2452 2832 2545 2884 per
2567 2827 2617 2872 te
2636 2859 2651 2883 ,
2695 2827 2749 2872 et
2773 2818 2826 2872 in
2851 2830 2935 2883 te;
2961 2826 3017 2872 et
3061 2816 3213 2872 nobis
3240 2817 3399 2871 etiam
3425 2816 3540 2871 laus
3563 2826 3645 2872 est
3673 2818 3723 2870 in
3750 2825 3821 2872 te.

2249 2886 2398 2941 Tunc
2414 2902 2594 2941 veram
2620 2888 2876 2942 habemus
2902 2887 3110 2942 laudem
3132 2928 3147 2952 ,
3175 2885 3388 2957 quando
3428 2901 3456 2940 a
3485 2896 3536 2941 te
3566 2886 3821 2942 habemus

2250 2957 2461 3027 laudem
2486 2999 2501 3023 ,
2531 2958 2742 3027 quando
2772 2958 2861 3011 lux
2888 2957 3149 3027 approbat
3176 2958 3384 3020 lucem;
3428 2957 3548 3022 quia
3597 2967 3653 3009 tu
3696 2971 3824 3011 vera

2247 3026 2362 3083 laus
2387 3026 2565 3083 veram
2597 3027 2783 3083 tribuis
2813 3026 3040 3083 laudem.
3070 3027 3289 3094 Quoties
3317 3027 3383 3081 ab
3409 3027 3512 3081 alio
3535 3040 3693 3094 quam
3718 3041 3750 3081 a
3775 3037 3826 3082 te

2287 3098 2535 3153 uterimus
2562 3098 2805 3164 laudem,
2838 3098 2992 3154 teties
3038 3106 3185 3151 tuam
3225 3096 3516 3151 amittimus
3562 3096 3773 3150 laudem
3807 3116 3820 3151 :

2287 3112 2535 3153 uaerumus
2564 3112 2805 3164 tandem,
2838 3112 2992 3154 toues
3038 3112 3185 3151 tuam
3225 3112 3516 3151 amittimus
3564 3112 3773 3150 tauuem
3807 3116 3820 3151 :

2249 3112 2371 3236 (riuis
2395 3168 2483 3223 illa
2514 3168 2817 3223 transitoria
2845 3178 2927 3236 est
2947 3210 2961 3235 ,
2992 3167 3086 3222 sed
3114 3176 3201 3221 tua
3245 3175 3461 3221 aeterna.
3489 3166 3546 3221 Si
3573 3168 3824 3221 transito—

2249 3235 2381 3308 riam
2412 3239 2698 3308 quaerimus
2716 3280 2730 3305 ,
2760 3235 3013 3293 aeternam
3043 3238 3352 3308 amittimus.
3378 3237 3435 3290 Si
3459 3247 3711 3291 aeternam
3734 3251 3826 3291 vo-

2252 3306 2457 3374 lumus,
2489 3309 2841 3362 transitoriam
2865 3324 2973 3362 non
2999 3322 3257 3361 amemus.
3285 3307 3426 3361 Laus
3451 3316 3649 3361 :ctcrna
3666 3350 3682 3372 ,
3718 3308 3821 3360 Do-

2251 3380 2393 3432 mine
2424 3378 2564 3434 Deus
2604 3393 2755 3435 meus
2774 3419 2789 3441 ,
2817 3394 2846 3431 a
2872 3393 2979 3447 quo
3005 3380 3178 3432 omnis
3204 3379 3314 3432 laus
3334 3420 3349 3442 ,
3394 3380 3510 3432 sine
3537 3392 3643 3447 quo
3685 3378 3825 3432 nulla

2250 3455 2333 3503 est
2356 3449 2498 3513 laus,
2526 3463 2631 3502 non
2658 3449 2808 3503 valeo
2830 3449 3047 3504 laudare
3078 3458 3128 3503 te
3158 3449 3272 3503 sine
3300 3456 3352 3502 te
3400 3465 3413 3500 :
3461 3448 3684 3502 habeam
3732 3458 3782 3501 te
3806 3489 3821 3511 ,

2252 3516 2479 3572 laudabo
2505 3526 2576 3573 te.
2607 3518 2734 3585 Quis
2761 3519 2902 3573 enim
2924 3533 3022 3586 ego
3047 3533 3163 3573 sum
3184 3560 3199 3585 ,
3230 3518 3450 3572 Domine
3469 3560 3483 3582 ,
3512 3534 3603 3587 per
3628 3534 3712 3573 me
3736 3518 3826 3587 qui

2252 3587 2460 3658 laudem
2487 3596 2539 3642 te
2562 3587 2585 3641 ?
2606 3588 2784 3642 Pulvis
2811 3598 2865 3643 et
2887 3589 3020 3642 cinis
3045 3604 3143 3658 ego
3172 3603 3318 3654 sum,
3344 3589 3491 3643 canis
3514 3598 3750 3642 mortuus
3774 3596 3829 3642 et

2252 3656 2421 3712 fetens
2444 3672 2543 3728 ego
2567 3674 2684 3713 sum
2706 3700 2720 3725 ,
2748 3660 2945 3713 vermis
2972 3667 3027 3713 et
3052 3656 3274 3728 putredo
3292 3671 3391 3728 ego
3416 3673 3555 3713 sum.
3576 3658 3706 3725 Quis
3730 3672 3828 3726 ego
3920 3660 3933 3667 '

2251 3741 2402 3789 sum,
2435 3737 2491 3781 ut
2515 3728 2722 3783 laudem
2756 3739 2806 3783 te
2829 3771 2844 3795 ,
2890 3729 3112 3783 Domine
3139 3730 3305 3799 Dens.
3341 3728 3626 3783 fortissime
3668 3730 3828 3799 spirie

2254 3806 2399 3868 tuum
2433 3799 2715 3853 attuiversa:
2765 3800 2973 3860 carnis,
3029 3800 3117 3868 qui
3171 3798 3378 3852 habitas
3433 3798 3828 3854 aeternitatem?

2250 3867 2514 3938 Numquid
2541 3869 2772 3923 tenebrae
2798 3869 3083 3924 laudabunt
3109 3869 3279 3923 lucem
3305 3910 3319 3932 ,
3348 3878 3438 3922 aut
3464 3884 3608 3923 mors
3635 3869 3831 3922 vitam?

2252 3938 2330 3993 Tu
2359 3937 2477 4005 lux,
2523 3954 2622 4007 ego
2651 3940 2919 4004 tenebrat;
2951 3948 3005 3992 tu
3051 3940 3154 3992 vita
3177 3980 3193 4005 ,
3240 3954 3339 4008 ego
3369 3954 3536 3994 mors.
3565 3937 3832 4006 Numquid

2252 4010 2458 4063 vanitas
2478 4011 2751 4064 veritatem
2782 4009 3050 4063 laudabit?
3088 4009 3165 4063 'l‘u
3196 4023 3254 4063 es
3278 4010 3505 4070 veritas,
3536 4024 3635 4079 ego
3672 4009 3833 4079 homo

2251 4080 2467 4134 vanitati
2510 4079 2697 4133 similis
2726 4080 2911 4136 factus.
2941 4079 3076 4146 Quid
3122 4095 3279 4149 ergo.
3315 4078 3834 4145 Domine,laudabit

2253 4158 2305 4203 te
2327 4151 2349 4202 ?
2371 4149 2631 4219 Numquid
2654 4151 2861 4204 miseria
2885 4165 2999 4204 mea
3025 4150 3256 4203 laudabit
3282 4150 3371 4203 te?
3394 4149 3657 4217 Numquid
3698 4151 3833 4203 letor

2254 4219 2485 4289 laudabit
2515 4219 2733 4274 odorem
2755 4221 2776 4272 ?
2798 4220 3063 4289 Numquid
3088 4220 3384 4273 mortalitas
3410 4219 3640 4272 hominis
3658 4260 3673 4289 ,
3710 4233 3834 4289 qua:

2253 4288 2409 4344 hodie
2432 4297 2514 4343 est
2538 4298 2592 4344 et
2619 4305 2735 4344 cras
2768 4291 2986 4355 tollitur,
3018 4289 3250 4343 laudabit
3276 4289 3368 4344 te?
3413 4288 3675 4354 Numquid
3708 4288 3829 4341 lau-

2251 4359 2398 4414 dabit
2427 4368 2477 4413 te
2508 4361 2766 4428 putredo,
2796 4369 2850 4415 et
2876 4361 3015 4415 ﬁlius
3036 4359 3266 4413 hominis
3292 4360 3527 4414 vermis?
3556 4358 3829 4427 Numquid

2253 4428 2486 4485 laudabit
2512 4439 2581 4495 te,
2610 4430 2854 4492 Domine.
2902 4432 2988 4499 qui
3040 4431 3091 4483 iu
3137 4431 3363 4497 peccatis
3403 4430 3733 4499 genitusest
3777 4437 3836 4483 ct

2253 4501 2446 4554 natus?
2476 4500 2676 4555 Laudet
2721 4511 2794 4566 te,
2829 4498 3048 4554 Domine
3084 4500 3223 4554 Deus
3270 4498 3447 4557 meus.
3490 4498 3834 4566 oumipotens

2252 4572 2483 4638 potentia
2516 4581 2600 4624 tua
2620 4608 2634 4633 ,
2665 4570 3224 4638 incircumscriptibilis
3252 4569 3505 4640 sapientia
3535 4579 3621 4640 tua
3640 4608 3656 4633 ,
3689 4568 3833 4622 inef-

2254 4641 2424 4695 fabilis
2448 4640 2653 4694 bonitas
2675 4648 2780 4692 tua.
2815 4640 3014 4694 Laudet
3040 4649 3090 4693 te
3116 4638 3518 4708 supereminens
3545 4638 3833 4692 clementia

2255 4721 2371 4774 tua,
2422 4710 2857 4778 superabundaus
2902 4711 3263 4765 misericordia
3330 4720 3446 4775 tua,
3511 4710 3833 4779 sempiterna

2253 4794 2462 4850 quoque
2489 4780 2657 4850 virtus
2686 4789 2738 4833 et
2767 4779 3016 4834 divinitas
3044 4791 3152 4833 tua.
3180 4780 3382 4834 Laudet
3414 4790 3465 4835 te
3492 4782 3832 4846 omnipoten-

2255 4848 2452 4920 tissima
2495 4848 2744 4904 fortitudo
2774 4858 2894 4916 tua,
2937 4865 3143 4905 summa
3189 4865 3401 4920 quoque
3445 4850 3740 4919 benignitas
3778 4856 3835 4903 et

2253 4919 2485 5000 charitas
2511 4928 2596 4975 tua
2615 4961 2630 4985 ,
2663 4930 2874 4990 propter
2899 4937 3055 4991 quam
3075 4922 3266 4976 creasti
3293 4935 3418 4986 nos,
3453 4921 3673 4974 Domine
3692 4920 3833 4973 Deus

2253 4992 2355 5045 vita
2382 4992 2571 5045 animae
2596 5005 2748 5046 mete.

2323 5060 2547 5117 CAPUT
2612 5061 2701 5116 XI.
2793 5060 2922 5132 Spes
2960 5062 3138 5115 salutis
3185 5060 3360 5132 nititur
3432 5061 3673 5132 bonitate,
3722 5074 3836 5129 qua

2254 5133 2453 5186 creavit.
2488 5131 2601 5202 Ego
2639 5140 2814 5188 autem
2838 5130 3081 5188 creatura
3130 5140 3217 5185 tua
3238 5172 3253 5195 ,
3277 5130 3378 5185 sub
3404 5132 3595 5185 umbra
3629 5130 3832 5202 alarum

2257 5212 2461 5257 tuarmn
2484 5199 2707 5271 sperabo
2724 5203 2777 5256 iu
2793 5204 3027 5257 bonitate
3051 5211 3160 5267 tua,
3180 5216 3282 5271 qua
3303 5202 3496 5256 creasti
3510 5216 3615 5255 me.
3630 5199 3834 5268 Adjuva

2254 5284 2549 5328 creaturam
2576 5282 2738 5336 tuam,
2785 5289 2942 5343 quam
2987 5274 3187 5328 creavit
3219 5271 3518 5341 benignitas
3562 5281 3649 5343 tua
3681 5287 3695 5321 :
3727 5283 3834 5323 non

2254 5354 2434 5412 pereat
2461 5345 2513 5398 in
2535 5345 2731 5399 malitia
2760 5341 2874 5397 m‘ea
2892 5384 2908 5409 ,
2941 5344 3082 5414 quod
3123 5352 3338 5414 operata
3360 5352 3444 5414 est
3468 5341 3676 5396 bonitas
3702 5349 3788 5414 tua
3809 5344 3831 5404 ‘;

2257 5408 2359 5468 non
2401 5423 2584 5496 pereat
2622 5416 2673 5496 in
2716 5408 2929 5468 miseria
2954 5408 3116 5495 Tinea,
3139 5408 3287 5496 quod
3312 5411 3440 5495 iecit
3466 5425 3675 5496 summa
3706 5408 3834 5496 cle-

2257 5483 2450 5538 mentia
2489 5494 2595 5539 tua.
2628 5484 2756 5553 Qua:
2799 5492 2880 5537 est
2907 5484 3046 5538 enim
3079 5485 3277 5538 utilitas
3322 5483 3373 5536 in
3400 5483 3669 5553 creatione
3705 5489 3791 5553 tua
3812 5518 3829 5543 ,

2255 5555 2300 5609 si
2316 5548 2716 5611 descendamwin
2737 5556 3137 5623 corruptionem
3163 5554 3380 5610 meam?
3402 5548 3671 5620 Numquid
3687 5549 3833 5604 enim

2319 5647 2336 5677 ι
2362 5650 2433 5693 Er.
2457 5645 2602 5695 Lued.
2628 5653 2745 5695 ven.
2777 5650 2827 5694 et
2846 5650 2956 5693 Lov.
2983 5644 3053 5693 sic
3077 5644 3314 5694 exhibent
3349 5640 3481 5691 hunc
3512 5641 3670 5690 locum
3702 5644 3835 5689 :It'ec

2514 5703 2718 5815 {pudore
2751 5710 2933 5756 terram
2962 5718 3107 5770 super
3129 5717 3295 5770 aquas,
3328 5714 3476 5770 quam
3496 5712 3650 5769 aquas
3685 5710 3834 5769 δαρει-

2317 5831 2338 5864 ²
2361 5834 2487 5895 Mss,
2509 5828 2693 5884 transit.
