4138 6212
356 331 462 388 885

358 444 702 515 effulserunt,
729 442 795 499 de
823 442 1009 500 futuris
1044 444 1384 515 benignitatis
1413 452 1515 499 tua:
1545 443 1850 500 melioribus
1878 451 1931 499 et

360 514 761 585 perfectioribus
787 515 1096 586 muneribus
1115 559 1129 580 ,
1158 514 1276 586 qua:
1306 517 1406 569 luis
1444 515 1626 569 amicis
1654 528 1894 569 reservas
1915 555 1928 579 ,

360 584 509 654 spem
537 600 708 640 meam
736 584 1042 652 admonent,
1066 595 1123 641 ut
1144 584 1197 640 in
1219 595 1270 642 te
1294 588 1522 651 lmtetur,
1548 586 1770 639 Domine
1795 587 1932 638 Deus

360 670 514 725 meus
536 696 551 721 ,
590 657 770 711 laetitia
810 664 989 711 sancta
1029 666 1083 711 et
1124 658 1241 711 viva
1267 698 1280 720 ,
1310 670 1427 725 qua:
1456 670 1669 725 semper
1696 655 1934 709 hetiﬁcas

357 724 684 796 iuventutem
730 742 921 782 meam.
967 727 1209 783 Dilexisti
1247 724 1389 782 enim
1419 741 1505 780 me
1528 769 1543 791 ,
1582 724 1740 779 unice
1783 740 1936 780 amor

361 811 535 857 meus.
565 806 844 867 antequam
874 797 1147 868 diligerem
1186 806 1256 864 te,
1289 808 1341 853 et
1368 797 1433 852 ad
1473 797 1753 866 imaginem
1787 806 1931 851 tuam

362 868 553 921 creasti
578 882 663 925 me
681 908 695 931 ,
726 867 987 923 omnibus
1013 870 1269 924 creaturis
1298 869 1402 922 tuis
1427 867 1762 937 praposuisti
1800 882 1887 921 me
1916 884 1931 921 ε

362 951 521 1007 quam
552 938 857 1009 dignitatem
888 947 1013 994 tunc
1032 939 1244 1009 quidem
1271 953 1428 994 servo
1453 952 1573 992 cum
1596 937 1835 991 noverim
1859 945 1930 1003 te,

363 1016 583 1077 propter
609 1008 748 1075 quod
779 1008 947 1065 fecisti
977 1008 1080 1064 me.

434 1077 658 1135 CAPUT
691 1078 902 1134 XXVII.
951 1080 1155 1146 Quanta
1200 1078 1333 1134 Deus
1371 1084 1572 1148 prt't'stet
1608 1078 1801 1133 homini
1847 1095 1937 1148 per

361 1147 579 1220 Angelos
607 1150 857 1206 custodes.
888 1149 1035 1205 Unde
1057 1150 1153 1205 Dei
1172 1156 1284 1204 runt
1310 1147 1510 1204 homine
1537 1148 1748 1203 delicia.
1780 1147 1934 1205 InStl-

362 1218 461 1288 per
500 1218 629 1290 iacis
666 1220 898 1290 Angelos
937 1228 1055 1275 tuos
1099 1221 1317 1288 spiritus
1356 1228 1575 1289 propter
1613 1235 1718 1282 me,
1747 1221 1937 1288 quibus

363 1289 625 1344 mandasti
655 1297 715 1344 ιιι
749 1289 1049 1344 custodiant
1075 1305 1164 1346 me
1192 1290 1244 1345 in
1275 1290 1520 1345 omnibus
1551 1290 1648 1345 viis
1678 1290 1841 1353 meis,
1870 1306 1939 1345 ne

365 1356 797 1431 forteioﬂ'endam
834 1360 902 1415 ad
936 1359 1163 1431 lapidem
1198 1360 1385 1430 pedem
1426 1370 1602 1414 meum
1633 1359 1806 1430 (Paci.
1835 1377 1934 1425 xc,

367 1430 429 1501 ιι
461 1471 474 1494 ,
503 1428 613 1501 12).
660 1429 735 1501 Hi
765 1438 889 1486 sunt
926 1428 1169 1501 custodes
1198 1428 1372 1501 super
1409 1445 1589 1485 muros
1612 1428 1745 1501 tuos
1788 1448 1938 1486 novae

366 1499 658 1571 Jerusalem
686 1499 836 1571 (lsai.
866 1517 973 1556 an
996 1542 1013 1568 ,
1045 1500 1138 1571 6),
1169 1509 1222 1555 et
1249 1499 1456 1557 montes
1492 1501 1546 1555 in
1575 1500 1796 1556 circuitu
1823 1503 1939 1570 ejus

367 1570 644 1643 vigilantes
662 1580 717 1626 et
741 1570 1098 1643 custodientes
1126 1571 1329 1643 vigilias
1354 1571 1525 1626 noctis
1544 1585 1706 1642 super
1724 1587 1937 1643 gregem

368 1650 512 1695 tuum
546 1640 693 1713 (Luc.
737 1656 793 1707 ιι,
836 1641 915 1713 8),
944 1646 1032 1696 'ne
1064 1640 1276 1713 quando
1316 1643 1497 1713 rapiat
1527 1652 1583 1696 ut
1612 1640 1708 1696 'leo
1733 1640 1940 1698 ani‘inas

367 1710 576 1765 nostras
598 1751 615 1776 ,
644 1710 768 1765 dum
800 1710 905 1766 non
935 1721 1017 1766 est
1042 1710 1132 1781 qui
1156 1710 1415 1779 redimat,
1447 1711 1536 1767 ille
1569 1713 1817 1782 antiquus
1840 1713 1937 1768 ad—

366 1782 632 1835 versarius
657 1790 865 1854 noster,
889 1782 979 1851 qui
1004 1782 1151 1854 quasi
1173 1783 1259 1854 [co
1282 1784 1499 1854 rugiens
1519 1797 1732 1853 semper
1752 1785 1942 1838 circuit

368 1865 611 1923 qumrens
645 1864 802 1923 quem
836 1852 1055 1908 devoret
1091 1853 1149 1923 (I
1172 1851 1315 1907 Petr.
1344 1851 1377 1907 ἢ
1395 1892 1411 1922 ,
1438 1853 1515 1922 8).
1544 1854 1609 1907 Hi
1638 1851 1768 1908 sunt
1796 1855 1940 1909 cives

368 1921 537 1977 beata:
572 1922 798 1976 civitatis
826 1936 1079 1992 supernae
1103 1921 1411 1980 Jerusalem
1431 1964 1446 1990 ,
1474 1921 1594 1992 quae
1618 1939 1828 1979 sursum
1860 1934 1942 1979 est

368 2001 540 2046 mater
575 2002 755 2047 nostra
785 1991 980 2059 (Galat.
1008 2007 1102 2058 tv,
1129 1992 1224 2062 26)
1248 2033 1263 2058 ,
1305 1995 1357 2048 in
1399 1991 1749 2048 ministerium
1791 1996 1941 2049 missi

366 2070 587 2137 propter
608 2075 702 2116 eos
715 2063 817 2137 qui
847 2062 1211 2137 haereditatem
1235 2065 1450 2137 capiunt
1476 2064 1661 2118 salutis
1686 2064 1867 2137 (Hebr.
1899 2081 1938 2131 ι,

372 2132 493 2202 M);
518 2142 574 2185 ut
598 2146 691 2187 eos
715 2132 942 2188 liberent
966 2133 1034 2188 ab
1068 2132 1451 2202 inimicissuis,
1479 2142 1533 2188 et
1561 2132 1861 2190 custodiant
1887 2138 1941 2191 in

368 2202 615 2288 omnibus
643 2203 738 2288 viis
759 2204 870 2258 suis
890 2202 1231 2288 ;_c‘onforteu_t
1258 2220 1469 2288 quoque
1492 2212 1547 2259 et
1573 2216 1824 2288 moneant
1842 2247 1856 2269 ,
1879 2214 1944 2288 ,ει

369 2274 640 2347 orationes
661 2273 892 2347 ﬁliorum
911 2284 1117 2329 tuorum
1137 2273 1364 2331 offerant
1380 2273 1434 2330 in
1454 2286 1739 2347 conspectu
1761 2278 1942 2347 gloria:

371 2342 664 2413 maj'estatis
699 2352 821 2417 true.
866 2344 1095 2415 Diligunt
1134 2361 1325 2415 nempe
1362 2342 1607 2402 concives
1647 2342 1806 2411 suos',
1849 2363 1944 2417 per

371 2422 504 2487 quos
549 2428 663 2469 suae
712 2415 879 2469 ruina:
929 2417 1190 2475 scissuras
1242 2418 1522 2473 instaurari
1576 2415 1937 2487 exspectant;

371 2483 596 2556 ideoque
630 2499 817 2556 magna
844 2500 971 2542 cura
996 2495 1052 2541 et
1074 2487 1309 2556 vigilanti
1347 2488 1525 2543 studio
1562 2483 1755 2543 adsunt
1790 2489 1943 2544 nobis

374 2553 621 2627 omnibus
650 2553 795 2627 horis
821 2564 875 2611 et
903 2557 1066 2623 locis,
1097 2553 1469 2613 succurrentes
1506 2568 1561 2613 et
1604 2559 1945 2627 providentes

372 2626 774 2697 necessitatibus
800 2628 995 2683 nostris
1016 2667 1030 2691 ,
1064 2638 1118 2683 et
1153 2628 1365 2683 solliciti
1407 2626 1767 2697 discurrentes
1807 2630 1945 2684 inter

372 2709 473 2770 nos
495 2703 551 2750 et
588 2706 640 2750 te
667 2734 681 2759 ,
713 2690 934 2770 Domine
954 2739 970 2765 ,
1000 2690 1226 2768 gemitus
1266 2694 1479 2755 nostros
1520 2709 1679 2769 atque
1717 2701 1943 2770 suspiria

371 2765 666 2838 referentes
691 2766 756 2821 ad
787 2775 839 2821 te
858 2809 872 2833 ,
900 2778 957 2822 ut
981 2765 1267 2838 impetrent
1294 2771 1447 2826 nobis
1478 2765 1687 2825 facilem
1715 2765 1826 2825 tum
1847 2772 1943 2826 bc-

372 2836 643 2905 nignitatis
666 2836 1110 2905 propitiatiOnem,
1140 2850 1195 2895 et
1211 2839 1445 2895 referant
1464 2840 1531 2896 ad
1556 2855 1655 2896 nos
1675 2840 1946 2896 desidera-

372 2914 483 2981 tam
514 2915 616 2981 tum
650 2907 833 2981 gratia:
872 2907 1316 2965 benedictionem.
1344 2911 1638 2981 .Ambulant
1665 2912 1942 2967 nobiseum

373 2976 426 3031 in
453 2977 697 3032 omnibus
727 2978 827 3032 viis
852 2981 1068 3045 nostris,
1100 2980 1302 3035 intrant
1325 2976 1380 3035 et
1403 2982 1604 3036 exeunt
1631 2982 1905 3036 nobiseum
1924 3021 1941 3047 ,

373 3054 574 3121 attente
602 3047 999 3121 considerantes
1025 3056 1182 3119 quam
1212 3050 1318 3120 pie,
1350 3065 1614 3121 quamque
1639 3050 1860 3106 honeste
1891 3052 1946 3106 in

374 3117 553 3191 medio
576 3133 755 3191 prava:
774 3119 1005 3173 nationis
1028 3117 1423 3186 conversemu'r,
1446 3117 1750 3191 quantoque
1770 3123 1946 3176 smdio

373 3201 427 3263 et
472 3190 738 3246 desiderio
779 3205 1081 3263 quaeramus
1122 3196 1344 3263 regnum
1388 3190 1536 3246 tuum
1586 3200 1641 3247 et
1670 3190 1945 3261 justitiam

377 3261 493 3331 ejus
512 3301 527 3327 ,
556 3269 857 3332 quantoque
885 3261 1073 3317 timore
1097 3270 1149 3317 et
1177 3261 1409 3317 tremore
1432 3264 1727 3318 serviamus
1762 3272 1817 3317 et
1850 3278 1946 3317 ex-

373 3332 630 3387 sultemus
674 3331 803 3399 tibi,
830 3331 1009 3387 laetitia
1048 3333 1225 3388 cordis
1264 3334 1455 3388 nostri.
1500 3333 1764 3403 Adjuvant
1802 3334 1947 3386 Iaho-

374 3412 553 3457 rantes
570 3443 583 3465 ,
615 3410 897 3474 protegunt
919 3404 1250 3474 quiescentes
1269 3444 1284 3468 ,
1315 3404 1591 3474 hortantur
1616 3413 1909 3474 pugnantes
1927 3443 1941 3467 ,

375 3480 635 3544 coronant
658 3473 969 3539 vincentes;
997 3474 1331 3544 congaudent
1357 3473 1736 3543 gaudentibus,
1764 3475 1831 3529 de
1862 3483 1943 3542 te,

374 3543 613 3616 inquam,
638 3544 1019 3616 gaudentibus;
1048 3543 1440 3616 compatiuntur
1473 3546 1824 3614 patientibus,
1847 3559 1948 3616 pro

375 3622 457 3684 te,
490 3615 732 3684 inquam,
764 3615 1101 3684 patientibus.
1131 3615 1359 3671 Grandis
1383 3625 1466 3671 est
1492 3618 1570 3671 eis
1598 3631 1723 3670 cura
1758 3616 1824 3670 de
1851 3615 1949 3670 no.

373 3683 490 3757 bis,
520 3683 746 3754 magnus
769 3684 989 3740 aﬂ'ectus
1028 3685 1327 3741 dilectionis
1362 3702 1544 3741 eortnn
1577 3702 1702 3757 erga
1734 3701 1858 3751 nos;
1895 3694 1949 3741 et

374 3753 479 3809 hoc
509 3753 675 3808 totum
704 3764 918 3824 propter
950 3757 1204 3813 honorem
1233 3765 1336 3812 tuae
1361 3753 1745 3813 inaestimabilis
1769 3756 1947 3810 chari-

375 3826 521 3906 tatis,
549 3838 655 3906 qua
669 3824 904 3906 dilexisti
926 3832 1045 3881 uos.
1080 3827 1314 3906 Diligont
1340 3830 1479 3906 enim
1507 3843 1639 3898 quos
1663 3838 1716 3880 tu
1740 3826 1945 3906 diligis;

375 3895 684 3951 custodiunt
705 3911 838 3965 quos
868 3905 923 3951 tu
950 3895 1214 3965 custodis;
1245 3906 1301 3953 et
1328 3895 1583 3952 deserunt
1610 3912 1742 3966 quos
1768 3906 1823 3950 tu
1856 3896 1952 3951 de-

376 3966 541 4038 seris.
558 3966 666 4021 Nec
690 3967 913 4038 diligunt
932 3977 1215 4038 operantes
1240 3968 1591 4038 iniquitatem,
1621 3967 1883 4038 quoniam
1897 3974 1951 4020 et

376 4044 432 4090 tu
458 4036 615 4091 odisti
646 4036 831 4108 omnes
857 4038 948 4108 qui
971 4036 1275 4108 operantur
1300 4036 1651 4108 iniquitatem,
1668 4046 1734 4108 et
1758 4036 1950 4108 perdes

374 4114 564 4179 umnes
620 4108 714 4179 qui
770 4105 1057 4175 loquuntur
1115 4105 1693 4179 mendaciumu(Psat.
1725 4122 1757 4179 v
1787 4148 1801 4169 ,
1852 4106 1947 4173 7).

374 4176 594 4248 Quoties
620 4176 755 4232 bene
791 4179 1023 4247 agimus,
1056 4178 1291 4248 gaudent
1310 4176 1496 4248 Angeli
1517 4176 1537 4241 ⁷,
1578 4185 1635 4231 'et
1673 4178 1951 4231 tristantur

375 4246 684 4318 daemones;
715 4246 922 4318 quoties
950 4246 1079 4303 vero
1107 4263 1136 4302 a
1174 4249 1314 4303 bono
1345 4247 1648 4311 deviamus,
1681 4248 1950 4318 diabolum

375 4316 750 4389 laetiiicamus,
793 4326 853 4389 et
884 4318 1114 4387 Angelos
1159 4333 1257 4374 suo
1296 4317 1488 4389 gaudio
1529 4317 1947 4374 defmudamus:

374 4386 625 4460 gaudium
661 4396 744 4442 est
770 4388 913 4460 e_nim
949 4386 1027 4443 eis
1065 4404 1225 4460 super
1247 4386 1356 4445 uno
1385 4398 1664 4458 peccatore
1691 4389 1953 4460 paeniten-

376 4457 506 4533 tiam
530 4466 721 4533 agente
757 4458 907 4533 (Luc.
936 4475 1035 4533 x_v,
1065 4457 1154 4533 7),
1181 4457 1511 4533 sed‘diabolo
1544 4457 1705 4533 super
1735 4475 1843 4514 uno
1862 4459 1951 4533 ju-

376 4534 461 4582 sto
494 4528 509 4559 ¹
538 4529 903 4601 paenitentiam
933 4528 1231 4587 deserente.
1260 4532 1333 4586 Da
1358 4531 1534 4601 igitur,
1561 4530 1649 4594 da,
1679 4540 1847 4600 pater,
1874 4530 1952 4586 eis

376 4611 591 4672 semper
626 4600 858 4672 gaudere
883 4601 950 4656 de
978 4604 1133 4657 nobis
1155 4643 1170 4668 ,
1198 4611 1338 4658 utet
1375 4600 1431 4655 tu
1478 4617 1571 4672 per
1610 4616 1703 4655 eos
1742 4616 1955 4670 semper

376 4614 591 4665 semper
626 4614 858 4721 gaudere
883 4614 950 4656 oe
978 4614 1133 4657 nonis
1155 4643 1170 4668 ,
1198 4614 1338 4658 utet
1375 4614 1431 4655 tu
1478 4617 1571 4672 per
1610 4616 1703 4655 eos
1742 4616 1953 4670 semper

375 4666 611 4736 lauderis
655 4686 687 4723 n
715 4671 891 4736 nobis,
922 4681 979 4727 et
999 4688 1099 4729 nos
1123 4689 1244 4729 cum
1265 4672 1344 4728 eis
1372 4673 1426 4727 in
1458 4688 1619 4726 unum
1644 4672 1783 4727 ovile
1804 4681 1953 4727 tuum

375 4735 733 4809 adducantur;
766 4750 825 4794 ut
851 4735 1201 4798 conﬁteamnr
1222 4744 1376 4799 simul
1405 4743 1605 4798 nomini
1627 4752 1812 4798 sancto
1837 4752 1951 4809 tuo,

376 4813 592 4862 creator
632 4807 905 4864 hominum
942 4818 997 4864 et
1033 4815 1378 4885 angelorum.
1412 4814 1537 4869 llaec
1571 4815 1683 4884 ipse
1716 4807 1956 4885 comme-

376 4891 596 4954 moram
615 4892 793 4933 coram
832 4887 904 4944 te,
930 4881 1188 4954 conﬁteor
1224 4883 1442 4954 laudans
1476 4894 1559 4952 te,
1587 4881 1834 4954 quoniam
1864 4883 1957 4939 be-

378 4946 568 5022 neﬁcia
593 4955 682 5022 tua
708 4962 895 5022 magna
917 4956 1041 5003 sunt
1068 4952 1202 5017 tunc,
1227 4953 1417 5021 quibus
1442 4946 1953 5022 nos'honoriﬁcasti,

378 5018 512 5073 dans
541 5018 695 5073 nobis
718 5019 939 5089 angelos
974 5028 1093 5073 tuos
1127 5018 1344 5089 Spiritus
1378 5023 1430 5075 in
1468 5024 1819 5079 ministerium
1859 5018 1958 5079 ne;

378 5098 567 5143 strnm.
600 5087 832 5161 Dederas
854 5087 996 5145 enim
1036 5087 1286 5161 quidquid
1322 5093 1442 5145 coeli
1481 5094 1679 5147 ambitu
1717 5094 1959 5150 contine-

381 5169 496 5231 tur;
537 5169 592 5214 et
633 5160 783 5229 quasi
829 5174 989 5230 parva
1035 5159 1148 5215 haec
1182 5159 1303 5231 qua:
1342 5162 1440 5216 sub
1485 5162 1622 5217 ccelo
1659 5173 1822 5229 sunt,
1855 5164 1959 5220 nisi

383 5228 610 5301 adderes
636 5228 692 5285 et
718 5246 780 5285 ea
804 5228 923 5301 quae
949 5241 1073 5286 sunt
1112 5228 1275 5301 super
1311 5232 1495 5295 caelos,
1537 5232 1776 5289 Laudent
1810 5243 1862 5288 te
1890 5233 1959 5290 de

382 5297 487 5355 hoc
510 5315 696 5356 omnes
724 5297 911 5372 Angell
940 5303 1033 5368 tui;
1061 5297 1413 5359 confiteantur
1435 5302 1527 5358 tibi
1549 5305 1616 5359 de
1646 5305 1751 5359 hoc
1779 5306 1958 5361 omnia

381 5384 543 5442 opera
570 5379 681 5438 tua,
712 5380 766 5428 et
794 5373 893 5442 ipsi
919 5373 1093 5429 sancti
1125 5375 1197 5429 tui
1227 5374 1544 5429 benedicant
1574 5375 1687 5429 tibi.
1716 5376 1761 5430 0
1790 5375 1958 5431 bono-

379 5440 636 5514 rltleentia
664 5440 845 5497 nostra
868 5486 883 5508 ,
923 5448 1058 5514 quos
1095 5446 1253 5499 nimis
1291 5444 1649 5499 hmioriﬁcans
1687 5454 1744 5500 et
1783 5446 1959 5503 ditaus

380 5512 561 5567 multis
598 5514 908 5581 muneribus
941 5512 1241 5572 decorasti!
1274 5516 1604 5575 Admirabile
1643 5528 1724 5571 est
1763 5532 1957 5574 nomen

382 5583 827 5657 tuum,_Do_mine,
863 5584 915 5641 in
944 5586 1188 5642 universa
1218 5598 1355 5643 terra
1379 5584 1552 5654 (Paul.
1580 5602 1693 5652 vut,
1716 5588 1794 5657 9.).
1822 5586 1959 5655 Quid

379 5661 464 5706 est
487 5654 628 5707 enim
658 5654 852 5718 homo,
882 5656 1002 5727 quia
1035 5660 1341 5728 magniﬁcas
1363 5670 1483 5711 eum
1511 5700 1523 5725 ,
1557 5667 1609 5711 et
1639 5654 1959 5715 honeriﬁcas

445 5786 459 5818 ³
488 5791 613 5849 3155.,
638 5788 722 5837 sed
744 5788 861 5851 quid
876 5802 1019 5851 super
1044 5792 1253 5849 unojum
1268 5789 1419 5852 justo,
1445 5797 1538 5840 etc.

1261 327 1460 386 LIBER
1496 326 2050 399 SOLILOQUIORUM
2087 323 2321 381 ANIMIE
2361 325 2450 379 AD
2488 325 2697 382 DEUM.

3517 326 3624 383 886

2044 457 2165 497 eum
2190 481 2217 513 ,ί
2238 449 2289 513 et
2319 440 2560 513 appopis‘
2583 456 2708 513 erga
2724 456 2858 513 eum
2893 448 3159 513 cortuum
3188 439 3326 513 (Job
3344 456 3446 509 vn,
3480 442 3544 497 l7
3565 442 3627 513 )?

2110 511 2333 582 CAPUT
2396 511 2663 565 XXVIII.’
2710 511 2791 567 De
2861 512 3317 581 prwdestinationis
3371 527 3431 565 ac
3472 511 3625 582 eprae-

2041 582 2261 637 scientiat
2292 581 2385 635 Dei
2422 583 2695 652 mysteria.
2724 583 2905 637 Dixisti
2935 582 3075 636 enim
3098 622 3112 645 ,
3144 582 3350 652 Veritas
3375 581 3623 652 antiqua,

2042 653 2254 724 Deliciae
2278 669 2421 719 mete,
2449 651 2555 709 esse
2577 655 2832 722 cumﬁliis
2862 654 3120 706 hominum
3147 651 3325 724 (Prov.
3361 668 3481 724 vin,
3506 651 3624 724 5i),

2042 723 2229 778 Nonne
2248 724 2414 794 homo
2454 720 2791 792 putredo,‘et
2832 724 2973 778 ﬁlius
3011 720 3626 794 hominisvermistlob

2046 810 2180 858 xxv,
2211 793 2303 864 6)?
2333 794 2517 849 Nonne
2544 796 2788 864 universa
2819 796 3023 850 vanitas
3050 795 3225 849 omnis
3256 792 3628 864 Immo-‘tvivens
3656 840 3661 851 .

2043 864 2212 935 (Psal.
2244 862 2491 930 'xxxvtu,
2521 862 2614 987 6)?
2646 867 2709 919 Et
2746 865 2963 935 dignum
3002 866 3159 929 ducis,
3192 879 3352 935 stipe};
3380 863 3631 937 huiusce-

2043 934 2185 987 modi
2222 937 2432 987 anerire
2454 950 2552 987 oeu
2576 951 2637 987 os
2668 946 2807 987 tuos.
2838 946 2891 987 et
2917 935 3184 987 adducere
3212 952 3333 987 eum
3362 944 3537 987 tecum
3570 934 3627 987 in

2042 934 2185 990 modi
2222 937 2432 1004 aperire
2454 934 2637 995 oculos
2668 934 2891 1001 tuos,’et
2917 935 3184 995 adducere
3212 934 3333 1001 eum
3362 934 3537 1001 tecum
3570 934 3627 989 in
3652 972 3661 999 ε

2036 1006 2321 1079 judicium!
2354 1007 2640 1079 Do‘ceﬂnie,
2662 1008 2893 1079 abyssus
2920 1008 3331 1079 jtt‘ttiﬂttdissinta
3348 1049 3365 1073 ,
3390 1006 3628 1062 creatrix
3654 1006 3659 1013 '

2042 1077 2319 1145 sapientia.
2352 1078 2454 1143 Qui
2480 1077 2682 1132 Iibrasti
2714 1077 2766 1132 in
2794 1078 3025 1146 pondere
3049 1088 3275 1143 montes,
3298 1086 3355 1133 et
3379 1079 3544 1134 Colles
3568 1078 3625 1133 in
3650 1108 3655 1117 ν

2045 1157 2278 1212 statera,
2325 1156 2379 1202 et
2419 1147 2715 1217 appendisti
2758 1150 2951 1202 molem
2999 1158 3153 1202 terrm
3197 1151 3365 1203 tribus
3404 1148 3624 1219 digitis,

2043 1219 2309 1286 suspende
2351 1219 2545 1273 molem
2589 1219 2979 1287 corporalitatis
3019 1219 3206 1288 hujus,
3253 1234 3411 1289 quam
3456 1233 3621 1289 gero,

2048 1289 2215 1343 tribus
2240 1289 2427 1344 invisis
2466 1289 2645 1359 digitis
2675 1292 2776 1345 tuis
2806 1290 2872 1344 ad
2900 1301 2979 1355 te,
3011 1298 3071 1344 ut
3095 1291 3300 1343 videam
3336 1299 3392 1343 et
3424 1303 3630 1359 cogno-

2044 1374 2187 1416 scam
2213 1396 2228 1420 ,
2269 1376 2425 1428 quam
2470 1360 2797 1416 admirabilis
2833 1376 2893 1416 es
2931 1362 2983 1414 in
3023 1360 3267 1414 universa
3307 1370 3466 1415 terra.
3510 1360 3630 1415 Lux

2044 1431 2449 1499 antiquissima,
2492 1447 2611 1500 qua:
2660 1430 2872 1487 lucebas
2923 1441 3047 1487 ante
3086 1446 3299 1486 onmem
3348 1431 3520 1485 lucem
3569 1431 3627 1485 in

2045 1502 2311 1556 montibus
2351 1502 2549 1555 sanctis
2586 1503 2900 1557 aeternitatis
2945 1503 3214 1568 antiquae,
3260 1502 3344 1555 cui
3389 1500 3529 1555 nuda
3572 1507 3632 1556 et

2045 1578 2245 1644 aperta
2277 1581 2428 1626 erant
2465 1573 2640 1626 omnia
2682 1572 2877 1644 (Hebr.
2928 1589 3013 1638 tv,
3062 1571 3164 1644 15)
3205 1580 3489 1644 antequam
3528 1571 3630 1625 ﬂe-

2045 1649 2196 1705 rent;
2233 1642 2319 1696 qu
2341 1682 2354 1703 ,
2385 1657 2502 1711 qua:
2529 1643 2651 1696 odio
2686 1643 2851 1697 habes
2880 1659 3090 1699 onmem
3120 1642 3379 1697 maculam
3400 1683 3413 1703 .
3445 1648 3630 1710 utpote

2046 1713 2388 1783 mundissima
2414 1721 2467 1767 et
2492 1713 2994 1776 immaculatiSsima,
3025 1730 3143 1783 qum
3162 1714 3255 1768 tibi
3281 1711 3486 1783 deliciae
3504 1726 3630 1767 cum

2046 1782 2301 1854 homine?
2330 1798 2446 1851 qua:
2470 1788 2752 1838 conventio
2778 1785 2910 1839 lucis
2934 1784 3001 1839 ad
3032 1782 3279 1840 tenebras
3303 1784 3369 1854 (ll
3399 1782 3517 1836 Cor.
3550 1797 3627 1849 vt,

2047 1852 2178 1921 Id)?
2207 1853 2309 1910 Ubi
2330 1865 2452 1907 sunt
2479 1854 2530 1909 in
2561 1854 2773 1909 homine
2803 1856 3005 1910 deliciae
3037 1857 3172 1909 tuze?
3200 1856 3287 1910 ubi
3314 1852 3631 1923 praeparasti

2046 1924 2139 1978 tibi
2167 1925 2218 1979 in
2243 1940 2326 1978 me
2343 1924 2559 1996 dignum
2581 1927 2936 1981 sanctuarium
2964 1926 3253 1996 majestatis
3273 1921 3397 1996 tute,
3414 1924 3468 1978 in
3485 1921 3631 1996 quod

2046 1996 2303 2050 introii-ns
2341 1994 2538 2050 habeas
2575 1996 2790 2051 delicias
2829 1994 3131 2051 dilectionis
3157 1998 3172 2027 ί
3207 1995 3345 2050 tute?
3375 1994 3631 2050 Mundtun

2046 2065 2188 2119 enim
2215 2068 2544 2121 cmnaculum
2572 2067 2726 2120 decet
2755 2074 2825 2125 te.
2851 2068 3111 2123 mundans
3136 2067 3322 2130 virtus,
3344 2080 3466 2130 qua:
3486 2080 3630 2120 non-

2049 2137 2151 2209 nisi
2187 2151 2215 2189 a
2255 2138 2467 2209 mundis
2504 2137 2755 2209 cordibus
2798 2138 2963 2209 videri
3002 2146 3153 2207 potes
3190 2134 3405 2209 (Matth.
3436 2151 3501 2209 7v,
3541 2134 3625 2209 8),

2047 2208 2218 2260 multo
2240 2208 2407 2276 magis
2433 2222 2534 2262 nec
2561 2207 2763 2262 haberi.
2801 2208 2855 2262 In
2889 2209 3104 2262 homine
3140 2207 3318 2263 autem
3356 2208 3445 2262 ubi
3487 2207 3627 2262 tem-

2047 2277 2192 2348 plum
2224 2287 2329 2331 tam
2362 2277 2612 2331 mundum
2636 2319 2649 2341 ,
2681 2289 2737 2331 ut
2768 2290 2817 2333 te
2845 2280 3098 2348 suscipiat
3120 2317 3132 2338 ,
3164 2279 3253 2347 qui
3292 2278 3432 2348 regis
3469 2292 3629 2332 mun-

2048 2346 2212 2400 dum?
2235 2348 2364 2414 Quis
2392 2355 2563 2415 potest
2602 2349 2775 2404 facere
2812 2346 3066 2404 mundum
3096 2348 3164 2404 de
3191 2346 3467 2402 immundo
3491 2361 3627 2404 con-

2047 2424 2257 2486 ceptum
2287 2420 2526 2473 semine?
2565 2434 2741 2473 nonne
2780 2427 2836 2473 tu
2876 2420 2963 2488 qui
2994 2420 3138 2472 solus
3161 2434 3220 2473 es
3246 2417 3487 2488 mundus
3498 2417 3629 2488 (Job

2048 2503 2171 2552 χιν,
2197 2488 2291 2558 4)⁴1
2318 2488 2401 2558 ιιι)
2426 2489 2696 2543 immundo
2735 2491 2875 2543 enim
2896 2486 3033 2558 quis
3071 2489 3411 2543 mundabitur
3437 2486 3627 2558 (Ereti.

2047 2556 2241 2623 χχχιν.
2276 2558 2371 2629 4)?
2395 2557 2527 2612 Nam
2565 2567 2620 2613 et
2656 2556 2948 2614 secundum
2990 2561 3161 2629 legem
3183 2599 3200 2626 ,
3240 2570 3397 2627 quam
3435 2556 3631 2613 dedisti

2049 2629 2291 2698 patribus
2319 2630 2518 2683 nostris
2546 2630 2597 2684 in
2628 2630 2747 2699 igne
2784 2628 3128 2684 comburente
3166 2638 3399 2683 montem
3423 2667 3439 2691 ,
3482 2636 3539 2683 et
3573 2628 3633 2699 in

2049 2699 2190 2771 nube
2227 2708 2435 2771 tegente
2471 2698 2660 2771 aquam
2702 2700 3034 2771 tenebrosam
3058 2742 3071 2763 ,
3114 2699 3368 2771 quidquid
3401 2698 3633 2771 tetigerit

2049 2766 2353 2824 immundus
2372 2810 2388 2830 ,
2420 2766 2751 2824 itumttndum
2787 2772 2888 2824 erit
2921 2770 3107 2841 (Num.
3132 2766 3220 2825 ius
3240 2766 3401 2841 ,22).
3429 2766 3634 2841 omnes

2049 2849 2227 2913 autem
2266 2848 2365 2894 nos
2401 2841 2549 2908 quasi
2590 2856 2797 2913 pannus
2835 2838 3175 2913 menstruam
3204 2838 3354 2913 (Isai.
3384 2854 3545 2913 mv,
3571 2838 3631 2908 6)

2049 2910 2115 2966 de
2142 2925 2318 2965 massa
2345 2919 2593 2981 corrupta
2619 2921 2673 2966 et
2710 2912 2978 2965 immunda
3018 2910 3292 2966 venientes
3315 2946 3331 2976 ,
3364 2910 3630 2964 maculam

2050 2981 2398 3055 immunditim
2425 2992 2644 3045 nostrae,
2667 2998 2824 3048 quam
2851 2982 3240 3055 ceiare_salte_m
3271 2981 3365 3035 tibi
3396 2982 3484 3055 qui
3514 2994 3634 3034 om-

2050 3051 2137 3106 nia
2185 3051 2332 3105 vides
2356 3091 2371 3115 ,
2404 3065 2506 3104 non
2557 3065 2876 3120 possumus,
2924 3051 2977 3106 in
3021 3052 3284 3106 frontibus
3320 3051 3629 3119 portamus;

2050 3136 2215 3191 quare
2244 3121 2423 3173 mundi
2448 3135 2567 3174 esse
2596 3138 2698 3174 non
2723 3134 3023 3189 possumus,
3054 3124 3154 3175 nisi
3182 3130 3240 3175 tu
3264 3122 3627 3184 mundavvris,
3699 3175 3702 3179 ,

2050 3192 2139 3261 qui
2165 3191 2311 3245 solus
2348 3204 2408 3244 es
2444 3192 2691 3245 mundus.
2734 3191 2955 3249 Mundas
2994 3200 3170 3244 autem
3209 3192 3276 3245 de
3317 3191 3471 3261 nobis
3509 3191 3635 3246 ﬁliis

2053 3259 2325 3315 hoiniuum
2370 3275 2466 3315 eos
2511 3261 2560 3313 in
2606 3262 2801 3331 quibus
2846 3261 2936 3331 tibi
2981 3259 3630 3331 complacuitihahitare;

2051 3347 2184 3403 quos
2208 3333 2275 3385 ab
2296 3329 2748 3403 inaccessibilibus
2770 3330 3042 3403 profundis
3068 3329 3287 3386 sccretis
3310 3329 3632 3399 iudiciorum

2052 3401 2665 3471 incomprehensibilium
2686 3402 2959 3472 sapientia:
2977 3410 3099 3466 tum,
3117 3402 3629 3472 senipct‘justomm;

2052 3475 2178 3530 licet
2223 3470 2570 3536 Occultorum,
2617 3473 2733 3527 sine
2754 3470 2954 3527 comm
3001 3473 3204 3527 meritis
3244 3470 3634 3540 praedestinasti

2050 3553 2176 3601 ante
2196 3545 2471 3609 mundum,
2487 3545 2684 3598 vocasti
2706 3544 2774 3599 de
2791 3544 3010 3607 mundo,
3031 3541 3323 3610 iustdlcasti
3342 3543 3392 3596 in
3412 3542 3632 3610 mundo,

2051 3625 2108 3671 et
2136 3615 2440 3684 magniﬁcas
2468 3629 2562 3669 eos
2589 3619 2710 3684 post
2736 3615 3009 3669 mundum.
3042 3615 3156 3668 Non
3181 3623 3357 3668 autem
3388 3612 3635 3667 omnibus

2052 3686 2156 3741 hoc
2196 3685 2362 3750 facis,
2395 3684 2534 3753 quod
2574 3686 2905 3739 admirantur
2947 3684 3280 3753 tabescentes
3320 3696 3509 3737 omnes
3548 3696 3637 3736 sa-

2051 3759 2260 3827 pientes
2290 3752 2464 3827 terrm.
2482 3756 2546 3807 Et
2574 3755 2959 3827 ego,Do_mine,
2979 3752 3440 3827 hoec'ousiderans
3459 3765 3634 3827 expa-

2052 3821 2233 3903 vesco,
2255 3835 2314 3903 et_
2342 3821 2661 3903 obstupescit)
2675 3824 2742 3879 de
2755 3823 3030 3878 altitudine
3043 3822 3341 3903 divitiarum
3358 3836 3415 3903 sa
3423 3821 3636 3903 pientim

2052 3905 2110 3952 et
2129 3895 2367 3950 scientiae
2392 3892 2515 3961 tum,
2538 3893 2605 3948 ad
2634 3904 2792 3964 quam
2819 3908 2920 3959 ego
2939 3906 3042 3946 non
3065 3892 3325 3964 pertingo,
3346 3900 3401 3945 et
3423 3892 3633 3964 ineam-

2054 3965 2430 4036 prehensibilia
2470 3959 2669 4036 judicia
2691 3964 2922 4036 justitite
2959 3959 3289 4036 tum;_(Roni.
3328 3975 3425 4036 Διι,
3473 3959 3632 4036 35):

2052 4029 2303 4105 quoniam
2342 4048 2407 4089 ex
2442 4029 2642 4105 eodem
2689 4029 2800 4088 luto
2839 4032 2947 4105 alia
2990 4029 3205 4105 quidem
3240 4029 3373 4086 facis
3405 4029 3636 4105 vasaria

2056 4098 2311 4160 honorem
2331 4144 2348 4171 ,
2383 4104 2483 4159 alia
2510 4106 2561 4158 in
2589 4103 2962 4160 contumeliam
2989 4098 3365 4170 sempiternam
3395 4098 3505 4170 (Id.
3536 4114 3632 4168 ιχ,

2054 4176 2171 4249 21);
2199 4178 2339 4242 Quos
2368 4176 2528 4249 igitur
2553 4175 2646 4249 tibi
2674 4174 2891 4249 ‘elegisti
2932 4173 2999 4229 de
3033 4173 3212 4227 multis
3250 4171 3303 4226 in
3335 4171 3590 4249 templum
3610 4204 3632 4239 ,

2057 4241 2202 4318 ipsos
2227 4241 2482 4326 mundae,
2512 4241 2794 4300 eﬁ‘undens
2815 4259 2978 4313 super
3002 4257 3097 4300 eos
3120 4241 3592 4326 aquam_mu_ndam
3611 4280 3633 4307 ,

2056 4315 2283 4393 quorum
2311 4318 2522 4393 nomina
2550 4330 2934 4393 numerumque
2963 4326 3018 4370 tu
3047 4315 3220 4393 nosti,
3246 4315 3333 4382 qui
3355 4315 3512 4393 solus
3536 4327 3637 4393 nu—

2057 4382 2233 4444 meras
2254 4388 2644 4442 multitudinem
2670 4382 2959 4448 stellarum,
2980 4396 3036 4441 et
3054 4385 3302 4441 omnibus
3320 4386 3399 4438 eis
3421 4382 3636 4439 nomina

2057 4473 2220 4515 vocas
2240 4457 2410 4530 (Prol.
2443 4472 2618 4520 cmr,
2641 4458 2730 4526 4);
2756 4456 2851 4530 qui
2871 4458 3030 4511 etiam
3056 4456 3241 4524 scripti
3264 4462 3391 4530 sunt
3414 4456 3466 4507 in
3500 4454 3637 4530 libi-0

2060 4531 2180 4585 vitae
2202 4570 2218 4596 ,
2248 4521 2335 4598 qui
2372 4521 2701 4605 nequaquam
2744 4521 2919 4605 perire
2943 4521 3205 4605 possunt,
3236 4523 3428 4605 quillus
3455 4521 3638 4605 omnia

2057 4592 2413 4673 cooperantur
2441 4592 2491 4651 in
2512 4592 2731 4673 bonum,
2747 4592 2914 4650 etiam
2941 4592 3053 4673 ipsa
3076 4600 3311 4664 peccata.
3336 4592 3471 4673 Qum
3492 4592 3638 4644 enim

2059 4665 2256 4726 cadunt
2280 4710 2294 4731 ,
2324 4684 2431 4723 non
2471 4668 2826 4729 colliduntur,
2867 4665 2989 4734 quia
3030 4674 3085 4718 tu
3126 4665 3382 4732 supponis
3419 4674 3638 4715 manum

2061 4744 2203 4796 tuam
2222 4739 2391 4811 (Psal.
2412 4752 2595 4811 χχχνι,
2612 4736 2734 4803 2‘);
2758 4735 3066 4811 custodiens
3084 4734 3263 4787 omnia
3283 4746 3405 4786 ossa
3425 4745 3634 4811 eorum,

2061 4822 2118 4866 nt
2143 4807 2305 4865 unum
2328 4820 2395 4864 ex
2422 4810 2499 4863 eis
2524 4824 2629 4861 non
2653 4814 2977 4862 conteratur.
3000 4807 3248 4859 Attamen
3277 4812 3419 4857 mors
3444 4810 3641 4871 pecca-

2060 4892 2239 4938 torum
2270 4881 2498 4950 pessima
2531 4876 2700 5002 μιαί.
2726 4888 2893 4931 χχχιιι
2912 4918 2925 4939 ,
2953 4873 3079 4945 22);
3108 4873 3319 4929 illorum
3337 4913 3352 4937 ,
3382 4873 3636 4942 inquam,

2062 4968 2197 5002 auos
2222 4963 2500 5002 anteanam
2554 4962 2736 5002 aceres
2766 4947 2960 5002 caelum
2986 4953 3044 5000 et
3081 4955 3276 5000 terram
3302 4985 3316 5002 .
3343 4941 3636 4997 secundum

2062 4968 2197 5025 quos
2222 4941 2500 5025 antequam
2532 4941 2736 5025 faceres
2766 4947 2960 5002 caelum
2986 4941 3044 5000 et
3081 4955 3281 5025 terram
3294 4985 3316 5025 Α,
3343 4941 3640 4997 secundum

2061 5014 2310 5097 a‘byssum
2333 5014 2552 5097 ιήυιιθιιι
2568 5018 2888 5097 iudiciorum
2906 5025 3117 5097 ιυρτυεη
3134 5014 3642 5097 mimum?

2062 5086 2161 5165 pei-
2178 5100 2358 5165 anteme
2372 5086 2662 5165 iustorum,
2684 5087 2995 5165 praeseivisti
3014 5086 3083 5165 ad
3106 5093 3335 5165 mortem
3362 5094 3639 5165 aeternam;

2063 5156 2289 5235 quorum
2331 5156 2988 5235 dinumemtio'nominum
3024 5163 3081 5212 et
3106 5156 3416 5235 meriturum
3446 5162 3643 5235 pravo-

2064 5224 2183 5289 r'um
2211 5233 2351 5305 apud
2367 5226 2417 5287 te
2440 5242 2543 5298 est,
2558 5233 2645 5301 qui
2666 5242 2943 5305 numerum
2965 5238 3144 5305 arenae
3162 5225 3325 5281 maris
3338 5224 3646 5305 dinumerae

2065 5306 2155 5371 sti;
2177 5314 2232 5359 et
2245 5294 2517 5359 dimenSus
2530 5294 2591 5358 es“
2608 5294 3143 5373 profundumiabyssi,
3162 5306 3298 5365 quas
3309 5294 3572 5373 reliquisti
3588 5294 3643 5353 in

2065 5362 2415 5431 immunditiis
2439 5362 2785 5445 suis,tiuibus
2805 5372 2982 5445 omnia
3017 5362 3338 5435 coorientur
3351 5365 3405 5421 in
3419 5362 3642 5445 malum.

2065 5455 2121 5502 et
2141 5446 2254 5516 ipsa
2281 5446 2439 5501 etiam
2460 5440 2632 5500 oratio
2659 5444 2880 5516 vertitur
2908 5442 2961 5496 in
2991 5448 3299 5511 peccatum;
3330 5446 3387 5490 ut
3409 5440 3457 5491 si
3481 5440 3645 5516 etiam

2065 5502 2236 5584 usque
2265 5516 2331 5571 ad
2366 5517 2531 5573 ctelos
2560 5514 2926 5576 ascendet-int.
2967 5502 3023 5567 e't
3057 5516 3220 5584 caput
3255 5518 3441 5584 eorum
3476 5502 3647 5558 nubes

2069 5575 2317 5656 tetigerit,
2333 5596 2383 5641 et
2402 5588 2536 5641 inter
2552 5587 2724 5641 sidera
2748 5585 2865 5640 οωὶί
2887 5575 3454 5656 cellocaveriutuidum
3470 5585 3645 5637 suum,

2068 5643 2215 5728 quasi
2243 5643 2625 5727 Sterquilinium
2651 5658 2701 5709 in
2729 5658 2829 5709 line
2860 5654 3149 5723 perflantur
3175 5647 3373 5715 (Abdita

2139 5794 2153 5823 ³
2178 5790 2313 5850 Alias,
2341 5787 2682 5839 delectationis.
