4134 6200
394 1192 397 1195 ‘
496 1182 608 1246 sit;
651 1181 745 1235 sed
770 1178 827 1234 iri
854 1181 1085 1235 futurum
1115 1180 1291 1233 omnia
1311 1186 1653 1233 reservantur
1681 1178 1901 1231 incerta.

491 224 595 285 887

559 335 789 393 CAPUT
851 334 1042 391 XXIX.
1118 333 1195 387 De
1259 331 1524 386 altitudine
1590 331 1899 400 judiciorttm
1950 328 2064 384 Dei.

488 408 678 476 Magna
721 415 859 479 sunt,
894 408 1022 479 hzec
1048 404 1243 479 judicia
1287 401 1664 479 tua,-Domine
1708 401 1871 479 Deus,
1908 400 2068 479 judex

485 470 634 549 jus't'e
660 487 714 534 et
743 478 914 549 fortis,
939 476 1025 546 qui
1049 470 1267 543 'judieas
1295 473 1595 549 aequitatem
1626 482 1679 525 ct
1708 470 2070 549 inserulabilia

488 542 548 604 Et
577 548 869 619 profunda:
895 542 1014 619 qua:
1042 542 1163 619 eum
1189 544 1489 609 considero,
1518 542 1935 619 contremiscunt
1957 556 2071 594 om-

489 612 593 674 uia'
608 633 727 673 ossa
759 612 1170 685 meafquoniam
1214 630 1320 669 non
1362 620 1638 685 securatur
1684 612 1845 666 homo
1886 612 2071 685 vivens

490 704 655 757 super
681 682 1014 743 terram’fut
1048 686 1340 741 serviamus
1384 684 1475 739 tibi
1508 684 1592 753 pie
1618 692 1673 757 et
1697 690 1842 736 caste
1859 682 2073 757 cunctis

493 753 685 814 diebus
704 758 830 812 vita:
859 764 1057 812 nostrm
1078 757 1131 811 in
1159 758 1369 820 timore,
1400 764 1454 810 et
1481 755 1810 809 exsultemus
1836 753 1927 807 tibi
1951 767 2071 806 cum

492 838 765 893 tremore;
800 834 861 882 ut
900 843 1009 883 non
1055 828 1123 882 sit
1174 827 1446 881 servitium
1500 825 1617 880 sine
1658 824 1870 889 timore,
1901 837 2075 892 neque

490 899 745 970 gaudium
767 898 883 954 sine
899 907 1150 970 tremore,
1162 906 1218 951 et
1238 912 1343 952 non
1358 895 1615 970 glorietur
1634 895 1905 970 accinctus
1923 904 2075 963 teque

490 964 555 1024 ῖιι
578 969 899 1025 discinctus‘
937 967 1041 1040 (Ill
1062 968 1189 1040 Reg.
1215 983 1317 1033 xx,
1338 964 1451 1039 ll),
1481 980 1656 1035 neque
1680 964 1935 1040 glorietur
1947 972 2076 1040 ante

416 1090 424 1109 ,
492 1048 550 1095 te
579 1040 754 1095 omnis
779 1054 924 1105 caro,
945 1033 1048 1097 sed
1090 1033 1334 1108 pavescat
1370 1033 1424 1093 et
1455 1033 1830 1109 contremiscat
1870 1033 2076 1109 aﬂfacie

494 1119 610 1179 tua,
637 1125 756 1166 cum
785 1111 995 1180 ignoret
1021 1104 1180 1163 hoino
1212 1118 1387 1162 utrum
1424 1121 1605 1161 amore
1643 1121 1710 1159 an
1741 1105 1862 1159 odio
1885 1104 2077 1230 dignus

496 1182 608 1230 sit:
651 1181 744 1230 sed
770 1181 824 1230 in
855 1181 1085 1230 futurum
1115 1180 1291 1230 omnia
1311 1186 1653 1230 reservantur
1681 1178 1901 1230 incerta.
1975 1175 2077 1229 idi-

1975 1192 2077 1228 IGI-

497 1267 626 1307 mus
652 1252 793 1306 enim
824 1252 1035 1316 multas,
1077 1251 1319 1317 Domine,
1351 1259 1404 1304 et
1441 1249 1740 1302 audivimus
1768 1262 1799 1300 a
1837 1246 2078 1317 patrihus

496 1324 697 1378 nostris
725 1321 887 1392 (quod
911 1322 1092 1390 utique
1116 1322 1232 1375 sine
1258 1316 1449 1392 magno
1477 1329 1714 1392 tremore
1732 1332 1838 1371 non
1872 1316 2075 1392 recolo,

497 1393 617 1446 sine
643 1388 810 1447 multo
831 1388 1022 1447 timore
1046 1407 1150 1445 non
1172 1388 1482 1461 conﬁteor),
1505 1388 1809 1461 ascendisse
1836 1388 2077 1455 primitus

499 1462 716 1534 quidem
747 1478 912 1534 usque
938 1462 1004 1515 ad
1049 1462 1231 1534 caelos,
1265 1470 1317 1515 et
1344 1458 1483 1516 inter
1510 1460 1682 1534 sidera
1714 1458 1896 1513 nidum
1924 1471 2078 1534 suum

500 1527 843 1597 collocasse;
868 1532 1211 1603 postmodum
1263 1539 1438 1586 autem
1464 1529 1747 1603 “cecidisse
1785 1527 2080 1603 usquead

500 1603 757 1676 abyssos,»
768 1612 824 1676 et
847 1598 1051 1676 animas
1079 1616 1262 1676 eorum
1287 1603 1351 1676 in
1376 1602 1534 1676 malis
1550 1598 1907 1676 obstupuisse.
1926 1598 2082 1676 _Vidi-

499 1669 623 1728 mus
661 1669 845 1729 stellas
897 1673 965 1729 de
1008 1669 1146 1729 ccelo
1188 1672 1444 1728 cecidisse
1489 1673 1555 1727 ab
1598 1671 1800 1739 impetu
1844 1669 2082 1724 ferientis

502 1743 689 1799 caudae
708 1742 974 1808 diaconis,
998 1752 1052 1799 et
1075 1758 1169 1802 eos
1195 1744 1285 1813 qui
1305 1743 1553 1813 jacebant
1580 1742 1632 1795 in
1656 1740 1871 1813 pulvere
1900 1749 2077 1813 terrae,

502 1828 536 1868 a
562 1813 699 1869 facie
736 1814 1064 1870 sublevantis
1089 1810 1278 1869 manus
1306 1810 1442 1880 ture,
1484 1810 1729 1878 Domine,
1772 1810 2083 1865 mirabiliter

504 1885 831 1941 ascendisse.
866 1885 1104 1941 Vidimus
1142 1885 1293 1939 vivos
1331 1884 1641 1946 morientes,
1679 1891 1734 1935 et
1775 1889 2011 1934 mortuos
2051 1894 2082 1934 a

502 1964 1029 2037 rnorte_surgen_tes_;
1060 1964 1233 2037 e.t_eos
1260 1953 1351 2037 qui
1371 1954 1528 2037 .inter
1555 1953 1691 2006 ﬁlios
1719 1951 1817 2037 Dei
1849 1951 2086 2037 ambula:

505 2024 661 2097 bant,
692 2026 745 2080 in
776 2020 959 2097 medio
998 2020 1230 2097 lapidum
1277 2020 1564 2097 ignitorum
1609 2022 1758 2097 quasi
1798 2022 1970 2097 _lutum
2017 2020 2101 2075 ad»

506 2091 734 2151 nihilum
773 2091 1074 2152 deﬂuxisse.
1109 2091 1350 2151 Vidimus
1390 2095 1563 2150 lucem
1602 2091 2001 2157 obtenebrasse,
2030 2099 2088 2146 et

507 2165 579 2221 de
607 2167 841 2244 tenebris
869 2168 1038 2244 lucem
1068 2167 1407 2244 processisse,
1437 2164 1559 2236 quia
1595 2162 1859 2244 publicani
1894 2171 1951 2217 et
1974 2175 2087 2244 me:

505 2237 732 2293 retrices
777 2232 1084 2308 praecedunt
1127 2238 1327 2292 incolas
1369 2238 1423 2291 in
1450 2232 1619 2305 regno
1657 2234 1945 2308 cmlorum;
1994 2232 2088 2287 filii

507 2316 687 2363 autem
708 2303 856 2379 regni
885 2309 1168 2379 ejicientur
1190 2309 1243 2362 in
1281 2303 1537 2379 tenebras
1566 2304 1878 2379 exteriores.
1911 2303 2087 2371 Quare

509 2388 689 2434 autem
718 2376 819 2434 ista
846 2376 1047 2448 omnia,
1082 2379 1183 2433 nisi
1210 2378 1331 2448 quia
1360 2379 1412 2432 in
1446 2386 1685 2448 montem
1716 2376 1862 2429 illum
1886 2387 2087 2448 _aseen-

511 2448 727 2521 derunt,
760 2450 813 2505 in
849 2464 1009 2521 quem
1032 2443 1243 2520 primus
1266 2447 1506 2521 ascendit
1529 2448 1765 2521 angelus,
1795 2454 1847 2500 et
1870 2443 2089 2499 descen-

511 2517 589 2572 dit
616 2517 893 2576 diabolus?
920 2517 1065 2587 Quos
1090 2530 1267 2575 autem
1296 2517 1883 2589 prcedestinasti,ipsos
1912 2524 1960 2589 et
1997 2529 2093 2589 ro-

511 2590 665 2652 casti,
694 2600 749 2645 et
776 2584 1138 2654 sanctilicasti,
1170 2600 1223 2645 et
1263 2584 1552 2654 mundasti,
1595 2598 1654 2642 ut
1680 2588 1894 2654 dignum
1936 2584 2089 2637 habi-

511 2662 746 2714 taculum
772 2662 879 2715 sint
902 2669 1007 2715 tuae
1031 2661 1356 2729 majestatis;
1388 2675 1508 2713 cum
1534 2659 1801 2729 quibus_et
1824 2656 1876 2708 in
1903 2655 2093 2729 quibus

514 2736 640 2783 sunt
660 2731 751 2785 tibi
779 2731 985 2785 deliciae
1009 2725 1206 2785 saneta:
1226 2739 1280 2784 et
1304 2725 1619 2794 mundun—in
1647 2726 1837 2796 quibus
1866 2732 1920 2778 tu
1947 2725 2095 2779 dele-

515 2801 697 2870 ctaris,
738 2809 793 2854 et
830 2799 1073 2870 _ltetificas
1096 2801 1427 2870 juventutem
1458 2795 1675 2870 eorum,
1695 2795 1937 2850 habitans
1974 2810 2093 2849 cum

517 2868 599 2924 eis
631 2869 684 2923 in
724 2868 902 2925 medio
927 2868 1132 2936 eorum,
1159 2880 1219 2924 ut
1262 2870 1361 2939 ipsi
1391 2868 1653 2939 templum
1676 2875 1917 2939 sanctum
1946 2873 2095 2920 tuum

518 2940 815 3022 sinthquod
850 2956 1056 3012 magnae
1082 2936 1352 3011 dignitatis
1376 2936 1769 2995 commendatio
1795 2944 1878 2992 est
1905 2936 2095 2991 huma-

520 3018 699 3065 nitatis
730 3019 945 3066 ηοειντε.

589 3080 817 3138 CAPUT
853 3082 1025 3138 XXX.
1064 3082 1250 3137 Anima
1314 3082 1539 3135 humana
1608 3078 1781 3146 unde,
1847 3077 1969 3148 quid
2030 3079 2097 3133 sit

518 3160 567 3205 et
617 3168 718 3222 quo
744 3152 921 3225 _beata.
969 3153 1160 3225 Anima
1208 3152 1349 3209 enim
1400 3165 1559 3225 quam
1617 3149 1987 3225 ereasti___nou
2017 3149 2100 3225 _de

518 3219 638 3287 te,'
666 3222 762 3279 sed
821 3239 919 3295 per
973 3222 1202 3279 Verbum
1249 3233 1397 3279 tuum
1417 3219 1583 3295 {non
1612 3236 1677 3275 ex
1707 3219 1941 3295 qualibet
1984 3220 2099 3275 ele-

520 3290 841 3348 mentorum'
871 3294 1117 3361 materia,
1154 3295 1248 3349 sed
1283 3309 1354 3349 ex
1391 3291 1590 3357 nihilo;
1618 3304 1737 3360 quae
1756 3290 1969 3358 quidem
2008 3305 2100 3344 ra-

521 3362 779 3431 tionalis,
833 3364 1205 3420 intellectualis
1230 3406 1246 3432 ,
1286 3362 1595 3432 spiritualis,
1638 3361 2097 3432 setnperfviveus,

523 3447 740 3503 semper
765 3429 837 3487 Vin
874 3429 1245 3504 motu,rquam
1296 3429 1516 3504 signasti
1570 3431 1771 3504 lumine
1798 3431 1973 3504 vultus
2000 3429 2099 3496 tui,

524 3512 581 3558 et
641 3500 969 3558 consecrasti
1023 3500 1219 3558 virtute
1264 3500 1464 3557 lavacri
1515 3502 1591 3554 tui
1642 3517 1656 3553 :
1709 3500 1783 3554 ita
1832 3500 1967 3554 facta
2022 3509 2102 3555 est

524 3587 695 3642 capax
718 3573 1011 3644 majestatis
1038 3582 1165 3640 tuae,
1199 3573 1339 3644 quod
1371 3571 1720 3644 a_te‘solo,_et
1754 3584 1782 3623 a
1813 3570 2104 3644 nullo_ali_o

522 3640 697 3727 possit
716 3640 943 3727 impleri.
966 3642 1101 3727 Cum
1128 3640 1303 3727 autem
1329 3650 1384 3727 te
1408 3642 1587 3727 habet,
1610 3642 1832 3727 _plenurn
1859 3649 1942 3727 est
1958 3640 2103 3727 desi—

526 3711 732 3784 derium
760 3711 909 3784 ejus;
941 3724 995 3770 et
1015 3715 1124 3784 jam
1154 3715 1285 3769 nihil
1319 3714 1458 3768 aliud
1485 3712 1626 3784 quod
1652 3711 1981 3784 desideretur
2009 3726 2107 3766 ex-

522 3783 714 3855 terius,
743 3781 931 3840 restat.
965 3781 1098 3839 Dum
1124 3794 1301 3841 autem
1329 3781 1527 3855 aliquid
1556 3784 1792 3855 exterius
1813 3781 2103 3855 desiderat,

523 3852 866 3927 manifestum
895 3864 977 3910 est
1001 3856 1157 3927 quod,
1184 3866 1235 3911 te
1264 3871 1371 3927 non
1400 3852 1562 3927 liabet
1598 3854 1853 3927 interius;
1881 3869 1986 3927 quo
2015 3853 2109 3906 ha-

524 3922 661 3991 bito,
682 3924 815 3980 nihil
849 3934 934 3982 est
960 3922 1102 3997 quod
1129 3926 1480 3981 desideretur.
1502 3924 1637 3997 Cum
1680 3924 1821 3997 enim
1860 3925 2111 3997 _sissum-

524 4008 674 4049 mum
722 4005 776 4051 et
819 3993 995 4052 omne'
1022 3997 1255 4062 bonum;
1299 4011 1405 4050 non
1453 3995 1611 4050 habet
1656 3993 1800 4064 quod
1842 3994 2112 4049 desideret

526 4066 776 4136 amplius,
805 4067 851 4119 si
884 4066 1122 4136 possidet
1148 4081 1308 4121 omne
1332 4064 1739 4136 bonum._Quod
1768 4064 1816 4136 si
1839 4077 1944 4136 non
1970 4064 2113 4136 desi-_-

528 4134 683 4189 derat
707 4150 867 4189 omne
888 4134 1124 4199 bonum,
1151 4145 1314 4190 restat
1350 4144 1411 4189 ut
1434 4134 1703 4189 desideret
1745 4134 1943 4205 aliquid
1971 4134 2113 4204 quod

529 4219 639 4257 non
670 4215 753 4257 est
782 4219 941 4258 omne
979 4206 1177 4275 bonum
1209 4223 1221 4257 :
1262 4219 1388 4275 ergo
1433 4219 1533 4259 nec
1575 4219 1841 4275 summum
1890 4205 2110 4271 bonum,

531 4287 662 4340 ergo
697 4289 795 4328 nec
838 4276 1024 4345 Deum,
1056 4274 1151 4328 sed
1201 4274 1377 4345 potius
1404 4282 1721 4345 creaturam.
1758 4274 1899 4345 _Cum
1936 4284 2116 4329 autem

529 4352 831 4415 creaturam
856 4344 1143 4415 desiderat,
1175 4343 1479 4399 continuam
1523 4343 1716 4415 famem
1758 4343 1952 4410 habet;
1994 4345 2117 4415 quia

535 4410 663 4465 licet
700 4414 839 4483 quod
868 4414 1135 4469 desiderat
1164 4417 1230 4471 de
1268 4416 1546 4481 creaturis,
1578 4413 1919 4483 adipiscatur,
1949 4410 2117 4469 vacua

526 4491 716 4555 tamen
744 4493 1003 4547 remanet,
1032 4486 1152 4555 quia
1189 4485 1320 4540 nihil
1346 4495 1427 4539 est
1454 4484 1595 4555 quod
1625 4500 1743 4539 eam
1771 4485 1989 4555 impleat
2015 4485 2119 4541 nisi

505 4560 613 4633 ἦιιι,
646 4554 712 4608 ad
756 4556 925 4633 _cttj_us__
952 4554 1246 4633 imaginem
1267 4565 1350 4633 est
1387 4554 1584 4611 creata.
1625 4555 1817 4625 lmples
1843 4554 2018 4633 autem
2061 4565 2120 4611 tu

504 4624 651 4696 feos,
682 4624 773 4693 qui
799 4626 929 4680 nihil
955 4624 1099 4684 aliud
1135 4628 1441 4682 desiderant
1467 4634 1660 4696 praeter
1679 4635 1764 4693 te;
1796 4636 1850 4681 et
1877 4625 2004 4681 facis
2025 4642 2121 4683 eos

535 4694 726 4765 dignos
772 4705 846 4763 te,
884 4706 1117 4764 sanctos,
1162 4700 1368 4765 beatos,
1415 4694 1780 4752 immaculatos
1822 4705 1877 4752 et
1922 4698 2122 4753 amicos

507 4764 787 4839 [Dei;_qui
821 4769 999 4839 omnia
1034 4778 1293 4839 reputant
1311 4764 1379 4839 ut,
1397 4778 1667 4839 stercora,
1694 4775 1753 4822 ut
1792 4767 2126 4839 lucrifaciant

620 4834 793 4910 solum
827 4834 1205 4910 (Philippfm,
1249 4838 1330 4910 8).
1370 4838 1496 4893 Haec
1531 4845 1617 4893 est
1656 4838 1927 4910 beatitudo
1964 4855 2124 4909 quam

536 4903 743 4959 homini
783 4903 1090 4980 contulisti;
1139 4903 1226 4964 hic
1267 4903 1440 4964 honor
1477 4923 1584 4980 quo
1611 4924 1735 4980 eum
1771 4909 1912 4964 inter
1937 4903 2125 4967 omnes

538 4984 815 5049 creaturas
841 5018 856 5043 ,
898 4979 996 5034 sed
1023 4987 1079 5033 et
1115 4993 1277 5049 super
1302 4978 1879 5035 omnes'honoriiicasti
1902 5020 1918 5045 ,
1949 4987 2009 5034 ut
2056 4982 2127 5036 sit

516 5054 523 5063 ‘
540 5044 1237 5125 admirabileltgmenjuurn
1254 5044 2029 5125 inuniversaterra(Psal.v111,
2043 5051 2125 5125 2).

613 5114 1161 5193 CAPUT}XXI:U
1175 5118 1318 5193 ρεαδ
1337 5120 1540 5174 habitet.
1563 5119 1714 5193 Quod
1734 5114 1824 5193 per
1840 5114 2129 5193 sensusvno'u

540 5186 996 5265 incutiatur-pius.
1021 5189 1161 5265 Quid
1176 5189 1341 5265 Deum
1358 5186 1630 5265 quiet-endo
1648 5186 1953 5265 quaeramus.
1970 5192 2131 5265 Crea-

540 5267 776 5313 turarluu
796 5258 860 5313 de
880 5258 990 5314 Deo
1008 5258 1470 5328 testimoniumﬂui
1492 5262 1556 5317 ab
1578 5258 1779 5319 licinius
1798 5264 1869 5317 ad
1883 5263 1978 5319 Dei
1992 5266 2129 5320 noti-

521 5330 673 5401 'tiaat
700 5328 1022 5385 ascadatur.
1047 5329 1188 5386 Deus
1207 5331 1302 5387 sibi
1322 5333 1418 5389 soli
1445 5341 1612 5389 notus.
1655 5333 1916 5401 Quatenus
1938 5335 2131 5390 homini

541 5399 843 5489 ﬁatﬁat
879 5401 1268 5489 Paetus
1292 5402 1434 5489 ρεειξε
1456 5419 1612 5489 φερε
1631 5399 1859 5489 simula.
1876 5406 2133 5489 ,οωηίιυο-

544 5470 866 5539 tentissime,
881 5472 1061 5529 inveni
1082 5473 1258 5530 locum
1275 5473 1368 5530 ubi
1390 5484 1448 5530 tu
1470 5474 1678 5532 habitas
1693 5494 1708 5531 :
1723 5470 1854 5547 quia
1874 5477 1928 5531 in
1952 5470 2131 5533 anima

1941 216 2302 279 APPENDIX.

3666 208 3777 268 888

2178 343 2333 395 quam
2385 327 2578 381 creasti
2623 326 2686 380 ad
2735 326 3014 397 imaginem
3064 334 3118 381 et
3168 327 3568 386 similitudinem
3617 336 3765 382 tuam

2179 399 2326 468 (Gen.
2356 414 2393 464 ι,
2426 398 2539 468 27),
2570 413 2687 467 qua:
2710 406 2761 451 te
2799 399 2969 451 solum
2995 398 3186 468 quaerit
3215 407 3267 453 et
3291 398 3594 463 desiderat;
3638 399 3765 468 quia

2176 486 2281 523 non
2331 471 2381 523 in
2425 469 2513 521 illa
2542 483 2661 536 qua:
2690 476 2742 521 te
2787 483 2892 522 non
2932 469 3122 537 quaerit
3173 485 3271 524 nec
3314 470 3605 525 desiderat.
3650 469 3765 537 Ego

2176 540 2347 594 erravi
2378 540 2514 593 sicut
2539 539 2650 592 ovis
2681 553 2801 607 qure
2830 538 3002 608 periit,
3030 554 3276 606 qumrens
3304 549 3355 596 te
3380 541 3640 605 exlerius,
3671 540 3765 608 qui

2177 626 2235 665 es
2259 611 2513 674 interius;
2540 617 2593 664 et
2620 610 2843 663 multum
2875 608 3106 664 laboravi
3129 625 3373 679 qumrens
3394 621 3446 667 te
3472 620 3621 666 extra
3650 625 3759 675 me,

2177 689 2232 735 et
2262 690 2313 734 tu
2354 680 2558 735 habitas
2584 681 2635 733 in
2664 695 2768 745 me,
2796 679 2839 733 si
2871 688 3044 733 tamen
3077 694 3177 749 ego
3204 680 3504 737 desiderem
3543 691 3613 735 te.
3644 682 3765 735 Cir-

2177 752 2313 806 cuivi
2352 751 2494 805 vicos
2523 759 2575 805 et
2606 751 2809 819 plateas
2844 750 3071 821 civitatis
3109 752 3264 820 hujus
3305 753 3488 806 mundi
3518 766 3765 821 qttterens

2179 832 2266 886 te;
2314 829 2368 876 et
2390 836 2494 875 non
2524 821 2721 892 inveni,
2752 822 2874 892 quia
2917 820 3057 876 male
3082 822 3385 891 quaerebam
3423 820 3574 889 foris,
3617 822 3764 892 quod

2179 901 2293 947 erat
2317 892 2477 946 intus.
2520 890 2635 945 Misi
2674 891 2888 946 nuntios
2915 905 3065 946 meos
3090 890 3279 948 Omnes
3306 907 3500 948 sensus
3521 890 3762 948 exterio-

2181 977 2287 1028 res,
2328 970 2386 1017 ut
2415 976 2709 1034 grutererem
2745 969 2841 1034 te;
2863 970 2917 1017 et
2945 977 3049 1017 non
3079 963 3277 1031 inveni,
3305 965 3425 1034 quia
3451 964 3589 1018 male
3613 979 3766 1032 qua»

2181 1031 2583 1106 rebam._Video
2623 1031 2787 1097 enim,
2832 1033 2922 1106 lux
2968 1047 3084 1088 mea
3135 1034 3279 1106 Deus
3320 1031 3410 1106 qui
3436 1031 3764 1106 illuminasti

2180 1119 2288 1170 me,
2321 1103 2442 1173 quia
2473 1102 2611 1158 male
2641 1112 2692 1175 te
2717 1118 2811 1172 per
2838 1103 2959 1175 illos
2974 1104 3288 1175 quaerebam
3310 1102 3478 1175 {quia
3509 1112 3566 1159 tu
3591 1119 3650 1161 es
3675 1105 3764 1159 in-

2180 1184 2284 1245 tus,
2322 1172 2375 1229 et
2415 1183 2589 1245 tamen
2640 1174 2761 1245 ipsi,
2790 1172 2931 1245 unde
2969 1174 3249 1230 intraveris
3290 1172 3644 1232 nesciverunt.
3681 1175 3766 1245 (α)

2180 1244 2311 1300 Nam
2338 1245 2476 1299 oculi
2515 1243 2716 1306 dicunt,
2744 1244 2801 1299 Si
2829 1244 3096 1299 coloratus
3125 1260 3231 1300 non
3257 1246 3373 1309 fuit,
3406 1261 3501 1314 per
3531 1261 3631 1301 nos
3653 1243 3762 1300 non

2182 1316 2436 1378 intravit;
2480 1329 2638 1369 aures
2665 1314 2867 1381 dicunt,
2900 1315 2956 1370 Si
2986 1316 3218 1370 sonitum
3242 1332 3345 1371 non
3369 1316 3515 1383 fecit,
3535 1332 3631 1385 per
3660 1332 3764 1370 nos

2182 1401 2297 1458 non
2315 1385 2589 1450 transivit;
2614 1386 2970 1458 _nasusdicit,
3005 1386 3061 1441 Si
3097 1401 3204 1442 non
3234 1387 3385 1454 oluit,
3413 1402 3509 1458 per
3537 1402 3624 1442 me
3651 1401 3760 1441 non

2181 1456 2359 1522 venit;
2386 1465 2568 1523 gustus
2597 1455 2745 1527 dicit,
2768 1457 2820 1527 Si
2848 1471 2952 1527 non
2980 1457 3171 1527 sapuit,
3204 1472 3298 1527 per
3324 1455 3429 1514 me'
3462 1473 3570 1513 non
3596 1458 3770 1511 intro-

2184 1527 2312 1593 ivit;
2346 1536 2517 1581 tactus
2545 1526 2880 1594 etiamaddit,
2909 1526 2965 1582 Si
2993 1526 3335 1597 corpulentus
3359 1543 3465 1583 non
3499 1538 3601 1594 est,
3628 1527 3764 1582 nihil

2183 1613 2271 1652 me
2308 1597 2377 1652 de
2405 1598 2505 1652 hac
2540 1612 2602 1652 re
2642 1598 2955 1668 interroges.
2987 1597 3102 1652 Non
3135 1598 3233 1652 ista
3276 1607 3403 1655 sunt
3439 1598 3491 1653 in
3523 1608 3592 1663 te,
3620 1599 3766 1668 Deus

2182 1682 2354 1723 meus.
2381 1668 2453 1739 (b)
2502 1667 2619 1722 Non
2664 1668 2807 1723 enim
2856 1667 3092 1739 speciem
3136 1670 3403 1739 corporis,
3459 1682 3557 1723 nec
3599 1667 3771 1739 decus

2185 1738 2589 1810 temporis,nec
2615 1739 2901 1793 candorem
2932 1738 3065 1794 lucis
3100 1740 3183 1794 vel
3210 1738 3468 1805 colorem,
3494 1754 3600 1794 non
3638 1738 3767 1793 dul-

2185 1823 2275 1864 ces
2296 1808 2653 1880 inelediarum
2680 1816 2867 1864 cantus
2894 1819 2947 1864 et
2988 1824 3333 1880 quaecumque
3370 1809 3526 1866 dulce
3564 1824 3768 1863 sonan-

2186 1880 2279 1944 tia,
2299 1893 2405 1934 non
2430 1879 2619 1934 florum
2641 1887 2695 1935 et
2715 1887 3104 1950 unguentorum
3124 1880 3207 1935 vel
3228 1879 3523 1935 aromatum
3544 1880 3761 1946 odores,

2186 1964 2293 2004 non
2322 1950 2477 2005 mella
2507 1950 2590 2005 vel
2631 1964 2824 2004 manna
2857 1951 3035 2020 gustui
3059 1950 3410 2019 delectabilia,
3439 1966 3545 2005 non
3568 1961 3766 2006 ctetera

2188 2035 2411 2091 qumque
2453 2020 2519 2075 ad
2566 2020 2885 2091 tangendum
2914 2021 2997 2076 vel
3040 2021 3446 2090 amplexandum
3496 2021 3766 2085 amabilia,

2188 2106 2288 2146 nec
2309 2090 2487 2145 Omnia
2503 2090 2867 2163 aliaseusibus
2879 2091 2959 2145 his
2975 2091 3208 2163 subjecta
3226 2106 3429 2163 qurere,
3455 2106 3574 2148 cum
3594 2092 3769 2147 Deum

2190 2176 2367 2217 meum
2378 2176 2581 2232 quaero.
2597 2160 2751 2216 Absit
2762 2172 2817 2216 ut
2834 2162 2933 2217 ista
2944 2160 3261 2218 crediderim
3275 2164 3439 2218 Deum
3456 2177 3629 2218 meum
3644 2176 3772 2231 qum

2189 2233 2348 2288 etiam
2362 2247 2392 2287 a
2407 2232 2691 2287 brutalium
2705 2232 2949 2289 sensibus
2959 2233 3497 2303 comprehenduntur.
3513 2234 3576 2287 Et
3587 2242 3769 2287 tamen

2189 2318 2308 2374 cum
2332 2303 2495 2358 Deum
2514 2318 2689 2358 meum
2706 2318 2905 2374 quaero,
2924 2302 3106 2374 quaero
3126 2303 3467 2359 nihilominus
3486 2302 3771 2374 quamdam

2190 2373 2381 2445 lucem,
2404 2389 2568 2443 super
2596 2388 2808 2429 omnem
2841 2373 3011 2429 lucem
3028 2417 3043 2443 ,
3073 2389 3230 2445 quam
3256 2389 3361 2429 non
3382 2373 3523 2444 capit
3550 2374 3768 2445 oculus;

2192 2444 2476 2513 quamdam
2493 2459 2680 2516 vocem
2696 2459 2859 2516 super
2875 2444 3313 2513 omnem’vocem,
3326 2461 3483 2516 quam
3507 2460 3614 2499 non
3628 2444 3772 2513 capit

2193 2516 2365 2581 auris;
2392 2515 2676 2584 quemdam
2697 2514 2915 2570 odorem
2936 2529 3097 2585 super
3114 2529 3327 2570 omnem
3346 2514 3589 2579 odorem,
3611 2530 3771 2585 quem

2195 2600 2300 2656 non
2338 2585 2478 2654 capit
2514 2585 2658 2639 naris
2678 2601 2706 2656 ;_
2739 2585 3021 2655 quemdam
3049 2585 3323 2642 dulcorem
3362 2601 3523 2656 super
3549 2600 3767 2640 omnem

2194 2626 2488 2734 dulcorem,
2532 2626 2839 2734 quetninion
2878 2626 3033 2734 sapit-
3056 2626 3286 2727 gustus“;
3327 2626 3611 2728 quemdam
3651 2672 3773 2734 am_-

2195 2726 2408 2795 plcxum
2454 2740 2614 2798 super
2653 2726 2873 2798 omnem
2895 2726 3224 2798 amplexum,
3257 2726 3414 2798 quem
3461 2741 3565 2798 non
3606 2727 3777 2798 tangit

2195 2803 2367 2867 tactus
2410 2796 2693 2851 exterioris
2720 2796 3134 2853 'homiuis'mei.
3183 2796 3287 2853 Ista
3324 2798 3411 2852 lux
3453 2796 3639 2867 fulget,
3680 2797 3773 2851 ubi

2196 2866 2344 2922 locus
2390 2882 2496 2921 non
2544 2867 2875 2935 capit;'i§ta
2914 2883 3018 2922 vox
3062 2876 3236 2935 sonat,
3278 2868 3367 2922 ubi
3416 2866 3623 2935 tempus
3665 2882 3776 2923 non

2196 2939 2368 3008 rapit;
2400 2936 2532 2992 odor
2559 2937 2659 2992 iste
2680 2936 2904 3005 redolet,
2927 2938 3016 2993 ubi
3045 2938 3201 2994 ﬂatus
3224 2952 3332 2993 non
3361 2939 3584 3008 spargit;
3608 2952 3779 3007 sapor

2198 3007 2299 3063 iste
2327 3008 2483 3079 sapit,
2513 3008 2601 3062 ubi
2642 3022 2746 3063 non
2790 3016 2873 3063 est
2896 3009 3166 3079 edacitas;
3213 3007 3619 3079 amplexus’iste
3647 3016 3777 3061 tan-

2198 3078 2359 3149 gitur,
2388 3078 2476 3149 ubi
2505 3092 2609 3133 non
2639 3079 2923 3135 divellitur.
2954 3078 3052 3134 Hic
3080 3090 3161 3134 est
3199 3078 3339 3136 Deus
3374 3094 3543 3143 meus,
3571 3086 3628 3149 et
3666 3093 3777 3133 non

2201 3148 2548 3203 testimabitur
2582 3150 2718 3221 alius
2759 3149 2827 3221 ad
2867 3149 3047 3217 illum;
3093 3149 3403 3221 hocquaaro
3445 3164 3567 3204 cum
3609 3148 3776 3204 Deum

2202 3235 2381 3273 meum
2430 3234 2640 3288 quaero,
2681 3219 2820 3274 istud
2867 3235 2988 3274 amo
3033 3236 3153 3275 cum
3190 3219 3356 3276 Deum
3404 3235 3580 3275 meum
3633 3234 3775 3273 amo.

2203 3289 2276 3362 (c)
2306 3290 2439 3345 Sero
2476 3297 2530 3344 te
2572 3290 2767 3372 amavi,
2812 3290 3150 3372 pulchritudo
3180 3300 3286 3345 tam
3315 3292 3530 3372 antiqua
3573 3298 3642 3372 et.
3668 3299 3775 3371 tam

2202 3359 2375 3424 nava;
2417 3374 2538 3415 sero
2581 3369 2632 3415 te
2661 3359 2833 3414 amavi
2864 3379 2875 3413 :
2907 3371 2961 3416 et
2989 3369 3045 3415 tu
3071 3362 3212 3416 intus
3241 3376 3383 3428 eras,
3413 3359 3467 3417 et
3491 3376 3591 3431 ego
3616 3359 3775 3431 foris;

2205 3440 2261 3502 et
2284 3431 2357 3502 ibi
2388 3442 2437 3502 te
2467 3431 2792 3502 quaerebam,
2821 3440 2876 3486 et
2916 3432 2972 3486 in
3015 3432 3115 3487 ista
3161 3432 3393 3488 formosa
3441 3430 3563 3502 qua:
3609 3430 3779 3486 fecisti

2205 3500 2458 3572 deformis
2504 3501 2789 3572 irruebam.
2820 3501 3022 3556 Mecum
3061 3517 3202 3568 eras,
3245 3511 3299 3558 et
3326 3517 3426 3572 ego
3458 3500 3639 3557 tecum
3674 3515 3783 3555 non

2206 3586 2372 3626 eram.
2410 3570 2603 3644 Eame
2627 3571 2876 3644 tenebant
2903 3572 3059 3643 longe
3088 3589 3117 3628 a
3155 3583 3226 3636 te,
3261 3570 3382 3644 (ξιιεὲ
3413 3587 3535 3628 esse
3558 3586 3663 3627 non
3689 3585 3787 3640 po-

2207 3649 2382 3696 terant
2418 3641 2517 3694 nisi
2560 3642 2611 3694 in
2655 3649 2724 3695 te.
2756 3640 3110 3698 Circumibam
3136 3640 3293 3699 enim'
3319 3643 3499 3699 omnia
3539 3655 3784 3713 quaerens

2210 3721 2361 3784 te,‘e_t
2392 3720 2609 3784 propter
2628 3714 2803 3784 omnia
2832 3713 3205 3784 derelinquens
3225 3729 3333 3769 me.

2282 3781 2361 3905 Sd)
2403 3782 2724 3853 Interrogavi
2751 3791 2947 3838 terram
2972 3785 3018 3839 si
3042 3781 3182 3840 esset
3214 3785 3355 3843 Deus
3379 3797 3551 3848 meus,
3573 3794 3629 3839 et
3651 3782 3785 3838 dixit

2282 3853 2340 3905 λιι
2370 3852 2512 3905 (ιιιοά
2545 3867 2688 3905 non:
2734 3861 2787 3905 et
2814 3854 2991 3905 omnia
3027 3869 3148 3905 dum
3176 3856 3228 3905 in
3250 3870 3310 3905 ea
3340 3863 3486 3905 sunt.
3518 3854 3621 3905 hoc
3645 3853 3785 3905 idem

2211 3852 2347 3925 mihi
2370 3852 2512 3921 quod
2545 3867 2688 3925 non;
2734 3861 2787 3908 et
2814 3854 2991 3908 omnia
3027 3869 3148 3925 qua:
3176 3856 3228 3910 in
3250 3870 3310 3910 ea
3340 3863 3486 3919 sunt,
3518 3854 3621 3909 hoc
3645 3853 3785 3925 idem

2211 3922 2454 3997 confessa
2483 3932 2624 3997 sunt.
2654 3923 2975 3994 Interrogavi
3002 3922 3153 3980 mare
3175 3933 3229 3997 et
3265 3925 3513 3997 abyssos.
3544 3935 3600 3980 et
3627 3924 3791 3993 repti-

2214 3994 2283 4065 lia
2322 4008 2439 4063 quae
2481 3994 2533 4047 in
2563 3994 2641 4049 eis
2688 4004 2845 4060 sunt;
2894 4003 2949 4050 et
2991 3994 3421 4065 responderunt:
3453 3995 3571 4050 Non
3610 4008 3791 4050 sumus

2214 4063 2356 4147 Deus
2385 4070 2540 4130 tuus;
2569 4079 2942 4147 quaeresuper
2971 4063 3238 4121 nos—eum.
3283 4065 3607 4147 Interrogavi
3637 4065 3791 4147 flabi-

2216 4133 2296 4205 les
2312 4149 2471 4205 auras
2488 4142 2587 4205 χει
2606 4134 2777 4205 inquit
2802 4133 3083 4191 universus
3111 4152 3204 4192 aer
3226 4151 3349 4192 cum
3374 4133 3623 4191 omnibus
3648 4136 3793 4189 ineo.

2215 4203 2282 4259 lis
2320 4204 2473 4277 suis:
2513 4203 2735 4277 Fallitur
2778 4206 3169 4274 Anaximenes;
3221 4221 3327 4263 non
3371 4222 3489 4262 sum
3520 4221 3622 4277 ego
3651 4206 3789 4277 Deus

2219 4282 2359 4346 tuus.
2398 4274 2727 4346 interrogavi
2766 4276 2979 4343 omium,
3023 4279 3213 4344 solem,
3239 4278 3440 4345 lunam,
3485 4286 3541 4332 et
3558 4274 3789 4331 'stellas:

2217 4345 2401 4418 Neque
2445 4360 2544 4400 nos
2590 4345 2774 4418 sumus
2802 4347 2942 4402 Deus
2969 4357 3111 4414 tuus,
3141 4349 3402 4418 inquiunt.
3446 4348 3511 4402 Et
3537 4347 3647 4402 dixi
3676 4361 3793 4418 om-

2220 4416 2378 4470 nibus
2419 4431 2537 4486 quae
2581 4417 2926 4472 circumstant
2966 4418 3110 4473 fores
3150 4416 3326 4473 carnis
3368 4433 3541 4474 mete:
3580 4417 3796 4471 Dixistis

2221 4486 2350 4557 mihi
2377 4486 2445 4541 de
2482 4487 2590 4541 Deo
2616 4501 2737 4557 meo
2771 4488 2911 4557 quod
2961 4502 3056 4543 vos
3095 4503 3202 4545 non
3243 4489 3405 4555 estis;
3458 4488 3622 4543 dicite
3667 4486 3797 4541 mihi

2223 4556 2290 4612 de
2318 4557 2409 4627 illo
2434 4556 2650 4627 aliquid.
2675 4557 2744 4612 Et
2768 4556 3197 4615 exclamaverunt
3216 4572 3405 4615 omnes
3429 4573 3562 4613 voce
3592 4557 3794 4627 grandi,

2224 4627 2342 4700 ipse
2383 4626 2507 4700 fecit
2534 4627 3040 4700 _nos._lnterrogavi
3087 4630 3310 4700 proinde
3351 4629 3535 4684 mundi
3578 4626 3791 4700 molem,

2226 4698 2320 4769 Dic
2340 4698 2477 4769 mihi
2503 4698 2548 4752 si
2577 4712 2637 4752 es
2666 4698 2805 4769 Deus
2830 4698 3003 4767 meus,
3029 4698 3205 4756 annon
3229 4718 3245 4754 :
3275 4708 3331 4754 et
3366 4699 3645 4769 respondit
3674 4712 3800 4752 voce

2226 4768 2371 4833 forti,
2398 4766 2515 4821 Non
2541 4782 2681 4842 sum,
2704 4768 2893 4842 inquit,
2917 4785 3046 4842 ego;
3083 4771 3176 4826 sed
3205 4785 3299 4841 per
3327 4766 3501 4839 ipsum
3526 4784 3646 4825 sum
3673 4781 3798 4838 ego;

2227 4853 2386 4911 quem
2412 4838 2608 4911 quteris
2634 4838 2689 4893 in
2718 4854 2837 4911 me,
2864 4838 2979 4911 ipse
3005 4839 3133 4897 fecit
3160 4838 3281 4907 me;
3309 4838 3472 4911 super
3500 4854 3591 4895 me
3627 4852 3802 4908 qutere

2228 4910 2316 4978 qui
2342 4909 2479 4977 regit
2504 4923 2623 4983 me,
2640 4910 2730 4981 qui
2774 4909 2901 4983 fecit
2927 4918 2981 4967 ct
3018 4922 3089 4969 te.
3136 4909 3487 4983 Interrogatio
3531 4918 3803 4983 creatura-

2229 4994 2370 5045 rum,
2400 4979 2671 5053 profunda
2688 4980 3059 5053 consideratio
3086 4982 3323 5053 ipsarum
3350 4979 3370 5037 Ξ
3396 4981 3678 5051 responsio
3714 4992 3805 5053 ea-

2230 5048 2707 5123 rum,’attestatio
2752 5052 2985 5123 ipsarum
3032 5048 3123 5108 de'
3146 5053 3280 5118 Deo,
3325 5048 3578 5123 quoniam
3630 5048 3807 5123 omnia

2231 5121 2485 5194 clamant,
2515 5121 2658 5194 Deus
2684 5119 2788 5178 nos
2807 5122 2934 5179 fecit
2961 5139 2975 5177 :
3005 5124 3283 5194 quoniam,
3311 5119 3370 5178 ut
3397 5124 3472 5176 ait
3497 5119 3808 5194 Apostolus,

2231 5190 2515 5267 invisibilia
2540 5191 2637 5248 Dei
2664 5209 2756 5267 per
2776 5208 2838 5248 ea
2860 5208 2980 5267 quq
2994 5188 3134 5267 facta
3159 5188 3295 5267 sunt,
3324 5209 3358 5248 a
3384 5188 3619 5249 creatura
3636 5188 3813 5245 mundi

2232 5260 2491 5337 intellecta
2501 5260 2888 5337 conspiciuntur
2903 5260 3089 5337 (Rom.
3116 5281 3157 5333 ι,
3180 5260 3297 5337 20).

2306 5333 2373 5389 Et
2401 5334 2534 5389 redii
2567 5330 2644 5390 ad'
2662 5349 2772 5403 me,
2803 5340 2861 5391 et
2899 5330 3090 5391 intravi
3122 5330 3177 5391 in
3214 5330 3335 5399 me;
3383 5342 3443 5391 et
3480 5335 3569 5390 aio
3605 5330 3672 5387 ad
3701 5343 3811 5403 me,

2236 5403 2317 5459 Tu
2358 5404 2476 5476 quis
2503 5420 2564 5462 es
2603 5404 2628 5459 τ
2669 5401 3031 5478 Ειιιαειιοιιὰἱ
3080 5406 3245 5475 mihi,
3292 5406 3466 5463 Homo
3517 5401 3816 5470 rationalis,

2319 5510 2351 5547 a
2404 5496 2506 5547 vid.
2531 5496 2617 5548 lib.
2639 5496 2700 5548 10
2718 5498 3014 5549 Confession.
3039 5510 3146 5562 cap.
3181 5498 3259 5550 10.

2299 5497 2372 5679 Ξὸέ
2394 5565 2459 5609 Ex
2476 5558 2561 5609 lib.
2584 5559 2643 5610 10
2660 5558 2952 5633 Confession.
2976 5571 3083 5622 cap.
3103 5559 3259 5633 8,non

2324 5635 2372 5679 c,
2389 5626 2454 5670 Ex
2477 5623 2637 5679 capite
2654 5620 2714 5670 2’7
2732 5620 2844 5670 libri
2866 5620 2928 5671 10
2946 5621 3259 5672 Confessmnu

2323 5558 2371 5622 b)
2394 5565 2459 5609 Ex
2476 5558 2561 5609 lib.
2584 5559 2643 5610 10
2660 5558 2952 5622 βοιιῐθεςὶοιι.
2976 5571 3083 5622 cap.
3096 5558 3153 5621 Β,
3165 5558 3413 5611 nonnullis
3422 5559 3634 5610 mutatis.

2324 5620 2372 5681 ε)
2389 5626 2454 5670 Ex
2477 5620 2714 5683 capitali
2732 5620 2844 5683 libri
2866 5620 2928 5683 10
2946 5620 3326 5683 Confessionum.

2305 5682 2382 5744 (ά)
2408 5688 2470 5732 Ex
2493 5682 2597 5746 cap.
2621 5682 2654 5731 6
2676 5682 2895 5744 ejusdem
2918 5682 3026 5733 libri
3051 5683 3112 5734 10
3128 5682 3510 5735 confessionum.
