4134 6200
512 272 618 336 899
1944 274 2303 338 APPENDIX.
3682 280 3827 347 900

506 378 667 442 dictis
685 380 1130 458 camprebensum
1147 431 1160 454 ,
1190 388 1404 461 prtetixa
1435 376 1678 464 proxime
1703 400 1826 448 ante
1844 435 1860 460 ,
1892 393 2095 463 prologi
2135 394 2273 461 vice,
2303 391 2523 463 epistola
2549 390 2617 448 ad
2645 389 3041 463 Imperatricem
3064 393 3286 455 viduam
3543 395 3815 471 Impera-

504 478 646 537 toris
684 476 993 550 (Henricum
1039 482 1181 536 hunc
1219 484 1458 552 tertium,
1514 486 1655 539 illam
1703 499 1832 540 vero
1884 486 2146 555 Agnetem
2190 500 2328 551 esse,
2377 486 2691 541 monstravit
2736 486 2798 540 ι).
2846 486 3080 543 Joannes
3120 488 3373 545 Mabillon
3420 492 3474 546 in
3518 494 3819 562 praedictis

512 569 801 637 Analectis,
834 570 923 629 ubi
955 573 1234 643 epistolam
1275 577 1518 635 eamdem
1547 592 1664 648 pag.
1697 578 1801 633 155
1825 577 2153 648 publicavit),
2171 593 2291 634 cum
2319 578 2482 633 haece
2511 580 2564 633 in
2593 579 2698 636 line
2729 580 3117 651 subscriptione
3141 600 3153 635 :
3177 580 3292 652 Ego
3321 582 3547 656 Joannes
3573 588 3815 646 ultimus

511 678 769 721 servorum
797 660 982 718 Christi
999 704 1014 731 ,
1041 674 1089 719 et
1114 666 1199 736 qui
1222 683 1413 721 mecum
1437 676 1553 721 sunt
1576 672 1778 738 fratres,
1806 667 2178 722 Beatitudinem
2200 677 2336 721 tuam
2363 668 2642 724 salutamus
2661 670 2714 723 in
2742 669 2964 739 Christo,
2996 680 3124 738 etc.;
3153 689 3257 744 qua
3287 674 3535 741 nimirum
3561 679 3815 748 epistola

512 761 633 824 post
672 764 1116 813 commemoratas
1166 758 1297 811 alias
1340 758 1595 827 quasdam
1645 759 1960 829 scriptiones
2007 760 2121 828 pias
2163 768 2220 816 et
2263 761 2544 816 nonnullas
2574 777 2703 832 quas
2732 779 2799 818 ex
2830 763 3104 833 opusculis
3132 765 3346 821 Patrum
3396 772 3697 827 sententias
3730 788 3811 828 se

509 842 785 911 deﬂorasse
808 843 936 901 dicit
964 845 1218 913 Joannes,
1254 848 1464 909 libellus
1492 849 1581 905 ille
1611 849 2016 911 commendatur
2040 851 2093 904 in
2130 850 2246 907 haec
2270 852 2463 907 verba:
2494 854 2625 919 Quia
2648 855 2893 910 relatione
2915 857 3194 912 amicorum
3221 859 3396 926 didici,
3429 869 3476 917 te
3502 863 3813 921 desiderare

508 942 552 986 et
582 949 802 1002 poscere,
838 944 891 988 ut
917 936 1021 1007 ipse
1047 954 1258 1009 quoque,
1288 956 1432 1010 quem
1463 941 1525 994 de
1557 941 1976 1010 contemplatione
1999 942 2170 995 divina
2193 940 2477 1014 Christique
2506 960 2692 1010 amore,
2724 955 2770 999 et
2802 946 2865 999 de
2889 946 2981 1000 illa
3006 964 3224 1017 superna
3250 950 3535 1009 Jerusalem
3561 958 3808 1016 omnium

449 1052 465 1067 ι
510 1025 739 1095 ﬁdelium
769 1037 927 1092 ωριτε
950 1028 1139 1083 editum
1178 1030 1354 1096 habeo,
1386 1032 1473 1084 tibi
1501 1033 1747 1086 scribatur
1774 1033 2063 1087 libellus...
2084 1050 2193 1089 ecce
2222 1050 2314 1105 ego
2345 1034 2499 1090 libens
2528 1045 2677 1105 atque
2700 1053 2875 1103 ovans,
2904 1055 2999 1108 pro
3023 1040 3149 1094 scire
3170 1040 3304 1111 quod
3326 1043 3452 1096 mihi
3474 1045 3607 1098 dedit
3624 1045 3798 1112 Deus,

517 1112 727 1188 paratus
750 1135 882 1187 sum,
913 1130 1070 1175 mater
1095 1124 1376 1187 veneranda
1397 1165 1411 1188 ,
1454 1135 1553 1178 tute
1596 1126 1645 1178 in
1686 1126 1915 1183 omnibus
1943 1128 2147 1197 obsequi
2174 1128 2515 1182 voluntati...
2552 1129 2767 1199 Accipe,
2802 1148 2992 1200 quwso,
3026 1136 3257 1205 pervigili
3292 1145 3453 1190 mente
3485 1137 3614 1193 illud
3652 1143 3803 1209 quod

514 1216 733 1287 expetis,
776 1234 898 1283 metu
936 1235 1025 1293 per
1067 1218 1250 1273 Christi
1287 1222 1504 1291 gratiam
1551 1222 1899 1291 deﬂorationis
1940 1224 2272 1293 opusculum,
2317 1223 2370 1275 in
2413 1241 2512 1293 quo
2549 1223 2776 1278 videlicet
2811 1228 3028 1295 reperies
3070 1245 3257 1300 magna
3298 1246 3361 1285 ex
3395 1242 3535 1302 parte
3574 1236 3802 1296 celestis

528 1307 736 1367 theoria:
759 1308 931 1364 dulcia
954 1311 1129 1375 verba,
1159 1327 1269 1380 qua:
1294 1323 1569 1365 reverenter
1599 1313 1809 1382 legenda
1836 1323 1983 1381 sunt,
2014 1324 2058 1367 et
2087 1330 2200 1369 cum
2227 1315 2401 1368 timore
2425 1312 2585 1369 debito
2614 1314 2903 1373 meditando
2921 1358 2934 1384 ,
2963 1334 3025 1371 ne
3050 1317 3179 1387 forte
3204 1320 3266 1377 de
3293 1324 3569 1378 temeritate
3584 1326 3800 1396 judice-

524 1411 625 1467 tur,
648 1404 731 1471 qui
756 1403 954 1472 tepidus
980 1413 1025 1457 et
1048 1405 1306 1459 indevotus
1332 1406 1610 1471 accesserit,
1645 1415 1747 1461 etc.

588 1494 842 1565 Epistolas
872 1495 1123 1553 continuo
1145 1497 1480 1568 subjungitur
1509 1478 1717 1553 libellus
1737 1498 1959 1553 diversis
1992 1498 2230 1567 partibus
2259 1507 2314 1553 et
2342 1498 2505 1553 titulis
2531 1498 2672 1553 hunc
2698 1499 2753 1554 in
2788 1499 3003 1557 modum
3031 1500 3349 1558 distinctus:
3375 1503 3564 1576 Incipit
3592 1507 3799 1565 libellus

515 1587 579 1641 de
612 1586 893 1659 Scripturis
931 1598 977 1644 et
1020 1588 1177 1644 verbis
1204 1589 1418 1644 Patrum
1462 1590 1720 1652 collectus,
1763 1592 1831 1646 ad
1875 1588 2047 1644 eorum
2090 1593 2362 1661 prtesertim
2391 1592 2659 1646 utilitatem
2685 1594 2773 1660 qui
2805 1595 3203 1664 contemplativa:
3229 1598 3341 1655 vita:
3371 1609 3490 1657 sunt
3516 1614 3797 1659 amatores.

517 1678 666 1735 Psal.
706 1701 724 1734 ί
743 1680 882 1736 Deus
912 1683 1205 1738 misereatur
1230 1684 1387 1738 nostri
1412 1703 1456 1737 ).
1489 1684 1703 1739 Summa
1735 1683 1976 1749 Trinitas,
2008 1685 2165 1739 virtus
2192 1701 2312 1749 una,
2343 1695 2388 1739 et
2412 1685 2682 1741 indiscreta
2710 1687 2970 1756 majestas,
3008 1686 3144 1742 Deus
3170 1701 3354 1754 noster,
3387 1691 3528 1747 Deus
3552 1696 3793 1765 omnipo-

516 1784 645 1841 tens,
669 1775 909 1843 conﬁteor
940 1776 1045 1845 tibi,
1074 1787 1177 1832 etc.
1207 1778 1337 1833 Pars
1362 1788 1445 1833 est
1478 1777 1638 1833 libelli
1668 1776 1858 1846 prima,
1891 1777 2148 1846 incipiens
2187 1792 2217 1830 a
2256 1778 2428 1846 capite
2455 1777 2523 1830 12
2550 1778 2947 1832 Meditationum
2977 1782 3331 1849 sequentium,
3364 1793 3419 1839 et
3444 1784 3693 1842 desinens
3718 1788 3793 1844 ad

515 1864 680 1937 linem
707 1868 897 1937 capitis
922 1870 1005 1923 l7.
1036 1869 1168 1924 Tum
1195 1871 1503 1938 subjicitur:
1532 1888 1551 1921 ι
1582 1868 1810 1939 Explicit
1839 1870 1902 1922 de
1928 1868 2345 1938 contemplatione
2370 1869 2539 1922 divina
2564 1885 2682 1939 pars
2705 1871 2885 1941 prima.
2908 1869 3098 1941 Incipit
3120 1889 3237 1947 pars
3262 1876 3483 1939 secunda
3505 1879 3566 1947 de;
3604 1878 3797 1933 Christi

514 1976 708 2026 amore,
738 1959 891 2014 simul
914 1969 962 2015 et
989 1961 1051 2014 de
1078 1959 1169 2014 illa
1209 1978 1427 2030 superna
1455 1960 1740 2014 Jerusalem
1770 1969 1926 2012 matre
1965 1968 2159 2015 nostra.
2192 1958 2333 2012 Psal.
2372 1976 2390 2010 ‹
2416 1956 2696 2014 Eructavit.
2723 1977 2741 2011 ι
2783 1959 2917 2030 Spes
2947 1977 3075 2028 mea,
3106 1944 3300 2016 Christe
3332 1961 3491 2030 Deus,
3525 1942 3792 2021 hominum

518 2061 572 2105 tu
618 2051 779 2105 dulcis
809 2060 1028 2105 amator.
1062 2060 1166 2106 etc.
1200 2051 1402 2106 Desinit
1441 2050 1558 2105 haec
1594 2050 1823 2105 secunda
1845 2065 1966 2118 pars
2006 2049 2073 2103 ad
2113 2048 2273 2104 ﬁnem
2310 2050 2498 2118 capitis
2543 2049 2633 2105 25.
2668 2049 2853 2106 POStea
2900 2050 3126 2118 legitur:
3151 2049 3378 2121 Eaplicit
3416 2070 3537 2123 pars
3572 2057 3797 2111 secunda

519 2143 804 2205 theoreticat
831 2143 1207 2213 speculationis.
1242 2141 1428 2213 Incipit
1469 2158 1587 2212 pars
1615 2142 1790 2207 tertia,
1824 2140 1906 2193 ubi
1934 2157 2070 2195 mens
2103 2139 2279 2202 devota
2325 2139 2428 2192 Deo
2465 2139 2533 2193 ad
2572 2140 2801 2193 altiorem
2827 2140 3257 2211 contemplationis
3285 2143 3504 2214 gradum
3541 2146 3787 2207 ascendit.

518 2234 666 2291 Psal.
706 2256 724 2287 α
743 2235 816 2290 Te
832 2235 991 2290 Deum
1021 2235 1307 2290 laudamus.
1325 2254 1341 2287 ι
1358 2233 1531 2289 Psal.t
1556 2233 1841 2288 Benedicite
1868 2233 2087 2286 omnia.)
2116 2231 2289 2285 Psal.t
2309 2229 2540 2285 Laudate
2559 2230 2849 2284 Dominum.
2866 2230 3104 2298 Benedic,
3124 2234 3294 2288 anima
3321 2252 3453 2300 mea,
3475 2235 3713 2304 Domino,
3742 2245 3792 2291 et

518 2330 687 2382 omnia
722 2344 837 2399 qua:
872 2329 1009 2381 intra
1036 2345 1116 2382 me
1142 2337 1260 2381 sunt
1286 2327 1479 2381 nomini
1504 2336 1678 2379 sancto
1719 2325 1846 2395 ejus,
1874 2341 1892 2375 t
1915 2332 2019 2379 etc.
2067 2323 2197 2377 Pars
2241 2324 2416 2390 itaque
2456 2321 2607 2376 tertia
2655 2321 3012 2387 praetermisso
3059 2324 3232 2391 capite
3268 2322 3359 2390 26,
3397 2325 3580 2395 incipit
3620 2341 3649 2378 a
3686 2325 3795 2386 27.

520 2422 726 2476 Desinit
766 2431 943 2477 autem
988 2420 1053 2475 ad
1096 2420 1251 2475 tinem
1292 2420 1480 2489 capitis
1512 2419 1601 2473 55.
1646 2416 1847 2477 Deinde
1885 2416 2075 2483 relicto
2104 2416 2275 2486 capite
2316 2415 2385 2473 54
2423 2413 2765 2484 subsequitur
2805 2414 2991 2470 titulus
3016 2432 3028 2468 :
3052 2414 3310 2487 Incipiunt
3345 2434 3519 2487 preces
3563 2419 3791 2476 ardentis

521 2512 790 2579 desiderii,
820 2521 873 2565 ut
899 2512 1070 2564 anima
1098 2510 1262 2566 solum
1290 2509 1544 2565 Christum
1573 2510 1726 2581 possit
1754 2524 1924 2561 amare
1941 2549 1954 2572 ,
1987 2509 2105 2577 quia
2130 2506 2289 2562 bonus
2314 2515 2358 2559 et
2387 2506 2551 2559 malus
2577 2520 2721 2560 amor
2743 2522 2843 2560 non
2864 2523 2917 2561 se
2940 2508 3092 2562 simul
3117 2509 3171 2563 in
3199 2526 3301 2564 uno
3325 2511 3533 2582 capiunt
3570 2522 3790 2582 pectore,

516 2604 644 2658 sicut
673 2604 912 2673 scriptum
941 2611 1013 2657 est
1037 2644 1052 2667 ,
1098 2620 1117 2653 ι
1144 2600 1307 2656 Nemo
1351 2611 1511 2671 potest
1539 2600 1734 2671 duobus
1761 2599 1977 2667 dotuinis
1992 2599 2231 2671 servire.»
2270 2597 2413 2667 Psal.
2446 2616 2465 2649 ι
2493 2595 2721 2665 Jubilate
2743 2596 2873 2663 Deo,
2902 2599 3064 2652 omnis
3093 2608 3226 2654 terra
3247 2620 3293 2654 ι.
3325 2601 3551 2673 Moxque
3577 2604 3789 2660 additur

517 2704 684 2751 totum
714 2704 873 2765 caput
913 2695 1001 2755 55.
1032 2693 1158 2748 Jesu
1187 2705 1361 2748 nostra
1388 2693 1687 2762 redemmio,
1727 2700 1831 2746 etc.
1874 2690 2119 2759 Suscepit
2160 2698 2320 2759 caput
2348 2689 2437 2753 56,
2473 2704 2593 2744 cum
2631 2690 2733 2745 hoc
2774 2690 2965 2746 titulo:
2994 2691 3093 2746 Hic
3132 2695 3386 2761 peccatrix
3422 2696 3591 2750 anima
3633 2699 3785 2768 gemit

523 2789 675 2841 nimis
703 2797 750 2841 et
779 2786 934 2853 dolet,
967 2786 1138 2839 videns
1163 2794 1348 2839 terram
1374 2786 1490 2838 sine
1513 2800 1663 2853 aqua,
1702 2791 1746 2835 et
1774 2783 1961 2835 idcirco
1991 2796 2096 2851 prie
2120 2781 2368 2835 desiderio
2392 2781 2733 2851 lacrymarum
2769 2782 2972 2837 devotas
2999 2800 3168 2855 preces
3195 2786 3359 2855 fundit
3386 2787 3456 2840 ad
3481 2788 3773 2844 Dominum.

519 2877 667 2951 Psat.
705 2897 724 2929 ι
747 2877 1198 2951 Quemadmodum.
1222 2897 1239 2929 ι
1267 2876 1461 2945 Christe
1493 2874 1720 2939 Domine,
1759 2872 1975 2929 Verbum
1998 2870 2169 2931 Patris
2190 2914 2203 2941 ,
2236 2882 2339 2928 etc.
2366 2873 2556 2928 Postea
2586 2873 2823 2943 sequitur
2854 2876 3025 2945 prima
3057 2891 3178 2944 pars
3203 2879 3390 2948 capitis
3422 2880 3512 2947 37,
3553 2897 3675 2936 cum
3704 2883 3795 2936 in-

522 2948 811 3043 scriptione
832 2948 844 3020 έ
866 2948 969 3041 Hic
995 2973 1133 3037 optat
1157 2965 1337 3019 ardore
1358 2965 1512 3018 nimio
1540 2981 1677 3020 mens
1703 2963 1808 3035 pia,
1840 2973 1884 3016 et
1915 2963 2139 3027 datorem
2164 2963 2386 3017 omnium
2411 2962 2651 3019 bonorum
2683 2963 2848 3029 Deum
2872 2966 3126 3035 humiliter
3145 2978 3307 3039 rogat,
3329 2979 3382 3023 ut
3407 2970 3588 3025 dicina:
3602 2974 3797 3042 gratia:

522 3060 655 3132 {ulla
685 3058 940 3129 prtesidio,
983 3057 1076 3123 hoc
1104 3066 1390 3129 constanter
1415 3072 1560 3127 agere
1599 3054 1775 3129 possit,
1802 3053 1935 3124 quod
1961 3053 2231 3123 Apostolus
2260 3054 2488 3123 praecipit
2514 3054 2702 3125 dicens,
2736 3072 2757 3107 ι
2781 3054 2841 3110 Si
2865 3058 3248 3127 consurrexistis
3273 3074 3384 3111 cum
3408 3057 3632 3126 Christo,
3666 3077 3793 3130 quae

518 3140 719 3219 sursum
748 3157 866 3204 sunt
893 3151 1117 3220 quierite,
1160 3147 1245 3201 ubi
1271 3145 1503 3202 Christus
1548 3154 1618 3199 est
1659 3146 1711 3198 in
1749 3143 1952 3197 dextera
1982 3142 2074 3195 Dei
2101 3142 2310 3210 sedens;
2343 3158 2457 3211 qua:
2491 3160 2690 3198 sursum
2725 3154 2841 3213 sunt
2874 3145 3066 3214 sapite,
3099 3163 3207 3203 non.
3239 3163 3351 3217 qua
3374 3164 3522 3217 super
3542 3160 3784 3204 tenam.»

522 3240 669 3297 Psal.
704 3259 723 3293 ε
740 3240 904 3309 Quam
928 3238 1162 3294 dilecta.»
1192 3237 1318 3299 Jesu
1337 3236 1572 3301 Domine,
1598 3232 1724 3289 Iesu
1753 3235 1851 3305 pie,
1881 3241 1983 3288 etc.
2010 3247 2178 3303 usque
2203 3231 2268 3287 ad
2296 3232 2481 3291 istbmc
2498 3234 2658 3289 verba
2684 3231 2968 3301 :Dormiat,
2984 3234 3208 3303 obsecro,
3227 3234 3367 3293 Deus
3393 3238 3779 3301 meus,dormiat

526 3332 766 3387 memoria
800 3347 910 3385 mea
934 3329 996 3383 ab
1036 3327 1264 3383 omnibus
1280 3369 1295 3392 ,
1327 3326 1455 3398 (jam
1486 3325 1628 3380 varia
1660 3333 1743 3379 est
1780 3323 1939 3378 lectio
1955 3363 1987 3387 ,.
2005 3324 2082 3377 sic
2110 3337 2207 3392 pro
2232 3324 2574 3381 conclusione
2589 3322 2815 3395 habens)
2838 3340 2953 3396 (ινφ
2974 3327 3065 3389 sub
3095 3326 3220 3387 creto
3244 3337 3382 3393 sunt,
3409 3327 3622 3399 vigilans
3644 3331 3789 3398 inte,

520 3424 648 3478 sicut
675 3423 920 3493 scriptum
947 3428 1038 3487 est,
1069 3437 1087 3470 α
1110 3417 1219 3489 Ego
1239 3418 1434 3485 dormio
1454 3425 1499 3469 et
1519 3432 1606 3469 cor
1627 3430 1789 3469 meum
1814 3412 2009 3482 uigilat.
2038 3431 2057 3464 ι
2093 3410 2174 3468 Sit
2195 3421 2322 3480 tuta,
2346 3413 2409 3467 sit
2431 3428 2625 3483 seraper
2648 3430 2822 3475 secura
2846 3415 2937 3471 sub.
2958 3417 3134 3485 pennis
3156 3416 3481 3485 proiecticius
3500 3426 3603 3472 tua
3619 3418 3787 3473 anima

517 3528 650 3577 mea,
686 3509 826 3564 Deus
854 3524 1012 3574 meus,
1054 3498 1169 3563 etcf
1192 3506 1446 3560 Extremo
1473 3504 1589 3558 loco
1621 3504 1832 3575 ponitur
1862 3504 2061 3575 reliqua
2102 3516 2225 3573 pars
2250 3503 2438 3572 capitis
2466 3501 2707 3572 ejusdem
2736 3504 2824 3568 57,
2854 3505 3163 3579 adiunctum
3196 3505 3398 3575 habens
3422 3507 3695 3565 exordium
3732 3518 3788 3566 et

523 3603 758 3678 titulum,
789 3601 892 3657 hoc
917 3599 1074 3671 modo
1099 3617 1111 3652 :
1147 3597 1235 3652 Vir
1253 3597 1617 3652 desideriorum
1642 3604 1689 3649 et
1717 3594 1988 3649 ctelestium
2012 3592 2392 3664 contemplator,
2417 3594 2684 3664 pra’sentia
2709 3596 2989 3667 fastidiens,
3021 3596 3195 3669 futura
3213 3598 3527 3669 desiderans,
3553 3602 3703 3671 pauit
3729 3616 3791 3656 ea:

524 3695 685 3767 fundo
714 3682 901 3769 cordis,
940 3703 986 3746 et
1014 3691 1252 3761 implorat
1279 3687 1529 3769 quotidie,
1556 3686 1731 3741 dolens
1759 3702 1813 3740 se
1832 3685 1901 3739 ibi
1926 3701 2027 3740 non
2047 3701 2171 3761 esse,
2198 3683 2280 3738 ubi
2315 3683 2553 3747 dilectum,
2578 3702 2727 3750 suum
2753 3687 2973 3759 revelata
2996 3688 3128 3761 facie
3155 3699 3406 3759 mereatur
3432 3691 3624 3757 cidae,
3655 3692 3784 3746 sicut

521 3787 761 3857 scriptum
794 3793 886 3857 est,
935 3782 1130 3854 (Cupio
1170 3780 1375 3855 dissolui
1411 3788 1457 3832 et
1482 3794 1587 3833 esse
1616 3793 1729 3843 cum
1758 3775 1975 3832 Christo.
2009 3773 2183 3829 tPsal.
2211 3793 2233 3829 ι
2253 3773 2477 3829 Jubilate
2503 3773 2742 3839 Domino.
2769 3795 2788 3830 ι
2818 3775 3013 3849 Christe
3034 3777 3268 3849 Demiue,
3298 3781 3454 3843 uirtus
3477 3791 3525 3841 α
3546 3782 3791 3852 sapientia

519 3855 725 3943 Patris:
740 3855 867 3941 etei;
896 3872 1035 3945 quod
1075 3871 1350 3928 exordium
1377 3867 1615 3923 versibus
1658 3866 1770 3921 lere
1800 3864 2100 3939 quindecim
2140 3875 2391 3921 constans
2429 3866 2731 3927 annectitur
2755 3865 2822 3929 ad
2849 3865 3010 3937 verba
3034 3866 3125 3923 illa
3151 3868 3340 3941 capitis
3367 3868 3469 3924 '57:
3502 3870 3639 3937 Quid
3660 3872 3790 3927 enim

520 3954 777 4040 pulchrius
790 3950 808 4032 l,
842 3948 1026 4043 quidue
1046 3964 1263 4030 dulcius,
1281 3972 1409 4031 etc.,
1443 3959 1742 4029 dcsinitque
1766 3957 1838 4014 ibi
1865 3957 2073 4012 libellus
2097 3954 2311 4029 :Ipsum
2352 3955 2541 4026 laudo,
2591 3956 2826 4023 benedice
2850 3966 3008 4031 atque
3024 3957 3213 4031 adoro,
3254 3959 3343 4033 qui
3381 3960 3501 4029 uiuit
3537 3970 3584 4025 et
3620 3970 3793 4033 regnat

521 4060 663 4117 Deus
687 4062 741 4115 in
768 4040 957 4115 secula
984 4040 1301 4129 sucularum.
1340 4054 1517 4106 Amen.
2561 4118 2571 4129 .

591 4151 787 4220 Regius
811 4124 1134 4203 code-tante
1162 4157 1330 4197 annos
1356 4140 1614 4196 ducentos
1643 4137 1943 4207 descriptus
1969 4135 2209 4191 libellum
2237 4135 2486 4196 eumdem
2516 4124 2745 4209 a'capite
2784 4136 2852 4192 12
2878 4138 2956 4195 sic
2980 4136 3273 4209 exorditur,
3303 4147 3361 4194 ut
3390 4140 3441 4203 in
3470 4141 3625 4199 titulo
3652 4157 3792 4212 pn-

520 4242 695 4299 mittat
722 4244 880 4308 caput
905 4222 991 4291 il.
1020 4235 1194 4307 Atque
1218 4232 1383 4301 ipsius
1414 4230 1575 4285 libelli
1602 4244 1706 4283 non
1738 4238 1943 4297 septem
1981 4235 2182 4296 partes,
2223 4233 2357 4297 quot
2384 4226 2660 4282 attulimus
2688 4242 2846 4301 supra
2874 4243 2941 4283 ex
2967 4226 3151 4285 codice
3178 4227 3440 4303 Mettensi,
3467 4230 3565 4299 sed
3593 4240 3790 4293 tantum

520 4347 614 4388 sex
645 4331 785 4394 facit,
812 4327 986 4400 capite
1023 4323 1271 4400 videlicet
1297 4323 1383 4384 57,
1420 4322 1470 4391 in
1500 4334 1604 4389 quo
1630 4321 1827 4390 pariter
1866 4318 2084 4383 desinit,
2132 4317 2350 4372 minime
2379 4317 2569 4371 diviso.
2600 4317 2758 4372 Juvat
2783 4318 3036 4375 exhibere
3067 4319 3250 4377 titulos
3289 4336 3355 4389 ac
3392 4321 3540 4391 initia
3566 4324 3792 4395 partium

520 4402 844 4495 singularum
875 4416 940 4475 ex
982 4416 1171 4473 eodem
1213 4415 1375 4485 Regio
1402 4412 1605 4477 codice,
1634 4410 1844 4465 tametsi
1875 4424 2066 4463 nomen
2102 4407 2384 4477 Augustini
2414 4404 2542 4462 falso
2572 4408 2819 4495 praeferat
2848 4410 3078 4481 libellus,
3112 4410 3215 4467 hac
3242 4411 3318 4466 ibi
3345 4412 3550 4481 ratione
3577 4429 3791 4482 prauos

521 4494 662 4572 tatus
686 4524 740 4571 et
765 4514 1002 4585 digestus
1026 4528 1039 4563 :
1062 4508 1211 4563 Liber
1238 4505 1652 4575 supputationum
1694 4518 1782 4555 seu
1811 4499 2235 4569 supplicationum
2266 4498 2394 4554 beati
2432 4494 2700 4572 Augustini
2729 4502 2971 4585 episc0pi,
3015 4502 3078 4561 de
3115 4502 3296 4559 divinis
3324 4503 3606 4576 Scripturis
3632 4507 3785 4561 colle-

518 4620 661 4675 ctus,
702 4607 770 4660 ad
795 4620 967 4661 eorum
995 4601 1274 4673 praesertim
1320 4598 1612 4659 utilitatem,
1660 4594 1746 4665 qui
1792 4591 2189 4662 contemplativa
2228 4591 2344 4645 vitta
2387 4600 2505 4647 sunt
2544 4600 2813 4646 amatores.
2844 4591 2913 4645 Et
2952 4601 3071 4649 ante
3099 4595 3270 4651 omnia
3304 4596 3501 4655 dicatur
3535 4597 3793 4668 psalmus,

525 4720 543 4753 ε
565 4701 703 4756 Deus
730 4700 1024 4753 misereatur
1048 4694 1207 4749 nostri
1241 4701 1286 4747 et
1325 4688 1578 4745 benedicat
1605 4686 1764 4748 nobis,
1795 4704 1813 4737 ι
1846 4694 1976 4750 etc.,
2007 4684 2093 4752 qui
2116 4680 2169 4736 in
2200 4684 2375 4753 primis
2404 4682 2644 4737 dicendus
2664 4692 2735 4738 est
2756 4684 2908 4753 ,quia
2941 4684 2995 4737 in
3036 4701 3094 4739 eo
3128 4685 3192 4741 de
3227 4703 3424 4767 summa
3463 4686 3711 4745 Trinitate
3741 4698 3789 4744 et

520 4793 710 4849 unitate
734 4790 858 4846 satis
880 4801 1112 4857 expresse
1136 4772 1339 4838 locutus
1365 4790 1438 4834 est
1472 4778 1745 4846 Propheta.
1780 4775 1891 4842 Quo
1928 4774 2069 4854 [inito
2095 4773 2316 4828 addatur
2354 4782 2399 4826 et
2443 4774 2558 4857 hoc,
2582 4770 2657 4849 Te
2691 4772 2852 4828 Deum
2875 4772 3083 4829 Patrem
3108 4776 3402 4848 ingenitum,
3432 4788 3563 4853 etc.,
3594 4780 3794 4837 scilicet

523 4891 684 4954 caput
710 4883 799 4947 Η,
825 4879 973 4951 quod
992 4878 1093 4933 hoc
1122 4877 1236 4931 loco
1264 4882 1429 4929 totum
1460 4862 1738 4934 scribitur;
1766 4879 1822 4923 et
1848 4865 2059 4922 additur
2078 4881 2093 4919 :
2111 4865 2307 4920 Deinde
2329 4873 2508 4919 caetera
2531 4880 2643 4935 quae
2667 4876 2960 4938 sequuntur,
2993 4879 3156 4924 mente
3178 4870 3375 4945 devota,
3402 4880 3450 4927 et
3476 4872 3626 4927 corde
3645 4890 3793 4951 pura,

522 4987 692 5051 utpote
722 4975 894 5031 laudes
926 4974 1021 5028 Dei
1044 5015 1059 5040 ,
1092 4972 1198 5025 Deo
1224 4970 1450 5023 dicturus
1477 4965 1658 5035 ﬂebilis
1697 4972 1744 5016 et
1782 4962 1995 5033 supplex
2028 4961 2080 5014 in
2106 4960 2310 5047 modum
2346 4960 2591 5031 orationis
2634 4976 2722 5021 seu
2766 4962 2975 5017 canonis
3016 4979 3198 5035 perora
3229 4981 3245 5019 :
3275 4965 3489 5037 Summa
3523 4965 3749 5022 Trinitas
3770 5008 3787 5037 ,

521 5042 679 5129 virtus
702 5089 809 5128 una
828 5080 875 5126 et
900 5071 1172 5126 indiscreta
1200 5064 1446 5134 Majestas
1469 5102 1485 5127 ,
1505 5069 1610 5115 etc.
1638 5056 1835 5131 ibidem
1872 5056 2020 5123 linito
2044 5042 2216 5131 capite
2250 5053 2339 5131 16,ι
2367 5051 2561 5131 Incipit
2588 5054 2809 5127 secunda
2834 5071 2953 5123 pars
2970 5098 2984 5125 ,
3012 5056 3098 5112 ubi
3130 5058 3297 5129 agitur
3323 5058 3384 5125 de
3408 5058 3591 5119 Christi
3620 5076 3789 5129 amota

521 5177 568 5221 ει
593 5167 655 5220 de
690 5166 784 5220 illa
811 5178 1033 5234 superna
1066 5159 1265 5214 civitate
1286 5132 1572 5210 Jerusalem
1591 5191 1605 5215 ,
1646 5163 1759 5218 qua:
1786 5132 1857 5202 est
1884 5157 2041 5200 mater
2065 5153 2257 5202 nostra.
2287 5144 2356 5199 Et
2385 5144 2548 5215 primo
2592 5144 2832 5201 dicendus
2857 5156 2927 5201 est
2952 5146 3045 5204 iste
3078 5148 3330 5219 psalmus,
3369 5146 3675 5223 tEructavit
3707 5166 3791 5205 cor

523 5276 690 5317 meum
712 5232 968 5320 verbum,»
991 5232 1051 5307 in
1074 5269 1174 5324 quo
1202 5251 1265 5304 de
1291 5246 1490 5304 Christo
1522 5251 1568 5298 et
1602 5240 1833 5296 Ecclesia
1872 5254 1961 5312 per
1988 5237 2299 5324 Prophetam
2327 5235 2552 5309 Spiritus
2578 5249 2779 5307 sanctus
2805 5240 2929 5294 satis
2957 5256 3190 5310 expresse
3215 5242 3453 5312 loquitur.
3483 5242 3595 5310 Quo
3624 5243 3787 5313 ﬁnita,

522 5351 656 5409 adde
690 5359 737 5406 et
770 5349 877 5403 ha'c
904 5361 1018 5415 qua:
1040 5320 1313 5415 sequuntur
1336 5336 1502 5409 :Spes
1530 5351 1660 5400 mea,
1690 5333 1886 5388 Christe
1915 5320 2203 5398 Deus,'etc.
2233 5329 2429 5401 Ibidem
2462 5340 2581 5400 post
2607 5331 2765 5385 linem
2806 5329 2994 5401 capitis
3020 5330 3090 5388 25
3116 5332 3175 5385 :1
3184 5335 3339 5401 ncipit
3366 5335 3511 5389 tertia
3535 5352 3674 5406 pars,
3702 5335 3789 5393 ubi

526 5459 665 5500 mens
692 5441 869 5495 devota
890 5412 956 5492 ad
980 5412 1209 5490 altiorem
1232 5428 1664 5501 contemplationis
1688 5424 1904 5498 gradum
1942 5421 2184 5477 ascendit.
2214 5420 2281 5474 Et
2307 5423 2361 5475 in
2387 5422 2563 5493 primis
2588 5432 2817 5477 cantetur
2842 5423 3079 5495 hymnus,
3113 5444 3131 5478 ‹
3154 5424 3228 5485 Te
3251 5424 3414 5481 Deum
3456 5425 3743 5482 laudatum.
3765 5447 3789 5495 ρ

523 5536 658 5593 Item
684 5533 816 5587 alius
838 5530 1072 5601 hymnus,
1105 5545 1125 5580 ‹
1150 5522 1456 5585 Benedicite,
1474 5518 1645 5574 omnia
1678 5532 1834 5587 opera
1863 5513 2090 5581 Domini,
2117 5513 2390 5568 Domino.»
2435 5511 2568 5569 Item
2613 5514 2855 5587 psalmus.
2893 5532 2913 5566 ‹
2937 5514 3170 5573 Laudato
3207 5515 3484 5585 Dominum
3509 5520 3573 5575 de
3596 5518 3785 5591 σαεξ.»

527 5626 598 5683 Et
616 5623 796 5679 deinde
818 5628 1135 5691 cetera-quat
1157 5624 1451 5687 sequuntur,
1479 5612 1673 5666 intenta
1700 5618 1747 5664 et
1776 5623 1976 5663 morosa
2006 5606 2331 5662 meditatione
2356 5606 2625 5661 dicantur:
2647 5624 2667 5659 ε
2691 5605 2935 5674 Benedic,
2978 5608 3149 5661 anima
3176 5625 3307 5677 mea,
3346 5609 3595 5681 Domino,
3620 5629 3642 5664 ι
3680 5620 3787 5667 etc.

525 5713 731 5774 Ibidem
763 5710 1027 5779 completo
1059 5707 1234 5778 capite
1265 5705 1338 5764 5'5
1374 5698 1870 5770 subditurdncipit
1909 5708 2089 5769 quarta
2129 5715 2268 5771 pars,
2311 5697 2499 5787 scilicet
2540 5714 2707 5768 preces
2749 5698 2974 5754 ardentis
3016 5699 3287 5771 desiderii,
3328 5711 3385 5759 ut
3421 5703 3588 5773 ﬁdelis
3614 5703 3790 5775 animi

1570 5885 1597 5893 '-
