4100 6212
237 5629 256 5743 ἰ

332 335 438 392 915

332 449 455 505 tatis
481 456 534 506 et
563 447 910 506 humanitatis
934 450 990 506 in
1015 452 1217 507 unitate
1242 464 1523 521 personae;
1556 459 1613 506 ut
1643 466 1751 506 non
1779 450 1914 506 alter

334 521 504 587 Deus,
546 522 682 578 alter
723 521 883 577 homo
910 530 1087 586 esset,
1132 521 1228 577 sed
1260 538 1396 576 unus
1427 521 1670 589 idemque
1701 523 1837 576 Deus
1865 529 1920 576 et

330 590 492 662 homo
514 633 529 656 ,
571 591 730 647 homo
757 601 810 662 et
849 592 1012 647 Deus.
1054 592 1158 648 Sed
1189 591 1315 647 licet
1355 590 1585 648 mirabili
1616 593 1917 662 dignatione

331 661 564 717 Verbum
603 677 730 717 caro
768 661 962 716 factum
992 663 1101 728 sit,
1152 671 1337 718 neutra
1383 672 1556 716 tamen
1597 661 1916 717 ex'duabus

331 733 534 787 naturis
572 732 624 786 in
667 732 823 786 aliam
869 742 1068 787 mutata
1113 741 1197 787 est
1237 733 1608 787 substantiam.
1641 732 1915 787 Trinitatis

329 803 587 872 mysterio
609 811 794 872 quarta
825 817 928 857 non
957 811 1042 858 est
1066 801 1242 858 addita
1267 818 1512 872 persona.
1541 802 1696 858 Unita
1717 803 1913 872 quippe

328 883 410 927 cst
430 914 445 944 ,
476 888 580 927 non
619 872 851 944 confusa
872 873 1028 930 Verbi
1059 873 1154 944 Dei
1199 872 1540 944 hominisque
1569 873 1864 927 substantia
1896 891 1910 926 :

328 952 388 996 ut
427 943 477 997 in
523 943 686 999 Deum
716 942 856 1013 quod
884 959 947 999 ex
986 943 1139 999 nobis
1167 942 1472 1013 susceptum
1519 942 1691 998 fuerat
1724 958 1912 1012 perve-

329 1015 488 1078 niret,
517 1022 583 1084 et
611 1012 740 1068 illud
765 1013 906 1084 quod
933 1029 1203 1084 nunquam
1231 1012 1336 1068 non
1366 1013 1566 1078 fuerat,
1599 1013 1740 1069 idem
1767 1014 1912 1083 quod

327 1098 540 1156 semper
569 1083 740 1156 fuerat
768 1083 1126 1156 permaneret.
1154 1083 1200 1156 0
1225 1084 1541 1156 admirabile
1565 1085 1906 1156 mysterium!

325 1169 360 1205 ο
389 1153 742 1210 inenarrabile
769 1153 1160 1210 commercium
1187 1155 1200 1208 !
1247 1170 1280 1209 o
1311 1155 1442 1209 mira
1469 1153 1786 1224 semperque
1811 1155 1911 1210 mi-

325 1223 490 1295 randa
534 1224 728 1279 divinae
766 1224 1157 1295 prOpitiationis
1184 1224 1533 1295 benignitas!
1584 1223 1735 1280 Servi
1763 1225 1906 1295 digni

326 1310 430 1348 non
473 1294 686 1360 fuimus,
719 1303 773 1350 et
801 1294 927 1350 ecCe
965 1295 1062 1349 lilii
1100 1294 1195 1350 Dei
1238 1295 1359 1351 facti
1402 1309 1624 1360 sumus;
1668 1294 1908 1351 haeredes

323 1364 538 1438 quidem
565 1363 679 1427 Dei,
701 1363 1010 1438 cohzeredes
1028 1374 1214 1438 autem
1237 1365 1440 1438 Christi
1461 1364 1636 1438 (Rom.
1653 1381 1767 1433 vin,
1793 1367 1905 1438 17).

326 1433 606 1505 Undehoc
635 1435 810 1497 nobis,
842 1443 896 1490 et
916 1435 1042 1505 quid
1072 1450 1170 1490 nos
1195 1435 1262 1491 ad
1289 1435 1446 1492 hinc?

394 1504 498 1560 Sed
533 1519 661 1576 rogo
691 1513 772 1572 te,
805 1504 1220 1560 clementissime
1258 1505 1418 1576 Pater
1447 1506 1741 1576 Deus,,per
1767 1507 1907 1563 hanc

323 1573 746 1630 inaestimabilem
798 1575 1088 1645 pietatem,
1144 1575 1432 1630 bonitatem
1485 1585 1540 1632 et
1588 1573 1903 1633 ch'aritatem

324 1652 497 1708 tuam,
530 1653 587 1700 ut
615 1644 813 1716 dignos
827 1644 1118 1716 nesrfacias
1147 1647 1327 1701 multis
1356 1655 1410 1702 et
1439 1645 1642 1716 magnis
1672 1649 1903 1716 promis-

323 1715 561 1769 sionibus
589 1715 826 1784 ejusdem
850 1714 970 1770 Filii
999 1715 1074 1770 tui
1101 1716 1305 1770 Domini
1335 1717 1501 1771 nostri
1527 1714 1655 1772 Jesu
1673 1714 1900 1773 Christi.

321 1785 520 1857 blanda
541 1785 873 1857 virgulituaa,
903 1795 958 1841 et
984 1786 1238 1857 conliirna
1265 1785 1371 1857 hoc
1396 1787 1537 1857 quod
1566 1797 1816 1856 operatus
1841 1803 1902 1844 es

321 1855 384 1928 in
405 1856 556 1928 nobis
583 1853 755 1925 (Psal.
788 1872 960 1928 mut,
983 1856 1111 1920 29).
1143 1855 1351 1928 Perﬁce
1386 1853 1526 1928 quod
1571 1853 1810 1928 coepisti,
1844 1869 1902 1914 ut

319 1925 386 2008 ad
415 1927 623 1997 plenam
653 1934 756 2008 tua:
779 1927 994 2008 pietatis
1021 1925 1574 2008 gratianimereamur
1595 1925 1896 2008 pervenire.

320 1994 432 2069 Fac
455 2012 552 2069 nos
585 2011 678 2066 per
700 1994 958 2069 Spiritum
983 1994 1224 2051 sanctum
1252 1997 1570 2069 intelligere,
1595 1994 1648 2054 et
1678 2001 1894 2066 mereri,

318 2074 373 2120 et
401 2067 582 2140 debito
608 2081 823 2140 semper
852 2067 1054 2140 honore
1079 2068 1320 2140 venerari
1359 2067 1460 2124 hoc
1489 2085 1739 2139 magnum
1782 2072 1897 2140 pie-

318 2137 830 2208 tatisimysterium,
875 2138 1015 2208 quod
1057 2136 1450 2194 manifestatum
1492 2136 1665 2195 est'in
1711 2136 1892 2208 carne,

316 2207 660 2280 justiﬁea’tgm
688 2216 770 2280 est
794 2207 846 2262 in
873 2207 1082 2280 spiritu,
1109 2209 1352 2279 apparuit
1374 2210 1610 2280 Angelis,
1638 2212 1899 2280 praedica-

320 2277 430 2331 tum
463 2285 544 2332 cst
572 2277 831 2333 Gentibus
852 2318 867 2345 ,
900 2277 1159 2334 creditum
1180 2277 1286 2334 'est
1321 2280 1376 2335 in
1419 2277 1655 2346 mundo,
1685 2296 1894 2337 assum-

317 2356 464 2421 ptu_m
481 2348 847 2421 ἔρῃ-81911³
877 2348 926 2421 (_l
949 2347 1084 2403 Tim.
1109 2365 1184 2421 tu,
1218 2350 1330 2421 16).

389 2418 614 2474 CAPUT
652 2417 813 2473 XVII.
875 2419 1077 2486 Quanta
1127 2419 1237 2474 Deo
1289 2417 1572 2476 debeamus.
1629 2420 1779 2487 Quod
1831 2423 1894 2477 de

315 2487 428 2557 ipso
455 2489 502 2542 ei
540 2489 835 2543 serviamus.
867 2487 952 2544 Ea:
990 2491 1038 2544 vi
1078 2490 1374 2545 collatorum
1414 2508 1676 2546 munerum
1721 2494 1892 2559 petitio

315 2559 553 2631 qliorum.
584 2559 628 2615 0
655 2568 913 2631 quantum
957 2560 1050 2615 tibi
1093 2575 1277 2616 sumus
1317 2561 1618 2625 debitores,
1667 2563 1893 2620 Domine

316 2629 457 2701 Deus
501 2629 720 2695 noster,
773 2639 920 2685 tanto
963 2631 1222 2701 redempti
1267 2632 1472 2700 pretio,
1521 2641 1667 2687 tanto
1703 2633 1890 2688 salvati

315 2699 458 2782 dono
477 2742 492 2768 ,
523 2710 577 2782 et
614 2710 719 2782 tam
745 2701 993 2782 glorioso
1021 2699 1476 2782 adjutiebéneiicio
1501 2704 1514 2757 !
1565 2703 1830 2782 Quantum
1859 2718 1892 2759 a

314 2771 468 2826 nobis
508 2770 714 2826 miseris
741 2770 1006 2827 timendus
1045 2770 1128 2826 est
1154 2780 1209 2826 et
1252 2772 1542 2839 amandus,
1572 2773 1892 2830 benedicen-

314 2840 417 2894 dus
446 2851 499 2914 et
526 2840 849 2914 laudandus,
892 2841 1233 2914 honorandus
1257 2852 1311 2897 et
1347 2843 1725 2912 glorificandus
1745 2885 1758 2909 ,
1800 2845 1890 2914 qui

315 2926 416 2966 nos
442 2911 519 2964 sic
543 2911 752 2981 amasti,
776 2911 853 2965 sic
876 2911 1108 2977 salvasti,
1139 2913 1216 2967 sic
1239 2911 1602 2981 sanctificasti,
1628 2915 1704 2969 sic
1724 2911 1891 2969 subli-

314 2982 506 3035 masti!
552 2980 671 3053 Tibi
708 2995 899 3053 nempe
933 2981 1194 3036 debemus
1220 2997 1380 3053 omne
1404 2982 1544 3052 quod
1585 2980 1887 3053 possumus,

312 3065 472 3124 omne
513 3051 655 3124 quod
700 3051 964 3122 sapimus,
998 3052 1337 3124 ornnegqued
1367 3051 1612 3124 vivimus.
1663 3055 1729 3108 Et
1771 3056 1890 3124 quis

314 3120 475 3177 habet
499 3120 785 3192 quidquam
812 3137 917 3177 non
947 3122 1128 3192 tuum?
1153 3120 1254 3188 Tu,
1281 3123 1501 3177 Domine
1521 3123 1662 3179 Deus
1686 3120 1884 3190 noster,

311 3206 341 3246 a
375 3208 480 3262 quo
517 3191 660 3248 bona
693 3203 884 3248 cuncta
924 3191 1236 3263 procedunt,
1268 3201 1486 3262 propter
1517 3201 1567 3248 te
1593 3203 1649 3249 et
1694 3209 1889 3250 nomen

311 3272 552 3316 saucmm
583 3271 728 3318 tuum
769 3263 837 3318 da
879 3262 1034 3319 nobis
1075 3262 1142 3319 de
1170 3263 1325 3318 bonis
1353 3263 1486 3329 tuis,
1519 3271 1578 3318 ut
1620 3264 1688 3320 de
1733 3265 1888 3320 donis

311 3347 374 3386 ac
397 3333 535 3404 datis
564 3334 668 3390 tuis
693 3334 988 3390 serviamus
1014 3333 1130 3400 tibi,
1153 3342 1208 3389 et
1233 3335 1286 3388 in
1313 3334 1534 3404 veritate
1561 3334 1884 3404 placeamus,

310 3411 470 3476 atque
496 3403 982 3476 debitasquotidie
1025 3405 1208 3476 laudes
1254 3403 1607 3475 rependamus
1653 3405 1745 3460 tibi
1791 3421 1888 3476 pro

312 3475 474 3529 tantis
499 3474 776 3531 beneflciis
794 3475 1175 3531 misericordia:
1199 3483 1301 3530 tua;
1319 3474 1340 3530 ’:
1376 3489 1482 3530 non
1506 3477 1648 3532 enim
1672 3474 1888 3534 aliunde

312 3545 734 3616 possumustibi
785 3547 988 3602 servire
1033 3560 1204 3616 neque
1248 3547 1490 3616 placere,
1537 3549 1637 3602 nisi
1683 3547 1752 3604 de
1797 3557 1887 3604 tuo

311 3630 561 3688 munere.
592 3615 752 3670 Omne
790 3617 963 3671 datum
984 3615 1269 3688 optimum,
1297 3625 1346 3672 et
1380 3633 1526 3688 omne
1553 3618 1742 3672 donum
1773 3635 1887 3688 per-

311 3689 498 3755 fectum
528 3687 793 3740 desursum
821 3696 892 3742 est
913 3728 928 3753 ,
957 3685 1261 3740 descendens
1289 3704 1322 3739 a
1350 3695 1401 3742 te
1430 3685 1588 3750 Patre
1615 3685 1882 3753 luminum,

309 3756 448 3824 apud
493 3773 640 3826 quem
690 3773 794 3826 non
841 3765 912 3811 est
957 3758 1343 3825 transmutatio,
1394 3774 1482 3812 nec
1529 3759 1885 3814 vicissitudinis

309 3825 846 3899 obuntbratiojlacobi
874 3843 911 3895 t,
942 3829 1052 3899 17).

383 3895 606 3953 Domine
631 3895 772 3954 Deus
811 3895 1024 3964 noster,
1057 3897 1197 3954 Deus
1225 3898 1337 3966 pie,
1371 3897 1510 3954 Deus
1537 3897 1676 3954 bone
1696 3939 1710 3962 ,
1746 3899 1885 3954 Deus

309 3968 683 4040 omnipotens,
713 3968 956 4040 (u)‘Deus
996 3967 1282 4040 ineﬂ‘abilis
1319 3977 1374 4023 et
1413 3969 1886 4040 incircumscriptae

309 4047 531 4098 naturae.
566 4039 835 4094 institutor
861 4039 1100 4094 omnium
1139 4053 1352 4103 rerum,
1381 4047 1434 4092 et
1461 4039 1670 4092 Domini
1716 4039 1885 4094 nostri

307 4106 432 4163 Jesu
482 4107 680 4179 Christi
727 4109 920 4176 Pater,
965 4107 1345 4179 quireumdem
1393 4107 1646 4162 dilectum
1689 4109 1885 4179 Filium

310 4187 456 4233 tuum
486 4178 770 4233 Dominum
795 4177 1035 4234 nostrum
1058 4178 1424 4234 dulcissimum
1450 4179 1640 4232 misisti
1671 4177 1738 4234 de
1763 4179 1884 4234 sinu

309 4257 400 4303 tuo
427 4247 493 4302 ad
534 4248 800 4318 publicum
833 4257 1075 4304 nostrum
1117 4249 1388 4318 suscipere
1417 4248 1577 4302 vitam
1623 4257 1881 4317 nostram,

309 4328 365 4373 ut
400 4319 552 4374 nobis
581 4318 805 4374 donaret
832 4335 980 4374 suam
1004 4360 1021 4386 ,
1066 4327 1312 4388 essetque
1342 4318 1604 4388 perfectus
1646 4320 1789 4376 Deus
1817 4337 1883 4377 ex

309 4397 361 4444 te
391 4389 577 4460 Patre,
609 4398 664 4446 et
689 4389 957 4460 perfectus
981 4389 1153 4460 homo,
1167 4404 1231 4445 ex
1260 4396 1428 4445 matre
1447 4431 1463 4456 ,
1493 4398 1634 4446 totus
1660 4391 1802 4446 Deus
1831 4400 1886 4446 et

310 4467 449 4515 totus
476 4459 656 4526 homo,
683 4459 818 4516 unus
849 4459 1103 4532 idemque
1118 4459 1377 4526 Christus,
1409 4469 1643 4516 :eternus
1669 4471 1724 4516 et
1753 4470 1885 4517 tem-

343 4532 527 4594 oralis,
560 4531 872 4588 immortalis
897 4540 950 4588 et
976 4531 1264 4586 moriturus
1283 4570 1299 4596 ,
1327 4539 1538 4588 creator
1566 4542 1622 4588 et
1647 4540 1880 4596 creatus,

330 4600 462 4654 ’ortis
485 4610 539 4656 et
563 4603 824 4670 inﬁrmus,
848 4603 1021 4658 victor
1048 4613 1102 4658 et
1125 4602 1294 4657 victus
1315 4603 1354 4666 ³,
1382 4601 1610 4658 nutritor
1635 4612 1690 4658 et
1717 4603 1887 4658 nutri-

309 4679 425 4742 tus,
464 4680 642 4742 pastor
669 4681 722 4726 et
756 4674 902 4740 ovis,
950 4673 1312 4742 temporaliter
1338 4682 1580 4728 mortuus
1613 4684 1668 4728 et
1708 4682 1882 4729 tecum

307 4741 495 4795 vivens
523 4741 575 4794 in
602 4748 859 4814 aeternum
888 4745 1041 4814 :_suis
1067 4741 1410 4814 dilectoribus
1435 4744 1556 4798 vita:
1585 4744 1882 4814 municipa-

308 4821 419 4891 tum
467 4809 782 4891 promittens
823 4812 1002 4891 dedit,
1035 4823 1091 4891 et
1134 4814 1286 4868 nobis
1327 4813 1490 4891 dixit,
1524 4809 1886 4891 Quodcumque

306 4877 548 4955 petieritis
587 4877 793 4955 Patrem
835 4881 887 4934 in
930 4883 1128 4936 nomine
1171 4899 1315 4946 meo,
1357 4877 1493 4955 dabit
1530 4877 1672 4940 uobis
1700 4877 1880 4955 (Joan.

306 4949 403 5018 xv,
435 4949 546 5023 16).
595 4950 696 5005 Per
721 4951 908 5023 ipsum
938 4965 1205 5006 summum
1245 4954 1574 5009 sacerdotem
1616 4949 1884 5010 et.verum

309 5021 612 5094 pontifiCcm
643 5031 693 5078 et
720 5021 917 5078 bonum
945 5029 1214 5094 pastorem
1233 5062 1248 5086 ,
1276 5024 1366 5091 qui
1399 5039 1460 5078 se
1495 5025 1588 5080 tibi
1618 5025 1808 5079 obtulit
1831 5027 1886 5080 in

306 5091 624 5149 sacriﬁcium
645 5135 659 5160 ,
690 5106 897 5163 ponens
921 5091 1154 5164 animam
1184 5105 1463 5164 sua_m_pro
1485 5109 1647 5164 grege
1671 5109 1770 5149 suo
1787 5135 1802 5158 ,
1835 5104 1888 5150 te

307 5180 436 5244 rogo
473 5183 485 5218 :
519 5180 626 5244 per
669 5160 840 5234 ipsum
871 5163 974 5244 qui
1019 5161 1173 5244 sedet
1215 5160 1282 5244 ad
1328 5160 1788 5244 dexteram‘tuam
1819 5173 1888 5240 et

309 5231 610 5305 interpellat
653 5231 750 5305 pro
798 5231 972 5297 nobis,
1013 5231 1449 5305 liedemptorent
1476 5242 1531 5288 et
1571 5234 1886 5290 advocatum

311 5303 575 5372 nostrum,
607 5303 788 5375 pietati
815 5313 870 5361 et
898 5303 1122 5360 bonitati
1151 5312 1256 5375 tua;
1280 5303 1542 5375 supplico,
1574 5305 1888 5360 clementis-

307 5376 441 5429 sime
470 5384 524 5430 et
562 5373 928 5430 amantissime
955 5383 1009 5430 et
1050 5373 1427 5444 benignissime
1465 5383 1670 5430 amator
1711 5377 1886 5429 homi-

309 5461 432 5499 num
463 5445 603 5501 Deus
623 5487 637 5513 ,
666 5445 738 5516 (b)
768 5454 828 5500 ut
867 5445 964 5502 des
993 5445 1123 5500 mibi
1163 5460 1284 5500 cum
1313 5445 1504 5502 eodem
1537 5445 1672 5501 Filio
1715 5457 1806 5501 tuo
1836 5455 1890 5502 et

371 5615 386 5645 ¹
413 5620 509 5662 Nec
531 5619 610 5662 Ms.
637 5616 768 5660 Mett.
793 5622 887 5660 nec
910 5611 1131 5660 Alcuinus
1161 5612 1362 5671 habent,
1388 5610 1534 5660 victor
1557 5614 1602 5661 et
1625 5609 1792 5662 rictus.

379 5675 453 5734 (υ)
475 5674 628 5724 Verba
653 5671 866 5721 Confess.
905 5673 1084 5721 Alcuin.
1110 5680 1236 5735 part.
1260 5672 1307 5734 2,
1349 5687 1398 5723 u.
1422 5673 1480 5734 6;
1517 5680 1568 5724 et
1608 5681 1731 5737 part.
1763 5673 1810 5735 -1,
1837 5686 1886 5724 n.

338 5737 396 5792 ἐς
423 5749 608 5785 ιιωοοη
634 5732 813 5783 Alcuini
837 5747 944 5794 pag.
978 5735 1080 5793 155,
1105 5748 1152 5782 e.

307 5738 396 5792 ης
423 5749 608 5785 ιιωοοη
634 5738 813 5783 Alcuini
837 5747 944 5797 pag.
978 5738 1080 5793 155,
1105 5748 1152 5782 e.

367 5799 438 5862 (ὁ)
463 5804 524 5849 Ex
546 5797 726 5849 Alcuin.
752 5794 962 5850 Confess.
989 5803 1125 5860 parte
1149 5796 1194 5860 '2,
1221 5809 1268 5847 n.
1294 5799 1340 5849 7.

1563 335 1762 391 LIBER
1802 333 2336 396 MEDITATIONUM.

3504 356 3609 416 9M

2033 463 2219 539 gancto
2246 463 2336 512 tuo
2361 455 2562 539 Spiritu
2589 467 2640 515 te
2668 461 3340 539 in_omnibus_benedicere
3366 477 3421 524 et
3443 471 3606 539 glori-

2025 524 2207 609 ficare,
2239 541 2360 581 cum
2390 524 2553 609 multa
2593 533 2770 588 cordis
2799 537 3119 609 contritione
3158 549 3210 592 et
3249 524 3604 609 Iacrym‘a—rum

2023 593 2168 651 fonte
2187 637 2201 661 ,
2221 609 2355 652 'cum
2382 601 2544 682 multa
2593 607 2887 682 reverentia
2918 616 2973 660 et
3011 617 3240 664 tremore
3264 627 3283 682 _:
3314 593 3442 677 quia
3467 593 3604 682 quo:

2023 681 2280 748 rumouna
2324 678 2407 723 est
2451 671 2768 748 substantia,
2817 693 2986 730 unum
3024 687 3106 732 est
3149 687 3203 733 et
3246 671 3447 734 datum.
3483 671 3602 740 'Sed

2021 743 2270 820 quoniam
2313 756 2494 820 corpus
2535 743 2670 820 quod
2709 748 3046 815 corrumpitur
3093 760 3333 820 aggravat
3378 753 3604 809 animant

2022 805 2294 890 (Sanum,
2329 805 2456 890 15),
2501 805 2696 877 eicita,
2745 805 2947 884 qumso,
2991 805 3257 888 torporem
3289 805 3604 881 meumtnis

2019 880 2269 960 stimulis,
2297 891 2349 934 et
2388 881 2468 960 [ac
2507 898 2592 960 me
2620 880 2834 940 strenue
2864 880 3205 960 perseverare
3234 892 3286 945 in
3319 880 3600 960 prmceptis

2017 955 2074 1001 et
2112 949 2352 1004 laudibus
2384 952 2485 1005 tuis
2528 953 2616 1008 die
2653 970 2716 1010 ac
2755 949 2928 1012 nocte.
2984 959 3180 1015 Tribue
3227 971 3279 1016 ut
3319 949 3600 1021 concaleat

2017 1031 2306 1099 cor-mepm
2323 1022 2470 1099 intra
2494 1039 2599 1090 me,
2624 1035 2677 1099 et
2696 1027 2754 1099 in
2780 1029 3123 1099 meditatione
3145 1049 3260 1086 mea
3284 1033 3599 1090 exardescat

2017 1090 2152 1172 ignis
2183 1090 2349 1172 (fuit.
2383 1109 2582 1172 xxxviii
2603 1137 2617 1162 ,
2649 1097 2733 1172 ι).
2766 1097 2842 1172 (n)
2874 1100 2939 1154 Et
2965 1102 3086 1171 quia
3126 1104 3244 1172 ipse
3291 1115 3410 1157 tuus
3441 1107 3597 1161 unice

2015 1168 2172 1244 natus
2199 1161 2365 1244 dixit,
2393 1163 2558 1218 Nemo
2595 1161 2725 1244 venit
2752 1161 2834 1221 ad
2849 1187 2926 1224 me
2943 1161 3093 1244 ,fnisi
3114 1161 3304 1244 Pater,
3336 1175 3422 1244 qui
3459 1177 3596 1230 misit

2017 1245 2095 1285 me
2109 1272 2134 1316 ,1
2153 1233 2359 1316 traxerit
2385 1250 2530 1316 eum;
2557 1245 2638 1303 et,
2671 1237 2835 1316 Nemq
2861 1233 2992 1316 venit
3029 1243 3096 1296 ad
3122 1233 3328 1298 Patrem
3347 1233 3466 1298 ἠἱεὶ
3505 1264 3595 1316 per

2013 1315 2093 1384 me
2118 1300 2305 1384 (Joan_.
2334 1320 2421 1370 vr,
2462 1307 2565 1366 44:
2615 1300 2730 1374 xiv,
2773 1309 2886 1384 6)_:
2918 1313 3150 1384 obsecro
3189 1323 3242 1367 et
3281 1300 3593 1384 suppliciter

2011 1383 2161 1454 rogo,
2197 1373 2345 1454 trahe
2375 1391 2460 1429 me
2491 1385 2542 1454 tu
2569 1393 2782 1454 semper
2809 1373 2890 1454 ad
2913 1383 3108 1452 ipsum,
3139 1393 3192 1438 et
3221 1385 3334 1454 ipse
3351 1373 3445 1441 'me
3471 1396 3591 1441 tan-

2011 1439 2132 1516 dem
2160 1443 2414 1516 perducat
2440 1447 2506 1501 ad
2536 1457 2586 1501 te
2613 1439 2738 1503 illuc
2758 1493 2772 1516 ,
2806 1452 2893 1506 ubi
2934 1439 3028 1509 ille
3056 1439 3137 1508 est
3165 1454 3215 1508 in
3241 1439 3592 1513 'dexteraitu-a

2009 1510 2238 1594 sedens;
2268 1514 2355 1569 ubi
2383 1518 2704 1594 sempiterna
2732 1510 2814 1575 est
2837 1522 2941 1576 vita
2973 1532 3024 1578 et
3053 1510 3586 1594 sempiterneibeata—

2010 1580 2101 1635 ubi
2127 1592 2210 1638 est
2236 1598 2388 1639 amor
2414 1580 2708 1655 perfectus,
2738 1600 2791 1645 et
2817 1593 2994 1648 nullus
3024 1580 3186 1649 timor.
3201 1612 3214 1659 ;
3249 1596 3336 1650 ubi
3365 1607 3447 1652 est
3469 1580 3588 1653 dies

2007 1661 2274 1719 aeternus,
2306 1665 2361 1710 et
2391 1673 2526 1731 unus
2565 1661 2802 1714 omnium
2841 1663 3096 1731 spiritus;
3144 1665 3230 1719 ubi
3259 1676 3340 1721 est
3379 1681 3588 1723 summa

2005 1731 2062 1776 et
2083 1732 2238 1806 ferta
2282 1729 2560 1806 securitas,
2607 1738 2662 1806 et
2709 1729 3300 1806 securatranquillitas,
3347 1747 3399 1790 et
3439 1748 3587 1792 tran-

2005 1793 2167 1874 quilla
2192 1794 2529 1874 jucunditas_,
2559 1799 2867 1874 etjucunda
2900 1793 3125 1859 felicitas
3146 1849 3160 1871 ,
3191 1817 3243 1860 et
3273 1793 3394 1860 felix
3427 1817 3587 1862 teter-

2004 1869 2163 1929 nitas,
2192 1875 2246 1937 et
2268 1875 2468 1922 aeterna
2498 1869 2789 1937 beatitudo,
2817 1881 2870 1926 et
2898 1874 3048 1929 beata
3077 1869 3155 1930 tui
3181 1877 3296 1931 sine
3325 1878 3427 1931 ﬁne
3454 1879 3587 1933 visio

2005 1943 2163 2004 atque
2189 1935 2422 1992 laudatio
2447 1956 2460 1992 :
2489 1940 2574 1994 ubi
2606 1951 2657 1995 tu
2684 1935 2804 1996 cum
2832 1943 2939 2006 illo,
2966 1955 3018 1998 et
3044 1946 3130 2000 ille
3161 1955 3332 2001 tecum
3362 1948 3411 2001 in
3439 1964 3587 2002 com-

2002 2009 2256 2088 munione
2282 2010 2448 2088 sancti
2478 2009 2705 2088 Spiritus
2731 2014 3053 2088 :eternaliter
3092 2032 3153 2070 ac
3173 2019 3583 2088 isempiternali-

2001 2081 2084 2200 ger
2104 2075 2238 2132 vivis
2262 2087 2314 2133 et
2339 2075 2532 2150 regnas
2549 2082 2686 2138 Deus
2711 2098 2806 2154 per
2827 2085 3002 2139 omnia
3026 2087 3220 2142 saecula
3243 2075 3584 2144 saeculorum.

2050 2161 2191 2200 men.

2050 2161 2191 2201 men.

2251 2263 2434 2342 XVlll.
2459 2265 2696 2342 Precatio
2726 2269 2793 2322 ad
2827 2268 3103 2342 Christum.
3130 2270 3266 2338 Quid
3283 2272 3392 2342 ipse
3409 2273 3474 2326 sit
3494 2288 3587 2327 no-

2069 2328 2162 2404 bis.
2180 2331 2466 2404 Necessitas
2486 2337 2532 2390 ei
2551 2354 2640 2404 per
2654 2355 2875 2392 amorem
2895 2328 3202 2395 adliazrendi.
3223 2328 3379 2396 Anser
3397 2343 3586 2398 Christi

2070 2400 2250 2456 domus
2275 2403 2372 2457 Dei
2397 2400 2741 2462 recordatione
2764 2411 3076 2465 accenditur.

1999 2512 2070 2586 _(b)
2095 2521 2214 2586 Spes
2261 2529 2371 2586 mea
2391 2517 2576 2586 Christe
2599 2528 2744 2580 Deus,
2768 2521 3015 2586 hominum
3040 2530 3091 2572 tu
3113 2521 3266 2573 dulcis
3287 2531 3488 2586 amator,

1995 2580 2126 2646 μη,
2142 2578 2232 2637 via,
2258 2581 2370 2637 vita,
2394 2579 2540 2639 salus,
2566 2595 2655 2646 pax
2685 2578 2908 2646 et_decus
2928 2598 3072 2646 omne
3095 2593 3304 2646 tuorum,

1994 2639 2156 2686 Omnia
2178 2651 2265 2699 pro
2287 2654 2492 2703 quorum
2518 2639 2706 2692 vc'luisti
2732 2644 2864 2694 ferre
2888 2645 3063 2703 salute,

1993 2704 2210 2771 gruem,
2227 2703 2630 2771 vincla_,_crueem_,
2646 2705 2819 2756 vulnus
2842 2744 2854 2764 ,
2877 2715 3182 2770 mortemque
3211 2742 3224 2766 ,
3250 2707 3546 2771 sepulcrum,

1993 2765 2111 2831 l_°t_)st_
2125 2768 2226 2831 tres
2241 2763 2356 2831 inde
2377 2763 2485 2812 dies
2503 2767 2692 2831 devicta
2715 2763 2872 2831 morte
2906 2763 3194 2831 resurgens,

1992 2821 2244 2890 Discipulis
2266 2827 2395 2890 visus
2420 2859 2434 2882 ,
2463 2829 2680 2890 nutantia
2703 2830 2845 2877 corda
2864 2821 3149 2890 reformans,

1992 2889 2117 2954 lance
2141 2892 2315 2954 quater
2336 2885 2463 2935 dena
2485 2887 2718 2937 cmlorum
2740 2904 2925 2939 summa
2950 2894 3111 2954 petisti
3129 2885 3140 2940 ἐ

1992 2945 2120 2995 Vivis
2141 2945 2190 2993 in
2212 2954 2465 3007 aeternum,
2491 2963 2617 2998 nunc
2641 2958 2691 3000 et
2714 2966 2804 3014 per
2819 2945 2996 3002 saecula
3017 2966 3250 3016 regnans.

2065 3047 2136 3120 (c)
2159 3049 2244 3126 '_l‘u
2275 3051 2412 3126 Deus
2451 3067 2600 3108 meus
2623 3056 2772 3126 vivus
2809 3065 2862 3110 et
2890 3073 3066 3122 verus,
3097 3066 3248 3126 pater
3287 3073 3435 3112 meus
3458 3074 3582 3112 san-

1991 3119 2126 3183 ctus,
2157 3119 2410 3196 Dominus
2437 3137 2588 3196 meus
2621 3125 2760 3193 pius,
2797 3141 2888 3180 rex
2928 3119 3078 3181 meus
3099 3119 3356 3196 'magnus,
3401 3138 3582 3196 pastor

1991 3203 2143 3243 meus
2169 3190 2642 3267 bonus_,_‘magister
2669 3190 2818 3249 meus
2847 3212 3020 3267 unus,
3059 3190 3269 3265 abjutor
3297 3190 3447 3252 metis
3476 3215 3578 3267 op-

1993 3267 2271 3336 portunus,
2315 3261 2540 3336 dilectus
2583 3279 2734 3336 meus
2774 3261 3179 3334 pulcherrimus,
3227 3268 3378 3336 panis
3429 3261 3579 3324 meus

1991 3329 2170 3407 vivus;
2200 3331 2452 3407 sacerdos
2479 3349 2629 3389 meus
2671 3335 2724 3407 in
2745 3329 3030 3407 Azeternum,
3059 3337 3164 3391 dux
3210 3329 3360 3392 meus
3387 3341 3452 3392 ad
3481 3355 3578 3407 pa-

1991 3400 2166 3466 triam,
2199 3402 2296 3475 lux
2325 3418 2441 3475 mea
2487 3419 2628 3470 vera,
2668 3405 2896 3461 dulcedo
2931 3400 3048 3462 mea
3090 3417 3292 3475 sancta,
3334 3408 3416 3462 via
3459 3400 3578 3464 mea

1990 3481 2156 3538 recta,
2188 3473 2445 3548 sapientia
2472 3489 2590 3530 mea
2613 3477 2862 3544 praeclara
2885 3518 2900 3542 ,
2937 3478 3245 3547 simplicitas
3275 3473 3390 3532 mea
3421 3495 3574 3548 pura,

1989 3543 2272 3619 concordia
2318 3559 2437 3619 mea
2476 3543 2728 3615 pacifica,
2770 3547 3010 3619 custodia
3044 3543 3169 3604 inea
3217 3558 3355 3611 tuta,
3404 3543 3578 3619 portio

1989 3626 2109 3668 mea
2149 3613 2491 3686 bona,rsalus'
2510 3631 2627 3671 mea
2656 3613 2997 3686 sempiterna,
3049 3613 3418 3674 misericordia
3459 3635 3579 3675 mea

1988 3697 2200 3753 magna,
2230 3685 2479 3752 patientia
2510 3701 2625 3741 mea
2653 3685 3040 3753 robustissima,
3068 3689 3281 3743 victima
3307 3705 3426 3744 mea
3471 3691 3575 3744 im-

1989 3755 2271 3826 maculata,
2323 3755 2618 3826 redemptio
2663 3771 2782 3811 mea
2821 3768 3022 3823 sancta,
3051 3773 3174 3826 spes
3201 3774 3316 3812 mea
3351 3759 3523 3812 futura
3555 3760 3575 3790 ί

1988 3822 2223 3878 Charitas
2266 3839 2382 3879 mea
2428 3825 2657 3892 perfecta
2679 3866 2693 3891 ,
2727 3822 3044 3882 resurrectio
3083 3822 3199 3881 inca
3231 3838 3432 3891 sancta,
3467 3829 3575 3883 vita

1989 3907 2106 3947 mea
2148 3903 2366 3958 aeterna,
2414 3894 2695 3950 exsultatio
2724 3905 2776 3950 et
2821 3896 2953 3950 visio
2987 3911 3102 3950 mea
3127 3897 3430 3953 beatissima
3457 3898 3575 3952 sine

1989 3961 2096 4017 ﬁne
2120 3978 2389 4038 mansura.
2430 3963 2502 4038 'l‘e
2541 3964 2820 4038 deprecor,
2856 3966 3096 4036 supplico
3125 3976 3177 4020 et
3215 3983 3362 4038 rogo,
3396 3976 3454 4023 ut.
3482 3983 3577 4038 per

1990 4040 2043 4087 te
2077 4032 2367 4107 ambulem,
2395 4033 2462 4088 ad
2493 4032 2906 4107 teperyeniam,
2925 4032 2990 4090 in
3025 4046 3074 4107 te
3102 4032 3452 4106 requiescam,
3481 4032 3576 4107 qui

1989 4116 2050 4157 es
2079 4103 2182 4177 via,
2211 4103 2406 4177 veritas
2431 4113 2486 4160 et
2520 4105 2624 4159 vita
2652 4105 2832 4177 (Joan.
2871 4123 2982 4167 xiv.
3016 4106 3091 4176 6).,
3133 4103 3246 4161 sine
3273 4125 3374 4176 qua
3415 4103 3574 4164 nemo

1988 4172 2134 4228 venit
2161 4173 2226 4228 ad
2257 4173 2466 4230 Patrem
2507 4194 2520 4229 :
2568 4184 2622 4230 te
2649 4172 2790 4231 enim
2832 4172 3080 4234 desidero
3121 4172 3484 4235 dulcissimum
3519 4186 3576 4234 et

1989 4243 2404 4313 pulcherrimum
2435 4245 2737 4302 Dominum.

2059 4314 2104 4397 ρ
2128 4315 2382 4397 splendor
2424 4326 2657 4397 paternae
2693 4317 2897 4397 gloriae,
2927 4319 3030 4388 qui
3064 4319 3220 4397 sedes
3248 4335 3408 4397 super
3435 4319 3578 4375 Che-

1987 4383 2181 4458 rubitn,
2205 4395 2258 4441 et
2283 4383 2505 4442 intueris
2528 4383 2799 4458 abyssum,
2829 4383 3008 4444 lumen
3048 4383 3360 4453 veridicum,
3394 4391 3574 4446 lumen

1988 4453 2312 4528 illuminans,
2347 4458 2522 4528 lumen
2542 4453 2878 4528 in'deticiens,
2908 4460 2960 4513 in
2977 4462 3116 4528 quod
3143 4461 3447 4515 desiderant
3467 4463 3578 4514 An-

1987 4525 2425 4598 geliprospicere
2465 4527 2506 4598 (l
2525 4527 2668 4582 Petr.
2700 4545 2737 4594 ι,
2768 4531 2893 4596 12);
2923 4525 3048 4584 ecce
3071 4546 3166 4584 cor
3191 4546 3366 4584 meum
3394 4544 3574 4584 coram

1991 4603 2060 4660 te,
2089 4597 2294 4652 discute
2320 4597 2570 4652 tenebras
2607 4599 2744 4666 ejus,
2775 4608 2830 4652 ut
2856 4599 3052 4652 amoris
3097 4599 3171 4654 tui
3198 4599 3436 4652 claritate
3468 4599 3579 4666 ple-

1989 4666 2110 4721 nius
2136 4666 2498 4736 perfundatur.
2527 4666 2603 4736 (d)
2633 4666 2704 4720 Da
2733 4667 2861 4721 mihi
2902 4676 2972 4731 te,
3023 4669 3162 4723 Deus
3203 4683 3373 4732 meus,
3415 4669 3580 4723 redde

1989 4736 2118 4806 mihi
2151 4745 2202 4790 te
2233 4753 2246 4788 :
2279 4751 2345 4791 en
2373 4751 2496 4790 amo
2527 4745 2598 4799 te,
2634 4744 2687 4790 et
2713 4738 2756 4792 si
2781 4752 2964 4806 parum
2992 4745 3095 4806 est,
3124 4753 3298 4793 amem
3329 4739 3574 4792 validius.

1988 4805 2104 4861 Non
2137 4819 2348 4877 possum
2377 4805 2552 4877 metiri
2575 4815 2632 4860 ut
2657 4806 2820 4862 sciam
2845 4816 3096 4877 quantum
3123 4808 3262 4863 desit
3286 4808 3579 4862 inihiaino-
3626 4811 3630 4820 '

1989 4877 2065 4948 ris
2097 4876 2172 4931 tui
2196 4875 2262 4930 ad
2289 4876 2339 4931 id
2367 4876 2510 4948 quod
2537 4877 2666 4931 satis
2694 4887 2793 4941 est,
2812 4875 2879 4948 ut
2902 4886 3082 4933 currat
3111 4880 3214 4932 vita
3244 4894 3358 4933 mea
3386 4879 3436 4932 in
3466 4895 3580 4932 am-

1990 4946 2177 5017 plexus
2207 4953 2348 5011 tuos,
2382 4946 2480 5002 nec
2508 4956 2776 5002 avertatur
2793 4947 2963 5002 donec
2990 4949 3345 5004 abscondatur
3371 4948 3424 5002 in
3452 4950 3580 5002 abs-

1991 5017 2206 5073 condito
2265 5018 2436 5072 Vultus
2462 5018 2554 5072 tui.
2587 5017 2697 5074 Hoc
2719 5025 2922 5072 tantum
2949 5019 3083 5083 scio,
3125 5019 3245 5088 quia
3275 5019 3409 5072 mala
3451 5019 3581 5072 mihi

1991 5097 2075 5142 est
2104 5097 2296 5158 praeter
2337 5096 2408 5152 te,
2440 5088 2686 5156 Domine,
2722 5104 2827 5144 non
2855 5089 3028 5143 solum
3051 5097 3200 5144 extra
3230 5104 3336 5152 me,
3383 5089 3476 5144 sed
3528 5090 3578 5143 in

1991 5173 2079 5212 me
2103 5159 2246 5230 ipso,
2265 5168 2318 5212 ct
2343 5159 2514 5230 omnis
2541 5159 2692 5229 copia
2719 5175 2838 5230 quae
2865 5159 3005 5215 Deus
3026 5175 3175 5215 meus
3197 5174 3301 5214 non
3329 5169 3430 5221 e~t,
3457 5175 3582 5227 ege-

1992 5236 2100 5282 stas
2123 5228 2250 5282 mihi
2279 5238 2382 5283 est.
2411 5228 2622 5284 Bonum
2645 5228 2894 5298 namque,
2918 5231 3058 5299 quod
3087 5245 3258 5299 neque
3285 5230 3338 5282 in
3366 5229 3578 5290 melius,

1994 5313 2167 5369 neque
2189 5299 2239 5352 in
2271 5301 2504 5356 deterius
2530 5302 2846 5355 commutari
2874 5309 3070 5369 potest,
3098 5308 3152 5355 tu
3181 5301 3328 5354 solus
3347 5313 3440 5364 es;
3461 5300 3582 5369 quia

1993 5368 2140 5424 solus
2158 5369 2470 5440 simpliciter
2494 5386 2588 5427 es:
2618 5371 2704 5427 cui
2733 5385 2841 5428 non
2869 5368 2950 5426 est
2973 5370 3116 5426 aliud
3135 5371 3334 5437 vivere,
3360 5378 3414 5425 et
3435 5368 3579 5425 aliud

2062 5549 2076 5580 ί
2104 5547 2244 5606 Alias,

2060 5610 2132 5672 (α)
2157 5606 2398 5668 Alcuinus,
2425 5622 2532 5672 pag.
2558 5609 2664 5670 151,
2687 5609 2735 5658 d.
2758 5623 2781 5672 ;γ
2807 5615 2858 5660 et
2878 5607 3093 5660 Confess.
3119 5614 3243 5671 part.
3263 5606 3312 5672 2,
3337 5619 3388 5660 n.
3408 5607 3484 5661 10.

2061 5671 2132 5729 (b)
2155 5673 2350 5720 Joannis
2372 5671 2596 5721 ttisca’mn.
2626 5685 2736 5729 pars
2757 5671 2804 5720 2.

2062 5734 2133 5797 (ε)
2159 5732 2402 5792 Alcuinus,
2426 5748 2534 5797 pag.
2559 5732 2668 5797 “293,
2695 5735 2780 5797 b1;
2809 5733 2913 5793 158,
2934 5733 2984 5784 d.

2065 5794 2142 5856 (d)
2168 5797 2412 5857 Augustin.
2429 5794 2522 5846 liti.
2555 5795 2610 5846 15
2630 5794 2864 5860 Coufess,
2884 5811 3020 5861 capp.
3039 5796 3087 5860 8,
3111 5796 3159 5860 5,
3178 5796 3230 5848 9.

2268 5545 2428 5621 ιιι-ητα·
