4100 6212
422 243 531 303 919

423 362 698 433 orationes
720 373 902 422 vestro
929 373 1111 421 sancto
1132 362 1403 420 consortio
1430 361 1814 433 conjungamur
1844 376 1858 415 :
1887 359 2010 433 quia

422 432 583 506 aliter
607 435 739 491 salvi
761 451 881 493 esse
918 452 1021 491 non
1050 449 1351 506 possumus.
1378 430 1573 506 Sumus
1600 430 2009 506 namquevalde

423 500 639 573 fragiles
691 516 744 561 et
791 507 983 561 nullius
1031 500 1242 560 virtutis
1296 500 2008 573 homunciones:ianimalia

424 572 629 645 ventris
659 587 710 631 et
731 578 906 631 carnis
927 577 1208 645 mancipia,
1244 576 1295 629 in
1315 575 1508 645 quibus
1533 575 1619 645 vix
1648 572 1859 645 aliquod
1889 587 2012 641 pro-

424 640 607 727 bitatis
638 640 1180 727 vestigiinnnappar'et.
1204 647 1275 727 .Et
1289 640 1473 727 famen
1518 644 1616 699 sub
1653 640 1849 727 @ltristi
1877 640 2009 697 eon-

424 712 656 786 fessione
679 712 837 784 positi
862 758 877 781 ,
912 712 1051 786 ligno
1076 717 1248 772 crucis
1288 715 1535 779 ferimur,
1564 714 1871 786 navigantes
1914 728 2009 782 per

426 781 532 837 hoc
556 781 700 838 mare
730 781 978 856 magnum
1001 798 1054 841 et
1082 789 1373 857 spatiosum
1399 786 1485 841 ubi
1506 794 1631 857 sunt
1655 781 1861 857 replilia
1885 781 2011 852 quo-

423 868 543 906 rum
573 870 677 907 non
698 864 793 924 gest
814 855 1097 921 numerus,
1116 855 1223 912 ubi
1254 867 1372 912 sunt
1399 856 1643 911 animalia
1674 855 1861 924 pusilla
1885 869 2008 909 cum

426 924 630 992 magnis
658 923 826 996 (Psal.
851 944 936 998 cv.
966 929 1079 998 25),
1103 929 1189 983 ubi
1219 937 1297 983 est
1318 927 1477 982 draco
1498 923 1840 998 saevissimus,
1867 939 2009 998 sem-

424 1006 519 1066 per
534 995 758 1066 paratus
787 997 852 1051 ad
874 995 1233 1053 devorandum
1259 1038 1271 1060 ,
1305 998 1392 1052 ubi
1418 1007 1537 1052 sunt
1567 998 1682 1052 loca
1714 995 2007 1066 periculosa

422 1061 598 1134 Scylla
626 1074 680 1120 et
705 1066 981 1123 Charibdis
1004 1111 1020 1134 ,
1051 1078 1104 1124 et
1130 1070 1232 1123 alia
1260 1068 1661 1123 innumerabilia
1687 1061 1783 1133 ,in
1814 1066 2006 1135 quibus

398 1135 802 1206 ‘naufragantur
830 1138 1057 1206 incauti,
1095 1148 1149 1195 et
1187 1140 1239 1193 in
1272 1139 1375 1194 ﬁde
1404 1138 1566 1193 dubii.
1598 1136 1757 1192 Orate
1797 1137 1962 1191 Deum
1986 1178 2002 1203 ,

422 1215 572 1280 orate
602 1207 859 1280 piissimi,
891 1222 1053 1280 ioratc
1075 1253 1087 1275 ,
1119 1210 1294 1266 omnia
1345 1209 1553 1280 agmina
1602 1216 1904 1280 sanctorum
1938 1216 2007 1280 iet

424 1274 660 1347 universi
687 1274 856 1333 ccetus
887 1274 1183 1345 beatorum,
1210 1288 1265 1335 ut
1290 1274 1481 1335 vesiris
1510 1279 1757 1347 precibus
1778 1277 2009 1333 meritis-

423 1359 543 1419 que
565 1346 775 1415 adjuti,’
796 1350 869 1419 (a)
899 1353 1042 1405 salva
1088 1367 1222 1405 nave
1250 1359 1303 1405 et
1329 1349 1547 1419 integris
1589 1350 1856 1404 mercibus
1884 1362 2006 1419 per-

424 1415 606 1470 venire
634 1415 936 1492 mereamur
962 1422 1024 1475 ad
1056 1430 1267 1492 portum
1299 1415 1569 1492 perpetuae
1594 1419 1804 1492 quietis,
1830 1415 2003 1474 conti-

424 1499 545 1559 nua:
567 1489 811 1559 paciset
841 1489 1105 1559 nunquam
1135 1492 1376 1546 ﬁnienda:
1402 1490 1719 1545 securitatis.

494 1555 720 1613 CAPUT
741 1558 905 1616 XXV.
958 1555 1079 1616 Caeli
1129 1562 1311 1616 ardens
1361 1560 1680 1615 desiderium.
1722 1559 1845 1616 Caeli
1889 1559 2004 1629 glo-

422 1625 503 1697 ria
544 1637 591 1679 et
628 1630 832 1696 gaudia.
879 1632 1043 1686 Mater
1071 1633 1364 1688 Jerusalem
1387 1673 1401 1697 ,
1432 1632 1617 1685 civitas
1659 1641 1839 1685 sancta
1868 1625 1960 1684 Dei
1984 1671 2000 1696 ,

423 1694 737 1771 charissima
771 1716 964 1771 sponsa
990 1703 1222 1769 Christi,
1250 1713 1299 1757 te
1322 1694 1466 1756 amat
1501 1716 1595 1757 cor
1635 1717 1811 1755 meum
1832 1741 1857 1771 ,ν
1888 1694 2005 1769 pul-

422 1764 781 1839 chritudinem
801 1764 948 1827 tuam
972 1773 1191 1828 nimium
1209 1764 1482 1828 desiderat
1508 1788 1657 1826 mens
1679 1787 1814 1826 mea.
1835 1764 2005 1839 Quam

423 1834 615 1913 decora
636 1881 653 1907 ,
684 1857 841 1909 quam
880 1844 1107 1913 gloriosa
1129 1886 1142 1910 ,
1174 1860 1329 1913 quam
1359 1858 1617 1912 generosa
1657 1852 1713 1896 tu
1726 1910 1735 1913 μ
1756 1857 1814 1897 es
1830 1834 2004 1913 lv'l‘ota

421 1908 642 1973 pulchra
674 1908 765 1976 es,
812 1908 1097 1967 ctinacula
1132 1908 1241 1967 non
1281 1908 1446 1967 est—in
1480 1922 1550 1967 tc.
1586 1910 1800 1966 Exsulta
1830 1921 1883 1967 et
1910 1912 2005 1965 lin-

425 1983 562 2052 tare,
593 1980 819 2036 formosa
850 1984 1099 2052 principis
1130 1983 1231 2037 ﬁlia
1253 2025 1265 2049 ,
1294 1984 1417 2052 quia
1445 1983 1746 2051 concupivit
1766 1998 1858 2038 rex
1884 1997 2005 2051 spe-

422 2045 729 2122 ciemﬁtuam
750 2093 765 2116 ,
802 2045 861 2106 et
888 2045 1083 2108 amarit
1104 2045 1350 2109 decorent
1375 2062 1519 2107 tuum
1541 2045 1810 2122 Speciosus
1834 2045 2003 2107 forma

424 2130 537 2238 rrec
558 2120 677 2175 tiliis
703 2118 997 2177 hominum.
1022 2124 1125 2179 Sed
1151 2125 1319 2193 qualis
1338 2133 1417 2177 est
1446 2118 1669 2178 dilectus
1691 2132 1810 2177 tuus
1829 2138 1895 2178 ex
1925 2122 2005 2177 di-

444 2196 565 2238 ecto
583 2230 597 2238 .
633 2206 666 2238 0
698 2192 1086 2238 nuleherrimn?
1117 2195 1349 2238 llilnolne
1378 2204 1497 2238 tum
1524 2195 1538 2225 ι
1562 2193 1817 2238 mndiilne
1844 2203 1892 2238 nt
1924 2209 2005 2238 ru.

444 2196 613 2260 ecto,
633 2206 666 2243 ο
698 2192 1086 2260 pulcherrima?
1117 2192 1349 2248 Dilectus
1378 2204 1497 2248 tuus
1524 2193 1817 2248 ‘candidus
1844 2203 1893 2248 et
1924 2209 2005 2247 ru-

422 2255 709 2335 bicundus,
731 2263 932 2335 electus
960 2279 1023 2320 ex
1051 2265 1286 2321 millibus
1316 2264 1485 2335 (Cant.
1517 2281 1552 2318 v
1571 2306 1584 2327 ,
1611 2262 1646 2318 9
1669 2307 1683 2330 ,
1717 2264 1827 2334 10).
1857 2262 2005 2335 Sicut

424 2328 761 2402 malusinter
788 2333 926 2402 ligna
948 2336 1244 2402 sylvarum,
1276 2328 1351 2390 sic
1371 2334 1594 2391 dilectus
1624 2328 1744 2389 tuus
1772 2328 1908 2388 inter
1936 2333 2001 2387 Ii-

422 2395 545 2477 lios.
582 2399 692 2456 Sub
732 2395 917 2477 umbra
958 2395 1098 2461 illius
1132 2395 1294 2477 quem
1332 2405 1660 2471 desideravi,
1688 2420 1818 2477 ecce
1849 2406 2002 2477 laetus

422 2468 586 2548 sedeo
616 2490 630 2525 :
656 2480 709 2527 et
733 2471 934 2531 fructus
960 2477 1077 2548 ejus
1111 2468 1280 2533 dulcis
1306 2476 1499 2546 gutturi
1526 2468 1655 2531 meo
1676 2474 1787 2548 (Id.
1817 2491 1883 2539 ιι,
1916 2476 1995 2544 5).

422 2537 658 2616 Dilectus
689 2552 808 2599 tuus
851 2537 1234 2601 misit'manum
1279 2537 1373 2616 pcr
1413 2548 1648 2601 foramen
1663 2537 1695 2613 ,“
1723 2555 1777 2600 et
1816 2537 2002 2600 venter

422 2623 576 2664 meus
601 2612 873 2670 intremuit
892 2626 1097 2689 atactu
1119 2618 1234 2687 ejus
1259 2612 1368 2688 (Id.
1395 2634 1445 2684 ν,
1473 2617 1552 2689 4).
1577 2617 1634 2672 Ιιι
1665 2612 1857 2689 lectulo
1881 2629 2002 2689 meo

420 2687 992 2756 per_noctem_qu'.esivi
1032 2687 1280 2741 dilectum
1304 2696 1447 2741 tuum
1476 2687 1531 2749 ’⁷,
1563 2687 1814 2756 quaesivi,
1842 2694 1896 2740 et
1923 2687 2003 2756 in-

420 2751 543 2803 veni
562 2766 686 2838 eum
716 2751 934 2838 (Idam,
959 2758 1012 2838 1)
1046 2775 1059 2810 :
1091 2766 1244 2838 ienco
1267 2798 1281 2824 ,
1305 2772 1403 2838 nec
1432 2751 1691 2838 dimittam
1719 2751 1838 2838 eum
1865 2755 2003 2838 ,_do-

422 2834 523 2874 nec
561 2823 858 2879 introducat
882 2842 966 2880 me
995 2823 1046 2880 in
1076 2826 1291 2881 domum
1324 2835 1495 2892 luant,
1524 2836 1577 2881 et
1605 2828 1657 2881 in
1700 2827 2001 2881 cubiculum

420 2898 572 2966 tuum
602 2892 643 2966 '_,
710 2895 935 2966 gloriosa
969 2897 1195 2966 genitrix
1225 2912 1361 2952 mea.
1392 2896 1468 2950 lbi
1510 2897 1651 2952 enim
1677 2896 1828 2952 dabis
1872 2896 2001 2953 mihi

420 2959 735 3038 dulcissima
755 2964 915 3019 ubera
939 2959 1026 3038 tua
1048 2966 1157 3037 (Id.
1192 2983 1283 3034 vn,
1312 2967 1399 3037 12)
1421 2967 1773 3022 abundantius
1801 2976 1855 3022 et
1874 2982 2000 3038 per-

422 3030 643 3104 fectius,
671 3042 726 3088 et
763 3037 1025 3092 saturabis
1054 3030 1139 3092 ine
1168 3030 1410 3094 satietate
1436 3038 1690 3104 mirifica,
1724 3039 1794 3092 ita
1823 3030 2001 3094 ut'nec

420 3101 681 3171 esuriam,
711 3120 884 3176 neque
904 3108 1077 3162 sitiam
1107 3109 1158 3161 in
1181 3117 1455 3163 aeternum.
1486 3109 1631 3164 Felix
1654 3101 1829 3163 anima
1859 3123 1997 3175 mea,

419 3176 809 3251 semperquein
837 3179 1032 3251 saecula
1053 3178 1196 3247 felix,
1228 3180 1272 3234 si
1288 3180 1487 3251 intueri
1511 3194 1754 3235 meruero
1776 3180 1999 3251 gloriam

418 3250 587 3307 tuam,
616 3245 996 3304 beatitudinem
1022 3245 1188 3317 tuam,
1218 3249 1658 3320 pulchritudinem
1691 3245 1853 3317 tuam,
1885 3265 2003 3320 por-

419 3321 504 3366 tas
534 3322 588 3368 ct
610 3331 792 3387 muros
822 3326 962 3381 tuos,
997 3320 1195 3387 plateas
1217 3330 1354 3386 tuas,
1385 3321 1689 3375 mansiones
1717 3330 1831 3375 tuas
1860 3320 2000 3374 mul-

422 3390 506 3436 tas
528 3424 541 3447 ,
577 3386 933 3461 nobilissimos
959 3386 1103 3444 cives
1134 3398 1254 3444 tuos
1278 3431 1302 3461 ,ί
1332 3399 1385 3445 et
1429 3389 1772 3445 fortissimum
1820 3405 2001 3461 regem

419 3462 572 3507 tuum
603 3455 885 3511 Dominum
913 3468 1152 3513 nostrum
1183 3460 1234 3513 in
1274 3460 1467 3515 decore
1492 3475 1608 3515 suo.

492 3524 630 3578 Muri
657 3542 885 3600 namque
910 3529 982 3583 tui
1006 3544 1073 3584 ex
1108 3527 1368 3598 lapidibus
1398 3529 1642 3600 pretiosis
1660 3569 1675 3595 ,
1704 3536 1870 3598 portae
1897 3538 2001 3586 tua:

421 3609 488 3669 ex
511 3597 806 3669 margaritis
835 3600 1067 3667 optimis,
1103 3597 1286 3667 platea:
1315 3597 1416 3654 tum
1443 3616 1507 3655 ex
1528 3614 1660 3654 auro
1681 3597 1966 3669 purissimo
1983 3642 1998 3666 ,

419 3664 475 3736 in
507 3664 1001 3736 quibusjucundum
1023 3664 1231 3725 alleluia
1257 3670 1373 3726 sine
1402 3664 1791 3725 intermissione
1815 3664 2001 3726 conci;

419 3735 583 3811 nitur.
621 3735 917 3811 Mansiones
957 3748 1058 3794 tua:
1103 3742 1289 3811 multa:
1322 3741 1538 3811 quadris
1586 3740 1847 3811 lapidibus
1886 3738 2003 3797 fun-

418 3806 589 3881 datm,
622 3808 899 3881 sappbyris
919 3818 1256 3875 constructae,
1280 3806 1544 3867 laterculis
1572 3806 1747 3867 aureis
1784 3826 2003 3881 cooper-

418 3879 595 3952 taa;_in
621 3895 753 3948 quas
779 3879 951 3937 nullus
974 3882 1265 3952 ingreditur
1292 3883 1617 3949 immundus,
1647 3882 1822 3937 nullus
1852 3879 2003 3937 habi-

418 3956 497 4020 tat
526 3949 845 4020 inquinatus.
876 3949 1125 4019 Speciosa
1168 3952 1305 4008 facta
1346 3968 1405 4008 es
1425 3963 1478 4007 et
1502 3955 1678 4007 suavis
1714 3956 1764 4007 in
1796 3953 2001 4009 deliciis

417 4018 545 4085 tuis,
570 4018 740 4093 mater
762 4018 1077 4093 Jerusalem.
1104 4022 1242 4077 Nihil
1271 4024 1320 4076 in
1350 4033 1400 4078 te
1422 4025 1544 4087 tale,
1575 4025 1730 4093 quale
1752 4023 1838 4077 hic
1867 4024 2002 4092 pati-

416 4103 572 4154 mur,
604 4092 778 4160 qualia
822 4093 874 4146 in
913 4092 1011 4146 hac
1040 4093 1231 4146 misera
1270 4094 1377 4146 vita
1419 4092 1704 4148 cernimus.
1732 4093 1850 4148 Non
1878 4103 2001 4149 sunt

417 4160 653 4214 tenebrae
689 4161 741 4213 in
772 4170 871 4232 _t_e,
916 4176 1088 4232 neque
1128 4178 1266 4227 nox,
1315 4175 1403 4215 aut
1429 4163 1678 4232 quaelibet
1721 4164 2001 4220 diversitas

419 4237 743 4303 iemporumi
770 4229 884 4303 Non
912 4229 1051 4303 lucet
1076 4232 1126 4284 in
1156 4241 1206 4285 te
1228 4229 1575 4303 luxiluce'rnie
1594 4274 1608 4297 ,
1636 4242 1727 4286 aut
1750 4233 2001 4303 splendor

420 4298 582 4368 litim,
617 4299 699 4353 vel
724 4299 880 4367 jnbar
907 4302 1176 4356 stellarum
1203 4317 1216 4365 ;
1247 4300 1339 4355 sed
1364 4301 1502 4356 Deus
1525 4302 1593 4356 de
1631 4303 1743 4357 Deo
1762 4298 1796 4368 ,⁷
1820 4303 1907 4357 lux
1934 4303 2000 4360 de

416 4367 556 4441 luce,
587 4368 664 4424 sol
681 4368 898 4438 iustitia:
919 4386 1132 4440 semper
1158 4371 1419 4426 illuminat
1445 4380 1496 4427 te
1513 4386 1527 4435 ;
1544 4374 1723 4441 Agnus
1744 4367 2000 4428 candidus

416 4448 471 4493 et
491 4438 857 4512 immaculatus
877 4483 893 4509 ,
921 4438 1124 4497 lucidus
1159 4450 1215 4497 et
1260 4438 1647 4512 pulcherrimus
1666 4484 1681 4509 ,
1709 4450 1792 4497 est
1820 4443 2000 4498 lumen

414 4516 564 4581 gnum
603 4509 643 4562 ‘.
677 4510 766 4567 Sol
799 4519 919 4568 tuus
937 4555 950 4577 ,
978 4514 1194 4568 claritas
1219 4509 1304 4567 tua
1332 4522 1403 4568 et’
1410 4528 1567 4568 omne
1592 4513 1786 4568 bonum
1814 4522 1961 4568 tuum
1981 4555 1996 4581 ,

414 4578 603 4655 ξιυίιις»Δ
623 4583 964 4651 pulcherrimi
1014 4584 1177 4655 Regis
1234 4583 1543 4640 indeliciens
1600 4578 1995 4655 contemplatio.

413 4648 534 4725 Ipse
572 4648 685 4725 Rex
725 4670 908 4725 regum
940 4656 991 4709 in
1031 4648 1207 4710 medio
1244 4655 1352 4722 tui,
1394 4665 1449 4710 et
1482 4655 1631 4725 pueri
1658 4656 1772 4724 ejus
1800 4648 1850 4710 in
1890 4656 1997 4711 cir-

412 4721 559 4796 cuitu
584 4722 700 4793 ejus
725 4721 821 4796 (ὁὶ.
845 4724 920 4780 lbi
949 4724 1249 4796 hymnidici
1267 4721 1589 4796 Angelorum
1621 4721 1791 4788 chori,
1816 4726 1887 4781 ibi
1912 4741 2000 4782 so-

411 4791 579 4864 cietas
603 4791 952 4864 Super-norum
983 4791 1200 4852 civium.
1236 4795 1310 4851 lbi
1346 4791 1517 4851 dulcis
1546 4796 1855 4852 solemnitas
1883 4812 2000 4851 om-

410 4863 804 4938 niumab’hac
830 4867 966 4938 tristi
1009 4867 1439 4938 peregrinatione,
1459 4866 1525 4922 ad
1558 4875 1643 4938 tua
1672 4866 1861 4938 gaudia
1905 4882 1995 4938 re-

407 4931 702 5008 deuntium.
732 4935 807 4991 lbi
847 4931 1232 5008 Prophetarum
1262 4937 1513 5007 providus
1536 4931 1733 4992 chorus
1756 4978 1771 5003 ,
1799 4937 1875 5008 ibi
1908 4937 1996 5006 ju-

406 5002 509 5061 dex
564 5005 588 5036 ⁸
637 5002 1013 5075 Apostolorum
1064 5002 1352 5071 numerus,
1411 5008 1484 5062 ibi
1528 5002 1995 5063 innumerabilium

471 5096 490 5169 ξ
514 5102 587 5169 fr.
608 5097 886 5169 liugdzven.
912 5104 1021 5169 tiov_.
1045 5097 1125 5147 hic
1149 5105 1200 5148 et
1219 5096 1363 5169 paulo
1376 5102 1509 5168 post,
1538 5095 1915 5169 Dilegfnsyteus;
1936 5105 1992 5148 Μ.

470 5159 490 5189 ε·
514 5164 588 5208 Er.
628 5158 775 5222 Lugd.
829 5165 948 5209 Ven.
998 5164 1142 5222 Lov.,
1186 5158 1401 5227 qitwsivi
1434 5171 1576 5222 quem
1623 5158 1783 5224 diligit
1834 5159 1996 5211 (mima

404 5228 899 5347 "ﬁamhtugdwen.
924 5286 1055 5345 Lov.,
1077 5281 1131 5333 in
1160 5281 1359 5335 domum
1382 5294 1523 5334 suam
1553 5288 1600 5334 et
1634 5281 1686 5334 in
1721 5282 1996 5338 cubiculum

403 5353 586 5478 WE,
613 5353 760 5477 argd.
786 5413 906 5456 ven.
932 5412 1042 5478 l_.o_v.
1068 5407 1138 5478 sic
1175 5405 1414 5478 exhibent
1436 5407 1564 5478 hunc
1597 5406 1753 5478 locum
1786 5422 1797 5455 :
1835 5417 1994 5478 Agnus

402 5467 643 5519 cmdidus
663 5466 709 5521 εὶ
724 5466 1077 5529 iiuntaculatus,
1101 5466 1318 5520 lucidum
1339 5473 1385 5519 et
1407 5466 1783 5531 pulcherrinuon
1814 5466 1892 5521 esi
1915 5469 1992 5520 lu-

400 5537 511 5578 men
532 5535 683 5580 tuum.
761 5535 819 5579 ιι.

462 5590 485 5651 ’ξ
508 5589 647 5651 Alias,
669 5591 917 5644 dueum
927 5590 1108 5651 judex.

463 5650 538 5776 (a3
571 5654 782 5725 vid..lib.
809 5653 876 5703 de
893 5650 1097 5715 speculo
1118 5661 1262 5718 caput
1281 5654 1358 5705 30.
1635 5717 1645 5727 υ

464 5710 516 5776 (b
570 5717 635 5765 tta
655 5713 740 5767 ιιι),
764 5714 831 5767 de
850 5715 1070 5776 Speculo,
1093 5728 1199 5776 cap.
1219 5716 1300 5776 30,
1324 5722 1432 5776 post
1451 5723 1645 5776 Gregori

464 5710 537 5776 (b)
570 5717 635 5765 tta
655 5713 740 5767 lib.
764 5714 831 5767 de
850 5710 1070 5779 Speculo,
1093 5710 1199 5781 cap.
1219 5716 1300 5781 30,
1324 5722 1432 5781 post
1451 5717 1747 5782 Gregorium.

1883 236 2247 297 APPENDIX.

2116 364 2411 430 martyrum
2435 356 2609 413 victor
2633 356 2899 430 exercitus
2918 398 2932 422 ,
2964 357 3037 430 ibi
3075 365 3383 417 sanctorum
3410 359 3703 420 Confessu-

2115 443 2232 483 rum
2254 428 2404 483 Sacer
2431 435 2745 501 conventus,
2777 428 2861 501 ibi
2874 429 2986 483 veri
3013 438 3068 483 et
3087 430 3304 499 perfecti
3330 432 3600 501 monachi,
3631 434 3705 492 ibi

2115 508 2313 569 sanctae
2338 499 2604 564 mulieres,
2630 513 2751 569 quae
2777 499 3077 569 voluptates
3104 501 3287 556 saeculi
3326 510 3381 558 et
3404 499 3593 559 sexum
3618 505 3704 561 in-

2116 567 2678 644 ﬁrmitatis‘vicerunt';
2722 568 2811 644 ibi
2835 567 2985 639 pueri
3010 572 3336 644 etpuellae,
3365 588 3487 644 quae
3532 589 3702 633 annos

2112 653 2240 693 suos
2265 639 2502 694 moribus
2531 639 2993 695 transcenderunt.
3025 639 3251 697 lbi—sunt
3273 639 3464 699 omnes
3490 659 3619 701 oves
3645 655 3700 703 et

2116 710 2257 793 agni,
2287 710 2375 793 qui
2393 710 2503 779 jam
2530 709 2687 793 hujus
2706 710 2991 793 voluptatis
3019 710 3700 793 laqueosevaserunthx-

2113 781 2310 855 cultant
2337 795 2525 836 omnes
2558 780 2610 855 in
2645 780 2883 855 propriis
2900 780 3284 855 mansionibus.
3316 784 3505 855 Dispar
3530 788 3701 855 gloria

2112 850 2437 921 singulorum
2462 893 2477 919 ,
2500 850 2595 906 sed
2616 851 2916 907 communis
2934 859 3019 907 est
3041 852 3221 907 laetitia
3247 850 3510 911 omnium.
3533 850 3702 914 Plena

2112 927 2168 993 et
2194 918 2425 993 perfecta
2461 921 2533 993 ibi
2558 929 2744 993 regnat
2764 921 3033 993 elisi-itas;
3074 923 3201 992 quia
3244 924 3385 980 Deus
3412 935 3496 981 est
3521 930 3701 985 omnia

2112 988 2166 1045 in
2195 988 2450 1047 omnibus
2475 992 2524 1066 (l_
2550 988 2668 1066 Cof.
2698 1007 2800 1066 _xv,
2826 992 2919 1066 28)
2941 1034 2957 1060 ,
2988 988 3146 1066 quem
3194 994 3311 1050 sine
3336 994 3444 1051 line
3478 997 3700 1066 vident,

2110 1069 2166 1132 et
2205 1076 2417 1132 semper
2440 1061 2670 1118 videndo
2697 1063 2749 1117 in
2793 1061 2910 1132 ejus
2948 1061 3140 1119 ardent
3165 1078 3371 1119 amore.
3415 1066 3611 1122 Amant
3636 1061 3705 1125 et

2111 1130 2366 1207 iaudant',
2398 1132 2615 1207 laudant
2639 1141 2695 1188 et
2721 1130 2920 1207 amant.
2943 1132 3123 1207 _0mne
3142 1148 3280 1204 opus
3320 1150 3511 1193 eorum
3532 1179 3550 1207 ,
3582 1138 3702 1196 laus

2111 1200 2236 1265 Dei,
2258 1204 2377 1258 sine
2399 1202 2696 1259 defectione
2711 1245 2725 1270 ,
2749 1203 2864 1258 sine
2891 1203 3091 1260 labore.
3178 1200 3197 1204 “
3280 1250 3285 1259 .

2183 1271 2325 1348 _Feiis
2354 1287 2456 1345 ego
2475 1282 2719 1348 ,_et_vere
2760 1274 2813 1328 in
2838 1273 3349 1348 _perpetuumifelix,
3376 1276 3422 1332 si
3451 1286 3573 1348 post
3608 1293 3700 1335 re-

2114 1343 2433 1414 solutionem
2488 1343 2647 1414 hujus
2707 1343 3006 1414 corpusculi
3061 1345 3263 1401 audire
3301 1343 3554 1404 meruero
3606 1348 3701 1406 illa

2110 1413 2314 1486 cantica
2338 1413 2573 1486 cmlestis
2609 1413 2854 1486 melodize
2882 1455 2895 1478 ,
2921 1429 3042 1486 quas
3063 1425 3346 1472 cantantur
3387 1418 3455 1473 ad
3483 1417 3700 1478 laudem

2111 1481 2274 1554 Regis
2300 1485 2486 1557 aeterni
2503 1483 2580 1557 Aab
2619 1484 2723 1539 illis
2750 1481 2996 1557 superna:
3022 1487 3207 1557 patriae
3229 1486 3433 1544 civibus
3458 1528 3476 1557 ,
3492 1488 3699 1547 beato-

2110 1568 2337 1630 rumque
2388 1554 3038 1630 spirituumagminibusl
3100 1556 3420 1613 Fortunatus
3460 1554 3563 1630 ego
3612 1560 3700 1617 ni-

2109 1623 2382 1698 miumque
2407 1623 2593 1698 beatus
2611 1666 2627 1691 ,
2656 1624 2703 1681 si
2726 1623 2791 1698 et_
2807 1640 2907 1695 ego
2931 1625 3046 1696 ipse
3067 1640 3316 1698 meruero
3343 1623 3563 1685 cantare
3590 1645 3656 1687 ea
3676 1673 3694 1698 ,

2109 1701 2164 1749 et
2190 1695 2440 1750 assistere
2463 1695 2573 1764 regi
2598 1710 2740 1762 meo,
2765 1696 2876 1751 Deo
2889 1711 3028 1762 meo,
3049 1696 3171 1752 duci
3198 1712 3320 1753 meo
3335 1699 3375 1764 ί,
3398 1708 3453 1755 et
3471 1695 3701 1759 cernere

2110 1777 2232 1842 eum
2277 1764 2330 1820 in
2368 1764 2539 1842 gloria
2572 1780 2667 1842 sua
2692 1807 2706 1833 ,
2734 1766 2869 1822 sicut
2913 1767 3309 1842 ipse__polliceri
3336 1769 3580 1842 dignatus
3614 1780 3702 1828 est

2108 1832 2290 1907 dicens
2316 1876 2331 1900 ,
2360 1832 2515 1907 Pater
2541 1877 2556 1902 ,
2585 1836 2696 1890 volo
2725 1845 2779 1890 ut
2805 1832 3133 1905 quos'dedisli
3161 1839 3321 1905 mihi,
3353 1832 3455 1894 sint
3476 1857 3697 1907 "meum;

2108 1913 2163 1957 ut
2190 1904 2390 1979 videant
2429 1906 2713 1979 claritatem
2749 1904 2913 1979 meum
2950 1924 3103 1978 quam
3131 1908 3285 1979 habui
3308 1904 3471 1979 apud
3494 1918 3555 1966 te
3580 1904 3701 1969 ante

2108 1977 2509 2049 constitutionem
2538 1977 2715 2030 ntundi
2747 1976 2765 2046 (
2792 1976 3108 2044 Joamxvn,
3139 1978 3211 2034 24
3241 1982 3279 2049 >;
3307 1976 3516 2036 αι’θιίδὶ
3547 2023 3564 2049 ,
3593 1983 3701 2048 Qui

2107 2046 2232 2120 mihi
2253 2047 2523 2113 ministrat,
2551 2063 2630 2120 me
2648 2058 2892 2120 sequatur
2911 2090 2925 2114 ,
2951 2058 2997 2103 et
3019 2050 3103 2103 ubi
3121 2046 3363 2120 sum'ego,
3393 2050 3498 2106 illic
3524 2046 3569 2106 et
3597 2046 3699 2108 nti-

2107 2115 2261 2193 nisi”
2285 2120 2538 2193 meusneril
2563 2115 2675 2187 (Id.
2695 2134 2789 2184 xu,
2807 2116 3006 2193 ‘26);_e_t
3034 2120 3248 2185 iterum,
3281 2115 3382 2187 Qui
3400 2122 3567 2193 diligit
3594 2140 3694 2191 me,

2106 2184 2342 2265 diligetur
2356 2204 2388 2239 a
2406 2184 2706 2265 Pairel'meo,
2730 2184 2890 2265 eicgo
2908 2189 3118 2260 diligam
3137 2184 3274 2258 eum,
3296 2184 3345 2245 et
3365 2184 3699 2265 nianiTestaba

2107 2255 2154 2309 ei
2177 2272 2257 2310 me
2283 2257 2451 2320 ipsum
2485 2256 2594 2327 (Id.
2624 2274 2729 2325 xw,
2760 2255 2874 2327 21).

2175 2368 2400 2427 CAPUT
2438 2368 2628 2425 XXVI.
2655 2369 2944 2442 Rhymmus
2963 2370 3027 2426 de
3044 2372 3208 2444 gloria
3236 2374 3482 2443 paradisi.

2167 2482 2240 2545 (a)
2274 2481 2339 2532 Ad
2362 2484 2596 2547 perennis
2618 2484 2735 2547 vitai
2753 2482 2936 2547 fontem
2958 2495 3098 2533 mens
3119 2485 3270 2536 sitivit
3293 2486 3445 2547 arida,

2103 2542 2316 2609 ciau'stra
2336 2542 2496 2609 carnis
2518 2551 2691 2609 praesto
2711 2543 2869 2607 frangi
2884 2545 3051 2609 clausa
3072 2548 3247 2609 quazrit
3268 2542 3448 2609 annua,

2104 2602 2283 2665 Gliscit,
2306 2606 2470 2669 ambit,
2499 2602 2736 2656 eluctatur
2760 2602 2901 2656 ex'sul
2922 2606 3014 2657 frui
3036 2602 3207 2669 patria,

2104 2670 2226 2715 Dum
2244 2668 2484 2733 pressaris
2504 2679 2562 2717 ac
2584 2669 2813 2733 aerumnis
2833 2680 2890 2717 se
2913 2668 3070 2733 gemit
3081 2668 3365 2733 iobnOxiam,

2104 2727 2259 2786 Quam
2274 2729 2448 2794 amisit,
2471 2741 2582 2778 cum
2602 2727 2828 2794 deliquit,
2852 2727 3205 2794 contemplatur
3226 2727 3427 2794 gloriam

2104 2795 2322 2839 Mmsens
2343 2788 2519 2854 malum
2535 2797 2684 2852 auget
2700 2788 2821 2839 boni
2837 2791 3013 2854 perditi
3027 2788 3322 2841 memoriam.

2104 2860 2121 2925 '_
2129 2911 2154 2925 η.
2166 2857 2279 2923 nam
2294 2852 2408 2924 quis
2431 2858 2633 2925 promat,
2652 2852 2853 2925 summai
2876 2854 3006 2925 pacis
3026 2859 3208 2925 quanta
3228 2855 3292 2904 sit
3314 2853 3509 2905 laetitia?

2105 2911 2191 2960 Ubi
2214 2911 2336 2976 vivis
2364 2911 2635 2976 margaritis
2654 2920 2859 2976 surgunt
2877 2911 3097 2976 aediﬁcia,

2104 2979 2231 3035 Auro
2251 2972 2383 3023 celsa
2404 2972 2580 3024 micant
2603 2972 2956 3032 tectaIradiant
2977 2972 3203 3035 triclinia,

2104 3033 2223 3084 Solis
2242 3036 2451 3098 gemmis
2471 3036 2698 3098 pretiosis
2727 3035 2832 3085 biec
2853 3042 3093 3086 structura
3116 3033 3340 3097 nectitur,

2104 3102 2228 3159 Auro
2248 3097 2444 3159 mundo,
2467 3097 2695 3159 tanquam
2714 3098 2838 3159 vitro
2859 3098 2994 3147 urbis
3003 3099 3091 3159 )‘ia
3108 3100 3357 3148 sternitur.

2105 3157 2253 3208 Abest
2274 3156 2433 3217 limus,
2455 3156 2601 3208 deest
2622 3158 2778 3219 fimus,
2803 3157 2915 3208 lues
2936 3157 3069 3209 nulla
3091 3161 3324 3210 cernitur.

2167 3220 2329 3270 Hiems
2349 3220 2571 3279 horrens,
2596 3227 2739 3269 aestas
2761 3227 2953 3270 torrens
2974 3219 3074 3271 illic
3094 3234 3339 3284 nunquam
3361 3220 3580 3273 saeviunt.

2105 3277 2508 3345 Flos_purpureus
2530 3277 2791 3345 {rosarum
2813 3294 2904 3330 ver
2927 3284 3028 3345 agit
3044 3277 3355 3345 perpetuum,

2104 3340 2318 3407 candent
2326 3340 2456 3403 'lilio,
2478 3343 2698 3392 rubescit
2715 3356 2901 3403 crocus,
2926 3340 3076 3407 suda}
3086 3340 3369 3407 balsamum,

2106 3402 2273 3467 virent
2303 3402 2453 3466 prata,
2477 3411 2682 3467 vernant
2701 3410 2826 3467 sata,
2848 3406 2940 3454 rivi
2963 3404 3125 3455 mellis
3144 3402 3370 3467 inﬂuunt,

2105 3464 2463 3526 Pigmentorum
2484 3465 2632 3575 sgirat
2652 3465 2786 3526 odor,
2814 3465 2971 3529 liquor
2997 3474 3049 3517 et
3069 3474 3356 3527 aromatum,

2105 3526 2323 3575 Pendent
2351 3539 2488 3575 poma
2544 3526 2786 3575 oridorum
2807 3540 2904 3575 non
2927 3526 3119 3575 lapsura
3148 3541 3356 3575 nemoru

2104 3526 2328 3590 Pendent
2351 3539 2488 3588 poma
2510 3526 2786 3590 iloridorum
2807 3526 2904 3590 non
2927 3526 3119 3590 lapsura
3148 3526 3423 3579 nemorum.

2166 3595 2264 3636 Non
2286 3585 2496 3637 alternat
2514 3585 2625 3636 luna
2648 3589 2798 3647 vices,
2823 3588 2914 3647 sol,
2937 3585 3019 3638 vel
3036 3602 3208 3639 cursus
3228 3590 3445 3641 siderum
3468 3603 3481 3639 :

2107 3655 2271 3711 Agnus
2295 3656 2373 3699 est
2395 3647 2548 3711 felicis
2563 3649 2698 3698 urbis
2720 3649 2886 3711 lumen
2908 3650 3226 3711 inocciduum.

2105 3709 2203 3759 Nux
2223 3717 2276 3760 et
2295 3716 2488 3771 tempus
2507 3709 2686 3759 desunt
2708 3712 2773 3769 ei,
2796 3710 3047 3771 diemfert
3068 3714 3348 3762 continuum
3368 3727 3381 3762 :

2104 3776 2216 3819 Nam
2241 3777 2300 3837 et.
2320 3770 2470 3837 sancti
2498 3773 2699 3835 quique,
2719 3771 2854 3837 velut
2876 3770 2947 3821 sol
2972 3772 3245 3837 praeclarus,
3282 3774 3499 3837 rutilant,

2106 3838 2213 3907 μὶ
2243 3831 2535 3907 triumphum
2568 3831 2780 3907 corpnatj
2811 3831 2987 3907 mutuo
3001 3831 3313 3907 conjubilant,

2103 3898 2159 3943 Et
2174 3894 2407 3967 prostrati
2440 3906 2627 3967 pugnas
2643 3894 2800 3967 hostis
2822 3896 2922 3967 jam
2944 3894 3107 3967 securi
3129 3894 3406 3967 numerant.

2166 3954 2301 4016 Omni
2326 3954 2696 4016 lahe'deliecati,
2716 3954 2874 4005 carnis
2894 3955 3024 4005 bella
3055 3958 3293 4008 nesciunt.

2103 4023 2220 4065 Caro
2248 4015 2372 4078 facta
2398 4015 2626 4078 spiritalis
2648 4024 2700 4066 et
2731 4029 2873 4066 mens
2888 4031 3037 4066 unum
3059 4019 3292 4068 sentiunt.

2106 4076 2399 4142 Pacemulta
2421 4076 2749 4142 perfruentes,
2783 4078 3003 4142 scandala
3025 4092 3120 4128 non
3143 4079 3410 4142 perferunt.

2105 4137 2409 4212 mutabilibus
2421 4137 2599 4212 ‘exuti,_
2607 4137 2847 4212 repetunt
2873 4139 3130 4212 originem,

2105 4206 2159 4264 Et
2180 4208 2474 4264 praesentem
2494 4202 2716 4264 veritatis
2736 4202 3122 4264 contemplaniur
3144 4204 3393 4264 speciem:

2105 4260 2223 4311 Hinc
2242 4260 2438 4311 vitalem
2460 4262 2554 4311 vivi
2576 4260 2719 4314 fontis
2734 4260 2960 4312 hauriunt
2982 4260 3308 4314 dulcedinem.

2170 4322 2286 4388 Inde
2308 4329 2485 4388 statum
2504 4335 2700 4388 semper
2724 4324 2871 4388 iidem
2898 4324 3189 4388 existendi?
3217 4326 3431 4388 capiunt,

2104 4382 2244 4447 clari,
2274 4384 2438 4447 vividi,
2454 4382 2675 4447 jucundi,
2700 4384 2846 4435 nullis
2867 4392 3035 4447 patent
3056 4387 3264 4436 assibus.

2105 4445 2289 4496 Absunt
2310 4446 2465 4495 morbi
2488 4459 2686 4509 semper
2704 4447 2852 4506 sanis,
2870 4445 3113 4497 senectus
3130 4448 3405 4509 juvenibus.

2105 4508 2222 4570 Hinc
2241 4520 2462 4570 perenne
2485 4508 2661 4558 tenent
2692 4521 2831 4569 esse;
2871 4521 2982 4558 nam
3005 4508 3216 4570 transire
3244 4510 3442 4559 transiit.

2105 4568 2221 4618 Inde
2241 4568 2645 4632 'virent,_vigent,
2663 4569 2866 4628 ﬂorent;
2901 4569 3180 4632 corruptela
3201 4570 3395 4631 corruit,

2105 4629 2479 4693 lmmortalitatis
2494 4629 2636 4692 vigor
2653 4633 2820 4693 mortis
2838 4632 2919 4693 jus
2940 4629 3207 4693 absorbuit.

2166 4693 2253 4750 Qui
2276 4692 2516 4756 scientem
2536 4698 2705 4741 cuncta
2727 4692 2903 4750 sciunt,
2926 4692 3040 4755 quid
3058 4694 3252 4756 nescire
3282 4698 3541 4756 nequeunt
3568 4692 3609 4742 ⁵.

2102 4758 2215 4801 Nam
2242 4758 2294 4801 et
2315 4752 2529 4814 pectoris
2559 4764 2729 4814 arcana
2755 4751 3017 4814 penetrant
3052 4751 3366 4814 alterutrum,

2103 4819 2256 4862 Unum
2277 4810 2463 4868 volunt,
2482 4825 2630 4861 unum
2654 4810 2841 4872 nolunt,
2877 4816 3036 4864 unitas
3063 4821 3141 4864 est
3162 4810 3423 4865 mentium.

2103 4875 2233 4938 Licet
2253 4874 2432 4938 cuique
2454 4876 2519 4925 sit
2539 4875 2785 4938 diversum
2808 4888 2897 4938 pro
2918 4875 3088 4926 labore
3110 4876 3373 4938 meritum;

2101 4935 2312 5000 Charitas
2326 4935 2432 5000 haec
2452 4949 2594 4986 suum
2613 4936 2742 5000 facit,
2765 4935 2897 5000 quod
2913 4943 3041 4987 amat
3062 4936 3294 5000 in_altero
3316 4935 3360 4987 ⁸.

2103 4999 2349 5062 Proprium
2371 4998 2443 5048 sic
2471 4998 2799 5062 singulorum,
2823 5011 3081 5049 commune
3109 4998 3161 5049 ﬁt
3183 5001 3417 5062 omnium.

2167 5059 2251 5109 ubi
2273 5073 2465 5124 corpus,
2483 5059 2598 5111 illuc
2615 5060 2729 5124 jure
2749 5066 3114 5125 congregantur
3132 5059 3326 5124 aquilae.

2166 5204 2184 5234 ¹
2207 5209 2287 5254 Ms.
2313 5210 2461 5265 Mett.,
2487 5202 2635 5255 dulci.
3233 5256 3236 5260 λ
3321 5241 3329 5249 -

2173 5268 2193 5296 ³
2217 5272 2266 5330 tn
2288 5272 2359 5330 8.,
2382 5271 2655 5330 perpetuus.
2687 5268 2993 5330 Correximus
3022 5278 3089 5316 ex
3124 5268 3414 5318 auctoritate
3449 5268 3576 5317 Petri
3611 5273 3677 5318 Da

2099 5327 2262 5390 minui,
2286 5329 2361 5377 cui
2382 5326 2521 5377 hicce
2546 5328 2754 5377 debetur
2778 5326 3002 5390 hymnus.
3051 5335 3107 5376 Μ.

2165 5363 3287 5453 aliis:éEXuiuZEE'Ei"ih6§fp$}n{i"mm
3189 5388 3198 5400 '
3290 5423 3305 5437 .

2160 5449 2183 5480 ι
2207 5451 2338 5513 Apud
2361 5463 2531 5513 omnes
2548 5451 2722 5512 editos,
2748 5449 2955 5513 excepta
2972 5458 3058 5500 σο.
3084 5452 3321 5513 editione,
3340 5463 3515 5502 versus
3536 5452 3617 5501 ille
3628 5453 3676 5502 in

2099 5510 2438 5577 terrogationis
2458 5518 2635 5574 puncto
2652 5510 2949 5577 concluditur
2974 5525 2988 5572 ;
3013 5519 3255 5577 corrupte.
3306 5510 3385 5562 Ἣ.

2161 5574 2182 5605 ⁵
2208 5572 2345 5634 Alias,
2369 5572 2487 5623 dum
2507 5579 2637 5624 amat
2657 5572 2882 5623 alterum.

2160 5655 2232 5717 (a)
2266 5657 2345 5724 Hic
2367 5655 2569 5724 hymnus
2587 5654 2894 5724 desideraiiir
2913 5656 2966 5707 in
2982 5661 3088 5709 Mss.
3106 5663 3219 5711 Met.
3240 5662 3293 5710 et
3314 5664 3477 5724 Regio.
3496 5660 3575 5712 Est
3598 5663 3690 5712 Pe-

2097 5717 2161 5767 tri
2182 5715 2414 5781 Damiani;
2442 5724 2557 5769 tom.
2579 5716 2628 5778 4,
2651 5730 2761 5782 pag.
2781 5715 2888 5767 226.
