4100 6212
329 333 436 390 937

330 457 473 504 tuam
498 446 692 501 creasti
718 444 867 515 (Gen.
891 462 928 510 ι,
949 442 1062 515 27),
1090 444 1357 513 superbia,
1381 458 1514 515 vana
1534 442 1722 515 gloria,
1753 440 1827 513 (a)
1854 452 1909 497 et

328 526 520 573 cmtera
538 517 700 571 multa
717 513 841 581 alia,
857 513 1048 583 quibus
1060 523 1280 569 vexatur
1291 523 1343 569 et
1359 513 1630 583 afﬂigitur,
1647 513 1910 583 laceratur

327 597 383 644 et
422 588 710 642 destruitur
750 582 931 640 infelix
962 587 1136 639 anima
1168 600 1302 638 mea.
1338 582 1495 650 Ecce,
1530 582 1771 647 Domine,
1802 584 1905 637 ini-

326 659 555 729 quitates
580 672 712 711 meae
739 671 1098 725 supergressa:
1126 664 1250 709 sunt
1276 662 1439 729 capiti
1463 669 1658 729 m_cum,
1689 663 1742 708 et
1771 654 1908 729 sicut

327 722 464 783 (inus
490 743 648 796 grave
672 722 1053 796 gravatas—sunt
1079 741 1240 794 super
1266 722 1355 778 me
1376 722 1543 796 (Paul.
1567 739 1800 790 xxxvm,
1823 725 1902 793 5);

327 808 384 854 et
423 798 522 853 nisi
566 808 639 863 tu,
671 795 753 852 eui
786 800 1055 866 proprium
1086 805 1168 850 cst
1195 795 1437 849 misereri
1463 809 1674 864 semper
1697 804 1754 866 et
1782 809 1905 862 par-

326 884 476 934 cere,
496 868 767 923 dexteram
787 863 898 921 tum
923 866 1213 935 majestatis
1239 879 1524 936 supponas,
1552 863 1721 933 mergi
1746 879 1907 935 cogor

325 938 698 993 miserabiliter
723 939 774 992 in
806 937 1141 1006 profundum.

398 1009 644 1073 Attende,
680 1004 898 1062 Domine
929 1009 1087 1071 Deus,
1115 1016 1168 1062 et
1200 1006 1339 1071 vide,
1370 1004 1621 1074 quoniam
1651 1012 1865 1060 sanctus
1890 1023 1902 1058 :

324 1088 382 1134 et
410 1094 533 1135 ecce
564 1079 780 1133 insultat
803 1078 1082 1133 adversum
1111 1092 1199 1131 me
1226 1076 1469 1130 inimicus
1499 1089 1670 1138 meus,
1695 1075 1901 1142 dicens,

326 1148 471 1205 Deus
514 1149 794 1218 dereliquit
836 1163 980 1214 eum,
1027 1162 1315 1218 persequar
1359 1156 1413 1218 et
1459 1143 1904 1218 comprehendam

322 1234 468 1290 eum,
489 1220 609 1290 quia
639 1214 744 1273 non
773 1226 856 1273 est
878 1219 969 1290 qui
999 1214 1233 1290 ejipiat(
1256 1214 1400 1269 Psat.
1428 1231 1552 1290 LXX,
1577 1214 1637 1270 11
1663 1214 1700 1285 ).
1732 1215 1800 1290 Et
1827 1224 1902 1282 tu,

321 1285 548 1347 Domine
573 1331 587 1352 ,
640 1285 952 1358 usquequo?
1001 1285 1323 1342 Convertere
1360 1295 1427 1358 et
1468 1285 1626 1358 eripe
1671 1286 1903 1342 animam

321 1375 521 1423 meam.
561 1354 761 1414 salvum
801 1354 887 1413 me
930 1358 1010 1412 fac
1046 1367 1259 1426 propter
1301 1354 1718 1426 misericordiam
1760 1365 1903 1411 tuam

353 1429 493 1485 Ptol.
521 1445 593 1496 Vl,
616 1431 694 1497 5).
718 1430 967 1484 Miserere
999 1426 1106 1482 fili'o
1136 1436 1245 1497 tuo,
1268 1442 1425 1496 quem
1454 1425 1640 1497 dolore
1660 1441 1767 1481 non
1789 1441 1903 1480 mo-

359 1500 444 1557 ico
488 1501 777 1569 peperisti:
808 1506 862 1553 et
902 1498 1009 1554 noli
1051 1496 1325 1569 attendere
1364 1496 1560 1550 malum
1605 1511 1805 1569 meum,
1846 1505 1904 1550 ut

319 1566 653 1627 obliviscaris
694 1570 892 1625 bonum
938 1577 1105 1623 tuum.
1129 1567 1262 1635 Quis
1299 1575 1383 1620 est
1421 1574 1589 1634 pater,
1615 1566 1706 1633 qui
1739 1567 1899 1620 tilium

319 1656 428 1695 non
472 1640 695 1696 liberet?
720 1642 823 1694 Ant
850 1638 969 1707 quis
999 1638 1166 1702 ﬁlius,
1197 1651 1353 1707 quem
1367 1644 1532 1707 pater
1560 1635 1769 1707 pietatis
1812 1636 1903 1691 ba-

319 1712 441 1767 culo
470 1726 575 1765 non
604 1706 894 1779 corripiat?
920 1709 1080 1778 Ergo,
1104 1706 1262 1761 Pater
1286 1714 1341 1760 et
1365 1706 1607 1779 Domine,
1631 1706 1753 1761 licet
1769 1722 1901 1779 pec-

318 1790 468 1836 cator
496 1782 617 1844 sim,
657 1775 764 1836 non
806 1775 1020 1849 possum
1050 1793 1166 1849 non
1207 1791 1327 1833 esse
1356 1775 1496 1849 filius
1526 1784 1665 1849 tuus.
1693 1776 1814 1846 quia
1846 1785 1901 1831 tu

317 1866 407 1910 me
448 1851 615 1906 fecisti
644 1860 699 1906 et
726 1846 978 1905 refecisti.
1007 1848 1156 1904 Sicut
1188 1847 1421 1917 peccavi,
1458 1846 1682 1917 emenda
1713 1862 1818 1917 me,
1848 1855 1902 1902 et

317 1921 467 1991 prius
482 1921 689 1991 flagello
703 1936 791 1975 me
807 1918 1145 1974 emendatum
1174 1917 1321 1991 trade
1345 1931 1432 1972 me
1450 1916 1586 1971 Filio
1608 1926 1716 1991 tuo.
1739 1916 1902 1991 Num-

317 1986 447 2061 quid
491 1986 956 2061 obliviscigpotest
992 1996 1162 2061 mater
1190 1986 1460 2061 infantem
1508 1987 1643 2061 uteri
1670 1987 1800 2061 sui?
1837 1987 1902 2043 Et

318 2055 466 2117 certe
493 2063 536 2116 si
566 2062 650 2116 illa
680 2055 843 2115 oblita
875 2058 1052 2125 fuerit,
1087 2066 1162 2123 tu,
1190 2057 1367 2123 Pater,
1394 2055 1684 2126 promisisti
1716 2066 1766 2111 te
1795 2072 1901 2112 non

317 2131 558 2186 oblivisci
589 2130 738 2202 (fsai.
770 2145 911 2202 κως,
948 2126 1053 2199 15).
1082 2127 1221 2183 Ecce
1248 2128 1443 2202 clamo,
1471 2136 1526 2182 et
1551 2141 1668 2202 usti
1682 2127 1901 2202 exaudis

317 2218 442 2266 me;
467 2195 653 2257 dolore
672 2201 904 2265 crucior,
926 2208 980 2254 et
999 2195 1106 2253 non
1125 2198 1419 2253 consolaris
1443 2212 1549 2251 me.
1572 2195 1708 2265 Quid
1729 2196 1902 2252 dicam

317 2272 404 2327 vel
450 2272 575 2342 quid
624 2272 811 2329 faciam
855 2268 1227 2342 miserrimus?
1265 2267 1378 2342 Ego
1429 2276 1573 2322 tanto
1620 2266 1902 2342 destitutus

317 2336 529 2408 solatio,
554 2341 820 2413 projectus
844 2355 962 2413 sum
982 2355 1011 2393 a
1033 2337 1168 2394 facie
1188 2337 1463 2413 oculorum
1490 2346 1699 2392 tuorum
1724 2336 1896 2413 (Paul.

317 2408 597 2485 “$25),
612 2408 727 2467 Heu
744 2413 862 2485 mei
886 2410 952 2485 de
976 2417 1171 2481 quanto
1196 2409 1335 2464 bono
1352 2408 1403 2485 in
1427 2417 1681 2485 quantum
1700 2408 1900 2485 malum

318 2476 687 2551 cecidil'Quo
742 2476 1043 2551 tendebam,
1088 2487 1142 2534 et
1184 2494 1289 2551 quo
1331 2476 1569 2551 deveni?
1612 2476 1712 2551 Ubi
1758 2493 1897 2551 sum,

319 2564 376 2609 et
404 2554 491 2610 ubi
523 2547 628 2609 nou
656 2547 810 2608 sum?
831 2551 909 2606 Ad
936 2565 1093 2620 quem
1114 2547 1365 2618 aspiravi,
1392 2555 1447 2620 et
1469 2562 1609 2620 nunc
1628 2547 1686 2620 i_n
1709 2549 1901 2620 quibus

316 2626 565 2696 suspiro?
605 2622 840 2696 Quaasivi
887 2617 1047 2684 bona,
1080 2629 1134 2675 et
1175 2617 1301 2674 ecce
1333 2617 1597 2696 _t_urbatio.
1627 2617 1764 2696 Ecce
1786 2617 1897 2688 jam

317 2687 541 2758 morior.
565 2687 797 2750 et'Jesus
827 2707 931 2746 non
967 2699 1049 2746 est
1077 2705 1306 2744 mecum.
1331 2688 1398 2742 Et
1426 2697 1573 2742 certe
1600 2687 1799 2742 melius
1819 2696 1902 2742 est

317 2767 447 2821 mihi
480 2780 583 2820 non
613 2779 753 2827 esse,
786 2778 941 2831 quam
970 2762 1085 2815 sine
1110 2759 1238 2816 Jesu
1265 2773 1417 2825 esse;
1446 2758 1636 2813 melius
1672 2764 1754 2813 est
1791 2773 1897 2812 non

317 2835 518 2902 vivere,
547 2850 704 2903 quam
730 2834 911 2903 vivere
935 2832 1052 2886 sine
1077 2832 1204 2903 vita.

388 2908 457 2961 Et
495 2896 578 2971 tu,"
610 2904 832 2959 Domine
873 2901 1019 2966 .lesu,
1052 2900 1170 2971 ubi
1199 2906 1323 2971 sunt
1362 2896 1745 2971 misericordia:
1795 2906 1899 2971 tua;

316 2966 745 3047 antiqute(Psat.
770 2986 1020 3031 Lxxxvm,
1049 2969 1177 3091 50)?
1203 2966 1464 3037 Numquid
1495 2968 1742 3022 irasceris
1767 2966 1899 3049 mihi

317 3048 372 3091 in
405 3047 562 3091 ﬁnem
592 3042 763 3091 (Pnal.
792 3056 1011 3091 LXXXIV.
1040 3039 1104 3091 6)
1165 3038 1411 3091 Placare.
1443 3037 1684 3091 obsecro.
1718 3044 1772 3090 et
1801 3052 1899 3091 mt-

317 3048 372 3103 in
405 3037 562 3102 [luem
584 3037 763 3115 ’(Ρεαι.
791 3056 1011 3105 Lxxxtv,
1040 3037 1140 3109 6)?
1158 3038 1411 3115 Placare,
1443 3037 1684 3100 obsecro,
1718 3037 1902 3115 etﬁmi-

319 3133 499 3173 serere
526 3103 651 3179 mei,
680 3124 734 3168 et
761 3129 867 3168 non
905 3103 1114 3165 avertas
1155 3107 1340 3179 faciem
1385 3115 1527 3161 tuam
1551 3103 1897 3179 a_m_e_(Psat.

319 3204 470 3253 xxvi,
496 3187 573 3256 9),
602 3174 690 3256 qui
718 3200 811 3253 pro
838 3196 923 3256 m_e
952 3177 1262 3235 redimendo
1291 3191 1404 3256 non
1430 3176 1669 3256 avertisti
1697 3174 1899 3256 lf_a_ci9m

320 3244 469 3313 tuam'
492 3244 978 3324 ab'iricre'pantibns
1003 3258 1058 3305 et
1078 3247 1490 3324 conspuentibus
1517 3246 1571 3300 in
1594 3253 1665 3301 te.
1691 3244 1775 3324 (b)_
1790 3245 1896 3301 Fa-

318 3336 437 3383 teor
464 3328 585 3398 quia
613 3314 847 3398 peccavi,
878 3332 932 3378 et
958 3314 1282 3398 conscientia
1314 3332 1442 3398 mea
1485 3314 1719 3398 meretur
1742 3314 1897 3371 dam-

319 3385 685 3462 natioriemfet
705 3385 1010 3465 paenitentia
1034 3406 1138 3465 non
1159 3388 1353 3465 sufﬁcit
1366 3387 1439 3465 ad_
1448 3385 1862 3465 satisfactionem
1879 3403 1897 3443 :

318 3469 414 3523 sed
462 3457 720 3524 creditnni
763 3475 847 3522 est
884 3465 900 3494 ³
942 3461 1085 3528 quod
1134 3457 1494 3516 misericordia
1548 3466 1638 3513 tua
1685 3465 1903 3528 superat

318 3479 414 3523 sed
462 3479 720 3524 creditum
763 3479 847 3522 est
884 3479 900 3494 ³
981 3479 1085 3517 uoa
1134 3479 1494 3516 mtsertcoruta
1550 3479 1638 3513 tua
1685 3479 1895 3528 superat

318 3555 532 3613 omnem
574 3479 1108 3613 offensionequoli,
1145 3544 1346 3613 quaeso,
1388 3528 1625 3613 piissime
1648 3528 1895 3613 Domine,

319 3609 556 3664 scribere
585 3608 865 3662 adversum
896 3619 982 3657 me
1010 3596 1408 3665 amaritudines
1421 3612 1568 3655 meas
1595 3596 1755 3666 (Job.
1782 3614 1897 3666 xm,

320 3679 437 3749 26),
466 3680 713 3751 utintres
742 3678 792 3751 i_n
819 3673 1077 3751 judicium
1102 3687 1222 3751 cum
1250 3685 1405 3751 servo
1429 3678 1519 3724 tuo
1539 3667 1715 3751 (Prol.
1736 3683 1897 3751 cunt,

319 3740 418 3819 2)}
447 3750 539 3804 sed
571 3740 860 3819 secundum
906 3742 1309 3819 multitudinem
1335 3740 1736 3819 miseratioan
1780 3747 1899 3819 tua-3

322 3807 441 3875 rum
479 3819 600 3875 dele
642 3817 970 3887 iniquitatem
1011 3827 1181 3887 meam
1203 3811 1241 3887 _(
1264 3810 1412 3866 Psat.
1441 3827 1491 3877 ι,
1513 3810 1623 3887 _5_).
1650 3807 1746 3887 Yae
1769 3807 1902 3887 mihi

321 3891 520 3945 misero
546 3905 666 3944 cum
690 3876 896 3943 venerit
920 3884 1033 3940 dies
1054 3876 1255 3951 judicii,
1280 3890 1335 3936 et
1358 3876 1531 3951 aperti
1559 3876 1755 3951 fuerint
1778 3876 1902 3933 libri

323 3961 768 4027 conscientiarum
796 3974 809 4021 ;
852 3970 973 4011 cum
1012 3947 1216 4009 dicetur
1243 3952 1315 4027 de
1337 3947 1459 4027 me,
1494 3950 1633 4027 Ecce
1660 3947 1822 4001 homo
1848 3954 1904 4002 et

323 4019 484 4099 opera
513 4031 646 4098 ejus.
676 4019 814 4095 Quid
860 4026 1047 4099 faciam
1097 4034 1239 4099 tunc,
1282 4021 1505 4074 Domine
1546 4019 1686 4099 Deus
1727 4031 1898 4083 meus,

324 4087 445 4155 cum
474 4087 597 4156 eoéli
622 4087 932 4154 re'v'elabunt
959 4094 1288 4163 iniquitatem
1319 4097 1594 4163 meam,_et
1618 4087 1904 4143 adversum

322 4186 412 4225 me
452 4178 590 4225 terra
629 4164 946 4235 consurget?
977 4157 1276 4235 Ec'ccnihil
1314 4157 1641 4228 respondere
1678 4165 1901 4235 potero;

324 4241 418 4296 sed
438 4239 668 4294 demisso
684 4227 855 4306 capite
878 4249 986 4306 prae
1009 4230 1318 4306 confusione
1342 4227 1523 4306 coram
1548 4227 1774 4306 te_s_tab_o
1801 4236 1908 4306 tre:

324 4311 480 4380 pidus
517 4319 571 4363 et
609 4296 892 4380 contrusus:
916 4304 1157 4380 ileu‘me
1199 4300 1485 4380 miserum!
1527 4298 1653 4380 quid
1694 4296 1907 4353 dicam?

323 4370 576 4435 Clamabo
600 4379 664 4434 ad
693 4389 762 4442 te,
789 4374 1010 4430 Domine
1030 4373 1169 4428 Deus
1189 4385 1359 4442 meus.
1383 4370 1556 4438 Quare
1578 4378 1909 4442 tacenscon—

323 4451 540 4508 sumor?
570 4439 948 4520 Verumtamen
978 4443 1022 4499 si
1053 4443 1258 4497 locutus
1292 4441 1460 4520 fuero,
1490 4454 1596 4495 non
1622 4439 1909 4520 requiescit

325 4522 478 4577 dolor
520 4538 670 4577 meus
697 4539 710 4574 ε
738 4528 792 4574 et
838 4517 882 4570 si
926 4525 1158 4576 tacuero,
1196 4511 1528 4567 amarissima
1555 4508 1909 4564 amaritudine

326 4592 537 4646 crucior
586 4591 827 4646 interius.
871 4586 1087 4655 Plange,
1137 4584 1516 4655 animamea,
1569 4580 1707 4635 sicut
1753 4579 1910 4655 vidua

327 4676 489 4728 super
513 4662 681 4715 virum
726 4650 1029 4729 pubertatis
1064 4650 1208 4709 tute:
1243 4653 1405 4718 ulula,
1447 4651 1664 4729 misera,
1700 4650 1911 4729 etnploc

328 4719 427 4794 ra';
455 4730 703 4799 quoniam
728 4719 945 4782 'dimisit
988 4737 1040 4780 te
1082 4739 1310 4794 sponsus
1351 4732 1493 4791 tuus,
1531 4721 1583 4776 id
1622 4730 1724 4788 est,
1756 4719 1913 4775 Chri-

325 4809 461 4855 stus.

408 4870 476 4942 (c)
517 4865 603 4923 Ira
642 4864 1052 4942 omnipotentis,
1097 4880 1165 4919 ne
1202 4864 1388 4942 irruas
1438 4877 1616 4942 super.
1641 4877 1747 4926 me,
1790 4861 1914 4931 quia

328 4932 600 5003 nunquam
630 4937 746 5003 capi
776 4932 959 5003 posses
984 4934 1037 4987 in
1064 4949 1169 5003 me.
1197 4933 1355 4987 Certe
1376 4946 1480 4985 non
1496 4932 1656 5003 estin
1674 4941 1786 4985 toto
1804 4946 1909 5003 me,

329 4999 474 5083 quod
502 5017 681 5083 posset
699 4999 936 5083 'tol'erare
964 5012 1032 5083 te.
1064 5002 1330 5083 Miserere,
1379 5016 1448 5055 ne
1474 5002 1771 5083 desperem,
1820 4999 1915 5053 sed

331 5069 597 5153 sperando
628 5077 908 5145 respirem.
958 5071 1035 5144 (ιι)
1066 5072 1132 5125 Et
1174 5071 1240 5150 si.
1262 5084 1361 5153 ego
1388 5070 1631 5153 commisi
1664 5069 1801 5123 unde
1815 5083 1915 5153 _me

332 5139 587 5207 damnare
630 5139 803 5219 potes,
851 5154 906 5197 tu
944 5139 1048 5219 non
1092 5140 1313 5195 amisisti
1345 5139 1484 5193 unde
1510 5139 1911 5219 salvare_soles.

331 5223 433 5287 Tu,
484 5207 727 5283 Domine,
778 5207 883 5271 non
927 5215 1272 5287 visimortem
1322 5217 1657 5287 peccatorum
1701 5207 1911 5287 (Ezech.

332 5278 518 5358 nam,
546 5292 657 5362 il),
670 5278 780 5362 nec
804 5286 1000 5341 laetaris
1018 5286 1068 5338 in
1088 5278 1382 5352 perditione
1401 5280 1751 5362 morientium
1772 5296 1785 5331 :
1810 5278 1915 5331 itno

335 5372 393 5418 ut
411 5363 603 5418 mortui
618 5358 891 5423 viverent,
915 5365 971 5411 tu
998 5363 1237 5409 mortuus
1262 5366 1340 5417 es,
1362 5359 1417 5405 et
1441 5363 1586 5404 mors
1615 5358 1700 5402 tua
1732 5361 1917 5418 pecca-

400 5539 417 5599 t
447 5534 572 5599 apud
598 5531 887 5599 Anseimum,
912 5536 1091 5599 certum
1108 5533 1194 5579 est.

421 5592 568 5649 al'Ex
594 5593 803 5643 Anselm.
822 5599 950 5641 Orat.
969 5592 1015 5638 4.

424 5652 474 5708 ω
508 5655 718 5706 Anselm.
742 5654 902 5701 Medit.
922 5652 970 5701 5.

424 5713 472 5777 ε)
505 5725 569 5766 Ex
590 5717 805 5777 ejusdem
827 5714 946 5777 Med.
972 5713 1019 5777 2_.

458 5775 479 5847 )
514 5788 577 5830 Ex
607 5775 824 5841 ejusdem
842 5775 961 5823 Med.
990 5775 1037 5822 ’5.

659 5863 882 5925 SANCT.
913 5862 1190 5921 AUGUST.
1230 5856 1334 5919 VI.

1568 326 1775 383 LIBER
1814 325 2353 386 MEDITATIONUM.

3492 340 3598 396 938

2020 452 2191 498 torum
2210 452 2436 517 mortem
2456 446 2668 517 occidit.
2713 446 2781 501 Et
2818 446 2864 503 si
2902 446 3002 517 ipsi
3042 456 3094 503 te
3133 452 3396 508 moriente
3438 454 3596 514 vixe—

2017 523 2159 595 runt,
2188 514 2431 579 obsecro,
2456 516 2697 595 Domine,
2718 525 2779 595 _ut
2804 514 2979 595 egoje
3003 518 3214 576 vivente
3229 538 3343 595 _non
3373 526 3592 581 moriar.

2015 584 2162 666 Mitte
2188 600 2399 640 manum
2427 595 2567 640 tuam
2593 586 2659 642 de
2685 587 2811 653 alto,
2838 584 2892 643 et
2911 589 3072 666 libera
3099 605 3186 645 me
3212 591 3279 666 de
3302 608 3463 649 manu
3492 596 3598 652 ini-

2017 659 2272 736 micorum
2300 671 2539 710 meorum
2560 674 2664 736 ειπερ
2692 659 3117 736 supergaudeaiit
3154 662 3284 736 mihi
3316 672 3371 718 et
3394 664 3591 733 dicant,

2018 724 2397 804 Devoravimus
2423 742 2543 781 eum
2575 724 2773 804 (P_sal._'
2795 724 3134 804 xxva‘SS).
3176 732 3307 804 Quis
3336 724 3590 804 unquam;

2013 794 2153 871 bone
2179 795 2327 871 Jesu.
2357 796 2423 850 de
2453 809 2535 850 tua
2575 794 2937 871 misericordia
2968 794 3317 871 dil'tidat‘iqui
3342 794 3462 859 cum
3490 794 3595 861 ini;

2015 866 2137 920 mici
2166 866 2539 942 tu_i__essemus,_
2559 868 2831 942 redemisti
2862 885 2960 926 nos
2988 871 3042 924 in
3083 866 3338 942 sanguine
3386 884 3496 940 tuo,
3540 887 3595 932 et

2014 937 2370 1010 reconciliasti
2394 952 2492 1010 nos
2520 939 2626 992 Deo
2651 938 2824 1008 (Rom.
2856 957 2911 1007 v,
2949 941 3057 1010 10).
3084 937 3221 998 Ecce
3251 945 3350 1000 sub
3377 937 3597 1002 tutemi-

2012 1006 2527 1087 sericordiasumbra
2559 1006 2827 1087 protectus
2865 1011 2933 1065 ad
2978 1006 3225 1087 thronum
3268 1016 3452 1087 gloria:
3500 1033 3594 1071 ve-

2012 1078 2153 1157 niam
2176 1078 2445 1158 postulans
2462 1094 2638 1158 curro,
2666 1080 2903 1158 ciamans
2926 1091 2980 1136 et
3009 1083 3225 1150 pulsans
3251 1078 3420 1140 donec
3441 1088 3596 1143 mise-

2012 1147 2179 1200 rearis
2202 1147 2352 1200 ntihi.
2385 1147 2440 1203 Si
2480 1149 2620 1204 enim
2651 1149 2717 1204 ad
2752 1152 2956 1205 veniam
2986 1147 3085 1206 nos
3114 1155 3333 1220 vocasti,
3383 1158 3591 1211 veniam

2013 1231 2115 1271 non
2141 1226 2467 1294 quaerentes;
2497 1228 2695 1289 quanto
2737 1222 2905 1292 magis
2945 1222 3151 1277 veniam
3192 1224 3592 1294 impetrabimus

2011 1287 2372 1354 postulantes?

2082 1355 2156 1425 (a)
2196 1358 2274 1412 Ne
2318 1360 2644 1424 memineris,
2692 1360 2997 1434 dulcissime
3037 1362 3184 1429 Jesu,
3232 1372 3335 1418 tua:
3372 1367 3592 1434 justitiam,

2008 1426 2265 1507 adversus
2290 1439 2624 1507 peccatorem
2647 1439 2828 1497 tuum;
2859 1432 2952 1487 sed
2976 1443 3091 1488 esto
3120 1426 3329 1507 memor
3352 1426 3592 1506 benigni-

2008 1498 2132 1577 tatis
2162 1507 2263 1577 tua:
2306 1498 2562 1555 adversus
2608 1509 2910 1577 creaturam
2957 1512 3118 1557 tuam.
3166 1504 3240 1577 Ne
3281 1498 3591 1577 meminEris

2009 1568 2102 1619 ira:
2128 1568 2388 1623 adversus
2418 1585 2595 1634 reum;
2628 1571 2718 1625 sed
2748 1586 2954 1627 memor
2978 1582 3093 1628 esto
3110 1575 3467 1631 miserationis
3486 1587 3590 1632 tua:

2007 1636 2265 1722 adversus
2290 1639 2565 1722 miserum.
2598 1641 2677 1722 (b)
2708 1640 3034 1722 Obliviscere
3060 1645 3345 1722 superbum
3367 1662 3588 1722 provo-

2007 1716 2239 1782 euntem,
2273 1717 2324 1763 et
2360 1715 2574 1782 respice
2603 1715 2855 1766 miserum
2899 1715 3250 1768 inuocantem.
3279 1716 3417 1782 Quid
3446 1719 3589 1772 enim

2007 1786 2088 1833 est
2110 1777 2287 1860 Jesus,
2319 1779 2424 1860 nisi
2446 1780 2715 1860 Salvator?
2741 1782 2900 1860 Ergo,
2949 1783 3095 1860 Jesu,
3132 1800 3225 1860 per
3253 1777 3589 1860 temetipsum

2006 1862 2234 1922 exsurge
2265 1849 2315 1902 in
2342 1848 2671 1922 adjutorium
2692 1848 2855 1908 mihi:
2879 1861 2933 1906 et
2969 1852 3055 1908 dic
3083 1848 3274 1908 animae
3302 1848 3458 1922 mete;
3489 1858 3589 1912 Sa-

2006 1916 2090 1994 l_us
2120 1916 2336 1994 tuaego
2373 1933 2489 1973 sum
2518 1919 2688 1990 (Prol.
2720 1936 2911 1986 xxxxv,
2952 1922 3031 1994 ὃ).
3064 1923 3303 1990 Multum,
3343 1916 3587 1994 Domine,

2005 1987 2072 2042 de
2100 1996 2186 2043 tua
2213 1987 2450 2045 bonitate
2484 1987 2784 2066 praesumo,
2798 1987 3050 2066 quoniam
3079 1994 3271 2066 tumipse
3290 1987 3461 2052 doces
3500 1987 3591 2066 pe;

2006 2065 2141 2135 tere,
2171 2074 2411 2135 maerere
2439 2068 2492 2135 et
2523 2060 2731 2135 pulsare
2765 2060 2975 2131 (Matth.
3006 2079 3101 2127 vn,
3137 2060 3225 2135 7):
3262 2074 3314 2118 et
3349 2066 3471 2120 ideo
3498 2060 3588 2123 ina

2005 2130 2249 2204 oratione
2277 2129 2579 2204 admonitus
2611 2131 2682 2203 (ε)
2712 2129 2855 2204 peto,
2887 2148 3069 2201 quaero
3093 2143 3146 2187 et
3170 2129 3365 2202 'pulso.
3401 2136 3467 2190 Et
3507 2146 3587 2204 tu,

2004 2198 2249 2280 Domine,
2278 2200 2375 2280 qui
2386 2199 2541 2280 jubes
2558 2198 2759 2280 petere,
2792 2200 2874 2257 fac
2898 2198 3166 2280 accipere;
3186 2198 3420 2280 consulis
3435 2198 3586 2280 quae;

2005 2283 2149 2344 rere,
2176 2270 2243 2323 da
2271 2278 2325 2323 et
2364 2270 2631 2344 invenire;
2663 2272 2823 2327 doces
2867 2270 3096 2341 pulsare,
3148 2275 3293 2344 aperi
3336 2270 3584 2344 pulsanti.

2005 2338 2270 2393 Confirma
2297 2354 2382 2393 me
2409 2340 2698 2406 infirmum,
2728 2338 2964 2396 resta'ura
2983 2358 3069 2398 me
3092 2338 3369 2410 perditum,
3393 2346 3589 2401 suscita

2006 2423 2091 2461 me
2132 2418 2435 2483 mortuum:
2472 2419 2526 2462 et
2568 2425 2754 2483 omnes
2796 2426 2984 2466 sensus
3028 2428 3195 2483 mens,
3238 2415 3495 2483 cogitatus
3534 2424 3590 2471 et

2003 2486 2153 2532 actus
2181 2478 2412 2553 dirigere
2453 2487 2508 2533 et
2549 2480 2845 2553 gubernare
2884 2482 3117 2553 digneris
3161 2482 3215 2536 in
3254 2478 3589 2553 haneplacito

2007 2556 2116 2623 tuo,
2149 2558 2205 2601 ut
2233 2549 2301 2623 de
2329 2558 2522 2623 caetero
2551 2549 2643 2623 tibi
2668 2550 2920 2623 serviam,
2947 2549 3037 2604 tibi
3052 2552 3251 2623 _vivam,
3285 2549 3484 2623 tibique
3499 2571 3586 2611 me

2005 2620 2228 2692 tradam.
2260 2617 2412 2692 Scio,
2436 2619 2659 2692 Domine
2682 2622 2775 2684 mi,
2804 2622 2925 2689 quia
2956 2638 3017 2676 ex
3051 2621 3150 2676 hoc
3175 2624 3313 2692 quod
3345 2617 3428 2679 me
3454 2624 3587 2681 feci-

2004 2688 2094 2752 sti,
2125 2687 2295 2764 debeo
2325 2688 2416 2764 t_ibi
2445 2689 2749 2764 meipsum;
2774 2687 2834 2744 et
2848 2692 2970 2764 quia
2989 2687 3390 2764 incred—emisti,
3420 2703 3588 2764 etpro

2003 2772 2091 2830 me
2128 2757 2290 2812 homo
2322 2757 2492 2813 factus
2516 2757 2595 2823 es,
2628 2757 2882 2816 deberem
2909 2761 3001 2815 tibi
3046 2762 3163 2829 plus
3200 2778 3357 2830 quam
3398 2757 3507 2829 me;
3540 2766 3586 2819 si

2003 2827 2277 2900 haberem,
2326 2837 2524 2898 quanto
2573 2839 2626 2883 tu
2676 2830 2845 2900 major
2891 2846 2971 2897 es,
3022 2827 3117 2899 pro
3165 2827 3274 2900 quo
3317 2827 3510 2889 dedisti
3537 2844 3589 2890 te

2003 2898 2195 2980 ipsum.
2229 2897 2367 2953 Ecce
2398 2900 2653 2980 .necrplus
2681 2897 2876 2980 habeo,
2909 2897 3199 2970 nec—quod
3231 2901 3420 2980 habeo,
3460 2904 3589 2980 dare

2004 2968 2099 3022 tibi
2123 2982 2337 3036 possum
2367 2968 2483 3023 sine
2515 2979 2597 3035 te;
2622 2970 2714 3024 sed
2734 2970 2918 3039 accipe
2943 2986 3028 3025 me
3054 2968 3129 3035 tu,
3158 2981 3214 3025 et
3236 2975 3386 3027 trahe
3410 2990 3496 3028 me
3520 2976 3588 3030 ad

2004 3043 2082 3100 te,
2119 3045 2175 3091 ut
2206 3046 2326 3091 tuus
2368 3039 2468 3091 sim
2510 3038 2803 3093 imitatione
2839 3038 2894 3094 et
2935 3040 3239 3104 dilectione,
3292 3043 3427 3099 sicut
3468 3056 3589 3101 tuus

2003 3107 2475 3179 summcpnditione,
2499 3109 2587 3179 qui
2622 3109 2756 3162 vivis
2781 3118 2836 3163 et
2863 3125 3054 3179 regnas
3079 3111 3130 3164 in
3156 3113 3370 3165 Str-cuia.

2075 3174 2299 3231 CAPUT
2338 3175 2448 3229 XL.
2492 3175 2600 3229 Deo
2641 3179 2809 3229 omnia
2845 3174 2949 3232 sua
2962 3180 3294 3233 commendat.
3322 3182 3446 3235 Orat
3468 3200 3588 3239 avo-

2003 3245 2272 3319 carivitia,
2303 3246 2753 3319 uirtutesfoncedt'.
2777 3247 2995 3302 Sancto:
3015 3250 3322 3319 interpellat.
3342 3251 3449 3305 Pro
3472 3256 3587 3307 uni-

2002 3317 2157 3389 versis
2174 3316 2477 3389 supplicat._
2500 3314 2723 3370 Rursum
2742 3333 2835 3388 pro
2853 3335 2907 3373 se
2931 3314 3154 3389 aliisque
3184 3331 3435 3389 precatur.
3477 3324 3584 3377 Do-

2005 3387 2151 3442 mine
2173 3386 2313 3462 Deus
2336 3386 2692 3462 omnipotens,
2733 3386 2825 3457 qui
2861 3404 2919 3443 cs
2945 3386 3116 3445 trinus
3143 3386 3197 3446 et
3226 3407 3382 3459 unus,
3410 3395 3498 3462 qui
3526 3410 3586 3450 es

2004 3471 2221 3527 semper
2249 3459 2300 3510 in
2330 3457 2598 3521 omnibus,
2624 3467 2679 3513 et
2704 3472 2824 3513 eras
2849 3466 2974 3514 ante
3005 3463 3204 3527 omnia,
3233 3473 3287 3516 et
3307 3457 3414 3517 eris
3429 3457 3588 3519 'sem-

2005 3542 2104 3597 per
2146 3528 2198 3582 in
2249 3527 2497 3583 omnibus
2538 3528 2677 3583 Deus
2731 3527 3047 3585 benedictus
3092 3536 3144 3584 in
3198 3535 3393 3587 sarcula
3435 3552 3445 3587 :
3492 3536 3585 3591 tibi

2004 3598 2320 3654 commendo
2370 3598 2528 3672 hodie
2567 3607 2621 3654 et
2649 3599 2797 3672 omni
2838 3608 3076 3669 tempore
3115 3603 3346 3657 animam
3388 3620 3582 3672 meam,

2005 3683 2202 3737 corpus
2226 3684 2424 3734 meum,
2456 3668 2646 3735 visum,
2676 3668 3205 3739 auditum,’gustum,
3236 3668 3588 3731 odoratumet

2007 3746 2224 3821 tactum,
2254 3753 2442 3819 omnes
2476 3739 2823 3817 cogitationes
2853 3754 3026 3819 meas,
3052 3740 3404 3821 .afilictiones,
3436 3744 3584 3798 locu-

2005 3809 2197 3870 tiones,
2216 3809 2474 3873 actiones,
2497 3809 2673 3861 omnia
2699 3809 2960 3862 exteriora
2977 3818 3031 3862 et
3052 3809 3344 3875 interiora”
3370 3827 3587 3868 sensum

2006 3886 2063 3932 et
2076 3877 2419 3939 intellectum,
2440 3876 2749 3930 memoriam
2766 3892 2961 3944 meam,
2981 3877 3137 3932 fidem
3153 3888 3205 3932 et
3220 3880 3587 3938 credulitatem

2006 3960 2201 4009 meam,
2237 3953 2291 4000 et
2326 3947 2773 4019 perseverantiam
2808 3962 3004 4012 meam,
3047 3948 3316 4019 inmanus
3337 3954 3588 4019 potentia:

2009 4025 2145 4081 tuae;
2174 4024 2237 4098 ut_
2248 4015 2527 4098 custodias
2550 4030 2645 4071 eas
2671 4015 2860 4072 diebus
2879 4026 2934 4073 et
2962 4018 3226 4084 noctibus,
3254 4015 3401 4077 horis
3424 4031 3587 4093 atque

2008 4095 2311 4142 momentis.

2080 4155 2284 4212 Exaudi
2322 4171 2429 4221 me,
2479 4156 2711 4212 Trinitas
2750 4164 2955 4224 sancta,
3000 4165 3055 4211 et
3100 4173 3358 4215 conserva
3403 4177 3490 4217 me
3520 4163 3589 4219 ab

2009 4227 2154 4283 omni
2180 4227 2340 4295 malo,
2380 4226 2449 4283 ab
2485 4228 2631 4282 omni
2669 4226 2939 4292 seandalo,
2982 4235 3037 4283 et
3074 4228 3142 4283 ab
3181 4232 3328 4287 omni
3375 4234 3588 4289 mortali

2010 4307 2249 4368 peccato,
2278 4298 2347 4352 ab
2364 4297 2610 4353 omnibus
2635 4297 2844 4353 insidiis
2865 4306 2919 4352 et
2940 4297 3364 4357 infestationibus
3389 4302 3591 4359 daemo-

2012 4384 2158 4443 num,
2191 4378 2244 4422 et
2281 4368 2617 4443 inimicorum
2655 4368 2940 4424 visibilium
2964 4370 3038 4423 ‘et
3074 4369 3440 4443 invisibilium,
3494 4391 3589 4443 per

2011 4439 2280 4511 orationes
2321 4438 2765 4511 Patriarcharum,
2813 4454 2909 4508 per
2956 4438 3143 4493 merita
3180 4438 3586 4511 Prophetarum,

2011 4525 2108 4579 per
2151 4507 2397 4584 suffragia
2429 4507 2826 4584 Aposiolorum,
2874 4522 2966 4576 per
3004 4507 3354 4584 constantiam
3389 4507 3590 4584 many;

2013 4578 2152 4643 rum,
2179 4595 2271 4655 per
2291 4579 2446 4633 ﬁdem
2464 4578 2968 4655 confessorum,_per
2986 4578 3284 4634 castitatem
3306 4578 3587 4655 virginum.
3600 4590 3649 4655 μ

2016 4660 2069 4704 et
2105 4666 2197 4719 per
2245 4649 2677 4719 intercessionem
2726 4647 2963 4719 omnmm
3004 4656 3309 4719 sanctorum
3356 4647 3445 4718 qui
3497 4653 3592 4708 tibi

2017 4715 2328 4789 placuerunt
2356 4718 2425 4770 ab
2450 4717 2601 4770 initio
2625 4715 2829 4789 mundi.
2862 4715 3080 4784 Expelle
3106 4731 3145 4789 a_
3158 4733 3256 4789 me
3278 4715 3589 4789 jactantiam

2018 4785 2230 4852 inentis,
2261 4796 2317 4842 et
2344 4802 2475 4856 auge
2511 4786 2972 4855 compunctionem
3011 4785 3226 4856 cordis;
3279 4785 3458 4844 minue
3500 4806 3594 4847 su-

2021 4861 2265 4940 perbiam
2284 4854 2487 4943 meam,
2510 4865 2566 4943 et
2590 4854 2785 4943 periise
2809 4858 2861 4910 in
2889 4869 2979 4943 me
3009 4854 3358 4934 humilitatem
3388 4854 3613 4943 v_eram,(

2020 4926 2215 4986 suscita
2255 4929 2307 4981 in
2342 4943 2427 4981 me
2457 4927 2658 4989 fletum,
2687 4926 2762 4996 (ά)
2795 4926 3044 4980 mollifica
3073 4941 3167 4981 cor
3197 4929 3374 4982 meum
3402 4926 3611 4995 durum:

2020 5012 2073 5054 et
2114 4999 2397 5067 lapideum.
2430 4996 2619 5051 Libera
2650 5012 2753 5059 me,
2785 4996 3027 5059 Domine,
3066 5005 3118 5050 et
3146 4997 3377 5052 animam
3421 5016 3593 5056 meam

2021 5072 2086 5123 ah
2114 5069 2358 5122 omnibus
2407 5067 2612 5120 insidiis
2662 5067 2882 5132 inimici,
2922 5075 2977 5120 et
3018 5080 3270 5121 conserva
3304 5084 3390 5121 me
3416 5070 3468 5122 in
3510 5080 3597 5125 tua

2026 5140 2311 5194 voluntate.
2346 5138 2482 5192 Doce
2510 5151 2618 5202 me,
2653 5136 2894 5199 Domine,
2924 5137 3251 5191 voluntatem
3284 5150 3423 5192 tuam
3457 5139 3599 5194 face-

2023 5226 2100 5271 re,
2130 5210 2248 5275 quia
2282 5210 2420 5261 Dens
2447 5222 2598 5261 meus
2626 5221 2684 5260 es
2711 5215 2764 5260 tu
2806 5205 2975 5279 (θεαί.
3034 5222 3193 5279 CXLII,
3250 5207 3358 5277 10).
3404 5210 3472 5279 (e)
3526 5211 3597 5266 Da

2024 5280 2173 5341 mihi,
2207 5279 2449 5339 Domine,
2498 5293 2710 5331 sensum
2744 5276 3031 5345 perfectum
3065 5286 3119 5331 et
3165 5276 3511 5345 intellectum,
3543 5290 3601 5334 ut

2022 5351 2293 5420 suscipere
2318 5348 2519 5404 valeam
2551 5345 2862 5417 profundam
2882 5346 3257 5417 benignitatem
3288 5358 3448 5403 tuam.
3466 5348 3601 5407 lllud

2194 5588 2297 5629 tam
2321 5592 2383 5633 ex
2408 5577 2507 5628 ﬁne
2527 5577 2650 5626 Med.
2676 5576 2721 5626 2.

2109 5520 2161 5569 al
2195 5517 2448 5569 Anselmus
2464 5518 2515 5566 in
2536 5514 2633 5565 ﬁne
2657 5515 2776 5566 Med.
2803 5515 2853 5564 3.

2109 5534 2137 5568 ο
2195 5520 2448 5569 Anselmus
2464 5520 2515 5566 in
2536 5520 2633 5565 ﬂne
2657 5520 2776 5566 Med.
2803 5520 2853 5564 3.

2112 5581 2139 5630 b
2194 5588 2297 5629 Jam
2321 5592 2383 5633 ex
2408 5577 2507 5628 ﬁne
2527 5577 2650 5626 Med.
2676 5576 2721 5626 2.

2113 5658 2137 5692 c
2195 5649 2257 5690 Ex
2297 5637 2544 5700 Anselmo,
2570 5639 2619 5687 in
2643 5637 2737 5686 fine
2758 5637 2919 5687 Medii.
2947 5636 3020 5684 11.

2200 5702 2301 5751 vid.
2322 5715 2483 5763 supra,
2499 5714 2550 5750 ca
2628 5702 2705 5749 ὢ.

2117 5706 2167 5827 ei
2201 5771 2269 5815 Ex
2291 5762 2506 5824 Alcuino,
2528 5714 2616 5812 lib.
2639 5762 2703 5812 de
2723 5765 3013 5811 Sacrament.

2200 5702 2301 5751 vid.
2322 5715 2483 5763 supra,
2499 5714 2604 5812 cap)~
2628 5702 2705 5749 ὢ.

2201 5771 2269 5812 Ex
2291 5762 2506 5812 Alcuino.
2528 5762 2562 5811 lt
2603 5796 2616 5810 .
2639 5762 2703 5812 de

2117 5706 2143 5753 t1
2200 5706 2301 5751 vid.
2322 5715 2483 5763 supra,
2499 5714 2550 5750 ca
2628 5706 2705 5749 ὢ.

2117 5706 2167 5829 ei
2201 5771 2269 5815 Ex
2291 5762 2506 5824 Alcuino,
2528 5714 2616 5812 lib.
2639 5762 2703 5812 de
2723 5765 3035 5817 saaament.,
3061 5771 3164 5821 cap.
3196 5761 3242 5810 1.

2977 5843 3287 5925 (Τνρηιε.)
