4094 6202
545 292 643 349 951
1992 290 2098 347 API

2206 288 2353 347 IDIX.
3740 293 3859 352 952

544 410 746 480 gratia,
778 408 919 480 quod
958 409 1044 463 hic
1084 407 1397 478 compendio
1444 409 1655 479 ponitur
1691 408 1743 463 in
1782 422 1899 477 cap.
1937 407 2011 461 4:
2045 406 2297 476 Repauset
2323 405 2375 458 in
2408 411 2455 457 te
2488 418 2577 457 ear
2612 417 2802 468 meum,
2830 408 2958 469 etc.,
2989 402 3299 474 explicatur
3325 403 3380 458 in
3405 404 3548 460 dicta
3570 408 3856 463 oratione

544 502 739 556 melius
768 511 821 557 et
841 501 1047 571 plenius
1066 501 1119 555 in
1145 501 1285 556 hunc
1305 502 1521 557 modum
1551 520 1563 555 :
1595 500 1845 571 Repauset
1866 500 1917 552 in
1944 507 1990 551 te
2025 514 2111 551 cor
2129 514 2310 562 meum,
2336 512 2423 550 cor
2449 512 2588 550 mare
2631 511 2871 565 magnum
2896 502 3091 550 tumens
3116 497 3355 567 ﬂuctibus
3379 501 3654 570 superbire.
3702 500 3855 565 Quia

554 593 824 665 (fortasse,
854 589 975 665 Qui)
1025 592 1283 661 imperasti
1310 594 1466 647 uentis
1492 604 1538 647 et
1564 593 1692 647 mari
1712 633 1727 658 ,
1764 593 1956 661 impera
1976 590 2019 643 ei
2050 598 2103 643 ut
2128 589 2400 659 tranquilla
2445 588 2571 657 [iant
2605 589 2774 643 omnia
2800 588 3043 643 interiora
3068 606 3199 655 mea,
3239 602 3484 660 quatenus
3525 594 3684 648 dulce
3710 612 3853 665 gau-

547 687 689 739 dium
715 701 877 737 meum
898 686 1036 755 quod
1055 687 1220 740 esurio
1248 697 1295 740 et
1320 687 1433 740 sitio
1450 728 1462 750 ,
1489 686 1797 756 contempler
1818 694 1865 738 te
1886 684 1996 738 sine
2018 683 2268 735 interioris
2294 681 2508 735 hominis
2530 683 2742 752 strepitu
2767 722 2782 743 ,
2811 683 2921 736 sine
2945 699 3213 737 causarum
3241 686 3614 741 mundanarum
3641 690 3854 743 trmml—

546 786 620 829 tu.
669 774 797 828 Ecce
834 776 1030 829 animus
1065 793 1202 830 meus
1225 819 1239 841 ,
1272 778 1468 831 animus
1494 778 1684 831 amicus
1712 792 1848 830 meus
1868 775 2111 846 fatigatus
2157 773 2360 827 veniens
2397 774 2459 826 de
2493 774 2572 826 via
2617 774 3002 844 cogitationum,
3036 786 3081 828 et
3108 776 3170 829 ab
3203 778 3346 847 ipsis,
3377 797 3502 848 (liras
3524 784 3846 847 transierat,

546 866 847 921 vanitatibus
878 884 966 935 per
988 869 1145 921 multa
1166 868 1369 933 divisus,
1400 868 1733 938 periculosam
1753 867 1967 921 esuriem
1998 865 2223 936 patitur:
2246 880 2345 917 non
2370 863 2524 917 habeo
2552 864 2685 933 quod
2711 882 2896 935 ponam
2921 874 3044 918 ante
3070 866 3252 931 illum;
3281 885 3474 937 panper
3512 889 3626 925 sum
3654 882 3707 926 et
3727 889 3850 943 ege-

543 974 660 1009 nus.
689 955 734 1009 0
774 956 908 1009 dives
930 957 1151 1023 omnium
1178 957 1440 1024 bonarum,
1467 965 1514 1011 et
1538 957 1727 1027 dapum
1752 971 1983 1026 superna:
2002 954 2242 1009 satietatis
2271 954 2892 1024 opulentissimelurgitor,
2921 963 3024 1009 etc.
3050 953 3286 1025 Itemque
3311 958 3375 1012 ad
3400 959 3529 1014 illud
3557 977 3683 1033 cap.
3723 962 3795 1017 12
3818 983 3833 1017 :

544 1049 709 1105 Sileat
745 1048 838 1102 sibi
868 1058 913 1101 et
942 1051 1053 1118 ipsa
1101 1048 1291 1114 anima,
1333 1060 1381 1102 et
1418 1057 1640 1103 transeat
1665 1065 1737 1114 se,
1787 1064 1887 1100 non
1915 1046 2181 1117 cogitando
2207 1062 2297 1110 se;
2334 1045 2411 1100 sic
2451 1045 2791 1114 prosequitur
2819 1045 2994 1116 aptius
3022 1047 3271 1118 praedicta
3303 1051 3472 1105 oratio
3502 1070 3515 1105 :
3550 1052 3652 1119 Tu,
3688 1053 3844 1109 Deus

546 1159 705 1205 meus,
744 1153 795 1196 tu
823 1144 947 1196 mihi
974 1144 1173 1212 loquere
1192 1144 1351 1207 solus,
1382 1160 1480 1198 non
1504 1128 1592 1213 per
1617 1159 1675 1197 ea
1694 1158 1809 1213 qua:
1836 1140 2018 1212 fecisti,
2049 1150 2103 1192 ut
2127 1140 2236 1194 sine
2261 1139 2372 1192 istis
2392 1138 2598 1192 audiam
2625 1148 2690 1204 te,
2719 1147 2823 1193 etc.
2855 1138 3027 1194 Habet
3053 1156 3176 1212 pars
3207 1142 3307 1197 ista
3338 1143 3593 1202 Manualis
3622 1148 3677 1200 in
3734 1164 3837 1202 ca-

547 1238 661 1305 pite
691 1237 724 1290 4
750 1237 910 1291 verba
957 1236 1217 1291 Bernardi
1262 1236 1513 1291 nonnulla
1543 1279 1555 1300 ,
1598 1251 1715 1305 quze
1745 1235 1812 1289 ab
1852 1234 1940 1287 illa
1967 1232 2241 1288 Mettensis
2280 1231 2479 1286 codicis
2500 1271 2515 1296 ,
2564 1238 2688 1285 ante
2713 1230 3042 1287 Bernardum
3071 1234 3171 1288 nisi
3200 1233 3433 1289 fallimur
3460 1239 3667 1307 scripti,
3698 1255 3840 1294 ora-

544 1328 696 1382 tione
726 1328 937 1383 absunt.
967 1328 1045 1382 0b
1076 1328 1189 1382 ha-c
1219 1338 1396 1382 autem
1436 1325 1691 1381 Bernardi
1732 1341 1938 1381 necnon
1992 1324 2091 1378 alia
2123 1324 2365 1394 quaedam
2397 1323 2604 1377 Alcuini
2631 1322 2792 1377 verba
2812 1365 2826 1388 ,
2859 1324 2969 1392 ipsa
3014 1325 3272 1390 Anselmi,
3300 1330 3382 1382 cui
3406 1329 3608 1398 insunt,
3652 1334 3838 1389 oratio

547 1426 733 1486 quarta
761 1417 989 1483 decima,
1020 1421 1170 1485 cujus
1192 1420 1513 1474 mentionem
1539 1399 1784 1487 superius
1806 1416 2050 1480 fecimus,
2094 1416 2274 1484 spuria
2304 1430 2409 1471 non
2442 1415 2707 1470 immerito
2737 1415 2998 1470 videbitur
3028 1428 3082 1472 et
3107 1419 3407 1475 subdititia.
3438 1423 3685 1494 Reliqua:
3709 1441 3837 1496 par-

546 1519 633 1564 tes
663 1510 882 1580 hujusce
908 1510 1167 1566 Manualis
1192 1526 1457 1581 expressae
1487 1519 1645 1573 sunt,
1693 1510 1813 1564 alia:
1842 1508 2076 1579 quidem,
2122 1520 2246 1578 puta
2282 1508 2544 1563 decimum
2574 1516 2780 1563 sextum
2809 1517 2862 1564 et
2894 1508 3162 1564 decimum
3195 1515 3481 1582 septimum
3513 1528 3717 1587 caput,
3764 1532 3839 1574 ex

542 1617 795 1657 sermone
827 1603 1134 1672 appendicis
1163 1604 1289 1656 torni
1315 1604 1482 1673 quinti
1528 1602 1893 1657 ducentesimo
1924 1615 2103 1667 nono;
2136 1601 2255 1656 alite
2282 1614 2432 1666 vero,
2461 1600 2632 1669 capita
2659 1599 2914 1656 videlicet
2957 1610 3077 1657 octo
3114 1606 3387 1673 sequentia
3412 1648 3427 1674 ,
3461 1623 3525 1662 ex
3562 1610 3830 1667 Bernardi

540 1691 893 1746 coneionibus
923 1710 935 1744 :
971 1702 1154 1760 postea
1176 1708 1241 1746 ex
1266 1692 1486 1762 llugone
1513 1692 1790 1747 Victorino
1820 1706 1935 1760 qum
1958 1690 2221 1746 habentur
2255 1706 2287 1744 a
2336 1690 2591 1759 vigesimo
2629 1699 2779 1744 sexto
2822 1692 2993 1760 capite
3035 1708 3201 1763 usque
3227 1695 3290 1749 ad
3321 1698 3694 1768 trigesimum:
3728 1719 3826 1773 po-

539 1790 743 1837 strema
772 1798 896 1852 pars
924 1784 1136 1841 demum
1163 1800 1227 1839 ex
1251 1784 1491 1838 Anselmi
1516 1783 1787 1853 Proslogio
1811 1783 1977 1837 ascita
2008 1791 2108 1837 est.
2138 1782 2407 1837 Czeterum
2437 1789 2643 1836 veteres
2673 1781 2886 1836 codices
2919 1783 3124 1852 scripti,
3149 1801 3281 1854 quos
3305 1802 3436 1843 sane
3459 1790 3661 1846 multos
3687 1808 3828 1848 eon-

545 1874 903 1929 sideravimus
923 1918 936 1941 ,
965 1876 1365 1945 haudquaquam
1390 1892 1509 1931 cum
1538 1876 1696 1931 editis
1720 1876 1801 1929 vel
1826 1888 2005 1929 secum
2038 1874 2136 1942 ipsi
2160 1874 2290 1928 satis
2315 1872 2657 1927 conveniunt.
2696 1872 2827 1926 Nam
2849 1873 2942 1927 alii
2975 1874 3126 1943 plura
3152 1877 3450 1944 continent,
3485 1881 3572 1935 alii
3596 1886 3828 1950 paucio-

539 1980 601 2019 ra
624 2006 640 2032 ,
668 1966 909 2034 plerique
935 1982 1061 2020 vero
1090 1967 1333 2036 quaedam
1356 1968 1422 2021 ab
1448 1967 1602 2021 editis
1643 1967 1815 2020 aliena
1844 1966 2105 2030 inserunt,
2141 1963 2390 2032 decerpta
2419 1979 2482 2018 ex
2517 1963 2831 2034 Augustino,
2864 1964 2981 2018 sive
3009 1980 3083 2020 ex
3104 1966 3373 2026 Bernardo
3397 2012 3410 2035 ,
3454 1981 3546 2026 aut
3586 1973 3826 2045 Hugone

544 2053 843 2122 Victorino,
872 2057 955 2111 vel
986 2072 1052 2111 ex
1088 2058 1234 2111 libris
1262 2057 1327 2112 de
1348 2056 1551 2127 Spiritu
1576 2066 1629 2111 et
1660 2058 1870 2123 Anima,
1904 2066 1955 2110 et
1978 2056 2045 2110 de
2074 2054 2348 2125 Diligendo
2377 2055 2487 2110 Deo
2514 2098 2529 2120 ,
2563 2064 2721 2125 atque
2742 2071 2807 2110 ex
2840 2055 3269 2115 Meditationibus
3311 2062 3571 2120 Bernardi
3596 2069 3824 2124 nomine

544 2148 793 2219 vulgatis.
847 2150 1121 2205 Postrema
1150 2150 1362 2205 tandem
1388 2150 1559 2219 capita
1598 2150 1684 2204 vix
1713 2164 1849 2205 unus
1874 2149 2111 2205 continet
2139 2148 2337 2220 Regius
2362 2147 2529 2203 codex
2550 2188 2564 2215 ,
2611 2149 2702 2218 qui
2733 2150 2908 2205 tanien
2947 2151 3261 2222 vigesimum
3298 2166 3511 2213 sextum
3543 2169 3595 2215 ct
3628 2161 3825 2233 vigesi-

538 2256 686 2295 mum
712 2241 994 2311 septimum
1018 2242 1130 2297 fere
1163 2251 1326 2297 totum
1356 2241 1732 2312 praetermittit.

1601 2515 2759 2711 MANUALE,

1662 2738 2140 2848 LIBER
2219 2737 2685 2845 UNUS.

2047 2932 2309 2987 {800083

548 2382 3826 2450 Ἠ

598 3058 904 3135 Puerum.
920 3057 1079 3135 _I_?ati_o
1101 3060 1253 3132 hujus
1269 3058 1451 3129 operis.
1474 3057 1732 3135 [puocatio
1746 3055 1842 3110 Dei
1850 3051 1945 3135 .(_a)
1961 3050 2111 3135 .Quo-

527 3130 671 3184 niam
716 3130 990 3206 in‘niedio
1042 3124 1345 3206 laqueorum
1399 3128 1556 3206 positi
1612 3143 1827 3187 sumus,
1876 3124 2037 3206 facile.
2082 3139 2112 3178 a

527 3200 732 3254 caelesti
759 3199 1024 3254 desiderio
1052 3195 1759 3269 iriigescimusIQuaproptcr
1783 3195 1997 3269 assiduo
2025 3195 2109 3247 in-

525 3271 768 3340 digemus
810 3267 1171 3331 monimento,
1218 3280 1276 3323 ut
1305 3269 1657 3347 espergel‘acti
1695 3268 1761 3323 ad
1802 3267 1969 3347 perint
2011 3280 2108 3317 no-

525 3335 696 3394 strum
729 3356 911 3394 verum
932 3349 987 3417 ei
1024 3356 1301 3417 summum
1351 3335 1549 3393 bonum
1571 3354 1735 3417 ._cur_n
1784 3335 2067 3417 deﬁnimus
2091 3375 2107 3400 ,

522 3425 883 3466 recurremus.
932 3409 1133 3463 Idcirco
1163 3426 1266 3462 non
1310 3411 1732 3478 praesumptionis
1772 3409 2106 3478 temeritate,

523 3481 620 3535 sed
660 3480 827 3557 magis
857 3479 946 3533 Dei
972 3482 1073 3533 mei
1106 3479 1421 3557 dileCtione,
1458 3476 1579 3557 huic
1617 3477 1873 3557 opusculo
1899 3476 2111 3557 adlau-

525 3549 647 3603 dem
678 3549 793 3617 ejus
836 3564 1052 3615 operam
1092 3548 1247 3612 dedi,
1295 3558 1351 3602 ut
1395 3564 1459 3602 ex
1503 3547 1916 3616 elegantioribus
1954 3547 2110 3599 dictis

525 3628 830 3673 sanctorum
893 3618 1107 3673 Patrum
1168 3619 1328 3674 breve
1364 3626 1418 3672 et
1479 3619 1723 3672 manuale
1783 3617 2000 3671 verbum
2041 3617 2109 3671 de

522 3689 637 3744 Deo
677 3703 798 3745 meo
836 3703 1045 3744 mecum
1086 3705 1295 3759 semper
1332 3688 1581 3743 haberem
1604 3731 1618 3755 ,
1650 3705 1713 3743 ex
1739 3688 1892 3759 cujus
1922 3688 2105 3741 lectio-

523 3760 608 3815 nis
654 3760 775 3829 igne
799 3801 813 3825 ,
845 3761 1054 3829 quoties
1106 3758 1352 3831 tepesco,
1385 3762 1436 3813 in
1494 3760 1609 3829 ejus
1668 3758 1929 3813 accendar
1953 3772 2105 3813 amo-

521 3845 637 3884 rem
647 3870 659 3882 .

593 3901 747 3956 Nunc
798 3902 983 3958 adesto
1034 3901 1194 3965 mihi,
1254 3901 1393 3957 Deus
1441 3916 1626 3968 meus,
1680 3915 1838 3971 quem
1882 3914 2101 3968 qrrmro,

521 3986 678 4040 quem
722 3972 914 4041 diligo,
963 3987 1122 4041 quem
1149 3972 1309 4026 corde
1347 3981 1401 4027 et
1449 3988 1541 4027 ore
1586 3975 1876 4037 conliteor,
1925 3978 1977 4041 et
2002 3985 2105 4039 qua

523 4042 678 4096 valeo
716 4039 908 4096 virtute
949 4039 1105 4095 laudo
1150 4051 1305 4111 atque
1335 4043 1517 4096 adoro.
1550 4042 1697 4097 Mens
1747 4056 1864 4096 mea
1911 4039 2103 4095 devota

520 4111 651 4179 tibi,
697 4121 785 4165 tuo
834 4126 1015 4164 amore
1060 4127 1342 4175 succensa,
1390 4113 1482 4165 tibi
1531 4115 1833 4179 suspirans,
1884 4111 1975 4164 tibi
2020 4113 2101 4165 in-

520 4178 673 4233 hians
695 4222 709 4244 ,
734 4190 785 4234 te
809 4182 981 4234 solum
1009 4181 1188 4234 videre
1212 4182 1520 4235 desiderans
1537 4224 1550 4247 ,
1585 4178 1714 4236 nihil
1742 4182 1898 4236 habet
1923 4181 2096 4247 dulce,

520 4249 625 4301 nisi
654 4249 720 4301 de
750 4259 799 4303 te
830 4249 1004 4315 loqui,
1037 4249 1103 4301 de
1135 4257 1185 4302 te
1211 4251 1392 4303 audire
1411 4292 1425 4315 ,
1454 4252 1521 4305 de
1561 4261 1611 4305 te
1640 4252 1874 4306 scribere
1895 4292 1908 4314 ,
1956 4250 2022 4305 de
2049 4258 2101 4306 te

520 4316 767 4371 conferre
788 4360 800 4381 ,
830 4326 973 4371 tuam
1003 4318 1222 4385 gloriam
1270 4319 1571 4387 frequenter
1614 4323 1709 4377 sub
1734 4320 1895 4375 corde
1925 4322 2101 4374 revol-

520 4401 682 4453 vere,
733 4398 789 4441 ut
823 4395 909 4440 tua
950 4388 1125 4441 suavis
1154 4391 1409 4442 memoria
1464 4391 1532 4443 sit
1559 4391 1694 4444 inter
1721 4392 1817 4445 hos
1860 4390 2100 4447 turbines

518 4457 694 4527 aliqua
720 4458 1021 4527 repausatio
1046 4474 1184 4512 mea.
1214 4458 1289 4512 Te
1317 4474 1442 4529 ergo
1474 4460 1688 4524 invoco,
1722 4460 2098 4515 desiderantis-

519 4529 674 4595 sime,
705 4528 772 4583 ad
802 4538 850 4584 te
871 4529 1043 4583 clamo
1072 4530 1305 4583 clamore
1337 4528 1527 4597 inagno
1549 4530 1600 4584 in
1627 4539 1734 4586 toto
1764 4530 1924 4585 corde
1953 4546 2093 4586 meo.

517 4598 586 4652 Et
612 4614 731 4653 cum
762 4608 811 4653 te
842 4601 1032 4653 invoco
1052 4641 1065 4665 ,
1092 4601 1270 4669 utique
1297 4607 1347 4653 te
1375 4601 1427 4654 in
1460 4617 1543 4656 me
1567 4602 1681 4671 ipso
1710 4604 1930 4667 invoco;
1959 4617 2094 4671 quo.

516 4670 659 4723 niam
685 4671 900 4724 omnino
925 4685 1031 4724 non
1057 4685 1264 4737 essem,
1293 4672 1393 4725 nisi
1422 4680 1477 4725 tu
1508 4670 1654 4728 esses
1686 4674 1737 4728 in
1766 4688 1884 4737 me;
1916 4670 2096 4728 etnisi

516 4754 614 4812 ego
640 4755 810 4794 essem
842 4742 892 4794 in
927 4750 996 4806 te,
1021 4756 1124 4795 non
1155 4757 1301 4795 esses
1326 4743 1379 4795 in
1402 4758 1509 4805 me.
1543 4743 1598 4797 In
1625 4760 1709 4798 me
1732 4759 1811 4808 es,
1845 4744 2092 4812 quoniam

515 4809 571 4862 in
598 4812 850 4883 memoria
874 4826 991 4864 mea
1012 4826 1227 4883 manes:
1248 4828 1310 4866 ex
1333 4828 1393 4866 ea
1415 4815 1635 4883 cognovi
1667 4827 1734 4879 te,
1764 4824 1817 4869 et
1844 4809 1894 4868 in
1926 4830 1985 4867 ea
2010 4815 2094 4868 in-

512 4880 671 4933 venio
695 4888 745 4933 te
766 4921 780 4942 ,
812 4896 931 4954 cum
962 4882 1272 4936 reminiscor
1303 4883 1372 4935 tui
1394 4925 1407 4948 ,
1441 4880 1506 4937 cf
1522 4885 1757 4939 delector
1778 4888 1826 4938 in
1853 4894 1901 4938 te
1926 4885 1991 4939 de
2020 4893 2091 4954 te,

514 4963 581 5002 ex
603 4952 943 5024 qilQ‘Oﬂlllia,
966 4968 1244 5024 perquem
1267 4955 1444 5024 omnia
1466 4996 1479 5017 ,
1511 4965 1564 5008 et
1590 4956 1640 5008 in
1670 4972 1774 5024 quo
1801 4958 1997 5010 omnia.
2077 4952 2085 5008 ί

619 5019 849 5094 QAPUT.
914 5021 1197 5094 PRIMUM.
1254 5022 1347 5076 Dei
1396 5019 1780 5094 perfunctiones.
1839 5026 1910 5094 (b)
1973 5026 2087 5091 Tu,

511 5088 770 5165 Domine,
827 5092 1020 5145 coelum
1070 5102 1122 5147 et
1182 5088 1405 5165 terram'
1460 5088 1677 5164 imples,
1730 5088 1907 5151 omnia
1972 5088 2093 5165 por?-

516 5166 640 5213 tans
686 5162 803 5221 sine
843 5176 1037 5227 onere,
1070 5165 1246 5215 omnia
1303 5162 1551 5232 implens‘
1583 5167 1695 5220 sine
1757 5162 2078 5233 int-lusione,

510 5242 729 5299 semper
780 5246 976 5301 agens,
1031 5237 1529 5307 semper__quie_tus,
1576 5237 1829 5307 colligens
1880 5247 1932 5293 et
1984 5255 2089 5293 non

509 5313 699 5367 egens,
752 5316 996 5372 quaerens
1043 5316 1163 5356 cum
1212 5302 1342 5357 nihil
1392 5304 1527 5359 desit
1581 5308 1672 5361 tibi
1695 5302 1725 5369 ,⁷
1757 5323 1942 5363 amans
1989 5324 2090 5363 nec

507 5378 742 5427 aestuans
760 5413 776 5439 ,
809 5372 986 5427 zelans
1011 5381 1065 5427 et
1094 5388 1314 5429 securus
1344 5390 1421 5438 es,
1457 5379 1677 5444 poenitet
1699 5386 1750 5432 te
1777 5389 1829 5432 et
1856 5395 1961 5434 non
1986 5379 2085 5434 do-

568 5522 641 5597 (q)
673 5524 857 5597 Exilne
993 5527 1057 5597 de
1080 5527 1321 5597 Speculo;
1348 5527 1459 5579 vide
1483 5527 1569 5577 lib.
1596 5530 1753 5581 Medit.
1780 5544 1884 5595 cap.
1904 5533 1993 5597 22;
2019 5546 2086 5584 ex

503 5584 716 5649 confess.
736 5595 854 5649 Aug.
874 5586 961 5636 lib.
989 5590 1034 5648 1,
1057 5584 1162 5649 ca'p.
1188 5588 1235 5638 2.

570 5644 644 5709 (b)
667 5652 740 5717 ex
761 5644 845 5697 lit}.
884 5649 951 5699 de
970 5644 1191 5714 speculo,
1216 5664 1352 5716 capp.
1374 5652 1480 5716 4—8,
1503 5653 1582 5718 21,
1620 5654 1683 5705 22
1696 5669 1712 5719 ς
1761 5669 1827 5708 ex
1864 5657 2081 5712 Confess.

503 5710 626 5767 Aug.
646 5705 728 5757 lib.
756 5709 803 5770 1,
824 5722 930 5772 cap.
949 5710 998 5759 4.

2087 5872 2129 5880 ..ρ-

2226 3050 2341 3114 les,
2392 3052 2639 3108 irasceris
2682 3064 2753 3129 et“
2780 3056 3202 3126 tranquilluses,
3245 3074 3407 3129 opera
3452 3072 3661 3129 mutas,
3711 3068 3814 3123 sed

2222 3136 2330 3176 non
2364 3133 2539 3198 mutas
2563 3124 2847 3198 consilium
2870 3168 2884 3192 ,
2918 3124 3111 3196 recipis
3151 3124 3294 3198 quod
3323 3131 3558 3196 invenis,
3586 3124 3817 3192 et'nun-

2222 3206 2379 3260 quam
2424 3194 2676 3259 amisisti;
2731 3211 3003 3265 nunquam
3035 3194 3232 3273 inops,
3279 3209 3335 3255 et
3371 3194 3572 3271 gaudes
3610 3206 3812 3273 lueris;

2219 3276 2489 3344 nunquam
2529 3279 2745 3344 avarus,
2779 3276 2835 3320 et
2877 3280 3063 3321 usuras
3097 3271 3293 3339 exigis;
3326 3288 3680 3344 supererogas
3722 3271 3816 3333 cui

2217 3346 2325 3411 non
2356 3332 2553 3411 debes,
2581 3334 2665 3388 vel
2692 3349 2905 3411 semper
2928 3332 3340 3410 supererogatur
3370 3332 3462 3397 tibi
3494 3353 3549 3397 ut
3567 3332 3769 3401 debeas
3792 3390 3810 3411 ,

2217 3410 2271 3455 et
2291 3403 2625 3483 ‘quisdiabet
2664 3403 2959 3483 quidquam
2992 3403 3115 3483 non
3144 3403 3336 3483 trium?
3389 3413 3583 3468 Reddis
3622 3403 3811 3473 debita

2215 3471 2346 3557 nulli
2368 3472 2575 3557 ‘debens
2594 3514 2609 3537 ,
2651 3471 2823 3557 donas
2843 3476 3019 3557 debita
3047 3480 3177 3557 nihil
3201 3483 3444 3548 perdens.
3489 3484 3586 3557 Qui
3614 3471 3818 3557 ubique

2214 3555 2302 3605 es,
2331 3551 2386 3597 et
2424 3544 2619 3625 ubique
2648 3552 2820 3611 totus;
2858 3548 2947 3671 qui
2978 3550 3161 3604 sentiri
3194 3544 3376 3621 potes,
3421 3563 3477 3608 et
3499 3544 3669 3609 videri
3701 3544 3816 3614 non

2215 3620 2403 3671 notes;
2440 3628 2527 3671 Glll
2556 3630 2818 3671 nusquam
2896 3633 3019 3671 ees.
3066 3628 3121 3671 et
3162 3629 3337 3671 tamen
3387 3625 3456 3671 ah
3504 3626 3812 3671 inimmrnm

2215 3614 2818 3694 potes;.qu.i_nus_quam
2859 3614 3032 3694 dees,‘
3066 3628 3121 3673 et
3162 3614 3337 3694 tamen
3362 3614 3456 3677 'ah
3503 3626 3814 3694 iniquorum

2213 3682 2623 3767 cogitationibus
2642 3682 2799 3756 lange
2826 3701 2916 3752 es;
2948 3690 3178 3767 qui_nec
3208 3693 3288 3767 ibi
3312 3694 3441 3748 dces
3464 3737 3479 3759 ,
3523 3682 3607 3767 ubi
3647 3697 3813 3767 longe

2214 3765 2274 3832 es
2298 3769 2311 3832 ξ
2334 3754 2455 3832 quia
2485 3753 2575 3809 ubi
2596 3769 2701 3810 non
2729 3753 2786 3811 es
2816 3773 2910 3827 per
2928 3753 3152 3832 gratiam
3179 3803 3192 3819 .
3226 3764 3352 3817 ades
3384 3753 3478 3832 per
3501 3753 3812 3822 vindictam.

2211 3821 2312 3906 Qui
2340 3821 2532 3906 ubique
2560 3840 2800 3906 prfesens
2817 3821 2911 3896 es,
2931 3821 3012 3884 "et
3057 3831 3147 3906 vix
3173 3821 3401 3906 inveniri
3428 3845 3616 3903 potes;
3647 3821 3814 3906 quem

2211 3901 2442 3969 stantem
2486 3896 2797 3969 sequimur,
2846 3907 2903 3955 et
2930 3900 3328 3969 apprehendere
3380 3896 3483 3959 non
3542 3896 3810 3964 valemus.

2211 3962 2311 4030 Qui
2342 3973 2519 4043 _tenes
2565 3962 2789 4043 omnia,
2848 3962 3036 4043 imples
3088 3973 3303 4038 omnia,
3355 3962 3816 4043 circumplecteris

2211 4035 2410 4114 omnia,
2435 4038 2810 4114 superexcedis
2830 4035 3027 4114 omnia,
3052 4035 3499 4114 sustines—omnia.
3522 4035 3620 4114 Qui
3644 4050 3817 4106 corda

2211 4103 2450 4182 fidelium
2483 4103 2651 4182 doces
2680 4107 2796 4164 sine
2825 4112 3048 4182 strepitu
3076 4113 3380 4168 verborum.
3412 4116 3512 4182 Qui
3533 4103 3673 4173 iocis
3697 4103 3817 4176 non

2209 4173 2556 4242 distenderis,
2586 4192 2687 4232 nec
2725 4173 3048 4252 temporibus
3076 4183 3327 4252 variaris,
3372 4173 3471 4240 nec
3510 4186 3674 4242 babes
3709 4173 3814 4245 ac:

2209 4258 2391 4299 cessus
2421 4254 2759 4333 ct'recessus.
2792 4248 2893 4317 Qui
2917 4250 3125 4333 habitas
3152 4248 3325 4333 lucem
3349 4256 3824 4333 inaccessibilgmg

2206 4316 2859 4397 quam‘nuliushominnm
2880 4320 3029 4397 vidit,
3059 4339 3157 4378 nec
3180 4325 3360 4397 videre
3388 4336 3561 4392 potest
3582 4333 3597 4397 (
3621 4328 3637 4380 Ι
3666 4316 3829 4384 Τὶηιξἱ

2205 4398 2257 4465 vi
2278 4427 2293 4451 ,
2322 4385 2451 4457 16).
2480 4386 2536 4440 lu
2564 4396 2616 4465 te
2660 4404 2880 4465 manens
2918 4385 3127 4465 quietus
3148 4435 3162 4459 ν
3210 4385 3406 4464 ubique
3440 4385 3690 4453 circumis
3720 4396 3829 4465 to—f

2206 4461 2322 4509 tum
2346 4472 2358 4508 :
2384 4457 2655 4536 non_enim
2682 4458 2851 4536 scindi
2866 4457 2948 4536 _et'
2966 4461 3126 4536 dividi
3152 4457 3333 4536 potes,
3361 4468 3484 4536 quia
3510 4484 3636 4523 vere
3667 4486 3813 4526 unus

2206 4538 2302 4608 es;
2347 4541 2446 4608 nec
2477 4527 2544 4608 .in
2580 4538 2756 4608 partes
2791 4530 3020 4608 eiliceris
3041 4576 3055 4597 ,
3099 4527 3192 4588 sed
3224 4527 3577 4608 totusftotum
3617 4540 3825 4608 tenes,‘

2205 4603 2261 4649 et
2290 4595 2695 4676 totum'impiesJ
2723 4608 2892 4676 totum
2924 4595 3154 4658 illustras
3177 4614 3231 4659 et
3254 4607 3516 4674 possides.
3762 4595 3765 4596 ν
3790 4595 3829 4676 ’ξ

2650 4668 2724 4755 De
2748 4671 2920 4753 eodem
2942 4664 3268 4755 argum-eruo:
3280 4676 3334 4730 Si
3359 4687 3525 4755 totum
3544 4681 3813 4737 mundum

2202 4733 2324 4819 iibri
2373 4737 2641 4818 replean_t,
2682 4747 2789 4819 Atua
2834 4733 3056 4819 scientia
3114 4745 3483 4819 inenarrabilis
3540 4733 3811 4819 nouitio:

2203 4812 2308 4884 test
2362 4809 2935 4884 enarrari.__Quonia_m
3002 4829 3127 4868 vero
3188 4816 3472 4872 indieibilis
3534 4835 3623 4884 es,
3678 4809 3811 4876 nul-

2201 4873 2256 4950 io
2292 4875 2485 4950 modo;
2510 4877 2667 4933 scribi
2699 4873 2914 4950 'poteris
2954 4898 3049 4937 nec
3113 4887 3377 4941 concludi.
3439 4889 3516 4943 Tu
3552 4873 3627 4944 es
3678 4873 3811 4947 favus

2199 4944 2334 5026 lucis
2381 4944 2824 5030 divinaeipet'sol
2873 4952 3128 5030 claritatis
3180 4967 3414 5013 teternae.
3463 4944 3810 5030 Magnusies

2198 5018 2342 5092 sine“
2384 5018 2707 5092 quantitate,
2758 5029 2812 5075 et
2876 5022 2996 5077 ideo
3061 5026 3382 5092 immensus;
3434 5018 3604 5084 boniis
3667 5032 3795 5088 sine

2200 5086 2487 5163 qualitate,
2516 5099 2569 5144 et
2592 5088 2712 5163 ideo
2740 5106 2867 5146 vere
2886 5101 2940 5163 et
2964 5108 3172 5150 summe
3200 5086 3399 5163 bonus;
3431 5109 3484 5154 et
3513 5116 3675 5155 nemo
3700 5086 3807 5158 bov-

2200 5170 2329 5241 nu‘sl,
2361 5158 2464 5211 nisi
2508 5168 2563 5213 tu
2606 5160 2752 5215 solus
2774 5202 2804 5241 η
2836 5162 2989 5241 cujus
3026 5165 3274 5221 voluntas
3315 5158 3449 5241 opus
3478 5180 3590 5237 est,
3640 5173 3807 5241 cujus

2197 5227 2338 5311 veile
2378 5241 2533 5311 posse
2572 5238 2699 5311 est,“
2717 5232 2805 5311 qui
2833 5227 3026 5311 omnia
3074 5251 3192 5305 qua:
3240 5253 3306 5293 ex
3351 5227 3518 5295 nihilo
3559 5227 3806 5311 creasti,

2197 5297 2311 5370 sola
2361 5298 2632 5370 voluntate
2673 5297 2868 5357 fecisti.
2918 5302 3018 5370 Qui
3057 5297 3269 5363 omnem
3313 5320 3612 5366 creaturam
3640 5297 3805 5370 tuani

2196 5367 2398 5454 absque
2428 5368 2714 5454 indigentia
2755 5367 3229 5454 aliqua'possides,
3260 5382 3455 5454 etsine
3482 5381 3663 5454 labore
3688 5367 3805 5454 gu:

2194 5433 2423 5521 peruias,
2452 5448 2510 5521 e‘t.
2532 5433 2733 5521 absque
2761 5433 2917 5521 ta‘dio
2947 5433 3200 5521 fegis,_ct
3220 5433 3355 5503 nihil
3384 5433 3461 5505 est
3485 5433 3804 5521 ίαίίόίιόὅιῖ-

2194 5508 2372 5585 turbet
2396 5508 2861 5585 ordinemimperii
2892 5515 2966 5568 tui
2984 5508 3117 5577 fvel
3135 5518 3184 5571 in
3203 5522 3444 5585 summis,
3468 5508 3550 5576 vel
3569 5523 3623 5576 in
3646 5508 3805 5579 imis.

2194 5574 2296 5641 Qui
2326 5577 2376 5655 in
2403 5574 2929 5655 omnibuslocissine
2946 5574 3064 5639 loco
3084 5586 3319 5655 baberis,
3338 5602 3393 5645 et
3410 5574 3804 5649 amitii‘cb'diil

2194 5647 2417 5724 nessine
2436 5651 2658 5724 ambitu,
2679 5660 2732 5707 et
2751 5652 2943 5724 ubique
2966 5671 3202 5724 praesens
3219 5676 3276 5713 es
3295 5647 3407 5716 sine
3429 5662 3531 5717 situ
3546 5647 3598 5718 et
3615 5647 3797 5719 motu.

2191 5713 2295 5782 Qui
2317 5731 2415 5774 nec
2436 5721 2559 5776 mali
2572 5713 2757 5778 auctor
2771 5738 2830 5779 cs
2850 5713 3027 5796 :quod
3044 5726 3219 5785 facere
3240 5713 3346 5788 non
3362 5713 3531 5802 potes
3541 5713 3806 5805 (ieiunii
